3958 6178
260 302 357 361 ιιι

1433 294 1594 349 ιιιῐδιι
1634 292 1947 349 NESTORII
1990 290 2363 347 EPISTOIJE.

3420 286 3525 339 8ιέ

259 424 646 476 commemorat
679 433 691 468 :
744 412 936 466 Obtutit
974 422 1153 466 autem
1194 411 1515 479 semetipsum
1564 424 1656 478 pro
1694 406 1837 458 nobis
1871 412 1911 465 Α
1944 418 2060 456 rum
2094 418 2244 465 vero,
2278 402 2437 455 modo
2466 399 2679 466 quidem
2711 398 2775 451 de
2798 396 3100 465 Evangeliis
3130 394 3334 457 eximit,
3367 395 3525 446 modo

258 512 316 564 in
344 510 552 564 odorem
572 506 838 561 suavitatis
869 502 978 557 Deo
1006 511 1055 556 et
1080 500 1231 555 Patri
1262 498 1422 571 (Eph.
1460 516 1509 561 v,
1539 497 1616 567 2).
1636 496 1692 551 Si
1722 496 1843 565 quis

259 618 393 671 ergo
432 598 737 671 pontificem
761 606 817 652 et
840 595 1142 666 apostolum
1189 602 1430 648 nostrum
1459 592 1589 646 dicit
1624 590 1840 653 factum,

259 711 373 749 non
419 694 592 763 ipsum
635 691 731 745 Dei
778 689 1029 753 Verbum,
1080 685 1294 756 quando
1337 701 1457 737 caro
1498 686 1698 754 factum
1744 692 1839 746 est,

260 794 320 839 ct
341 786 493 852 juxta
523 798 620 836 nos
659 781 854 845 homo,
886 778 979 833 Sed
1003 777 1147 831 velut
1175 776 1400 830 alterum
1440 782 1635 843 prmter
1670 774 1841 841 ipsum

258 873 568 944 specialiter
594 870 865 925 hominem
896 884 961 922 ex
991 867 1213 921 muliere
1240 884 1251 918 :
1298 873 1391 919 aut
1417 864 1461 919 si
1490 865 1609 934 quis
1638 862 1765 918 dicit
1791 871 1845 915 et

259 980 361 1035 pro
390 980 447 1018 se
475 962 730 1017 obtulisse
773 959 1119 1028 semetipsum
1147 957 1493 1019 oblationem,
1525 963 1580 1008 ct
1604 970 1712 1009 non
1742 970 1842 1023 po-

261 1055 372 1108 tius
413 1068 513 1123 pro
553 1052 707 1105 nobis
742 1050 889 1115 solis,
922 1064 1029 1103 non
1073 1048 1215 1102 enim
1241 1047 1389 1115 eguit
1417 1046 1720 1107 oblatione.
1752 1046 1845 1115 qui

258 1149 544 1213 peccatum
573 1140 793 1195 omnino
820 1138 1073 1202 nescivit;
1098 1137 1380 1190 anathema
1410 1136 1497 1190 sit.

333 1230 425 1286 Xl.
461 1230 523 1285 Si
555 1230 675 1299 quis
712 1246 817 1284 non
854 1228 1140 1305 confitetur
1179 1243 1392 1282 carnem
1426 1227 1633 1280 Domini
1674 1225 1845 1281 viviti-

260 1323 515 1377 catricem
544 1336 692 1384 esse,
725 1328 781 1373 et
819 1321 1092 1388 prepriam
1131 1317 1294 1387 ipsius
1319 1317 1480 1372 Verbi
1509 1317 1601 1372 Dei
1633 1316 1842 1382 Patris;

259 1414 355 1469 sed
385 1414 531 1467 velut
562 1412 779 1465 alterius
807 1419 1003 1480 praeter
1032 1410 1205 1479 ipsum
1236 1409 1507 1478 conjuncti
1537 1409 1709 1464 eidem
1749 1424 1847 1479 per

258 1506 595 1574 dignitatem,
622 1511 713 1558 aut
738 1490 889 1571 quasi
909 1502 1140 1556 divinam
1164 1502 1408 1556 habentis
1436 1503 1839 1565 habitationem,

259 1614 327 1653 ac
366 1613 470 1652 non
499 1596 698 1666 potius,
731 1603 787 1649 ut
814 1595 1065 1660 diximus,
1100 1595 1496 1649 vivificatricem
1522 1610 1647 1650 esse
1667 1637 1681 1661 ,
1718 1597 1842 1664 quia

256 1690 401 1743 facta
430 1698 512 1743 est
539 1688 751 1758 propria
774 1686 934 1742 Verbi
960 1692 1152 1742 cuncta
1184 1685 1451 1741 vivificare
1472 1687 1841 1757 praevalentis;

256 1781 543 1835 anathema
573 1779 660 1832 sit.

330 1870 443 1924 XII.
488 1868 543 1925 Si
584 1869 703 1938 quis
748 1883 855 1921 non
898 1867 1183 1922 conlitetur
1222 1866 1315 1921 Dei
1359 1866 1593 1921 Verbum
1631 1881 1847 1935 passum

258 1978 452 2029 carne,
485 1970 539 2017 et
582 1961 894 2017 crucifixum
923 1975 1121 2025 carne,
1165 1968 1220 2014 et
1247 1968 1475 2014 mortem
1520 1973 1680 2013 carne
1720 1972 1841 2027 gus-

258 2061 425 2113 tasse,
467 2050 769 2119 factumque
815 2050 1228 2120 primogenitum
1258 2065 1324 2105 ex
1366 2050 1622 2115 mortuis,
1655 2034 1846 2105 secun-

256 2141 389 2195 dum
422 2139 566 2210 quod
600 2140 708 2194 vita
746 2146 829 2194 est
862 2145 916 2193 et
957 2138 1271 2205 viviﬁcator,
1313 2148 1370 2193 ut
1408 2139 1577 2204 Deus,
1618 2141 1843 2193 anathe-

257 2248 350 2285 ma
378 2232 465 2286 sit.

256 2386 625 2444 EPISTULA
643 2385 696 2441 Ν
703 2387 747 2439 E
751 2386 789 2441 S
798 2385 887 2457 TQ
898 2385 940 2438 Β
948 2384 1011 2439 ΙΙ
1025 2387 1249 2456 episc0pi
1264 2384 1842 2457 ConstantinOpolitani,

690 2467 716 2495 ιι
749 2457 819 2511 ad
847 2456 1174 2511 Catlestinum
1209 2472 1415 2526 papam.

338 2591 388 2644 l.
430 2592 596 2647 Didici
617 2591 1050 2647 honestissimum
1088 2582 1343 2660 Cyrillum
1376 2588 1745 2643 Alexandrina:
1761 2604 1852 2642 ur-

263 2683 351 2737 bis
382 2682 692 2752 episcopum
712 2721 730 2745 ,
772 2679 802 2719 δ
833 2687 1055 2751 preptcr
1084 2679 1291 2734 libellos
1319 2687 1504 2733 contra
1547 2694 1668 2733 eum
1699 2679 1854 2734 nobis

262 2772 482 2826 oblatos
505 2812 519 2835 ,
569 2772 902 2835 exterritum,
950 2785 1014 2825 ac
1041 2770 1142 2824 sibi
1171 2778 1456 2824 venantem
1485 2770 1716 2825 latebras
1738 2809 1752 2833 ,
1788 2770 1855 2824 ad

261 2862 573 2916 evitandam
602 2876 809 2916 sacram
850 2860 1113 2932 synodum
1140 2867 1362 2928 prepter
1389 2860 1487 2914 hos
1518 2860 1662 2929 ipsos
1697 2860 1853 2915 libel-

264 2953 350 3005 los
380 2951 641 3016 futuram,
672 2951 927 3021 quasdam
970 2951 1101 3007 alias
1142 2950 1345 3004 interea
1375 2950 1728 3019 cogitationes
1757 2968 1853 3005 ex-

263 3042 507 3110 cogitare
534 3042 837 3106 verborum,
870 3049 926 3096 et
947 3040 1194 3110 amplecti
1224 3040 1406 3105 verba,
1438 3055 1556 3109 qua:
1584 3049 1708 3096 sunt
1736 3052 1856 3097 Θισ-

262 3134 414 3195 rixo;
446 3140 501 3187 et
521 3130 874 3209 Χριστοτόκος,
902 3145 1129 3200 quorum
1169 3131 1396 3185 alterum
1429 3130 1679 3197 admittit,
1716 3133 1852 3188 alte-
1883 3126 1928 3189 C

1947 508 2077 547 vero
2102 508 2284 547 rursus
2312 490 2562 554 admittit,
2592 490 2695 544 hoc
2724 496 2823 553 est,
2854 488 3205 564 Χριστοτὸκος,
3238 481 3525 538 secundum

1947 584 2253 652 quamdam,
2278 582 2458 647 credo,
2490 582 2783 651 prudentia:
2820 580 3168 633 nimietatem.

2016 672 2069 725 Ξ.
2120 673 2232 742 Ego
2274 682 2453 727 autem
2493 681 2548 726 et
2587 674 2725 727 hanc
2763 672 2978 740 quidem
3017 684 3237 729 vocem,
3288 682 3405 735 qum
3447 676 3531 721 est

1947 766 2185 825 Θεοτόκος
2209 806 2223 828 ,
2258 764 2357 818 nisi
2386 764 2676 819 secundum
2717 762 3039 833 Apollinaris
3070 770 3124 814 et
3154 760 3263 812 Arii
3294 758 3529 812 furorem

1947 858 2013 911 ad
2042 856 2409 912 confusionem
2455 868 2763 911 naturarum
2812 858 3137 925 proferatur,
3176 865 3196 891 ε
3229 854 3531 908 volentibus

1947 949 2127 1003 dicere
2157 964 2263 1003 non
2294 949 2519 1013 resisto;
2552 964 2651 1002 nec
2678 956 2854 1000 tamen
2885 946 3096 1011 ambigo
3119 945 3247 1011 quin
3285 944 3397 997 haec
3427 958 3529 995 vox

1948 1040 2185 1099 Θεοτόκος
2228 1038 2301 1091 illi
2342 1039 2460 1092 voci
2497 1039 2688 1102 cedat,
2720 1036 3298 1105 qumestXptnoréxoc,
3330 1032 3354 1068 ά
3390 1042 3527 1085 tam-

1946 1147 2106 1200 quam
2136 1131 2356 1201 prolata:
2387 1132 2452 1185 ab
2482 1131 2685 1198 angelis
2713 1138 2766 1183 et
2794 1128 3150 1195 evangelistis.
3191 1124 3255 1177 Et
3286 1124 3383 1177 nisi
3420 1124 3531 1176 ha‘c

1947 1221 2015 1274 ad
2044 1222 2444 1275 venerationem
2486 1228 2630 1274 tuam
2667 1221 2925 1274 scientem
2955 1218 3209 1280 dicerem,
3235 1230 3370 1283 opus
3401 1214 3531 1267 mihi

1948 1311 2085 1367 foret
2106 1314 2264 1381 longo
2294 1314 2569 1381 multoque
2597 1314 2664 1367 de
2692 1313 2793 1366 hac
2822 1311 2935 1380 ipsa
2962 1324 3125 1363 causa
3153 1323 3420 1363 sermone.

2020 1406 2070 1459 5.
2114 1404 2219 1460 Sed
2242 1414 2297 1459 et
2328 1406 2430 1460 line
2460 1406 2560 1460 hoc
2593 1405 2718 1459 illud
2746 1418 2960 1472 quoque
2999 1402 3142 1456 omni
3173 1400 3333 1454 modo
3356 1398 3531 1453 beati»

1949 1499 2119 1552 tudini
2144 1507 2247 1552 tua:
2276 1508 2461 1552 notum
2484 1506 2565 1552 est
2584 1540 2597 1562 ,
2630 1498 2755 1566 quia
2778 1497 2821 1551 si
2855 1495 3176 1549 :estimemus
3208 1492 3340 1546 duas
3360 1501 3535 1545 sectas

1947 1589 2244 1643 contrarias
2289 1588 2389 1642 sibi
2431 1596 2593 1651 stare,
2626 1597 2681 1642 et
2722 1588 2912 1641 harum
2958 1584 3125 1638 altera
3170 1583 3308 1636 hanc
3345 1597 3533 1636 vocem

1946 1677 2182 1748 proferat
2226 1679 2414 1743 solam,
2457 1680 2731 1743 Θεοτόκοςς
2763 1677 2931 1730 altera
2980 1689 3108 1728 vero
3156 1674 3297 1726 illam
3337 1674 3527 1735 solam,

1874 1784 1919 1843 Β
1946 1771 2355 1845 ἀνθρωπστὸκος·;
2388 1778 2442 1824 et
2458 1779 2681 1837 utraque
2702 1776 2849 1822 secta
2873 1766 2938 1819 ad
2960 1781 3108 1821 suam
3140 1764 3531 1821 confessionem

1949 1862 2170 1916 alteram
2195 1861 2387 1924 trahat,
2421 1869 2497 1924 ut,
2529 1860 2573 1913 si
2602 1860 2705 1914 hoc
2727 1874 2834 1913 non
2858 1856 3241 1927 impetraverit,
3266 1855 3533 1924 periclite-

1950 1966 2036 2009 tur
2058 1955 2124 2009 de
2146 1954 2384 2009 Ecclesia
2413 1954 2603 2008 cadere
2630 1971 2641 2002 :
2670 1967 2887 2006 necesse
2922 1951 3040 2014 erit,
3076 1948 3363 2002 tractanda:
3410 1948 3531 2000 huic

1950 2046 2025 2101 rei
2054 2046 2397 2115 deputatum,
2435 2044 2719 2098 habentem
2752 2059 2850 2113 pro
2880 2051 3107 2110 utraque
3151 2048 3296 2094 secta
3326 2054 3529 2098 curam,

1948 2138 2148 2191 mederi
2179 2136 2419 2206 periculo
2451 2136 2728 2203 utriusque
2756 2134 2940 2203 partis,
2964 2150 3032 2187 ex
3053 2146 3185 2185 voce
3212 2130 3279 2183 ab
3298 2142 3532 2195 evange-

1948 2230 2315 2289 lististradita,
2347 2244 2466 2298 quae
2502 2228 2776 2296 utriusque
2816 2234 3020 2279 natura:
3060 2222 3401 2291 signilieatrix
3442 2221 3528 2273 sit.

1950 2319 2147 2373 Harum
2178 2319 2349 2380 enim,
2399 2318 2538 2371 sicut
2565 2316 2703 2379 dixi,
2748 2314 3098 2371 assertionem
3140 2317 3402 2379 temperat
3431 2324 3533 2361 vox

1951 2411 2058 2472 illa,
2087 2426 2206 2479 qum
2228 2421 2310 2462 est
2338 2407 2687 2485 Χριστοτόκος,
2707 2407 2832 2476 quia
2861 2404 3315 2473 cthlaspbemiain
3346 2400 3535 2454 Samu-

1951 2502 2122 2553 sateni
2150 2508 2408 2562 removet,
2436 2498 2578 2568 quod
2606 2506 2688 2551 est
2719 2498 2919 2550 dictum
2947 2496 3013 2550 de
3042 2494 3279 2549 omnium
3310 2492 3537 2546 Domino

1953 2587 2166 2643 Christo
2192 2596 2463 2659 tamquam
2498 2604 2631 2658 puro
2660 2587 2912 2654 homine;
2948 2586 3041 2641 sed
3066 2593 3120 2640 et
3144 2585 3255 2639 Arii
3287 2593 3341 2639 et
3370 2582 3535 2654 Apol-

1955 2682 2139 2736 linaris
2162 2682 2417 2735 malitiam
2446 2681 2610 2750 fugat.
3401 2724 3406 2730 .

2024 2772 2077 2824 4.
2124 2782 2146 2809 ο
2180 2771 2303 2825 Haec
2329 2780 2509 2826 autem
2550 2772 2661 2841 ipsa
2693 2772 2855 2826 etiam
2885 2769 3263 2824 honestissimo
3306 2768 3539 2821 Alexan-

1954 2863 2228 2918 drinorum
2256 2865 2509 2933 episcopo
2538 2863 2744 2932 scripsi,
2772 2863 2910 2917 sicut
2937 2869 3115 2931 potest
3142 2858 3419 2915 beatitudo
3452 2867 3539 2913 tua

1955 2968 2282 3022 cognoscere
2305 2971 2373 3009 ex
2393 2954 2791 3024 exemplaribus
2818 2970 2935 3024 qua:
2966 2954 3047 3007 his
3073 2953 3205 3005 meis
3234 2952 3424 3005 litteris
3450 2950 3541 3004 ad-

1958 3045 2133 3114 junxi,
2164 3046 2248 3100 vel
2271 3062 2387 3116 qum
2405 3046 2475 3100 ad
2506 3061 2603 3100 nos
2623 3048 2690 3100 ab
2715 3061 2781 3100 eo
2809 3046 3007 3115 scripta
3028 3054 3173 3100 sunt.

2032 3135 2082 3189 5.
2132 3136 2148 3174 ί
2184 3136 2389 3191 Placuit
2431 3153 2559 3192 vero
2588 3138 2837 3208 piissimis
2883 3137 3292 3208 imperatoribus
3321 3136 3536 3208 [Βαιαι.

1443 3242 1896 3300 CASTIGATlON
1905 3246 1988 3302 ES
2027 3247 2113 3301 ET
2152 3245 2377 3301 NOTzE.

343 3350 368 3373 ἰ
395 3336 670 3391 Nestorius
693 3332 992 3417 lee‘s‘tino‘
1023 3335 1076 3388 in
1101 3349 1263 3417 causa
1281 3332 1702 3417 Pelagianorum
1744 3337 1859 3417 epi-

267 3421 559 3477 scoporum
581 3446 595 3470 ,
626 3406 817 3477 qui_ex
835 3404 1125 3477 Occidente
1159 3405 1294 3477 pulsi
1324 3404 1856 3477 Constantinopolim

269 3474 664 3545 con—fugerant,
707 3474 840 3530 duas
867 3475 1121 3544 epistolas
1147 3474 1392 3545 scripsit,
1433 3490 1567 3543 quas
1595 3476 1857 3531 edidimus

268 3564 372 3603 suo
394 3543 535 3601 loco.
564 3544 744 3599 Tertia
782 3543 910 3608 ista,
937 3560 1057 3611 qua:
1084 3550 1195 3598 tota
1220 3552 1302 3597 est
1321 3543 1387 3597 de
1415 3560 1576 3597 causa
1604 3545 1853 3611 Nestorii,

272 3631 420 3672 nunc
448 3616 676 3686 primum
698 3614 875 3686 prodit
903 3613 1162 3683 allertque
1190 3613 1432 3686 historim
1449 3614 1673 3667 multum
1701 3615 1853 3686 lucis,

269 3700 332 3742 ut
358 3683 553 3741 mei-ito
584 3684 753 3739 videri
780 3692 945 3754 queat
971 3691 1115 3739 certa
1152 3684 1335 3750 regula
1370 3683 1436 3736 ad
1462 3698 1620 3752 quam
1650 3685 1857 3738 exami-

271 3758 396 3812 nari
435 3756 667 3810 debeant
708 3754 934 3823 plurima
965 3768 1084 3822 quae
1123 3754 1192 3807 ab
1232 3754 1363 3823 ipsis
1406 3755 1569 3807 etiam
1597 3754 1850 3819 eruditis,

274 3828 360 3882 vel
391 3826 618 3881 obscure
638 3824 777 3879 dicta
799 3824 925 3885 sint,
949 3824 1035 3878 vel
1057 3839 1163 3878 non
1184 3823 1257 3877 ita
1279 3838 1425 3878 vere.

347 3898 537 3951 Datam
566 3902 780 3963 oportet
818 3894 915 3947 sub
948 3893 1105 3947 finem
1137 3891 1478 3958 Novembris,
1510 3908 1701 3962 nempe
1734 3903 1857 3963 post

274 3968 534 4021 indictam
561 3964 775 4033 quidem
806 3965 871 4017 ab
895 3964 1217 4032 imperatore
1238 3964 1498 4033 synodum
1526 3964 1853 4031 generalem,

272 4037 373 4093 sed
407 4044 532 4089 ante
570 4032 758 4088 allatas
791 4032 1309 4102 Constantinopolim
1342 4032 1615 4087 leestini
1644 4034 1709 4087 ad
1752 4033 1858 4089 Ne-

271 4107 504 4161 storium
547 4105 873 4159 decretorias
903 4105 1138 4168 litteras;
1172 4103 1223 4156 in
1262 4119 1325 4157 ea
1354 4104 1633 4171 siquidem,
1664 4105 1857 4173 primo,

272 4176 337 4231 ﬁt
371 4175 573 4230 mentio
612 4175 825 4229 indictae
856 4174 923 4228 ab
958 4174 1279 4242 imperatore
1302 4173 1516 4244 synodi.
1550 4174 1857 4244 Indictionis

274 4256 459 4300 autem
497 4245 769 4298 decretum
799 4243 1142 4312 consignatur
1178 4258 1271 4297 xm
1300 4243 1507 4297 kalend.
1541 4243 1817 4298 Decembr.
1841 4285 1854 4304 ,

274 4315 582 4370 Theodosio
610 4330 699 4368 xm
730 4322 783 4367 et
808 4313 1177 4367 Valentiniano
1208 4330 1261 4367 ιιι
1279 4314 1390 4366 AA.
1408 4312 1535 4377 CC.,
1569 4313 1619 4365 id
1648 4322 1747 4377 est,
1775 4313 1861 4367 die

1960 3346 2107 3393 ctum
2140 3353 2246 3392 non
2295 3338 2627 3406 reciperetur
2656 3336 2870 3398 Romae,
2902 3344 2958 3390 et
2998 3336 3257 3405 majorem
3304 3335 3484 3391 sedem
3516 3352 3544 3391 a

1961 3410 2170 3463 minore
2210 3407 2438 3476 judicari
2482 3406 2560 3461 fas
2603 3422 2708 3461 non
2738 3416 2897 3469 esset,
2929 3409 3138 3477 impulit
3166 3407 3545 3477 imperatorem

1961 3479 2025 3532 ad
2056 3478 2445 3549 celebrandam
2458 3477 2746 3549 synodum,
2778 3478 2865 3549 cui
2893 3476 3282 3549 sperabatfore
3311 3484 3387 3539 ut,
3424 3494 3544 3531 cum

1960 3549 2397 3619 abessetveteris
2420 3547 2606 3619 Roma;
2620 3548 3082 3619 archiepiscopus,
3102 3548 3225 3619 rsive
3255 3547 3455 3619 impera
3464 3556 3544 3601 to-

1960 3618 2033 3671 ris
2060 3618 2259 3686 gratia,
2292 3618 2406 3672 sive
2444 3617 2630 3671 humili
2657 3615 2878 3671 Joannis
2906 3615 3223 3672 Antiocheni
3252 3615 3545 3671 conniven-

1962 3689 2057 3752 tia,
2087 3688 2288 3758 Cyrillo
2318 3688 2458 3758 inter
2482 3702 2605 3741 reos
2632 3688 2943 3758 constituto,
2980 3688 3289 3758 prmsideret
3308 3704 3324 3758 :7
3355 3687 3555 3755 praefu-.

1963 3756 2146 3810 turum‘
2177 3772 2307 3811 vero
2336 3771 2394 3810 se
2417 3756 2715 3824 jactaverat
2743 3756 2939 3809 dudum
2958 3756 3064 3818 ,ut
3110 3756 3451 3823 intelligimus
3481 3773 3546 3811 ex

1963 3827 2186 3896 epistola
2210 3825 2398 3896 Cyrilli
2426 3825 2491 3879 ad
2520 3824 3133 3896 suosiConstantinopoli
3151 3834 3399 3896 agentes.

2036 3907 2059 3935 α
2101 3894 2297 3950 Marius
2322 3896 2585 3950 Mercator
2611 3894 2776 3947 videri
2802 3904 2983 3964 posset
3005 3895 3163 3949 alicui
3198 3894 3407 3964 tradere
3444 3894 3547 3950 Nc-

1964 3966 2189 4023 storium
2237 3966 2448 4020 nonnisi
2496 3963 2827 4019 admonitum
2880 3981 2910 4019 a
2954 3964 3159 4018 Joanne
3212 3963 3547 4018 Antiocheno

1965 4052 2250 4105 usurpasse
2296 4037 2543 4092 Θεοτόκου
2572 4050 2792 4101 vocem;
2832 4036 2925 4090 sed
2972 4034 3191 4089 historia
3245 4042 3545 4105 temporum

1966 4104 2111 4160 aliud
2130 4107 2307 4161 docet.
2341 4107 2471 4160 Nam
2501 4106 2778 4160 Nestorius
2800 4121 3046 4162 sermone
3074 4105 3282 4174 quinto,
3306 4113 3361 4157 et
3382 4105 3432 4157 in
3456 4104 3544 4157 lit—

1967 4177 2095 4230 teris
2122 4192 2256 4247 quas
2276 4177 2327 4230 in
2359 4178 2583 4244 gratiam
2624 4174 3032 4243 Pelagianorum
3061 4175 3127 4227 ad
3155 4183 3398 4228 sanetum
3424 4175 3548 4229 Cm—

1968 4247 2219 4301 lestinum
2240 4247 2405 4310 dedit,
2435 4247 2736 4301 obtestatus
2762 4254 2841 4298 est
2868 4260 2965 4313 per
2990 4260 3050 4299 se
3077 4261 3185 4298 non
3226 4253 3371 4297 stare
3408 4261 3546 4315 quo-

1966 4318 2141 4368 minus
2155 4318 2401 4371 Θωτόκου
2420 4331 2619 4385 nomen,
2630 4315 2800 4385 beatae
2818 4314 3016 4383 Virgini
3039 4315 3361 4368 tribueretur
3380 4330 3408 4367 a
3427 4318 3548 4385 qui-

274 4388 346 4439 19
374 4383 1019 4472 Novembﬁsﬂaqnzddl).
1049 4383 1398 4472 Deindeponj
1414 4382 1470 4435 lit
1494 4385 1694 4472 mentio
1720 4385 1864 4463 litte-
1892 4412 1942 4472 υ
1967 4386 2215 4472 buslibet,
2240 4386 2283 4438 si
2301 4385 2467 4472 Imodo
2484 4382 3163 4472 ‘vel‘rhpollinaris..sriique
3192 4382 3545 4472 impietas—vi-

273 4471 459 4510 rarum
488 4455 657 4509 sancti
677 4453 971 4515 leestini,
1003 4468 1111 4506 non
1140 4452 1433 4507 omittenda
1458 4454 1658 4520 utique,
1688 4454 1733 4506 si
1762 4468 1853 4507 ac-

274 4534 450 4595 cepta:
474 4525 583 4593 jam
612 4524 847 4595 fuissent.
873 4522 1005 4595 Cum
1020 4536 1161 4595 ergo
1188 4523 1325 4595 datae
1348 4523 1453 4576 sint
1485 4523 1583 4595 illae
1611 4522 1856 4595 Nestorio

274 4612 306 4650 a
336 4591 571 4664 Quatuor
590 4594 855 4663 episcopis
874 4609 943 4647 ex
970 4592 1323 4664 Alexandrina
1344 4591 1857 4664 synodomissisdie

276 4661 594 4727 Doiniuico,
622 4661 711 4731 qui
741 4664 998 4733 septimus
1026 4663 1143 4733 idus
1174 4661 1504 4726 Decembris,
1537 4661 1718 4733 debuit
1748 4663 1858 4733 hsce

274 4736 507 4804 epistola
536 4734 694 4788 scribi
723 4748 788 4804 eo
806 4732 1094 4804 temporis
1115 4732 1394 4804 intervallo
1431 4732 1579 4804 quod
1604 4740 1688 4786 est
1713 4748 1745 4804 a
1771 4732 1858 4804 die

279 4801 348 4857 19
380 4804 695 4857 Novembris
722 4801 790 4855 ad
817 4804 958 4857 diem
990 4803 1019 4854 7
1066 4801 1389 4855 Decembris.
1431 4801 1559 4855 Vide
1592 4802 1858 4870 pnufatio-

276 4890 406 4929 nem
434 4873 763 4927 historicam.

353 4946 379 4981 δ
421 4943 552 4997 Vide
576 4950 728 4995 notas
749 4942 802 4994 in
831 4941 1108 5009 epistolam
1131 4938 1314 5010 Cyrilli
1353 4940 1419 4993 ad
1448 4956 1573 4994 suos
1601 4938 1863 5010 Constan-

275 5014 508 5082 tinopoli
538 5022 776 5079 agentes,
827 5020 881 5065 et
908 5012 1062 5063 dictis
1096 5010 1145 5082 id
1174 5009 1310 5082 adde
1340 5025 1405 5082 ex
1433 5010 1657 5082 epistola
1679 5009 1861 5082 Cyr-illi

276 5085 346 5138 ad
383 5080 632 5136 Acacium
680 5082 1045 5143 Bemaensem,
1077 5080 1143 5133 de
1180 5080 1653 5133 calumniatoribus
1678 5095 1707 5131 a
1756 5080 1860 5133 Ne-

275 5155 455 5209 storio
476 5152 776 5205 subornatis
801 5169 813 5202 :
842 5150 903 5203 In
916 5152 1106 5204 hosem
1126 5152 1381 5202 infensum
1401 5165 1589 5213 versus,
1615 5151 1861 5217 quosdam

276 5224 682 5294 prastigiatoret
729 5221 1104 5294 desperataque
1132 5221 1283 5294 sortis
1329 5220 1555 5294 homines
1607 5222 1659 5271 in
1704 5236 1860 5272 unum

274 5290 551 5363 colligere,
582 5307 791 5360 cost/ue,
824 5301 879 5342 ut
904 5291 1175 5363 mendacia
1213 5291 1267 5342 in
1297 5290 1471 5358 vulgus
1505 5290 1567 5363 tte
1594 5306 1673 5363 me
1705 5307 1858 5363 spur-

274 5358 425 5435 gari};
448 5358 731 5435 subornare
759 5361 1063 5412 nondesinit
1092 5360 1129 5428 (t
1158 5368 1295 5429 part.
1321 5375 1468 5435 conc.
1501 5358 1635 5435 Eph.
1670 5377 1713 5412 ε.
1733 5358 1853 5425 2‘2).

352 5432 631 5486 Nestorius
659 5446 853 5499 porro,
903 5446 1022 5483 cum
1063 5437 1291 5481 tentaret
1319 5428 1712 5497 impendentem
1759 5445 1860 5483 suo

274 5503 443 5573 capiti
486 5502 771 5573 procellam
811 5500 862 5551 in
904 5499 1163 5573 Cyrillum
1206 5507 1478 5561 avertere,
1511 5500 1673 5552 immo
1704 5501 1861 5554 vellet

276 5569 513 5644 prinesse
536 5570 737 5639 judicio
777 5569 1025 5644 quodude
1072 5570 1583 5644 ipsoexerccretur,
1629 5585 1859 5644 cumque

281 5638 609 5710 intelligeret
636 5657 693 5695 se
713 5638 821 5693 suae
847 5638 988 5693 sedis
1008 5638 1314 5710 conditione
1345 5638 1395 5691 id
1434 5654 1538 5692 non
1571 5655 1727 5707 posse
1756 5638 1856 5692 sibi

281 5706 565 5780 arrogare,
594 5726 713 5765 cum
737 5710 825 5777 jus
846 5710 899 5762 in
928 5708 1133 5778 synodo
1161 5706 1748 5777 Constantinopdlitana
1778 5709 1854 5765 fa-

568 5806 833 5864 PATBUL.
881 5799 1137 5860 XLVIII

1967 4462 2187 4518 taretur,
2231 4455 2314 4508 vel
2352 4460 2536 4508 sancta
2560 4453 2721 4520 Virgo
2752 4471 2855 4507 non
2887 4453 3091 4508 idcirco
3107 4462 3385 4523 putaretur
3423 4456 3542 4509 dea.

1964 4523 2141 4589 Quare
2187 4524 2537 4579 monitionem
2577 4522 2731 4593 cujus
2755 4525 2997 4577 meminit
3039 4522 3546 4593 Mercatorintclligi

1965 4602 2177 4663 oportet
2192 4594 2257 4647 de
2272 4593 2685 4662 exprobratione
2713 4592 2870 4659 facta,
2895 4610 3013 4648 cum
3039 4595 3211 4664 palam
3234 4610 3263 4647 a
3282 4592 3541 4659 fidelibus,

1964 4673 2077 4717 tum
2108 4664 2355 4731 privatim
2385 4664 2451 4718 ab
2474 4664 2675 4717 amicis.

2035 4734 2060 4770 ά
2102 4733 2170 4787 lis
2199 4734 2605 4803 nimirunrlocis
2633 4733 2842 4803 quibus,
2886 4750 3005 4789 cum
3034 4734 3101 4788 dc
3130 4736 3407 4789 nativitate
3436 4735 3539 4787 Do-

1965 4803 2093 4875 mini
2116 4819 2291 4875 sermo
2321 4812 2420 4865 est,
2444 4801 2598 4857 Iesus
2618 4801 2969 4875 Salvatorquc
2999 4821 3061 4858 ac
3078 4804 3330 4875 Christus
3358 4806 3544 4875 appel-

1966 4873 2124 4937 latur,
2155 4874 2454 4943 quibusque
2494 4874 2648 4926 beata
2679 4873 2838 4942 Virgo
2868 4872 3039 4928 mater
3070 4872 3195 4929 Iesu
3232 4885 3285 4929 et
3313 4872 3540 4938 Domini,

1963 4952 2089 5007 ctc.,
2122 4942 2331 4997 dicitur.
2365 4942 2471 4997 Sed
2500 4944 2642 4997 hunc
2682 4945 2919 4998 omnium
2949 4945 3179 4998 maxime
3207 4956 3543 5012 argumenta-

1963 5013 2118 5083 batur
2136 5012 2410 5066 Nestorius
2438 5031 2449 5065 :
2474 5012 2634 5083 Liber
2654 5016 2999 5083 generationis
3026 5014 3147 5069 Jesu
3179 5014 3386 5075 Christi,
3411 5025 3539 5078 etin,

1964 5081 2042 5203 1De
2187 5093 2338 5136 natus
2364 5092 2439 5149 est
2456 5082 2625 5147 Jcsus,
2656 5081 2741 5153 qui
2770 5085 2955 5137 dicitur
2986 5083 3217 5139 Christus
3248 5084 3469 5156 (Matth.
3504 5104 3539 5149 ι,

1999 5189 2015 5213 ,
2066 5189 2126 5204 ιν
2149 5189 2183 5212 ΙΙ

2037 5222 2335 5297 _°_Epist_ola
2365 5222 2608 5276 nimirum
2636 5224 2888 5297 secunda,
2913 5239 3030 5297 qum
3058 5225 3240 5294 incipit
3264 5243 3276 5276 :
3312 5225 3542 5297 Injurius

1962 5293 2163 5361 quidem
2195 5291 2460 5345 adversum
2490 5309 2581 5345 nos
2611 5291 2945 5347 mirabiliunf
2966 5291 3269 5359 litterarum,
3321 5291 3425 5350 etc.
3466 5297 3543 5350 lix

1961 5362 2043 5415 his
2068 5376 2196 5434 vero
2220 5361 2495 5434 discimus,
2529 5363 2959 5434 epistolasduas,
2992 5380 3109 5434 qum
3138 5366 3290 5419 lecta:
3338 5376 3461 5419 sunt
3490 5370 3543 5420 in

1961 5432 2187 5503 concilio
2204 5430 2505 5503 Ephesino,
2539 5434 2751 5487 actione
2778 5433 2801 5484 ι
2825 5474 2839 5497 ,
2871 5430 3098 5503 quarum
3120 5436 3291 5503 altera
3321 5444 3403 5490 est
3439 5435 3543 5503 Cy-

1961 5500 2160 5575 rilli_ad
2204 5496 2524 5575 Nestorium,
2551 5503 2719 5575 altera
2750 5496 2977 5558 Nestorii
3008 5504 3073 5556 ad
3102 5502 3377 5575 Cyrillum,
3411 5496 3542 5561 mis-

1961 5587 2049 5625 sas
2076 5571 2237 5645 fuisse
2267 5570 2331 5645 ad
2358 5570 2701 5645 leestinum
2731 5575 2818 5645 ab,
2847 5580 3073 5643 utroque
3118 5565 3397 5645 scriptore,
3429 5565 3553 5643 meo:

1963 5642 2233 5696 tuentibus
2271 5641 2510 5709 singulis,
2544 5658 2609 5695 ne
2651 5644 2717 5697 ab
2757 5641 3062 5698 adversario
3091 5660 3185 5698 sua
3222 5641 3539 5701 mutaretur.

2036 5654 2233 5696 anticus
2271 5654 2510 5709 Singulis,
2544 5658 2609 5695 ne
2651 5654 2717 5697 at)
2757 5654 3062 5698 adversario
3091 5660 3185 5698 sua
3222 5654 3539 5701 mutaretur.

2036 5710 2055 5747 ί
2088 5712 2203 5767 Vox
2236 5712 2343 5777 illa,
2368 5713 2797 5780 inexcusabililer,
2824 5722 2879 5768 et
2917 5729 3067 5768 sacra
3099 5715 3435 5784 imperatoris
3472 5654 3556 5775 adi

2942 5808 3020 5867 27
