3958 6178
175 2878 197 2896 ο

223 300 326 354 8ιῦ

256 483 317 535 de
344 480 522 536 Crteco
549 482 602 534 in
632 479 874 534 Latinum
903 469 1157 534 translata
1185 497 1216 532 a
1245 477 1415 532 Mario
1446 477 1751 532 Mercatore.

291 591 340 642 l.
373 589 683 644 Honorabili
711 598 765 644 et
791 589 1186 657 religiosissime
1209 587 1521 658 presbytero
1540 585 1792 642 leestio

227 682 497 738 Nestorius
526 683 578 735 in
607 682 832 736 Domino
861 681 1107 737 salutem.

296 773 412 827 Noli
432 787 572 841 :egre
592 771 750 838 ferre,
774 772 1110 835 venerabilis,
1133 768 1405 840 perferens
1425 770 1492 823 ab
1513 770 1594 823 his
1619 769 1709 838 qui
1732 784 1797 822 ea

217 880 345 935 quae
370 864 664 918 inferuntur
689 864 862 920 facere
897 865 1112 927 debent,
1154 872 1208 918 et
1233 863 1524 933 praesertim
1554 876 1800 917 asseren-

230 957 372 1010 tibus
394 957 690 1022 veritatem,
723 964 778 1010 et
805 955 1188 1026 refugientibus
1217 954 1542 1024 pollutorum
1571 953 1654 1007 vel
1676 969 1806 1007 con-

1372 293 1539 348 ἸΜΙἸΙ
1581 291 1894 347 ΝΕδΤυΙῖΙΙ
1933 289 2305 349 EPISTULAC.

221 409 579 466 EPISTOLA
617 409 977 479 NESTORLI
1007 409 1077 462 ad
1113 407 1396 479 Cwlestium
1442 408 1784 479 rescribentis,
1820 415 1864 468 Α
1892 409 2275 461 taminatorum
2298 408 2902 478 communionen'izquia
2941 416 2995 463 et
3013 410 3214 464 sanctis
3235 409 3326 479 qui
3351 425 3476 468 ante

3369 290 3469 349 810

1902 509 2138 554 nostram
2165 508 2378 554 mtatem
2404 501 2742 564 exstiterunt,
2775 509 2937 568 gratae
2964 500 3177 555 fuerunt
3203 518 3471 563 aerumnas.

1903 598 1959 645 et
1979 592 2104 659 ipsa:
2123 590 2337 661 quidem
2359 592 2681 660 temporales
2703 600 2872 657 erant,
2896 592 3093 646 veritas
3115 601 3291 646 autem
3316 603 3475 648 reter-

1905 697 1991 734 na.
2009 680 2098 735 Sic
2117 680 2346 734 Joannes
2361 681 2595 750 Baptista
2618 680 2683 735 de
2705 689 2922 749 peccato
2943 697 3168 750 arguens
3189 681 3475 745 Herodem,

1905 779 1960 824 et
1987 769 2198 839 quidem
2243 784 2425 838 regem
2473 771 2817 836 existentem,
2868 772 3042 841 capite
3089 772 3480 829 condemnatus

1908 871 2030 916 est:
2063 861 2156 915 sed
2202 878 2309 915 non
2357 861 2689 924 formidavit,
2739 860 3007 917 Christum
3056 867 3197 919 enim
3249 868 3479 921 habebat

1904 960 2089 1021 caput,
2138 950 2283 1019 quod
2327 967 2434 1006 non
2482 960 2662 1022 posset
2707 951 2962 1006 abscindi.
3007 952 3096 1008 Sic
3142 953 3336 1012 Paulus
3380 958 3484 1012 hcc

1389 1063 1924 1120 CASTIGATIONES
1967 1064 2053 1118 ET
2091 1063 2318 1120 NOTE.

230 1168 346 1209 aeta
376 1157 608 1219 relatum,
646 1164 899 1226 tamquam
921 1156 1106 1226 judicii
1136 1157 1327 1225 regula.
1360 1155 1598 1226 Adducta
1637 1155 1803 1224 siqui-

231 1227 354 1280 dem
385 1240 548 1279 sacne
589 1240 694 1278 non
725 1224 937 1278 minima
973 1234 1141 1293 parte.
1183 1224 1258 1278 Sic
1287 1226 1362 1276 ait
1386 1243 1398 1276 :
1425 1224 1672 1295 Equidem
1701 1241 1800 1276 non

234 1296 484 1365 perspicio
513 1312 612 1364 qua
653 1296 851 1373 ratione
896 1295 1215 1374 Theodosqu
1255 1295 1393 1374 hanc.
1423 1297 1803 1374 suspensionem

228 1362 505 1416 decernere
527 1362 768 1432 potuerit,
793 1367 889 1416 nisi
912 1366 1141 1432 petitioni
1163 1362 1412 1426 Nestorii,
1438 1383 1456 1404 ι·
1471 1362 1522 1415 ui
1539 1381 1592 1415 s2
1613 1365 1808 1417 indicta

238 1451 395 1486 causa
425 1433 718 1484 damnatum
754 1436 1068 1486 querebatur.
1101 1434 1335 1486 eiusque.
1367 1435 1410 1485 si
1441 1381 1603 1486 lubet.
1636 1433 1808 1486 aonci-

238 1451 395 1486 causa
425 1433 718 1503 damnatum
754 1436 1068 1502 querebatur,
1101 1434 1335 1503 ejusque,
1367 1435 1410 1485 si
1441 1433 1603 1495 lubet,
1636 1433 1811 1503 appel-

237 1504 420 1558 lationi
437 1504 601 1554 locum
619 1501 810 1566 demus,
825 1519 936 1572 qua:
951 1504 1018 1555 ad
1033 1501 1299 1556 concilium
1315 1503 1640 1555 indicendum
1660 1501 1816 1556 Theo—

237 1573 442 1626 dosium
461 1573 768 1641 provocavit,
791 1571 864 1625 ita
887 1582 940 1625 ut
961 1574 1162 1625 interim
1184 1573 1527 1642 appellatione
1546 1571 1811 1642 pendente,

228 1642 336 1704 uel,
365 1643 409 1694 si
431 1642 607 1711 mucis,
633 1643 945 1694 restitutione
967 1645 1036 1695 rei
1066 1644 1117 1694 in
1148 1643 1418 1711 integrum,
1445 1642 1578 1694 nihil
1603 1644 1815 1695 innova-

240 1721 399 1764 retur.
423 1709 579 1782 Cujus
600 1713 942 1782 suspensionis
967 1721 1158 1782 Hyllo-'11!
1188 1709 1326 1764 abest
1352 1721 1406 1762 ut
1434 1713 1686 1782 querelam
1710 1728 1817 1763 mo-

243 1782 408 1833 verint
430 1779 620 1861 _Pa.tr.cs
648 1781 946 1861 inf-ancilia
979 1779 1252 1850 Ephesiae,
1282 1782 1401 1861 quin
1436 1779 1602 1861 potius
1637 1783 1818 1860 rescri-
1855 1786 1895 1845 Β

236 1858 388 1918 ptum
411 1851 548 1902 Actis
563 1850 719 1901 inseri
733 1850 998 1918 jusserint,
1017 1861 1064 1902 et
1077 1850 1425 1919 suspensionis
1441 1851 1647 1902 omnino
1669 1851 1822 1902 ratio-

243 1935 366 1971 nem
394 1919 680 1981 habuerint,
713 1926 814 1971 etc.

323 1988 516 2041 Verum
568 1988 804 2055 opinioni
843 2003 948 2054 qua
976 1988 1057 2040 vir
1104 1987 1443 2041 doctissimus
1488 1987 1822 2040 ratiocinium

237 2073 402 2111 suum
434 2057 528 2110 niti
552 2057 732 2126 voluit,
762 2065 1021 2126 repugnat
1058 2057 1248 2126 partim
1290 2059 1514 2125 ipsamet
1538 2072 1690 2110 sacra
1723 2057 1822 2109 im-

250 2128 516 2195 peratoris
562 2125 868 2191 Theodosii,
915 2125 1108 2195 partim
1156 2125 1466 2180 Mercatoris
1512 2126 1821 2188 auctoritas,

249 2199 448 2264 partim
469 2197 586 2266 ipse
599 2196 890 2266 Nestorius.
908 2196 1231 2266 Sacraenim
1255 2197 1596 2266 consignatur
1612 2212 1702 2250 nu
1718 2196 1820 2266 kal.

249 2264 526 2327 Deeembl,
558 2274 612 2317 et
639 2264 903 2320 Mercator
929 2265 1112 2320 scribit
1139 2265 1464 2334 synodorum
1493 2266 1697 2319 litteras
1725 2265 1826 2320 Ne-

247 2335 420 2388 storio
449 2335 681 2388 redditas
709 2335 938 2406 vu_idus
977 2334 1301 2406 Decembris.
1326 2334 1600 2406 Heistorius
1627 2344 1822 2400 autem,

245 2419 370 2458 cum
393 2419 600 2458 summo
629 2404 861 2472 pontiﬁci
889 2405 1147 2459 scriberet
1175 2413 1297 2473 post
1325 2404 1666 2458 indictionem
1695 2420 1827 2458 con-

251 2475 359 2528 cilii
379 2515 394 2537 ,
442 2475 654 2542 scripsit
684 2483 857 2527 tamen
883 2474 1104 2543 perinde
1129 2490 1191 2543 ac
1217 2475 1259 2526 si
1297 2474 1427 2527 nihil
1456 2475 1521 2527 de
1559 2475 1823 2528 sententia

249 2543 747 2624 sedis-apostolica:
792 2542 1109 2597 rescivisset.
1155 2542 1318 2610 Igitur
1357 2559 1528 2624 ueque
1557 2543 1831 2624 Nestorius

247 2613 540 2681 appellavit
581 2614 953 2680 imperatorem
974 2655 988 2677 ,
1032 2621 1313 2683 postquam
1365 2613 1597 2680 legitime
1626 2614 1772 2666 novit
1799 2628 1831 2668 a

248 2682 472 2735 svnodis
497 2698 556 2734 se
583 2683 910 2744 damnatum,
944 2697 1114 2751 neque
1136 2682 1498 2735 denuntiatam
1533 2683 1675 2736 sedis
1704 2697 1833 2750 apo-

244 2752 458 2805 stolicze
477 2752 792 2804 sententiam
812 2751 1141 2805 Theodosius
1158 2752 1332 2806 edicto
1354 2753 1646 2821 suspendit.
1665 2751 1833 2806 Nemo

249 2822 420 2882 enim,
448 2821 628 2881 credo,
657 2822 736 2874 vel
760 2836 790 2874 a
811 2823 1074 2874 sententia
1093 2821 1304 2889 judicis,
1336 2823 1571 2874 nomlum
1600 2822 1834 2888 legitime

250 2890 588 2950 denuntiata,
617 2889 735 2958 jure
783 2891 1039 2958 appellat,
1093 2905 1192 2944 nec
1238 2891 1649 2959 appellationem
1697 2891 1834 2944 tueri

255 2968 455 3027 potest,
508 2959 606 3012 nisi
654 2967 931 3029 postquam
980 2960 1210 3013 exhibita
1258 2969 1339 3014 est
1385 2961 1645 3014 sententia
1686 2960 1836 3029 cujus

245 3030 533 3098 querelam
557 3037 754 3098 movet.
1163 3047 1167 3049 ’

329 3098 622 3169 Nestorius,
655 3096 840 3160 lateor,
871 3098 988 3169 ερςί
1017 3098 1276 3169 synodum
1307 3099 1590 3168 postulavit
1618 3100 1835 3169 privatis

256 3169 510 3237 precibus
547 3168 614 3237 ab
660 3176 870 3222 amante
900 3167 1229 3231 Theodosio;
1282 3167 1385 3223 non
1433 3167 1737 3237 postulavit,
1769 3185 1835 3224 ex

251 3236 573 3306 prxcscripto
597 3236 749 3304 juris,
783 3238 849 3291 ab
880 3237 1200 3306 imperatore
1224 3236 1478 3305 judicium
1507 3247 1791 3293 exercente
1820 3258 1830 3292 :

251 3323 428 3375 quare
467 3308 730 3359 sententia
779 3306 919 3360 sedis
966 3307 1310 3374 apostoliczc,
1361 3323 1479 3361 cum
1526 3309 1835 3363 denuntiata

254 3374 368 3429 non
394 3374 557 3447 fuerit
586 3375 683 3447 nisi
710 3386 830 3444 post
868 3376 1117 3430 indictam
1141 3377 1420 3446 synodum,
1451 3385 1712 3444 prteventa
1735 3395 1835 3447 po-

253 3447 366 3498 tius
397 3445 564 3516 videri
593 3446 751 3498 debet
777 3461 935 3514 quam
960 3447 1134 3499 edicto
1157 3445 1433 3515 Suspensa,
1458 3447 1501 3500 si
1524 3447 1684 3501 modo
1715 3445 1838 3516 pro-

253 3518 377 3585 prie
406 3515 551 3582 loqui
581 3523 843 3582 oporteat.
916 3531 922 3537 ·

331 3585 437 3636 Sed
461 3585 711 3663 quoniam
736 3599 911 3663 sermo
942 3583 1124 3663 incidit
1144 3583 1210 3663 de
1230 3590 1379 3663 sacra
1403 3585 1706 3663 "Theodosii,
1733 3601 1837 3663 non

253 3654 356 3734 abs
378 3654 697 3736 rte-futurum
721 3662 848 3736 put?
873 3655 1136 3721 inquirere
1156 3656 1524 3736 ἀκριςεστέρὲς
1551 3656 1601 3707 in
1633 3662 1841 3736 sintco-

255 3724 390 3775 tiam
423 3723 759 3776 illustrissimi
786 3723 991 3787 Marc-0,
1017 3738 1120 3792 qua
1149 3723 1435 3777 existimat'
1452 3723 1633 3778 Patres
1662 3723 1838 3792 Epho—

254 3794 412 3846 sinos
437 3793 491 3844 in
533 3792 724 3845 duobus
761 3793 1014 3861 praecipue
1050 3794 1298 3860 capitibus
1327 3795 1619 3847 excessisse
1654 3794 1782 3847 lines
1811 3810 1840 3846 a

259 3861 511 3931 principe
529 3862 579 3914 in
599 3859 1267 3932 sacra'perCandidiantnn
1293 3863 1494 3932 synodo
1511 3862 1620 3931 jam
1644 3872 1842 3917 coacta:

253 3930 428 4002 allata
451 3933 809 3999 praescriptos,
842 3930 1065 3999 ideoque
1093 3940 1212 4002 aeta
1237 3930 1354 4002 qua:
1388 3930 1606 3987 Joannis
1631 3935 1843 3986 comitis

257 4001 554 4053 adventum
576 4015 747 4069 prmce
764 4001 1182 4069 'seranttmerito
1205 4002 1424 4055 rescissa
1447 4017 1582 4055 esse.
1604 4003 1840 4055 Alterum

199 4096 210 4106 -
255 4078 431 4139 caput
450 4076 549 4139 est,
567 4068 709 4138 quod
730 4070 949 4122 absente
967 4068 1295 4125 Candidiano
1313 4071 1567 4139 judicium
1592 4072 1844 4124 adversus

256 4138 578 4212 Nestorium
615 4146 953 4212 peregerunt.
986 4138 1434 4212 Alterumaquod
1474 4142 1596 4195 licet
1641 4140 1845 4212 synodo

261 4209 520 4277 princeps
549 4207 913 4262 denuntiasset
941 4209 1137 4261 nullam
1166 4207 1373 4264 civilem
1401 4218 1492 4264 aut
1516 4207 1844 4264 criminalem

253 4291 508 4337 causam,
540 4279 746 4331 etiamsi
771 4278 1127 4333 ecclesiastica
1156 4289 1327 4341 esset,
1371 4281 1687 4334 movendam
1728 4295 1846 4333 esse

259 4347 528 4418 adversus
551 4363 870 4418 quemquam
901 4348 1292 4418 episcoporum,
1317 4351 1399 4403 vel
1432 4351 1480 4402 in
1511 4349 1736 4418 synodo,
1764 4349 1845 4402 vel

263 4418 324 4469 in
354 4415 579 4484 publico
609 4415 826 4484 judieio,
857 4415 950 4470 sed
975 4415 1150 4471 omnia
1181 4417 1437 4484 ejusmodi
1465 4415 1844 4472 Constantino-

1912 1157 2125 1228 ignarus
2147 1158 2344 1228 utique,
2373 1157 2760 1228 Antiochenum
2785 1160 3092 1228 episc0pum
3121 1167 3335 1214 nectere
3366 1181 3485 1216 mo—

1909 1242 1996 1298 ras
2027 1227 2076 1298 in
2111 1227 2211 1298 via,
2244 1227 2468 1298 consilio
2499 1227 2679 1298 Irenaci
2711 1229 2920 1283 comitis
2949 1227 3014 1282 ad
3055 1229 3226 1298 ipsum
3257 1250 3374 1286 cum
3403 1244 3484 1287 to—

1913 1297 2016 1349 tius
2047 1296 2291 1348 l'actionis
2315 1296 2578 1350 mandatis
2607 1298 2850 1367 proli-icti.

1990 1384 2229 1456 Et_vero,
2261 1401 2434 1454 neque
2482 1388 2595 1456 ipse
2642 1388 2944 1452 Nestorins,
2978 1407 3097 1444 cum
3139 1391 3204 1445 de
3245 1392 3491 1450 Pati-ibus

1915 1454 2101 1530 synodi
2131 1465 2448 1530 quereretur
2475 1454 2617 1530 apud
2663 1459 3057 1530 imperatorem,
3088 1477 3261 1530 neque
3301 1462 3488 1518 Orien—

1917 1525 2052 1594 tales
2077 1525 2402 1579 schismatiri
2431 1527 2569 1594 apud
2597 1525 2862 1590 eumdem,
2896 1528 2962 1583 de
2999 1532 3132 1584 actis
3171 1525 3296 1585 ante
3335 1550 3489 1587 suum

1919 1593 2200 1669 adventum
2223 1593 2638 1669 expostulantes,
2671 1613 2844 1669 neque
2866 1600 2978 1669 ipse
3005 1600 3314 1669 imperator,
3344 1613 3492 1668 gesta

1918 1662 2106 1734 synodi
2146 1662 2390 1730 arguens,
2424 1667 2718 1720 absentiam
2749 1662 3060 1722 Candidiani
3083 1662 3442 1725 causatnsucst
3476 1692 3488 1724 :

1921 1747 2113 1800 magno
2137 1749 2269 1809 sane
2297 1745 2614 1809 argumento
2634 1737 2776 1809 quod
2799 1753 2972 1806 neque
3000 1737 3359 1794 Candidianus
3382 1743 3494 1809 ipse

1922 1818 2084 1858 ausus
2106 1803 2174 1857 sit
2192 1803 2267 1878 Ade
2290 1821 2382 1858 sua
2399 1805 2501 1878 illa
2529 1803 2783 1860 ementita
2812 1803 3123 1878 expulsiono
3160 1809 3225 1862 ad
3266 1803 3493 1878 impera-

1923 1880 2094 1943 torem
2123 1874 2341 1928 referre.
2388 1874 2564 1939 Quare
2611 1893 2716 1929 non
2763 1874 2903 1943 aegre
2931 1877 3167 1932 adducor
3196 1888 3251 1932 ut
3279 1874 3492 1934 crudam

1924 1942 2388 2015 hominis__naviter
2407 1945 2677 1998 mendacis
2699 1942 2878 2012 verba,
2905 1957 2961 2000 ut
2983 1948 3106 2000 olim
3136 1946 3496 2015 Orientalibus

1924 2026 2043 2083 cum
2075 2011 2400 2083 audirentur.
2445 2015 2515 2083 ita
2561 2031 2733 2083 nuper
2759 2011 3120 2072 illustrissimo
3150 2013 3337 2073 Marem
3375 2036 3495 2075 cum

1924 2080 2224 2148 legerentur
2245 2082 2418 2135 lucum
2443 2080 2645 2137 lecnsse.

1995 2171 2110 2224 Jam
2129 2189 2255 2227 vero
2275 2172 2340 2226 de
2360 2174 2688 2250 violatalege
2710 2175 2988 2250 imperiali,
3003 2171 3260 2250 absolutis
3276 2179 3495 2250 Cyrillo,

1927 2241 2228 2306 Memnone,
2276 2251 2330 2296 et
2360 2244 2493 2314 aliis
2539 2241 2824 2314 damnatis,
2873 2248 3018 2314 quod
3067 2247 3161 2300 fuit
3207 2241 3498 2302 secundum

1927 2319 2086 2380 caput
2135 2313 2489 2385 accusationis
2516 2313 2586 2385 _in
2629 2313 2812 2369 Patres
2857 2313 3168 2384 Ephesinos,
3197 2330 3199 2333 '
3229 2318 3352 2371 illud
3400 2334 3498 2385 ego

1927 2397 2036 2456 non
2067 2382 2220 2456 prius
2240 2381 2623 2456 discutiendum
2655 2400 2779 2456 reor
2817 2381 2976 2456 quam
3007 2389 3274 2456 proposita
3307 2381 3498 2444 fuerint

1928 2451 2087 2504 verba
2112 2452 2223 2520 ipsa
2267 2452 2596 2519 imperatorii
2627 2454 2803 2508 edicti.
2836 2451 2935 2508 'Sic
2975 2451 3153 2510 autem
3177 2474 3234 2511 se
3259 2457 3457 2511 habent
3484 2476 3497 2510 :

1928 2520 2061 2574 Ante
2079 2522 2254 2594 omnia
2276 2531 2442 2575 autent
2463 2522 2624 2576 eidem
2651 2524 3152 2594 magniﬁcentissimo
3183 2525 3500 2580 Candidiano

1930 2590 2226 2644 mandatum
2257 2599 2331 2663 est
2358 2601 2413 2663 ut
2439 2609 2590 2663 quam
2619 2590 2985 2648 studiosissime
3014 2597 3236 2649 obserret
3256 2614 3319 2648 ne
3342 2598 3500 2650 aliam

1932 2663 2142 2734 ontuino
2196 2661 2614 2734 ecclesiasticam
2651 2679 3014 2734 quamcumque
3068 2667 3458 2719 controrersimt
3486 2707 3500 2724 .

1930 2729 2276 2805 undecumque
2317 2740 2493 2805 natam
2517 2732 2616 2805 _vel
2660 2729 2866 2797 motum,
2916 2729 3030 2805 quin
3075 2735 3142 2787 ad
3191 2737 3502 2804 propositam

1933 2799 2674 2871 dogmatisconsiderationem
2712 2819 2812 2856 non
2855 2799 3132 2871 pertineat,
3166 2799 3295 2857 ante
3319 2822 3503 2858 moveri

1932 2870 2070 2922 sinat
2107 2886 2277 2941 quam,
2319 2887 2497 2944 eorum
2531 2874 2757 2944 omnium
2785 2870 2897 2943 qua:
2935 2890 3068 2926 nunc
3097 2876 3146 2927 in
3179 2876 3504 2944 qua'stionem

1933 2939 2254 3013 vocatasuut
2278 2939 2606 3013 amhiguitate
2633 2939 2816 3013 soluta,
2849 2959 2908 2994 ea
2938 2959 3050 3013 qua:
3087 2944 3154 2995 ad
3175 2939 3399 2996 ueritatis
3423 2947 3506 2997 in-

1935 3010 2328 3081 vestigationem
2350 3011 2544 3081 faciunt
2569 3012 2892 3081 exactissimo
2913 3010 3109 3081 judicio
3149 3013 3505 3076 discutiantur,

1937 3077 2190 3152 ﬁnemque
2227 3077 2527 3152 ortltOdoxa:
2572 3080 2806 3152 religioni
2857 3077 3134 3152 congruum
3173 3084 3504 3136 sortiantur:

1863 3138 1907 3199 C
1937 3138 2056 3217 quin
2086 3138 2134 3222 et
2153 3147 2302 3222 hujus
2332 3165 2524 3222 quoque
2551 3138 2811 3202 admonita
2833 3152 2900 3204 sit
2935 3138 3095 3222 uestra
3124 3152 3304 3220 pietas,
3330 3168 3507 3222 nempe

1939 3217 2200 3269 serenitati
2229 3217 2417 3271 nostra:
2443 3220 2599 3271 visum
2636 3235 2744 3272 esse
2768 3230 2823 3271 ut
2863 3221 3004 3272 nulla
3045 3217 3251 3273 omnino
3280 3222 3328 3272 in
3359 3217 3508 3274 sacra

1939 3286 2338 3359 restrasyuodo,
2363 3297 2450 3339 aut
2470 3289 2622 3340 etiam
2644 3290 2694 3341 in
2717 3289 2915 3358 publica
2942 3288 3273 3358 Ephesiorum
3288 3291 3506 3359 judicio,

1938 3356 2236 3440 pe‘cuniu‘ria
2257 3366 2357 3440 naut
2380 3359 2660 3440 criminalis
2687 3356 2842 3440 causa
2870 3356 3110 3440 adversus
3140 3356 3356 3440 aliquem
3396 3364 3509 3430 agi-

1941 3422 2266 3498 tetur.AQuod
2291 3428 2349 3498 si,
2374 3427 2494 3498 quid
2521 3428 2771 3495 ejusmodi
2800 3429 3070 3492 exstiterit,
3100 3422 3380 3498 cuipiamre
3416 3422 3509 3482 usu

1938 3495 2143 3569 uerter-it,
2164 3496 2314 3564 hujus
2335 3495 2586 3569 integram
2607 3499 2944 3566 cognitionem
2966 3515 3164 3569 magntc
3183 3495 3300 3552 huic
3323 3509 3511 3553 nostra!

1940 3566 2128 3617 civitati
2158 3575 2462 3618 reservatam
2483 3565 2729 3619 columns.

2011 3652 2088 3705 Ex
2111 3653 2191 3706 his
2213 3661 2420 3706 constat
2441 3655 2506 3705 ab
2529 3654 2850 3722 imperatore
2871 3670 3058 3709 causas
3079 3655 3325 3720 distingui
3351 3658 3506 3710 trium

1941 3737 2194 3793 generum
2222 3741 2234 3773 :
2267 3723 2398 3776 alias
2426 3723 2670 3775 nimirum
2702 3724 2851 3786 ﬁdei,
2883 3740 3016 3792 quas
3040 3726 3211 3793 primo
3243 3726 3359 3778 loco
3405 3735 3512 3778 tra-

1941 3791 2074 3845 ctari
2095 3791 2272 3857 jubet;
2297 3793 2427 3844 alias
2452 3793 2836 3846 ecclesiasticas
2857 3791 3225 3858 undecumque
3254 3804 3406 3846 natas
3430 3796 3512 3848 vel

1945 3869 2134 3920 motas,
2164 3877 2296 3930 quas
2325 3878 2368 3912 Vl
2388 3869 2467 3915 tat
2489 3863 2571 3930 agi
2594 3871 2716 3914 ante
2743 3862 2860 3915 ﬁdei
2883 3863 3348 3925 constitutionem;
3381 3865 3513 3916 alias

1943 3931 2171 3996 denique
2200 3931 2532 3998 pecuniarias
2569 3939 2660 3984 aut
2699 3932 3032 3995 criminales,
3076 3947 3298 3999 quarum
3329 3934 3511 3998 cogni-

1946 4001 2092 4070 tioztc
2121 3999 2406 4062 interdicit,
2441 4009 2550 4053 tum
2579 4001 2801 4070 synodo,
2846 4011 2954 4055 tum
2996 4000 3262 4068 Ephesino
3287 4001 3507 4069 judicio.

1944 4069 2169 4151 Constat
2197 4070 2357 4150 etiam
2388 4087 2452 4124 ex
2469 4086 2539 4151 eo
2561 4069 2702 4151 quod
2729 4071 3098 4151 efclesiastica:
3126 4085 3297 4151 cauete
3335 4072 3515 4139 prohi-

1945 4139 2173 4191 beantur
2200 4139 2282 4204 agi
2311 4149 2435 4193 ante
2466 4139 2584 4192 ﬁdei
2613 4141 3066 4204 constitutionem,
3109 4141 3363 4193 continuo
3393 4157 3513 4208 per—

1947 4209 2105 4268 mitti,
2139 4216 2196 4260 ut
2234 4217 2354 4278 post
2381 4210 2723 4278 constitutam
2754 4209 2906 4261 ﬁdem
2935 4217 3179 4277 agantur.
3212 4209 3344 4262 Cum
3385 4225 3513 4275 ergo

1947 4278 2103 4330 nulla:
2130 4277 2248 4330 sint
2273 4293 2449 4348 causze
2474 4277 2704 4348 dicenda:
2743 4279 2918 4346 potius
2947 4279 3319 4333 ecclesiastico
3354 4295 3515 4348 quam

1947 4363 2064 4416 qua:
2108 4355 2349 4416 spectant
2390 4346 2772 4416 adrepiscopos
2809 4357 3028 4416 propter
3064 4365 3226 4416 prava
3269 4346 3515 4415 dogmata

1943 4415 2275 4482 judicandns,
2294 4415 2478 4484 procul
2499 4415 2658 4468 dubio
2677 4415 2876 4484 Cyrilli,
2903 4415 3299 4484 lllenmonisqne
3320 4428 3372 4472 et
3393 4419 3519 4470 alio-

265 4477 442 4565 poI-im
466 4477 764 4565 evocanda;
792 4477 1023 4565 attamen
1045 4477 1225 4565 Cyl-illi
1253 4495 1307 4540 et
1332 4487 1647 4565 Memnonis,
1679 4488 1832 4565 ³ιοευισ
1878 4506 1923 4561 ο
1943 4477 2063 4565 rum
2084 4477 2318 4565 judicio,
2365 4500 2451 4565 ne_
2474 4477 3239 4565 ipsisuquidemimperatoria:
3278 4489 3516 4565 epistola:

257 4552 495 4623 .itisque.
519 4552 937 4609 eLOrientalium
965 4552 1333 4611 damnationes
1361 4557 1655 4611 subsecuta:
1679 4559 1846 4623 legem

267 4625 460 4696 datam
486 4625 833 4696 violaverantt
867 4625 991 4696 Duo
1027 4626 1125 4678 ista
1175 4627 1332 4689 mihi,
1363 4627 1488 4696 quid
1515 4629 1654 4681 enim
1694 4628 1845 4680 dissi-

267 4694 499 4766 mulem,
531 4692 766 4747 fecerunt
787 4693 1085 4766 olin‘i,‘r_dur_n
1107 4697 1360 4749 attentius
1381 4692 1652 4751 'scrutarer
1672 4697 1850 4766 Ephe-

271 4764 398 4817 sina
445 4770 816 4822 monumenta,
865 4763 1226 4834 difﬁcultatem
1277 4781 1382 4817 non
1437 4767 1622 4824 levem.
1679 4763 1853 4834 neque

269 4846 538 4952 ujrpquam
566 4848 596 4884 a
625 4848 736 4897 me,
781 4832 883 4886 etei
924 4833 1209 4901 plurimum
1254 4835 1460 4901 vellem,
1511 4832 1855 4890 obtinuerunt

318 4916 464 4952 tem.
818 4931 843 4948 ς.

277 4903 464 4954 Iidem.
818 4931 843 4948 ς.

355 4970 490 5043 uiam
520 4969 662 5038 quod
689 4971 916 5043 primum
944 4980 1043 5043 est,
1068 4972 1302 5026 interluit
1322 4973 1505 5043 procul
1535 4973 1694 5027 dubio
1710 4973 1853 5026 Can-

277 5039 552 5110 didianus,
577 5054 684 5110 quo
713 5040 938 5107 primum
961 5040 1046 5093 die
1084 5039 1444 5096 convenerunt
1472 5041 1674 5106 Patres,
1702 5044 1853 5110 legit-

277 5124 392 5179 que
420 5107 475 5179 in
504 5109 715 5179 publico
744 5125 992 5162 consessu
1023 5110 1356 5179 imperatoris
1377 5113 1678 5165 mandatum
1708 5131 1720 5164 :
1746 5107 1853 5165 non

277 5176 484 5248 adluit,
519 5176 706 5240 fateor,
739 5179 782 5248 si
811 5193 914 5244 qua
945 5176 1121 5232 tamen
1151 5181 1249 5248 ipsi
1279 5181 1424 5245 ﬁdes,
1457 5198 1577 5235 eum
1608 5191 1855 5248 ageretur

277 5248 350 5300 de
371 5245 642 5312 dogmate,
666 5255 719 5301 et
738 5246 971 5312 dogmati
992 5245 1272 5316 conjuncta
1296 5251 1523 5304 Nestorii
1546 5245 1734 5312 causa;
1759 5249 1853 5304 sed

279 5317 354 5388 id
359 5315 570 5390 factum
598 5332 692 5372 sua
723 5317 885 5390 ipsius
912 5317 1065 5386 culpa
1082 5315 1100 5380 ;⁷
1132 5335 1304 5390 neque
1332 5321 1471 5374 enim
1497 5321 1747 5390 expulsus
1771 5328 1854 5374 est

279 5401 314 5438 a
346 5383 600 5455 Patribus
618 5425 630 5447 ,
662 5383 803 5455 quod
832 5387 943 5455 ipse
973 5383 1302 5454 postmodum
1331 5390 1541 5443 mentiri
1568 5383 1744 5444 'ausus
1771 5397 1854 5443 est

280 5454 721 5525 apndiJoannem
736 5454 1122 5510 Antiochenum
1141 5475 1153 5517 ;
1175 5473 1353 5512 verum
1370 5468 1558 5525 sponte
1575 5460 1849 5521 abscessit,

283 5524 412 5580 cum
436 5524 621 5580 Patres
639 5526 974 5594 imperatoris
995 5526 1294 5580 mandatum
1317 5524 1501 5592 secuti,
1527 5543 1623 5582 nec
1643 5529 1853 5582 diﬁ'erre

290 5595 556 5664 synodum
595 5596 820 5659 vellent,
865 5611 963 5649 nec
997 5596 1180 5650 audire
1220 5598 1380 5662 ipsius
1419 5599 1848 5660 obtestationem,

293 5680 400 5732 qua
428 5681 526 5736 per
564 5665 824 5726 fraudem.
856 5673 912 5736 ut
939 5665 1182 5719 Nestorio
1215 5668 1430 5729 faveret,
1462 5668 1850 5736 prorogandam

289 5735 484 5804 synodi
513 5736 718 5789 initium
761 5737 824 5789 ad
864 5735 1080 5789 Joannis
1120 5736 1398 5791 adventum
1440 5735 1714 5804 ecasehat;
1744 5755 1851 5791 non

1953 4555 2144 4616 verbis,
2177 4555 2367 4622 quibus
2389 4552 2584 4608 addidit
2607 4553 2777 4608 Marco
2807 4556 2948 4622 quod
2966 4552 3144 4621 libuit,
3178 4555 3514 4609 interdictum

1952 4633 2086 4694 erat.
2123 4623 2349 4694 Deinde,
2384 4632 2439 4677 ut
2483 4639 2639 4677 causa
2685 4623 2893 4693 Cyl-illi,
2926 4625 3252 4688 Memnonis,
3278 4624 3515 4694 Joanris,

1951 4691 2409 4761 Orientaliumque
2431 4691 2783 4746 ecclesiastica
2809 4695 3026 4762 hujusce
3049 4695 3191 4747 modi
3212 4710 3314 4747 non
3338 4691 3516 4752 fuerit.

1953 4763 2045 4816 sed
2075 4763 2386 4832 pertinuerit
2431 4763 2498 4815 ad
2541 4765 2875 4830 pecuniarias
2921 4765 3038 4816 illas
3083 4771 3176 4816 aut
3217 4763 3522 4817 criminales

1954 4848 2181 4901 quarum
2227 4833 2580 4898 cognitionem
2633 4842 2868 4886 reservat
2930 4833 3258 4886 Theodosius
3316 4846 3522 4898 magna:

1957 4903 2092 4963 urbi,
2117 4918 2224 4955 non
2261 4902 2660 4955 idcircotamen
2691 4901 2882 4955 factum
2913 4901 3197 4970 quidquam
3228 4903 3519 4970 putandum

1957 4982 2096 5026 esset
2125 4972 2259 5024 ultra
2289 4972 2630 5038 prwscriptos
2667 4986 2695 5024 a
2737 4972 2977 5039 principe
3019 4971 3230 5031 limits,
3282 4970 3522 5038 quando-

1953 5042 2166 5110 quidem
2199 5040 2550 5110 interdictuin,
2574 5040 2615 5094 si
2639 5041 2779 5108 quod
2801 5049 2898 5102 est,
2923 5055 3072 5110 sacra
3101 5056 3197 5107 per
3229 5039 3521 5110 Palladium

1953 5109 2113 5163 allata
2143 5111 2471 5179 continetur;
2502 5109 2683 5179 Cyrilli
2730 5126 2877 5170 vero,
2924 5109 3235 5171 Memnonis,
3273 5109 3523 5165 Joannis-

1953 5195 2076 5248 que,
2109 5189 2162 5232 et
2188 5176 2531 5248 Orientgilium
2549 5176 2930 5248 damnationes
2956 5187 3078 5232 ante
3107 5179 3321 5232 allatam
3351 5183 3526 5234 conti—

1954 5246 2146 5312 gerunt
2173 5266 2183 5298 :
2209 5263 2331 5300 nam
2351 5246 2578 5316 Cyrillns
2603 5263 2722 5301 cum
2745 5247 3022 5300 Memnone
3050 5248 3323 5316 depositus
3352 5258 3433 5302 est
3455 5250 3522 5301 ab

1949 5316 2311 5372 Orientalibus
2330 5317 2621 5386 quintoidie
2642 5326 2761 5383 post
2781 5317 3041 5380 deiectum
3063 5333 3091 5370 a
3118 5317 3320 5386 synodo
3343 5318 3528 5371 Nesto-

1958 5390 2114 5450 rium,
2160 5387 2211 5439 id
2250 5393 2348 5447 est,
2392 5385 2474 5438 die
2513 5385 2578 5436 '27
2619 5386 2790 5446 Junii;
2817 5395 2871 5439 et
2907 5402 3055 5439 sacra
3098 5403 3193 5454 per
3233 5386 3525 5440 Palladium

1959 5459 2137 5520 allata,
2163 5470 2281 5526 eum
2313 5454 2453 5507 aliud
2475 5455 2602 5508 nihil
2631 5457 2699 5510 sit
2726 5472 2885 5526 quam
2908 5456 3221 5523 rescriptum
3244 5454 3526 5526 adiCatdi-

1959 5528 2101 5580 diani
2129 5525 2463 5588 relationem,
2495 5539 2600 5578 non
2641 5523 2787 5594 prius
2815 5523 3272 5593 Constantinopoli
3298 5525 3419 5578 data
3444 5531 3528 5576 est

1958 5612 2116 5664 quam
2147 5611 2211 5648 eo
2241 5595 2567 5663 pervenisset
2611 5595 2921 5648 Candidiani
2967 5595 3177 5647 relatio.
3227 5595 3348 5648 llaec
3395 5609 3525 5664 vero

1960 5661 2168 5787 {Iouem
2191 5661 2346 5719 missa
2374 5675 2454 5719 est
2476 5668 2727 5735 postridie
2757 5667 2945 5736 dejecti
2969 5665 3211 5728 Nestorii,
3247 5666 3296 5718 id
3318 5673 3413 5725 est,
3438 5661 3526 5717 die

1960 5737 2024 5787 μς
2077 5737 2199 5787 unii.

1956 5737 2024 5789 ‘35
2043 5737 2199 5789 Junii.
