  <div class='ocr_page' id='page_1' title='image "/cluster/home/n/w/nwhite01/storage/ocr_20150623/48/hvd.32044096580691/430.png"; bbox 0 0 3960 6184; ppageno 0'>
   <div class='ocr_carea' id='block_1_1' title="bbox 280 349 382 402">
    <p class='ocr_par' dir='ltr' id='par_1_1' title="bbox 280 349 382 402">
     <span class='ocr_line' id='line_1_1' title="bbox 280 349 382 402; baseline 0.02 -2"><span class='ocrx_word' id='word_1_1' title='bbox 280 349 382 402; x_wconf 75' lang='grc'><strong>8⁵.9</strong></span> 
     </span>
    </p>
   </div>
   <div class='ocr_carea' id='block_1_2' title="bbox 1415 343 2338 401">
    <p class='ocr_par' dir='ltr' id='par_1_2' title="bbox 1415 343 2338 401">
     <span class='ocr_line' id='line_1_2' title="bbox 1415 343 2338 401; baseline 0 -1"><span class='ocrx_word' id='word_1_2' title='bbox 1415 346 1574 400; x_wconf 72' lang='lat' dir='ltr'><strong>NP&quot;</strong></span> <span class='ocrx_word' id='word_1_3' title='bbox 1613 343 1924 400; x_wconf 76' lang='lat' dir='ltr'><strong>NESTORll</strong></span> <span class='ocrx_word' id='word_1_4' title='bbox 1963 345 2190 400; x_wconf 75' lang='lat' dir='ltr'><strong>SliBMO</strong></span> <span class='ocrx_word' id='word_1_5' title='bbox 2230 345 2338 401; x_wconf 76' lang='lat' dir='ltr'><strong>XII.</strong></span> 
     </span>
    </p>
   </div>
   <div class='ocr_carea' id='block_1_3' title="bbox 3422 347 3526 402">
    <p class='ocr_par' dir='ltr' id='par_1_3' title="bbox 3422 347 3526 402">
     <span class='ocr_line' id='line_1_3' title="bbox 3422 347 3526 402; baseline -0.038 -1"><span class='ocrx_word' id='word_1_6' title='bbox 3422 347 3526 402; x_wconf 76' lang='lat'><strong>850</strong></span> 
     </span>
    </p>
   </div>
   <div class='ocr_carea' id='block_1_4' title="bbox 279 452 3530 524">
    <p class='ocr_par' dir='ltr' id='par_1_4' title="bbox 279 452 3530 524">
     <span class='ocr_line' id='line_1_4' title="bbox 279 452 3530 524; baseline 0 -12"><span class='ocrx_word' id='word_1_7' title='bbox 279 457 451 513; x_wconf 87' lang='lat' dir='ltr'><strong>ritatis</strong></span> <span class='ocrx_word' id='word_1_8' title='bbox 476 452 751 522; x_wconf 87' lang='lat' dir='ltr'><strong>apposuit;</strong></span> <span class='ocrx_word' id='word_1_9' title='bbox 783 466 892 505; x_wconf 88' lang='lat' dir='ltr'><strong>non</strong></span> <span class='ocrx_word' id='word_1_10' title='bbox 931 452 1071 506; x_wconf 88' lang='lat' dir='ltr'><strong>enim</strong></span> <span class='ocrx_word' id='word_1_11' title='bbox 1094 453 1264 507; x_wconf 80' lang='lat' dir='ltr'><strong>liabet</strong></span> <span class='ocrx_word' id='word_1_12' title='bbox 1294 452 1511 508; x_wconf 88' lang='lat' dir='ltr'><strong>fraterni</strong></span> <span class='ocrx_word' id='word_1_13' title='bbox 1541 454 1851 508; x_wconf 85' lang='lat' dir='ltr'><strong>amaritudi-</strong></span> <span class='ocrx_word' id='word_1_14' title='bbox 1885 464 1926 516; x_wconf 78' lang='grc' dir='ltr'>Α</span> <span class='ocrx_word' id='word_1_15' title='bbox 1955 455 2054 508; x_wconf 90' lang='lat' dir='ltr'><strong>bus</strong></span> <span class='ocrx_word' id='word_1_16' title='bbox 2084 457 2286 520; x_wconf 87' lang='lat' dir='ltr'><strong>donat;</strong></span> <span class='ocrx_word' id='word_1_17' title='bbox 2314 472 2417 510; x_wconf 92' lang='lat' dir='ltr'><strong>non</strong></span> <span class='ocrx_word' id='word_1_18' title='bbox 2437 455 2638 524; x_wconf 88' lang='lat' dir='ltr'><strong>judieat</strong></span> <span class='ocrx_word' id='word_1_19' title='bbox 2651 463 2904 512; x_wconf 80' lang='lat' dir='ltr'><strong>mortuos</strong></span> <span class='ocrx_word' id='word_1_20' title='bbox 2927 457 3040 512; x_wconf 86' lang='lat' dir='ltr'><strong>sine</strong></span> <span class='ocrx_word' id='word_1_21' title='bbox 3069 458 3196 522; x_wconf 88' lang='lat' dir='ltr'><strong>isto;</strong></span> <span class='ocrx_word' id='word_1_22' title='bbox 3222 472 3382 512; x_wconf 89' lang='lat' dir='ltr'><strong>unum</strong></span> <span class='ocrx_word' id='word_1_23' title='bbox 3413 476 3530 514; x_wconf 75' lang='lat' dir='ltr'><strong>esse</strong></span> 
     </span>
    </p>
   </div>
   <div class='ocr_carea' id='block_1_5' title="bbox 281 545 1852 609">
    <p class='ocr_par' dir='ltr' id='par_1_5' title="bbox 281 545 1852 609">
     <span class='ocr_line' id='line_1_5' title="bbox 281 545 1852 609; baseline -0.004 -5"><span class='ocrx_word' id='word_1_24' title='bbox 281 566 402 605; x_wconf 86' lang='lat' dir='ltr'><strong>nem</strong></span> <span class='ocrx_word' id='word_1_25' title='bbox 432 547 558 609; x_wconf 88' lang='lat' dir='ltr'><strong>odii,</strong></span> <span class='ocrx_word' id='word_1_26' title='bbox 589 561 695 598; x_wconf 89' lang='lat' dir='ltr'><strong>non</strong></span> <span class='ocrx_word' id='word_1_27' title='bbox 741 545 904 597; x_wconf 94' lang='lat' dir='ltr'><strong>habet</strong></span> <span class='ocrx_word' id='word_1_28' title='bbox 934 559 1197 598; x_wconf 87' lang='lat' dir='ltr'><strong>venenum</strong></span> <span class='ocrx_word' id='word_1_29' title='bbox 1224 545 1426 608; x_wconf 76' lang='lat' dir='ltr'><strong>livoris,</strong></span> <span class='ocrx_word' id='word_1_30' title='bbox 1461 562 1568 599; x_wconf 89' lang='lat' dir='ltr'><strong>non</strong></span> <span class='ocrx_word' id='word_1_31' title='bbox 1598 546 1756 599; x_wconf 80' lang='lat' dir='ltr'><strong>habet</strong></span> <span class='ocrx_word' id='word_1_32' title='bbox 1781 545 1852 598; x_wconf 84' lang='lat' dir='ltr'><strong>si-</strong></span> 
     </span>
    </p>
   </div>
   <div class='ocr_carea' id='block_1_6' title="bbox 280 632 1856 699">
    <p class='ocr_par' dir='ltr' id='par_1_6' title="bbox 280 632 1856 699">
     <span class='ocr_line' id='line_1_6' title="bbox 280 632 1856 699; baseline -0.006 -5"><span class='ocrx_word' id='word_1_33' title='bbox 280 640 494 694; x_wconf 76' lang='lat' dir='ltr'><strong>mulata:</strong></span> <span class='ocrx_word' id='word_1_34' title='bbox 523 634 868 688; x_wconf 77' lang='lat' dir='ltr'><strong>fmteruitatis</strong></span> <span class='ocrx_word' id='word_1_35' title='bbox 909 634 1227 699; x_wconf 78' lang='lat' dir='ltr'><strong>rubiginem.</strong></span> <span class='ocrx_word' id='word_1_36' title='bbox 1257 632 1347 687; x_wconf 83' lang='lat' dir='ltr'><strong>Sic</strong></span> <span class='ocrx_word' id='word_1_37' title='bbox 1375 642 1497 686; x_wconf 89' lang='lat' dir='ltr'><strong>sunt</strong></span> <span class='ocrx_word' id='word_1_38' title='bbox 1533 634 1705 686; x_wconf 81' lang='lat' dir='ltr'><strong>dulcia</strong></span> <span class='ocrx_word' id='word_1_39' title='bbox 1735 635 1856 686; x_wconf 82' lang='lat' dir='ltr'><strong>cha-</strong></span> 
     </span>
    </p>
   </div>
   <div class='ocr_carea' id='block_1_7' title="bbox 279 721 1854 790">
    <p class='ocr_par' dir='ltr' id='par_1_7' title="bbox 279 721 1854 790">
     <span class='ocr_line' id='line_1_7' title="bbox 279 721 1854 790; baseline -0.008 -5"><span class='ocrx_word' id='word_1_40' title='bbox 279 729 474 790; x_wconf 72' lang='lat' dir='ltr'><strong>litatis,</strong></span> <span class='ocrx_word' id='word_1_41' title='bbox 504 735 563 780; x_wconf 88' lang='lat' dir='ltr'><strong>ut</strong></span> <span class='ocrx_word' id='word_1_42' title='bbox 589 739 653 779; x_wconf 88' lang='lat' dir='ltr'><strong>ea</strong></span> <span class='ocrx_word' id='word_1_43' title='bbox 685 731 739 776; x_wconf 88' lang='lat' dir='ltr'><strong>et</strong></span> <span class='ocrx_word' id='word_1_44' title='bbox 761 722 997 776; x_wconf 89' lang='lat' dir='ltr'><strong>omnium</strong></span> <span class='ocrx_word' id='word_1_45' title='bbox 1023 723 1276 776; x_wconf 84' lang='lat' dir='ltr'><strong>Dominus</strong></span> <span class='ocrx_word' id='word_1_46' title='bbox 1315 722 1515 790; x_wconf 77' lang='lat' dir='ltr'><strong>diligat.</strong></span> <span class='ocrx_word' id='word_1_47' title='bbox 1545 724 1699 774; x_wconf 82' lang='lat' dir='ltr'><strong>Amat</strong></span> <span class='ocrx_word' id='word_1_48' title='bbox 1727 721 1854 774; x_wconf 83' lang='lat' dir='ltr'><strong>cha-</strong></span> 
     </span>
    </p>
   </div>
   <div class='ocr_carea' id='block_1_8' title="bbox 281 811 1857 880">
    <p class='ocr_par' dir='ltr' id='par_1_8' title="bbox 281 811 1857 880">
     <span class='ocr_line' id='line_1_8' title="bbox 281 811 1857 880; baseline -0.006 -8"><span class='ocrx_word' id='word_1_49' title='bbox 281 819 499 873; x_wconf 83' lang='lat' dir='ltr'><strong>ritatem</strong></span> <span class='ocrx_word' id='word_1_50' title='bbox 541 815 680 868; x_wconf 82' lang='lat' dir='ltr'><strong>Deus</strong></span> <span class='ocrx_word' id='word_1_51' title='bbox 724 821 1130 879; x_wconf 74' lang='lat' dir='ltr'><strong>tamquamsua:</strong></span> <span class='ocrx_word' id='word_1_52' title='bbox 1175 811 1518 880; x_wconf 83' lang='lat' dir='ltr'><strong>benignitatis</strong></span> <span class='ocrx_word' id='word_1_53' title='bbox 1565 812 1857 878; x_wconf 87' lang='lat' dir='ltr'><strong>ingenitum</strong></span> 
     </span>
    </p>
   </div>
   <div class='ocr_carea' id='block_1_9' title="bbox 281 901 1859 969">
    <p class='ocr_par' dir='ltr' id='par_1_9' title="bbox 281 901 1859 969">
     <span class='ocr_line' id='line_1_9' title="bbox 281 901 1859 969; baseline -0.005 -7"><span class='ocrx_word' id='word_1_54' title='bbox 281 909 510 968; x_wconf 89' lang='lat' dir='ltr'><strong>bonum;</strong></span> <span class='ocrx_word' id='word_1_55' title='bbox 533 911 589 958; x_wconf 90' lang='lat' dir='ltr'><strong>et</strong></span> <span class='ocrx_word' id='word_1_56' title='bbox 613 919 679 957; x_wconf 80' lang='lat' dir='ltr'><strong>ex</strong></span> <span class='ocrx_word' id='word_1_57' title='bbox 707 903 812 956; x_wconf 90' lang='lat' dir='ltr'><strong>hac</strong></span> <span class='ocrx_word' id='word_1_58' title='bbox 835 901 1078 955; x_wconf 89' lang='lat' dir='ltr'><strong>omnibus</strong></span> <span class='ocrx_word' id='word_1_59' title='bbox 1101 902 1347 969; x_wconf 79' lang='lat' dir='ltr'><strong>gentibus</strong></span> <span class='ocrx_word' id='word_1_60' title='bbox 1379 902 1646 955; x_wconf 84' lang='lat' dir='ltr'><strong>benelicas</strong></span> <span class='ocrx_word' id='word_1_61' title='bbox 1675 916 1859 954; x_wconf 83' lang='lat' dir='ltr'><strong>neces-</strong></span> 
     </span>
    </p>
   </div>
   <div class='ocr_carea' id='block_1_10' title="bbox 282 985 1857 1060">
    <p class='ocr_par' dir='ltr' id='par_1_10' title="bbox 282 985 1857 1060">
     <span class='ocr_line' id='line_1_10' title="bbox 282 985 1857 1060; baseline -0.004 -10"><span class='ocrx_word' id='word_1_62' title='bbox 282 998 472 1051; x_wconf 81' lang='lat' dir='ltr'><strong>sitates</strong></span> <span class='ocrx_word' id='word_1_63' title='bbox 493 992 736 1056; x_wconf 86' lang='lat' dir='ltr'><strong>instruit;</strong></span> <span class='ocrx_word' id='word_1_64' title='bbox 766 985 1024 1060; x_wconf 78' lang='lat' dir='ltr'><strong>quo‘niam</strong></span> <span class='ocrx_word' id='word_1_65' title='bbox 1051 991 1194 1044; x_wconf 88' lang='lat' dir='ltr'><strong>enim</strong></span> <span class='ocrx_word' id='word_1_66' title='bbox 1223 991 1391 1044; x_wconf 89' lang='lat' dir='ltr'><strong>multa</strong></span> <span class='ocrx_word' id='word_1_67' title='bbox 1423 998 1577 1045; x_wconf 88' lang='lat' dir='ltr'><strong>erant</strong></span> <span class='ocrx_word' id='word_1_68' title='bbox 1613 1005 1730 1058; x_wconf 76' lang='lat' dir='ltr'><strong>qua:</strong></span> <span class='ocrx_word' id='word_1_69' title='bbox 1757 990 1857 1043; x_wconf 86' lang='lat' dir='ltr'><strong>ho-</strong></span> 
     </span>
    </p>
   </div>
   <div class='ocr_carea' id='block_1_11' title="bbox 283 1081 1860 1144">
    <p class='ocr_par' dir='ltr' id='par_1_11' title="bbox 283 1081 1860 1144">
     <span class='ocr_line' id='line_1_11' title="bbox 283 1081 1860 1144; baseline -0.004 -4"><span class='ocrx_word' id='word_1_70' title='bbox 283 1088 486 1141; x_wconf 90' lang='lat' dir='ltr'><strong>minum</strong></span> <span class='ocrx_word' id='word_1_71' title='bbox 515 1083 800 1137; x_wconf 86' lang='lat' dir='ltr'><strong>amicitiam</strong></span> <span class='ocrx_word' id='word_1_72' title='bbox 841 1081 1165 1144; x_wconf 84' lang='lat' dir='ltr'><strong>dividebant,</strong></span> <span class='ocrx_word' id='word_1_73' title='bbox 1209 1083 1430 1136; x_wconf 86' lang='lat' dir='ltr'><strong>inseruit</strong></span> <span class='ocrx_word' id='word_1_74' title='bbox 1454 1082 1595 1135; x_wconf 89' lang='lat' dir='ltr'><strong>Deus</strong></span> <span class='ocrx_word' id='word_1_75' title='bbox 1626 1081 1860 1135; x_wconf 81' lang='lat' dir='ltr'><strong>necessi-</strong></span> 
     </span>
    </p>
   </div>
   <div class='ocr_carea' id='block_1_12' title="bbox 287 1170 1862 1240">
    <p class='ocr_par' dir='ltr' id='par_1_12' title="bbox 287 1170 1862 1240">
     <span class='ocr_line' id='line_1_12' title="bbox 287 1170 1862 1240; baseline -0.006 -9"><span class='ocrx_word' id='word_1_76' title='bbox 287 1186 427 1231; x_wconf 88' lang='lat' dir='ltr'><strong>tates</strong></span> <span class='ocrx_word' id='word_1_77' title='bbox 455 1174 650 1238; x_wconf 80' lang='lat' dir='ltr'><strong>invitis,</strong></span> <span class='ocrx_word' id='word_1_78' title='bbox 675 1187 794 1240; x_wconf 73' lang='lat' dir='ltr'><strong>qum</strong></span> <span class='ocrx_word' id='word_1_79' title='bbox 821 1187 915 1225; x_wconf 89' lang='lat' dir='ltr'><strong>eos</strong></span> <span class='ocrx_word' id='word_1_80' title='bbox 944 1172 996 1224; x_wconf 91' lang='lat' dir='ltr'><strong>in</strong></span> <span class='ocrx_word' id='word_1_81' title='bbox 1035 1171 1322 1226; x_wconf 89' lang='lat' dir='ltr'><strong>amicitiam</strong></span> <span class='ocrx_word' id='word_1_82' title='bbox 1367 1179 1608 1224; x_wconf 90' lang='lat' dir='ltr'><strong>mutuam</strong></span> <span class='ocrx_word' id='word_1_83' title='bbox 1644 1170 1862 1238; x_wconf 85' lang='lat' dir='ltr'><strong>copula-</strong></span> 
     </span>
    </p>
   </div>
   <div class='ocr_carea' id='block_1_13' title="bbox 288 1261 1858 1334">
    <p class='ocr_par' dir='ltr' id='par_1_13' title="bbox 288 1261 1858 1334">
     <span class='ocr_line' id='line_1_13' title="bbox 288 1261 1858 1334; baseline -0.006 -13"><span class='ocrx_word' id='word_1_84' title='bbox 288 1274 428 1321; x_wconf 90' lang='lat' dir='ltr'><strong>rent.</strong></span> <span class='ocrx_word' id='word_1_85' title='bbox 461 1265 576 1317; x_wconf 84' lang='lat' dir='ltr'><strong>Alia</strong></span> <span class='ocrx_word' id='word_1_86' title='bbox 605 1278 769 1334; x_wconf 86' lang='lat' dir='ltr'><strong>penes</strong></span> <span class='ocrx_word' id='word_1_87' title='bbox 798 1261 1068 1315; x_wconf 81' lang='lat' dir='ltr'><strong>Dalmatas</strong></span> <span class='ocrx_word' id='word_1_88' title='bbox 1097 1263 1359 1316; x_wconf 82' lang='lat' dir='ltr'><strong>habentur</strong></span> <span class='ocrx_word' id='word_1_89' title='bbox 1393 1270 1546 1315; x_wconf 80' lang='lat' dir='ltr'><strong>terra:</strong></span> <span class='ocrx_word' id='word_1_90' title='bbox 1585 1262 1820 1329; x_wconf 80' lang='lat' dir='ltr'><strong>germina</strong></span> <span class='ocrx_word' id='word_1_91' title='bbox 1845 1277 1858 1325; x_wconf 90' lang='lat'><strong>;</strong></span> 
     </span>
    </p>
   </div>
   <div class='ocr_carea' id='block_1_14' title="bbox 289 1351 1864 1426">
    <p class='ocr_par' dir='ltr' id='par_1_14' title="bbox 289 1351 1864 1426">
     <span class='ocr_line' id='line_1_14' title="bbox 289 1351 1864 1426; baseline -0.004 -16"><span class='ocrx_word' id='word_1_92' title='bbox 289 1357 393 1410; x_wconf 88' lang='lat' dir='ltr'><strong>alia</strong></span> <span class='ocrx_word' id='word_1_93' title='bbox 433 1370 598 1426; x_wconf 86' lang='lat' dir='ltr'><strong>penes</strong></span> <span class='ocrx_word' id='word_1_94' title='bbox 635 1352 839 1407; x_wconf 86' lang='lat' dir='ltr'><strong>Gothos</strong></span> <span class='ocrx_word' id='word_1_95' title='bbox 867 1367 1046 1426; x_wconf 86' lang='lat' dir='ltr'><strong>rerum</strong></span> <span class='ocrx_word' id='word_1_96' title='bbox 1075 1352 1442 1420; x_wconf 84' lang='lat' dir='ltr'><strong>indigenarum</strong></span> <span class='ocrx_word' id='word_1_97' title='bbox 1483 1352 1730 1414; x_wconf 78' lang='lat' dir='ltr'><strong>ubertas;</strong></span> <span class='ocrx_word' id='word_1_98' title='bbox 1760 1351 1864 1405; x_wconf 89' lang='lat' dir='ltr'><strong>alia</strong></span> 
     </span>
    </p>
   </div>
   <div class='ocr_carea' id='block_1_15' title="bbox 289 1424 1863 1517">
    <p class='ocr_par' dir='ltr' id='par_1_15' title="bbox 289 1424 1863 1517">
     <span class='ocr_line' id='line_1_15' title="bbox 289 1424 1863 1517; baseline -0.004 -15"><span class='ocrx_word' id='word_1_99' title='bbox 289 1424 590 1517; x_wconf 61' lang='lat' dir='ltr'><strong>Hispanicae</strong></span> <span class='ocrx_word' id='word_1_100' title='bbox 620 1453 776 1498; x_wconf 80' lang='lat' dir='ltr'><strong>teme</strong></span> <span class='ocrx_word' id='word_1_101' title='bbox 806 1424 1134 1510; x_wconf 73' lang='lat' dir='ltr'><strong>fecunditas;</strong></span> <span class='ocrx_word' id='word_1_102' title='bbox 1165 1445 1333 1498; x_wconf 86' lang='lat' dir='ltr'><strong>altera</strong></span> <span class='ocrx_word' id='word_1_103' title='bbox 1367 1445 1603 1514; x_wconf 84' lang='lat' dir='ltr'><strong>locuples</strong></span> <span class='ocrx_word' id='word_1_104' title='bbox 1645 1453 1700 1498; x_wconf 90' lang='lat' dir='ltr'><strong>et</strong></span> <span class='ocrx_word' id='word_1_105' title='bbox 1727 1459 1863 1512; x_wconf 86' lang='lat' dir='ltr'><strong>opu-</strong></span> 
     </span>
    </p>
   </div>
   <div class='ocr_carea' id='block_1_16' title="bbox 290 1535 1867 1604">
    <p class='ocr_par' dir='ltr' id='par_1_16' title="bbox 290 1535 1867 1604">
     <span class='ocr_line' id='line_1_16' title="bbox 290 1535 1867 1604; baseline -0.003 -11"><span class='ocrx_word' id='word_1_106' title='bbox 290 1541 436 1593; x_wconf 86' lang='lat' dir='ltr'><strong>lenta</strong></span> <span class='ocrx_word' id='word_1_107' title='bbox 465 1537 654 1591; x_wconf 73' lang='lat' dir='ltr'><strong>Africa:</strong></span> <span class='ocrx_word' id='word_1_108' title='bbox 690 1535 916 1590; x_wconf 82' lang='lat' dir='ltr'><strong>latitudo</strong></span> <span class='ocrx_word' id='word_1_109' title='bbox 943 1543 1239 1602; x_wconf 88' lang='lat' dir='ltr'><strong>terrarum;</strong></span> <span class='ocrx_word' id='word_1_110' title='bbox 1271 1535 1337 1589; x_wconf 88' lang='lat' dir='ltr'><strong>ad</strong></span> <span class='ocrx_word' id='word_1_111' title='bbox 1363 1536 1495 1599; x_wconf 90' lang='lat' dir='ltr'><strong>hoc,</strong></span> <span class='ocrx_word' id='word_1_112' title='bbox 1518 1543 1577 1590; x_wconf 91' lang='lat' dir='ltr'><strong>ut</strong></span> <span class='ocrx_word' id='word_1_113' title='bbox 1605 1550 1722 1604; x_wconf 67' lang='lat' dir='ltr'><strong>quze</strong></span> <span class='ocrx_word' id='word_1_114' title='bbox 1749 1535 1867 1589; x_wconf 78' lang='lat' dir='ltr'><strong>uni-</strong></span> 
     </span>
    </p>
   </div>
   <div class='ocr_carea' id='block_1_17' title="bbox 290 1611 1870 1697">
    <p class='ocr_par' dir='ltr' id='par_1_17' title="bbox 290 1611 1870 1697">
     <span class='ocr_line' id='line_1_17' title="bbox 290 1611 1870 1697; baseline -0.004 -14"><span class='ocrx_word' id='word_1_115' title='bbox 290 1629 486 1697; x_wconf 87' lang='lat' dir='ltr'><strong>cuique</strong></span> <span class='ocrx_word' id='word_1_116' title='bbox 514 1627 725 1691; x_wconf 88' lang='lat' dir='ltr'><strong>desunt,</strong></span> <span class='ocrx_word' id='word_1_117' title='bbox 758 1634 934 1680; x_wconf 88' lang='lat' dir='ltr'><strong>sumat</strong></span> <span class='ocrx_word' id='word_1_118' title='bbox 958 1640 987 1678; x_wconf 93' lang='lat' dir='ltr'><strong>a</strong></span> <span class='ocrx_word' id='word_1_119' title='bbox 1009 1625 1283 1694; x_wconf 77' lang='lat' dir='ltr'><strong>proximo;</strong></span> <span class='ocrx_word' id='word_1_120' title='bbox 1307 1633 1361 1680; x_wconf 90' lang='lat' dir='ltr'><strong>et</strong></span> <span class='ocrx_word' id='word_1_121' title='bbox 1381 1625 1593 1688; x_wconf 90' lang='lat' dir='ltr'><strong>horum,</strong></span> <span class='ocrx_word' id='word_1_122' title='bbox 1622 1640 1739 1692; x_wconf 70' lang='lat' dir='ltr'><strong>qua:</strong></span> <span class='ocrx_word' id='word_1_123' title='bbox 1763 1611 1870 1677; x_wconf 85' lang='lat' dir='ltr'><strong>non</strong></span> 
     </span>
    </p>
   </div>
   <div class='ocr_carea' id='block_1_18' title="bbox 290 1710 1868 1784">
    <p class='ocr_par' dir='ltr' id='par_1_18' title="bbox 290 1710 1868 1784">
     <span class='ocr_line' id='line_1_18' title="bbox 290 1710 1868 1784; baseline -0.002 -13"><span class='ocrx_word' id='word_1_124' title='bbox 290 1718 454 1772; x_wconf 87' lang='lat' dir='ltr'><strong>habet</strong></span> <span class='ocrx_word' id='word_1_125' title='bbox 482 1710 653 1784; x_wconf 87' lang='lat' dir='ltr'><strong>inops,</strong></span> <span class='ocrx_word' id='word_1_126' title='bbox 682 1715 893 1768; x_wconf 87' lang='lat' dir='ltr'><strong>aliunde</strong></span> <span class='ocrx_word' id='word_1_127' title='bbox 939 1723 1145 1784; x_wconf 90' lang='lat' dir='ltr'><strong>petens,</strong></span> <span class='ocrx_word' id='word_1_128' title='bbox 1175 1716 1492 1770; x_wconf 84' lang='lat' dir='ltr'><strong>necessitate</strong></span> <span class='ocrx_word' id='word_1_129' title='bbox 1539 1716 1591 1769; x_wconf 93' lang='lat' dir='ltr'><strong>in</strong></span> <span class='ocrx_word' id='word_1_130' title='bbox 1636 1715 1868 1769; x_wconf 87' lang='lat' dir='ltr'><strong>amicitia</strong></span> 
     </span>
    </p>
   </div>
   <div class='ocr_carea' id='block_1_19' title="bbox 289 1804 875 1877">
    <p class='ocr_par' dir='ltr' id='par_1_19' title="bbox 289 1804 875 1877">
     <span class='ocr_line' id='line_1_19' title="bbox 289 1804 875 1877; baseline -0.009 -16"><span class='ocrx_word' id='word_1_131' title='bbox 289 1807 522 1877; x_wconf 77' lang='lat' dir='ltr'><strong>proximi</strong></span> <span class='ocrx_word' id='word_1_132' title='bbox 547 1804 875 1864; x_wconf 63' lang='lat' dir='ltr'><strong>fmderetur.~</strong></span> 
     </span>
    </p>
   </div>
   <div class='ocr_carea' id='block_1_20' title="bbox 359 1895 1868 1970">
    <p class='ocr_par' dir='ltr' id='par_1_20' title="bbox 359 1895 1868 1970">
     <span class='ocr_line' id='line_1_20' title="bbox 359 1895 1868 1970; baseline -0.001 -21"><span class='ocrx_word' id='word_1_133' title='bbox 359 1896 415 1950; x_wconf 74' lang='lat'><strong>2.</strong></span> <span class='ocrx_word' id='word_1_134' title='bbox 457 1895 747 1970; x_wconf 77' lang='lat' dir='ltr'><strong>Propterea</strong></span> <span class='ocrx_word' id='word_1_135' title='bbox 794 1903 861 1954; x_wconf 81' lang='lat' dir='ltr'><strong>et:</strong></span> <span class='ocrx_word' id='word_1_136' title='bbox 894 1895 1129 1956; x_wconf 86' lang='lat' dir='ltr'><strong>omnium</strong></span> <span class='ocrx_word' id='word_1_137' title='bbox 1174 1895 1428 1955; x_wconf 83' lang='lat' dir='ltr'><strong>Dominus</strong></span> <span class='ocrx_word' id='word_1_138' title='bbox 1474 1905 1497 1932; x_wconf 80' lang='grc'><strong><em>⁸</em></strong></span> <span class='ocrx_word' id='word_1_139' title='bbox 1533 1895 1747 1952; x_wconf 85' lang='lat' dir='ltr'><strong>indutus</strong></span> <span class='ocrx_word' id='word_1_140' title='bbox 1787 1903 1868 1950; x_wconf 90' lang='lat' dir='ltr'><strong>est</strong></span> 
     </span>
    </p>
   </div>
   <div class='ocr_carea' id='block_1_21' title="bbox 293 1986 1868 2057">
    <p class='ocr_par' dir='ltr' id='par_1_21' title="bbox 293 1986 1868 2057">
     <span class='ocr_line' id='line_1_21' title="bbox 293 1986 1868 2057; baseline -0.001 -15"><span class='ocrx_word' id='word_1_141' title='bbox 293 1996 530 2046; x_wconf 76' lang='lat' dir='ltr'><strong>nostram</strong></span> <span class='ocrx_word' id='word_1_142' title='bbox 551 1994 814 2048; x_wconf 79' lang='lat' dir='ltr'><strong>naturam,</strong></span> <span class='ocrx_word' id='word_1_143' title='bbox 840 2001 1129 2054; x_wconf 85' lang='lat' dir='ltr'><strong>numquam</strong></span> <span class='ocrx_word' id='word_1_144' title='bbox 1156 1986 1434 2057; x_wconf 88' lang='lat' dir='ltr'><strong>spoliabile</strong></span> <span class='ocrx_word' id='word_1_145' title='bbox 1461 1986 1664 2041; x_wconf 86' lang='lat' dir='ltr'><strong>scilicet</strong></span> <span class='ocrx_word' id='word_1_146' title='bbox 1691 1986 1868 2040; x_wconf 87' lang='lat' dir='ltr'><strong>Deita-</strong></span> 
     </span>
    </p>
   </div>
   <div class='ocr_carea' id='block_1_22' title="bbox 294 2065 1867 2146">
    <p class='ocr_par' dir='ltr' id='par_1_22' title="bbox 294 2065 1867 2146">
     <span class='ocr_line' id='line_1_22' title="bbox 294 2065 1867 2146; baseline -0.003 -12"><span class='ocrx_word' id='word_1_147' title='bbox 294 2079 364 2134; x_wconf 79' lang='lat' dir='ltr'><strong>tis</strong></span> <span class='ocrx_word' id='word_1_148' title='bbox 407 2078 811 2142; x_wconf 83' lang='lat' dir='ltr'><strong>vestimentum,</strong></span> <span class='ocrx_word' id='word_1_149' title='bbox 868 2076 1220 2146; x_wconf 87' lang='lat' dir='ltr'><strong>inseparabile</strong></span> <span class='ocrx_word' id='word_1_150' title='bbox 1266 2065 1630 2132; x_wconf 84' lang='lat' dir='ltr'><strong>indumentum</strong></span> <span class='ocrx_word' id='word_1_151' title='bbox 1677 2076 1867 2130; x_wconf 73' lang='lat' dir='ltr'><strong>divina:</strong></span> 
     </span>
    </p>
   </div>
   <div class='ocr_carea' id='block_1_23' title="bbox 291 2166 1865 2236">
    <p class='ocr_par' dir='ltr' id='par_1_23' title="bbox 291 2166 1865 2236">
     <span class='ocr_line' id='line_1_23' title="bbox 291 2166 1865 2236; baseline -0.002 -13"><span class='ocrx_word' id='word_1_152' title='bbox 291 2169 624 2230; x_wconf 75' lang='lat' dir='ltr'><strong>substantim,</strong></span> <span class='ocrx_word' id='word_1_153' title='bbox 671 2167 949 2236; x_wconf 88' lang='lat' dir='ltr'><strong>speculum</strong></span> <span class='ocrx_word' id='word_1_154' title='bbox 994 2167 1202 2221; x_wconf 89' lang='lat' dir='ltr'><strong>Domini</strong></span> <span class='ocrx_word' id='word_1_155' title='bbox 1257 2168 1513 2233; x_wconf 90' lang='lat' dir='ltr'><strong>omnium,</strong></span> <span class='ocrx_word' id='word_1_156' title='bbox 1555 2166 1697 2236; x_wconf 92' lang='lat' dir='ltr'><strong>quod</strong></span> <span class='ocrx_word' id='word_1_157' title='bbox 1745 2183 1865 2220; x_wconf 92' lang='lat' dir='ltr'><strong>cum</strong></span> 
     </span>
    </p>
   </div>
   <div class='ocr_carea' id='block_1_24' title="bbox 293 2257 1864 2328">
    <p class='ocr_par' dir='ltr' id='par_1_24' title="bbox 293 2257 1864 2328">
     <span class='ocr_line' id='line_1_24' title="bbox 293 2257 1864 2328; baseline -0.003 -12"><span class='ocrx_word' id='word_1_158' title='bbox 293 2267 500 2316; x_wconf 71' lang='lat' dir='ltr'><strong>natura:</strong></span> <span class='ocrx_word' id='word_1_159' title='bbox 527 2257 840 2326; x_wconf 85' lang='lat' dir='ltr'><strong>dignitatem</strong></span> <span class='ocrx_word' id='word_1_160' title='bbox 866 2258 1136 2327; x_wconf 86' lang='lat' dir='ltr'><strong>propriam</strong></span> <span class='ocrx_word' id='word_1_161' title='bbox 1166 2257 1502 2328; x_wconf 86' lang='lat' dir='ltr'><strong>perdidisset,</strong></span> <span class='ocrx_word' id='word_1_162' title='bbox 1535 2258 1747 2312; x_wconf 89' lang='lat' dir='ltr'><strong>tametsi</strong></span> <span class='ocrx_word' id='word_1_163' title='bbox 1769 2258 1864 2312; x_wconf 90' lang='lat' dir='ltr'><strong>de-</strong></span> 
     </span>
    </p>
   </div>
   <div class='ocr_carea' id='block_1_25' title="bbox 291 2347 1866 2422">
    <p class='ocr_par' dir='ltr' id='par_1_25' title="bbox 291 2347 1866 2422">
     <span class='ocr_line' id='line_1_25' title="bbox 291 2347 1866 2422; baseline -0.002 -18"><span class='ocrx_word' id='word_1_164' title='bbox 291 2351 404 2405; x_wconf 85' lang='lat' dir='ltr'><strong>cies</strong></span> <span class='ocrx_word' id='word_1_165' title='bbox 449 2349 640 2405; x_wconf 89' lang='lat' dir='ltr'><strong>millies</strong></span> <span class='ocrx_word' id='word_1_166' title='bbox 687 2348 948 2403; x_wconf 85' lang='lat' dir='ltr'><strong>irascatur</strong></span> <span class='ocrx_word' id='word_1_167' title='bbox 985 2348 1208 2402; x_wconf 83' lang='lat' dir='ltr'><strong>audiens</strong></span> <span class='ocrx_word' id='word_1_168' title='bbox 1236 2347 1263 2386; x_wconf 73' lang='grc' dir='ltr'>δ</span> <span class='ocrx_word' id='word_1_169' title='bbox 1294 2348 1630 2412; x_wconf 70' lang='lat' dir='ltr'><strong>Manichzeus,</strong></span> <span class='ocrx_word' id='word_1_170' title='bbox 1663 2364 1771 2422; x_wconf 84' lang='lat' dir='ltr'><strong>non</strong></span> <span class='ocrx_word' id='word_1_171' title='bbox 1799 2347 1866 2401; x_wconf 86' lang='lat' dir='ltr'><strong>ad</strong></span> 
     </span>
    </p>
   </div>
   <div class='ocr_carea' id='block_1_26' title="bbox 294 2437 1867 2506">
    <p class='ocr_par' dir='ltr' id='par_1_26' title="bbox 294 2437 1867 2506">
     <span class='ocr_line' id='line_1_26' title="bbox 294 2437 1867 2506; baseline -0.001 -13"><span class='ocrx_word' id='word_1_172' title='bbox 294 2454 452 2493; x_wconf 83' lang='lat' dir='ltr'><strong>usum</strong></span> <span class='ocrx_word' id='word_1_173' title='bbox 501 2437 798 2490; x_wconf 88' lang='lat' dir='ltr'><strong>naturalem</strong></span> <span class='ocrx_word' id='word_1_174' title='bbox 838 2437 1043 2506; x_wconf 90' lang='lat' dir='ltr'><strong>accepit</strong></span> <span class='ocrx_word' id='word_1_175' title='bbox 1088 2437 1191 2492; x_wconf 93' lang='lat' dir='ltr'><strong>hoc</strong></span> <span class='ocrx_word' id='word_1_176' title='bbox 1230 2439 1627 2503; x_wconf 81' lang='lat' dir='ltr'><strong>vestimentum,</strong></span> <span class='ocrx_word' id='word_1_177' title='bbox 1671 2439 1765 2492; x_wconf 89' lang='lat' dir='ltr'><strong>sed</strong></span> <span class='ocrx_word' id='word_1_178' title='bbox 1814 2439 1867 2492; x_wconf 90' lang='lat' dir='ltr'><strong>in</strong></span> 
     </span>
    </p>
   </div>
   <div class='ocr_carea' id='block_1_27' title="bbox 293 2527 1874 2600">
    <p class='ocr_par' dir='ltr' id='par_1_27' title="bbox 293 2527 1874 2600">
     <span class='ocr_line' id='line_1_27' title="bbox 293 2527 1874 2600; baseline -0.002 -15"><span class='ocrx_word' id='word_1_179' title='bbox 293 2531 698 2600; x_wconf 80' lang='lat' dir='ltr'><strong>sempiternum,</strong></span> <span class='ocrx_word' id='word_1_180' title='bbox 730 2536 788 2588; x_wconf 85' lang='lat' dir='ltr'><strong>ut</strong></span> <span class='ocrx_word' id='word_1_181' title='bbox 816 2527 883 2582; x_wconf 88' lang='lat' dir='ltr'><strong>ad</strong></span> <span class='ocrx_word' id='word_1_182' title='bbox 910 2527 1153 2591; x_wconf 64' lang='lat' dir='ltr'><strong>dextram</strong></span> <span class='ocrx_word' id='word_1_183' title='bbox 1181 2545 1289 2589; x_wconf 66' lang='lat' dir='ltr'><strong>sum</strong></span> <span class='ocrx_word' id='word_1_184' title='bbox 1331 2529 1630 2584; x_wconf 87' lang='lat' dir='ltr'><strong>Divinitatis</strong></span> <span class='ocrx_word' id='word_1_185' title='bbox 1674 2529 1874 2584; x_wconf 84' lang='lat' dir='ltr'><strong>faceret</strong></span> 
     </span>
    </p>
   </div>
   <div class='ocr_carea' id='block_1_28' title="bbox 294 2619 1876 2688">
    <p class='ocr_par' dir='ltr' id='par_1_28' title="bbox 294 2619 1876 2688">
     <span class='ocr_line' id='line_1_28' title="bbox 294 2619 1876 2688; baseline -0.004 -11"><span class='ocrx_word' id='word_1_186' title='bbox 294 2622 577 2680; x_wconf 81' lang='lat' dir='ltr'><strong>considere</strong></span> <span class='ocrx_word' id='word_1_187' title='bbox 595 2637 626 2688; x_wconf 34' lang='lat'><strong>;,</strong></span> <span class='ocrx_word' id='word_1_188' title='bbox 645 2631 667 2658; x_wconf 75' lang='grc' dir='ltr'>ε</span> <span class='ocrx_word' id='word_1_189' title='bbox 699 2619 841 2675; x_wconf 80' lang='lat' dir='ltr'><strong>nihil:</strong></span> <span class='ocrx_word' id='word_1_190' title='bbox 857 2619 973 2675; x_wconf 85' lang='lat' dir='ltr'><strong>sine</strong></span> <span class='ocrx_word' id='word_1_191' title='bbox 1010 2620 1115 2675; x_wconf 87' lang='lat' dir='ltr'><strong>isto</strong></span> <span class='ocrx_word' id='word_1_192' title='bbox 1161 2636 1258 2677; x_wconf 90' lang='lat' dir='ltr'><strong>suo</strong></span> <span class='ocrx_word' id='word_1_193' title='bbox 1285 2621 1606 2681; x_wconf 87' lang='lat' dir='ltr'><strong>vestimento</strong></span> <span class='ocrx_word' id='word_1_194' title='bbox 1649 2621 1876 2676; x_wconf 85' lang='lat' dir='ltr'><strong>viventi-</strong></span> 
     </span>
    </p>
   </div>
   <div class='ocr_carea' id='block_1_29' title="bbox 1958 546 3530 621">
    <p class='ocr_par' dir='ltr' id='par_1_29' title="bbox 1958 546 3530 621">
     <span class='ocr_line' id='line_1_29' title="bbox 1958 546 3530 621; baseline 0.005 -23"><span class='ocrx_word' id='word_1_195' title='bbox 1958 546 2126 598; x_wconf 87' lang='lat' dir='ltr'><strong>voluit</strong></span> <span class='ocrx_word' id='word_1_196' title='bbox 2155 562 2273 600; x_wconf 91' lang='lat' dir='ltr'><strong>cum</strong></span> <span class='ocrx_word' id='word_1_197' title='bbox 2305 546 2409 599; x_wconf 86' lang='lat' dir='ltr'><strong>isto</strong></span> <span class='ocrx_word' id='word_1_198' title='bbox 2441 547 2736 601; x_wconf 87' lang='lat' dir='ltr'><strong>Divinitatis</strong></span> <span class='ocrx_word' id='word_1_199' title='bbox 2765 564 2873 601; x_wconf 74' lang='lat' dir='ltr'><strong>sua:</strong></span> <span class='ocrx_word' id='word_1_200' title='bbox 2899 563 3139 616; x_wconf 78' lang='lat' dir='ltr'><strong>regnum.</strong></span> <span class='ocrx_word' id='word_1_201' title='bbox 3167 547 3190 586; x_wconf 78' lang='grc' dir='ltr'>ἀ</span> <span class='ocrx_word' id='word_1_202' title='bbox 3221 550 3277 604; x_wconf 85' lang='lat' dir='ltr'><strong>In</strong></span> <span class='ocrx_word' id='word_1_203' title='bbox 3312 560 3530 621; x_wconf 78' lang='lat' dir='ltr'><strong>stupore</strong></span> 
     </span>
    </p>
   </div>
   <div class='ocr_carea' id='block_1_30' title="bbox 1955 635 3532 708">
    <p class='ocr_par' dir='ltr' id='par_1_30' title="bbox 1955 635 3532 708">
     <span class='ocr_line' id='line_1_30' title="bbox 1955 635 3532 708; baseline 0.004 -20"><span class='ocrx_word' id='word_1_204' title='bbox 1955 644 2229 688; x_wconf 82' lang='lat' dir='ltr'><strong>remaneat</strong></span> <span class='ocrx_word' id='word_1_205' title='bbox 2274 635 2511 689; x_wconf 86' lang='lat' dir='ltr'><strong>dentium</strong></span> <span class='ocrx_word' id='word_1_206' title='bbox 2557 635 2751 690; x_wconf 82' lang='lat' dir='ltr'><strong>Paulus</strong></span> <span class='ocrx_word' id='word_1_207' title='bbox 2791 637 3200 704; x_wconf 87' lang='lat' dir='ltr'><strong>Samosatenus,</strong></span> <span class='ocrx_word' id='word_1_208' title='bbox 3247 641 3336 708; x_wconf 88' lang='lat' dir='ltr'><strong>qui</strong></span> <span class='ocrx_word' id='word_1_209' title='bbox 3377 642 3532 696; x_wconf 87' lang='lat' dir='ltr'><strong>nobis</strong></span> 
     </span>
    </p>
   </div>
   <div class='ocr_carea' id='block_1_31' title="bbox 1957 726 3525 796">
    <p class='ocr_par' dir='ltr' id='par_1_31' title="bbox 1957 726 3525 796">
     <span class='ocr_line' id='line_1_31' title="bbox 1957 726 3525 796; baseline 0.004 -18"><span class='ocrx_word' id='word_1_210' title='bbox 1957 726 2287 780; x_wconf 79' lang='lat' dir='ltr'><strong>Doniinicam</strong></span> <span class='ocrx_word' id='word_1_211' title='bbox 2331 727 2716 781; x_wconf 88' lang='lat' dir='ltr'><strong>immanitatem</strong></span> <span class='ocrx_word' id='word_1_212' title='bbox 2765 729 2958 782; x_wconf 87' lang='lat' dir='ltr'><strong>nudam</strong></span> <span class='ocrx_word' id='word_1_213' title='bbox 3008 746 3037 783; x_wconf 90' lang='lat' dir='ltr'><strong>a</strong></span> <span class='ocrx_word' id='word_1_214' title='bbox 3081 730 3286 785; x_wconf 86' lang='lat' dir='ltr'><strong>Deitate</strong></span> <span class='ocrx_word' id='word_1_215' title='bbox 3314 732 3525 796; x_wconf 87' lang='lat' dir='ltr'><strong>delirat,</strong></span> 
     </span>
    </p>
   </div>
   <div class='ocr_carea' id='block_1_32' title="bbox 1959 817 3532 892">
    <p class='ocr_par' dir='ltr' id='par_1_32' title="bbox 1959 817 3532 892">
     <span class='ocr_line' id='line_1_32' title="bbox 1959 817 3532 892; baseline 0.004 -22"><span class='ocrx_word' id='word_1_216' title='bbox 1959 817 2049 885; x_wconf 91' lang='lat' dir='ltr'><strong>qui</strong></span> <span class='ocrx_word' id='word_1_217' title='bbox 2077 817 2275 881; x_wconf 89' lang='lat' dir='ltr'><strong>solam,</strong></span> <span class='ocrx_word' id='word_1_218' title='bbox 2305 827 2503 886; x_wconf 60' lang='lat' dir='ltr'><strong>pratter</strong></span> <span class='ocrx_word' id='word_1_219' title='bbox 2542 819 2910 885; x_wconf 88' lang='lat' dir='ltr'><strong>Diviuitatem,</strong></span> <span class='ocrx_word' id='word_1_220' title='bbox 2943 821 3205 875; x_wconf 78' lang='lat' dir='ltr'><strong>fabulatur</strong></span> <span class='ocrx_word' id='word_1_221' title='bbox 3233 823 3370 878; x_wconf 89' lang='lat' dir='ltr'><strong>hanc</strong></span> <span class='ocrx_word' id='word_1_222' title='bbox 3413 839 3532 892; x_wconf 69' lang='lat' dir='ltr'><strong>qua:</strong></span> 
     </span>
    </p>
   </div>
   <div class='ocr_carea' id='block_1_33' title="bbox 1959 909 3536 980">
    <p class='ocr_par' dir='ltr' id='par_1_33' title="bbox 1959 909 3536 980">
     <span class='ocr_line' id='line_1_33' title="bbox 1959 909 3536 980; baseline 0.003 -16"><span class='ocrx_word' id='word_1_223' title='bbox 1959 925 2170 978; x_wconf 82' lang='lat' dir='ltr'><strong>semper</strong></span> <span class='ocrx_word' id='word_1_224' title='bbox 2196 909 2482 978; x_wconf 78' lang='lat' dir='ltr'><strong>conjuncta</strong></span> <span class='ocrx_word' id='word_1_225' title='bbox 2512 918 2592 964; x_wconf 90' lang='lat' dir='ltr'><strong>est</strong></span> <span class='ocrx_word' id='word_1_226' title='bbox 2630 918 2790 978; x_wconf 85' lang='lat' dir='ltr'><strong>atque</strong></span> <span class='ocrx_word' id='word_1_227' title='bbox 2819 926 3088 972; x_wconf 72' lang='lat' dir='ltr'><strong>connexa:</strong></span> <span class='ocrx_word' id='word_1_228' title='bbox 3113 929 3230 980; x_wconf 68' lang='lat' dir='ltr'><strong>quae</strong></span> <span class='ocrx_word' id='word_1_229' title='bbox 3259 915 3443 968; x_wconf 88' lang='lat' dir='ltr'><strong>eadem</strong></span> <span class='ocrx_word' id='word_1_230' title='bbox 3474 931 3536 969; x_wconf 83' lang='lat' dir='ltr'><strong>ac</strong></span> 
     </span>
    </p>
   </div>
   <div class='ocr_carea' id='block_1_34' title="bbox 1960 997 3534 1068">
    <p class='ocr_par' dir='ltr' id='par_1_34' title="bbox 1960 997 3534 1068">
     <span class='ocr_line' id='line_1_34' title="bbox 1960 997 3534 1068; baseline 0.004 -18"><span class='ocrx_word' id='word_1_231' title='bbox 1960 997 2160 1068; x_wconf 87' lang='lat' dir='ltr'><strong>pariter</strong></span> <span class='ocrx_word' id='word_1_232' title='bbox 2191 1005 2366 1066; x_wconf 88' lang='lat' dir='ltr'><strong>potest</strong></span> <span class='ocrx_word' id='word_1_233' title='bbox 2391 1013 2509 1066; x_wconf 66' lang='lat' dir='ltr'><strong>qua:</strong></span> <span class='ocrx_word' id='word_1_234' title='bbox 2539 998 2718 1053; x_wconf 88' lang='lat' dir='ltr'><strong>Deus:</strong></span> <span class='ocrx_word' id='word_1_235' title='bbox 2749 997 2974 1052; x_wconf 73' lang='lat' dir='ltr'><strong>Donavit</strong></span> <span class='ocrx_word' id='word_1_236' title='bbox 3003 1002 3138 1052; x_wconf 80' lang='lat' dir='ltr'><strong>enim</strong></span> <span class='ocrx_word' id='word_1_237' title='bbox 3167 1002 3241 1054; x_wconf 90' lang='lat' dir='ltr'><strong>illi</strong></span> <span class='ocrx_word' id='word_1_238' title='bbox 3273 1002 3409 1056; x_wconf 94' lang='lat' dir='ltr'><strong>Deus</strong></span> <span class='ocrx_word' id='word_1_239' title='bbox 3439 1020 3534 1056; x_wconf 80' lang='lat' dir='ltr'><strong>no-</strong></span> 
     </span>
    </p>
   </div>
   <div class='ocr_carea' id='block_1_35' title="bbox 1961 1085 3316 1158">
    <p class='ocr_par' dir='ltr' id='par_1_35' title="bbox 1961 1085 3316 1158">
     <span class='ocr_line' id='line_1_35' title="bbox 1961 1085 3316 1158; baseline 0 -18"><span class='ocrx_word' id='word_1_240' title='bbox 1961 1104 2076 1140; x_wconf 91' lang='lat' dir='ltr'><strong>men</strong></span> <span class='ocrx_word' id='word_1_241' title='bbox 2106 1085 2240 1157; x_wconf 84' lang='lat' dir='ltr'><strong>quod</strong></span> <span class='ocrx_word' id='word_1_242' title='bbox 2259 1095 2507 1156; x_wconf 86' lang='lat' dir='ltr'><strong>estsuper</strong></span> <span class='ocrx_word' id='word_1_243' title='bbox 2527 1103 2673 1140; x_wconf 88' lang='lat' dir='ltr'><strong>omne</strong></span> <span class='ocrx_word' id='word_1_244' title='bbox 2694 1103 2876 1141; x_wconf 84' lang='lat' dir='ltr'><strong>nomen</strong></span> <span class='ocrx_word' id='word_1_245' title='bbox 2907 1086 3124 1158; x_wconf 78' lang='lat' dir='ltr'><strong>(Philip.</strong></span> <span class='ocrx_word' id='word_1_246' title='bbox 3156 1105 3210 1151; x_wconf 87' lang='grc' dir='ltr'><strong>ιι,</strong></span> <span class='ocrx_word' id='word_1_247' title='bbox 3243 1088 3316 1156; x_wconf 83' lang='grc'><strong>9).</strong></span> 
     </span>
    </p>
   </div>
   <div class='ocr_carea' id='block_1_36' title="bbox 2031 1177 3536 1233">
    <p class='ocr_par' dir='ltr' id='par_1_36' title="bbox 2031 1177 3536 1233">
     <span class='ocr_line' id='line_1_36' title="bbox 2031 1177 3536 1233; baseline 0.001 -1"><span class='ocrx_word' id='word_1_248' title='bbox 2031 1180 2082 1232; x_wconf 77' lang='grc'><strong>3.</strong></span> <span class='ocrx_word' id='word_1_249' title='bbox 2127 1177 2192 1230; x_wconf 84' lang='lat' dir='ltr'><strong>Et</strong></span> <span class='ocrx_word' id='word_1_250' title='bbox 2219 1186 2275 1231; x_wconf 88' lang='lat' dir='ltr'><strong>ut</strong></span> <span class='ocrx_word' id='word_1_251' title='bbox 2303 1193 2461 1232; x_wconf 91' lang='lat' dir='ltr'><strong>nemo</strong></span> <span class='ocrx_word' id='word_1_252' title='bbox 2491 1178 2712 1232; x_wconf 63' lang='lat' dir='ltr'><strong>miretur</strong></span> <span class='ocrx_word' id='word_1_253' title='bbox 2741 1179 2914 1232; x_wconf 89' lang='lat' dir='ltr'><strong>carnis</strong></span> <span class='ocrx_word' id='word_1_254' title='bbox 2953 1194 3072 1232; x_wconf 89' lang='lat' dir='ltr'><strong>cum</strong></span> <span class='ocrx_word' id='word_1_255' title='bbox 3115 1179 3401 1232; x_wconf 82' lang='lat' dir='ltr'><strong>Divinitate</strong></span> <span class='ocrx_word' id='word_1_256' title='bbox 3439 1195 3536 1233; x_wconf 87' lang='lat' dir='ltr'><strong>au-</strong></span> 
     </span>
    </p>
   </div>
   <div class='ocr_carea' id='block_1_37' title="bbox 1962 1267 3536 1338">
    <p class='ocr_par' dir='ltr' id='par_1_37' title="bbox 1962 1267 3536 1338">
     <span class='ocr_line' id='line_1_37' title="bbox 1962 1267 3536 1338; baseline 0 -14"><span class='ocrx_word' id='word_1_257' title='bbox 1962 1269 2112 1324; x_wconf 89' lang='lat' dir='ltr'><strong>diens</strong></span> <span class='ocrx_word' id='word_1_258' title='bbox 2141 1283 2380 1335; x_wconf 80' lang='lat' dir='ltr'><strong>regnum,</strong></span> <span class='ocrx_word' id='word_1_259' title='bbox 2424 1269 2744 1338; x_wconf 75' lang='lat' dir='ltr'><strong>piminonuit</strong></span> <span class='ocrx_word' id='word_1_260' title='bbox 2784 1283 2880 1337; x_wconf 91' lang='lat' dir='ltr'><strong>per</strong></span> <span class='ocrx_word' id='word_1_261' title='bbox 2918 1267 3248 1337; x_wconf 87' lang='lat' dir='ltr'><strong>Seripturam</strong></span> <span class='ocrx_word' id='word_1_262' title='bbox 3289 1268 3536 1338; x_wconf 88' lang='lat' dir='ltr'><strong>Spiritus,</strong></span> 
     </span>
    </p>
   </div>
   <div class='ocr_carea' id='block_1_38' title="bbox 1964 1357 3537 1427">
    <p class='ocr_par' dir='ltr' id='par_1_38' title="bbox 1964 1357 3537 1427">
     <span class='ocr_line' id='line_1_38' title="bbox 1964 1357 3537 1427; baseline -0.001 -14"><span class='ocrx_word' id='word_1_263' title='bbox 1964 1359 2107 1427; x_wconf 92' lang='lat' dir='ltr'><strong>quod</strong></span> <span class='ocrx_word' id='word_1_264' title='bbox 2150 1358 2357 1412; x_wconf 88' lang='lat' dir='ltr'><strong>videtur</strong></span> <span class='ocrx_word' id='word_1_265' title='bbox 2399 1357 2763 1423; x_wconf 90' lang='lat' dir='ltr'><strong>incredulum,</strong></span> <span class='ocrx_word' id='word_1_266' title='bbox 2800 1359 2851 1410; x_wconf 90' lang='lat' dir='ltr'><strong>in</strong></span> <span class='ocrx_word' id='word_1_267' title='bbox 2879 1358 3182 1412; x_wconf 90' lang='lat' dir='ltr'><strong>habitaeulo</strong></span> <span class='ocrx_word' id='word_1_268' title='bbox 3209 1359 3537 1414; x_wconf 86' lang='lat' dir='ltr'><strong>habitantem</strong></span> 
     </span>
    </p>
   </div>
   <div class='ocr_carea' id='block_1_39' title="bbox 1965 1448 3538 1517">
    <p class='ocr_par' dir='ltr' id='par_1_39' title="bbox 1965 1448 3538 1517">
     <span class='ocr_line' id='line_1_39' title="bbox 1965 1448 3538 1517; baseline 0 -15"><span class='ocrx_word' id='word_1_269' title='bbox 1965 1449 2357 1512; x_wconf 84' lang='lat' dir='ltr'><strong>demonstrans,</strong></span> <span class='ocrx_word' id='word_1_270' title='bbox 2383 1463 2449 1501; x_wconf 78' lang='lat' dir='ltr'><strong>ex</strong></span> <span class='ocrx_word' id='word_1_271' title='bbox 2479 1462 2585 1515; x_wconf 89' lang='lat' dir='ltr'><strong>quo</strong></span> <span class='ocrx_word' id='word_1_272' title='bbox 2609 1456 2661 1500; x_wconf 90' lang='lat' dir='ltr'><strong>et</strong></span> <span class='ocrx_word' id='word_1_273' title='bbox 2685 1448 2824 1501; x_wconf 92' lang='lat' dir='ltr'><strong>unde</strong></span> <span class='ocrx_word' id='word_1_274' title='bbox 2846 1448 3020 1502; x_wconf 90' lang='lat' dir='ltr'><strong>honor</strong></span> <span class='ocrx_word' id='word_1_275' title='bbox 3043 1449 3182 1502; x_wconf 84' lang='lat' dir='ltr'><strong>circa</strong></span> <span class='ocrx_word' id='word_1_276' title='bbox 3206 1448 3256 1502; x_wconf 88' lang='lat' dir='ltr'><strong>id</strong></span> <span class='ocrx_word' id='word_1_277' title='bbox 3285 1449 3428 1517; x_wconf 88' lang='lat' dir='ltr'><strong>quod</strong></span> <span class='ocrx_word' id='word_1_278' title='bbox 3459 1451 3538 1502; x_wconf 88' lang='lat' dir='ltr'><strong>vi-</strong></span> 
     </span>
    </p>
   </div>
   <div class='ocr_carea' id='block_1_40' title="bbox 1969 1537 3538 1608">
    <p class='ocr_par' dir='ltr' id='par_1_40' title="bbox 1969 1537 3538 1608">
     <span class='ocr_line' id='line_1_40' title="bbox 1969 1537 3538 1608; baseline 0.001 -16"><span class='ocrx_word' id='word_1_279' title='bbox 1969 1540 2124 1593; x_wconf 89' lang='lat' dir='ltr'><strong>detur</strong></span> <span class='ocrx_word' id='word_1_280' title='bbox 2151 1547 2205 1593; x_wconf 92' lang='lat' dir='ltr'><strong>et</strong></span> <span class='ocrx_word' id='word_1_281' title='bbox 2252 1548 2406 1607; x_wconf 86' lang='lat' dir='ltr'><strong>paret</strong></span> <span class='ocrx_word' id='word_1_282' title='bbox 2441 1538 2709 1592; x_wconf 84' lang='lat' dir='ltr'><strong>accrevit:</strong></span> <span class='ocrx_word' id='word_1_283' title='bbox 2738 1537 2960 1592; x_wconf 82' lang='lat' dir='ltr'><strong>Donarit</strong></span> <span class='ocrx_word' id='word_1_284' title='bbox 2989 1539 3082 1604; x_wconf 92' lang='lat' dir='ltr'><strong>illi,</strong></span> <span class='ocrx_word' id='word_1_285' title='bbox 3116 1540 3304 1608; x_wconf 85' lang='lat' dir='ltr'><strong>inquit,</strong></span> <span class='ocrx_word' id='word_1_286' title='bbox 3337 1556 3538 1604; x_wconf 75' lang='lat' dir='ltr'><strong>nomen,</strong></span> 
     </span>
    </p>
   </div>
   <div class='ocr_carea' id='block_1_41' title="bbox 1968 1629 3542 1700">
    <p class='ocr_par' dir='ltr' id='par_1_41' title="bbox 1968 1629 3542 1700">
     <span class='ocr_line' id='line_1_41' title="bbox 1968 1629 3542 1700; baseline 0.001 -18"><span class='ocrx_word' id='word_1_287' title='bbox 1968 1631 2104 1700; x_wconf 87' lang='lat' dir='ltr'><strong>quod</strong></span> <span class='ocrx_word' id='word_1_288' title='bbox 2134 1639 2208 1684; x_wconf 88' lang='lat' dir='ltr'><strong>est</strong></span> <span class='ocrx_word' id='word_1_289' title='bbox 2229 1646 2379 1698; x_wconf 83' lang='lat' dir='ltr'><strong>super</strong></span> <span class='ocrx_word' id='word_1_290' title='bbox 2411 1645 2559 1682; x_wconf 87' lang='lat' dir='ltr'><strong>onme</strong></span> <span class='ocrx_word' id='word_1_291' title='bbox 2587 1644 2798 1694; x_wconf 89' lang='lat' dir='ltr'><strong>nomen,</strong></span> <span class='ocrx_word' id='word_1_292' title='bbox 2823 1639 2878 1681; x_wconf 90' lang='lat' dir='ltr'><strong>ut</strong></span> <span class='ocrx_word' id='word_1_293' title='bbox 2905 1631 2958 1682; x_wconf 87' lang='lat' dir='ltr'><strong>in</strong></span> <span class='ocrx_word' id='word_1_294' title='bbox 2999 1631 3203 1683; x_wconf 80' lang='lat' dir='ltr'><strong>nomine</strong></span> <span class='ocrx_word' id='word_1_295' title='bbox 3228 1629 3352 1683; x_wconf 75' lang='lat' dir='ltr'><strong>Iesu</strong></span> <span class='ocrx_word' id='word_1_296' title='bbox 3395 1648 3542 1686; x_wconf 85' lang='lat' dir='ltr'><strong>omne</strong></span> 
     </span>
    </p>
   </div>
   <div class='ocr_carea' id='block_1_42' title="bbox 1971 1721 3537 1794">
    <p class='ocr_par' dir='ltr' id='par_1_42' title="bbox 1971 1721 3537 1794">
     <span class='ocr_line' id='line_1_42' title="bbox 1971 1721 3537 1794; baseline -0.001 -18"><span class='ocrx_word' id='word_1_297' title='bbox 1971 1740 2100 1794; x_wconf 83' lang='lat' dir='ltr'><strong>genu</strong></span> <span class='ocrx_word' id='word_1_298' title='bbox 2136 1724 2390 1792; x_wconf 75' lang='lat' dir='ltr'><strong>ﬂectatur,</strong></span> <span class='ocrx_word' id='word_1_299' title='bbox 2423 1721 2716 1781; x_wconf 68' lang='lat' dir='ltr'><strong>caelestium,</strong></span> <span class='ocrx_word' id='word_1_300' title='bbox 2752 1723 3082 1786; x_wconf 73' lang='lat' dir='ltr'><strong>terrestrium,</strong></span> <span class='ocrx_word' id='word_1_301' title='bbox 3113 1732 3162 1773; x_wconf 87' lang='lat' dir='ltr'><strong>et</strong></span> <span class='ocrx_word' id='word_1_302' title='bbox 3201 1723 3537 1791; x_wconf 79' lang='lat' dir='ltr'><strong>infernarum,</strong></span> 
     </span>
    </p>
   </div>
   <div class='ocr_carea' id='block_1_43' title="bbox 1900 1808 3543 1882">
    <p class='ocr_par' dir='ltr' id='par_1_43' title="bbox 1900 1808 3543 1882">
     <span class='ocr_line' id='line_1_43' title="bbox 1900 1808 3543 1882; baseline -0.001 -18"><span class='ocrx_word' id='word_1_303' title='bbox 1900 1820 1943 1879; x_wconf 76' lang='grc' dir='ltr'><strong>Β</strong></span> <span class='ocrx_word' id='word_1_304' title='bbox 1969 1822 2018 1864; x_wconf 85' lang='lat' dir='ltr'><strong>et</strong></span> <span class='ocrx_word' id='word_1_305' title='bbox 2055 1813 2218 1866; x_wconf 82' lang='lat' dir='ltr'><strong>omnis</strong></span> <span class='ocrx_word' id='word_1_306' title='bbox 2248 1811 2424 1881; x_wconf 84' lang='lat' dir='ltr'><strong>lingua</strong></span> <span class='ocrx_word' id='word_1_307' title='bbox 2455 1811 2759 1880; x_wconf 75' lang='lat' dir='ltr'><strong>conﬁteatur</strong></span> <span class='ocrx_word' id='word_1_308' title='bbox 2786 1808 2913 1874; x_wconf 91' lang='lat' dir='ltr'><strong>Deo,</strong></span> <span class='ocrx_word' id='word_1_309' title='bbox 2944 1813 3062 1882; x_wconf 83' lang='lat' dir='ltr'><strong>quia</strong></span> <span class='ocrx_word' id='word_1_310' title='bbox 3098 1809 3348 1863; x_wconf 88' lang='lat' dir='ltr'><strong>Dominus</strong></span> <span class='ocrx_word' id='word_1_311' title='bbox 3392 1809 3543 1864; x_wconf 79' lang='lat' dir='ltr'><strong>Iesus</strong></span> 
     </span>
    </p>
   </div>
   <div class='ocr_carea' id='block_1_44' title="bbox 1973 1900 3541 1972">
    <p class='ocr_par' dir='ltr' id='par_1_44' title="bbox 1973 1900 3541 1972">
     <span class='ocr_line' id='line_1_44' title="bbox 1973 1900 3541 1972; baseline -0.001 -16"><span class='ocrx_word' id='word_1_312' title='bbox 1973 1902 2203 1956; x_wconf 82' lang='lat' dir='ltr'><strong>Christus</strong></span> <span class='ocrx_word' id='word_1_313' title='bbox 2231 1904 2284 1955; x_wconf 88' lang='lat' dir='ltr'><strong>in</strong></span> <span class='ocrx_word' id='word_1_314' title='bbox 2328 1903 2493 1972; x_wconf 85' lang='lat' dir='ltr'><strong>gloria</strong></span> <span class='ocrx_word' id='word_1_315' title='bbox 2533 1912 2608 1955; x_wconf 80' lang='lat' dir='ltr'><strong>est</strong></span> <span class='ocrx_word' id='word_1_316' title='bbox 2632 1900 2730 1954; x_wconf 87' lang='lat' dir='ltr'><strong>Dei</strong></span> <span class='ocrx_word' id='word_1_317' title='bbox 2760 1900 2934 1954; x_wconf 86' lang='lat' dir='ltr'><strong>Putris</strong></span> <span class='ocrx_word' id='word_1_318' title='bbox 2976 1901 3183 1972; x_wconf 89' lang='lat' dir='ltr'><strong>(lbid.).</strong></span> <span class='ocrx_word' id='word_1_319' title='bbox 3215 1901 3329 1955; x_wconf 85' lang='lat' dir='ltr'><strong>Non</strong></span> <span class='ocrx_word' id='word_1_320' title='bbox 3355 1901 3541 1970; x_wconf 81' lang='lat' dir='ltr'><strong>depre-</strong></span> 
     </span>
    </p>
   </div>
   <div class='ocr_carea' id='block_1_45' title="bbox 1972 1990 3540 2060">
    <p class='ocr_par' dir='ltr' id='par_1_45' title="bbox 1972 1990 3540 2060">
     <span class='ocr_line' id='line_1_45' title="bbox 1972 1990 3540 2060; baseline 0.003 -16"><span class='ocrx_word' id='word_1_321' title='bbox 1972 1992 2142 2054; x_wconf 87' lang='lat' dir='ltr'><strong>tiavit,</strong></span> <span class='ocrx_word' id='word_1_322' title='bbox 2175 1991 2362 2059; x_wconf 89' lang='lat' dir='ltr'><strong>inquit,</strong></span> <span class='ocrx_word' id='word_1_323' title='bbox 2403 1990 2636 2044; x_wconf 89' lang='lat' dir='ltr'><strong>divinam</strong></span> <span class='ocrx_word' id='word_1_324' title='bbox 2678 1991 3026 2045; x_wconf 84' lang='lat' dir='ltr'><strong>substantiam</strong></span> <span class='ocrx_word' id='word_1_325' title='bbox 3065 1992 3204 2046; x_wconf 86' lang='lat' dir='ltr'><strong>circa</strong></span> <span class='ocrx_word' id='word_1_326' title='bbox 3236 1992 3360 2046; x_wconf 87' lang='lat' dir='ltr'><strong>illud</strong></span> <span class='ocrx_word' id='word_1_327' title='bbox 3399 1992 3540 2060; x_wconf 89' lang='lat' dir='ltr'><strong>quod</strong></span> 
     </span>
    </p>
   </div>
   <div class='ocr_carea' id='block_1_46' title="bbox 1972 2081 3539 2151">
    <p class='ocr_par' dir='ltr' id='par_1_46' title="bbox 1972 2081 3539 2151">
     <span class='ocr_line' id='line_1_46' title="bbox 1972 2081 3539 2151; baseline 0.001 -17"><span class='ocrx_word' id='word_1_328' title='bbox 1972 2082 2236 2136; x_wconf 87' lang='lat' dir='ltr'><strong>invisibile</strong></span> <span class='ocrx_word' id='word_1_329' title='bbox 2280 2090 2387 2145; x_wconf 89' lang='lat' dir='ltr'><strong>est,</strong></span> <span class='ocrx_word' id='word_1_330' title='bbox 2436 2081 2611 2134; x_wconf 90' lang='lat' dir='ltr'><strong>honor</strong></span> <span class='ocrx_word' id='word_1_331' title='bbox 2653 2090 2842 2134; x_wconf 89' lang='lat' dir='ltr'><strong>cuneta</strong></span> <span class='ocrx_word' id='word_1_332' title='bbox 2890 2082 3227 2149; x_wconf 74' lang='lat' dir='ltr'><strong>prteeellens,</strong></span> <span class='ocrx_word' id='word_1_333' title='bbox 3276 2084 3398 2151; x_wconf 87' lang='lat' dir='ltr'><strong>quia</strong></span> <span class='ocrx_word' id='word_1_334' title='bbox 3446 2083 3539 2136; x_wconf 88' lang='lat' dir='ltr'><strong>de-</strong></span> 
     </span>
    </p>
   </div>
   <div class='ocr_carea' id='block_1_47' title="bbox 1972 2170 3540 2240">
    <p class='ocr_par' dir='ltr' id='par_1_47' title="bbox 1972 2170 3540 2240">
     <span class='ocr_line' id='line_1_47' title="bbox 1972 2170 3540 2240; baseline 0.001 -15"><span class='ocrx_word' id='word_1_335' title='bbox 1972 2180 2297 2227; x_wconf 89' lang='lat' dir='ltr'><strong>monstratur</strong></span> <span class='ocrx_word' id='word_1_336' title='bbox 2326 2170 2774 2240; x_wconf 85' lang='lat' dir='ltr'><strong>quemadmodum</strong></span> <span class='ocrx_word' id='word_1_337' title='bbox 2807 2170 2980 2226; x_wconf 86' lang='lat' dir='ltr'><strong>Filius.</strong></span> <span class='ocrx_word' id='word_1_338' title='bbox 3003 2171 3249 2240; x_wconf 77' lang='lat' dir='ltr'><strong>diligatur</strong></span> <span class='ocrx_word' id='word_1_339' title='bbox 3284 2188 3315 2225; x_wconf 91' lang='lat' dir='ltr'><strong>a</strong></span> <span class='ocrx_word' id='word_1_340' title='bbox 3352 2171 3540 2238; x_wconf 83' lang='lat' dir='ltr'><strong>Patre;</strong></span> 
     </span>
    </p>
   </div>
   <div class='ocr_carea' id='block_1_48' title="bbox 1977 2259 3540 2329">
    <p class='ocr_par' dir='ltr' id='par_1_48' title="bbox 1977 2259 3540 2329">
     <span class='ocr_line' id='line_1_48' title="bbox 1977 2259 3540 2329; baseline 0 -13"><span class='ocrx_word' id='word_1_341' title='bbox 1977 2272 1998 2300; x_wconf 73' lang='grc' dir='ltr'><strong>ε</strong></span> <span class='ocrx_word' id='word_1_342' title='bbox 2017 2278 2150 2317; x_wconf 90' lang='lat' dir='ltr'><strong>unus</strong></span> <span class='ocrx_word' id='word_1_343' title='bbox 2163 2262 2304 2316; x_wconf 91' lang='lat' dir='ltr'><strong>enim</strong></span> <span class='ocrx_word' id='word_1_344' title='bbox 2318 2259 2501 2325; x_wconf 83' lang='lat' dir='ltr'><strong>Filius,</strong></span> <span class='ocrx_word' id='word_1_345' title='bbox 2519 2260 2662 2329; x_wconf 93' lang='lat' dir='ltr'><strong>quod</strong></span> <span class='ocrx_word' id='word_1_346' title='bbox 2677 2260 2881 2315; x_wconf 89' lang='lat' dir='ltr'><strong>visibile</strong></span> <span class='ocrx_word' id='word_1_347' title='bbox 2897 2268 2999 2326; x_wconf 89' lang='lat' dir='ltr'><strong>est,</strong></span> <span class='ocrx_word' id='word_1_348' title='bbox 3023 2270 3076 2315; x_wconf 89' lang='lat' dir='ltr'><strong>et</strong></span> <span class='ocrx_word' id='word_1_349' title='bbox 3095 2261 3237 2329; x_wconf 88' lang='lat' dir='ltr'><strong>quod</strong></span> <span class='ocrx_word' id='word_1_350' title='bbox 3254 2261 3540 2326; x_wconf 82' lang='lat' dir='ltr'><strong>invisibile;</strong></span> 
     </span>
    </p>
   </div>
   <div class='ocr_carea' id='block_1_49' title="bbox 1971 2348 3540 2420">
    <p class='ocr_par' dir='ltr' id='par_1_49' title="bbox 1971 2348 3540 2420">
     <span class='ocr_line' id='line_1_49' title="bbox 1971 2348 3540 2420; baseline 0.001 -15"><span class='ocrx_word' id='word_1_351' title='bbox 1971 2367 2110 2406; x_wconf 89' lang='lat' dir='ltr'><strong>unus</strong></span> <span class='ocrx_word' id='word_1_352' title='bbox 2150 2348 2412 2416; x_wconf 87' lang='lat' dir='ltr'><strong>Christus,</strong></span> <span class='ocrx_word' id='word_1_353' title='bbox 2457 2358 2511 2405; x_wconf 90' lang='lat' dir='ltr'><strong>et</strong></span> <span class='ocrx_word' id='word_1_354' title='bbox 2547 2351 2649 2404; x_wconf 90' lang='lat' dir='ltr'><strong>iste</strong></span> <span class='ocrx_word' id='word_1_355' title='bbox 2688 2350 2777 2417; x_wconf 89' lang='lat' dir='ltr'><strong>qui</strong></span> <span class='ocrx_word' id='word_1_356' title='bbox 2817 2350 3000 2415; x_wconf 90' lang='lat' dir='ltr'><strong>utitur,</strong></span> <span class='ocrx_word' id='word_1_357' title='bbox 3043 2358 3099 2406; x_wconf 89' lang='lat' dir='ltr'><strong>et</strong></span> <span class='ocrx_word' id='word_1_358' title='bbox 3126 2351 3179 2406; x_wconf 90' lang='lat' dir='ltr'><strong>id</strong></span> <span class='ocrx_word' id='word_1_359' title='bbox 3224 2366 3331 2420; x_wconf 91' lang='lat' dir='ltr'><strong>quo</strong></span> <span class='ocrx_word' id='word_1_360' title='bbox 3359 2352 3540 2414; x_wconf 88' lang='lat' dir='ltr'><strong>utitur.</strong></span> 
     </span>
    </p>
   </div>
   <div class='ocr_carea' id='block_1_50' title="bbox 1971 2439 3081 2510">
    <p class='ocr_par' dir='ltr' id='par_1_50' title="bbox 1971 2439 3081 2510">
     <span class='ocr_line' id='line_1_50' title="bbox 1971 2439 3081 2510; baseline -0.003 -14"><span class='ocrx_word' id='word_1_361' title='bbox 1971 2447 2173 2496; x_wconf 80' lang='lat' dir='ltr'><strong>naturae</strong></span> <span class='ocrx_word' id='word_1_362' title='bbox 2201 2440 2454 2510; x_wconf 84' lang='lat' dir='ltr'><strong>duplices,</strong></span> <span class='ocrx_word' id='word_1_363' title='bbox 2487 2440 2579 2496; x_wconf 91' lang='lat' dir='ltr'><strong>sed</strong></span> <span class='ocrx_word' id='word_1_364' title='bbox 2602 2439 2764 2494; x_wconf 87' lang='lat' dir='ltr'><strong>Filius</strong></span> <span class='ocrx_word' id='word_1_365' title='bbox 2783 2440 3081 2509; x_wconf 81' lang='lat' dir='ltr'><strong>singularis.</strong></span> 
     </span>
    </p>
   </div>
   <div class='ocr_carea' id='block_1_51' title="bbox 2044 2529 3546 2596">
    <p class='ocr_par' dir='ltr' id='par_1_51' title="bbox 2044 2529 3546 2596">
     <span class='ocr_line' id='line_1_51' title="bbox 2044 2529 3546 2596; baseline -0.001 -12"><span class='ocrx_word' id='word_1_366' title='bbox 2044 2529 2097 2584; x_wconf 74' lang='grc'><strong>4.</strong></span> <span class='ocrx_word' id='word_1_367' title='bbox 2138 2530 2274 2596; x_wconf 84' lang='lat' dir='ltr'><strong>Quid</strong></span> <span class='ocrx_word' id='word_1_368' title='bbox 2303 2545 2603 2586; x_wconf 89' lang='lat' dir='ltr'><strong>sermonem</strong></span> <span class='ocrx_word' id='word_1_369' title='bbox 2633 2530 2685 2583; x_wconf 90' lang='lat' dir='ltr'><strong>in</strong></span> <span class='ocrx_word' id='word_1_370' title='bbox 2714 2530 3029 2586; x_wconf 88' lang='lat' dir='ltr'><strong>calumniam</strong></span> <span class='ocrx_word' id='word_1_371' title='bbox 3057 2531 3255 2586; x_wconf 83' lang='lat' dir='ltr'><strong>vocas?</strong></span> <span class='ocrx_word' id='word_1_372' title='bbox 3283 2529 3420 2596; x_wconf 83' lang='lat' dir='ltr'><strong>Quid</strong></span> <span class='ocrx_word' id='word_1_373' title='bbox 3459 2547 3546 2584; x_wconf 79' lang='lat' dir='ltr'><strong>me</strong></span> 
     </span>
    </p>
   </div>
   <div class='ocr_carea' id='block_1_52' title="bbox 1977 2619 3548 2690">
    <p class='ocr_par' dir='ltr' id='par_1_52' title="bbox 1977 2619 3548 2690">
     <span class='ocr_line' id='line_1_52' title="bbox 1977 2619 3548 2690; baseline 0.001 -16"><span class='ocrx_word' id='word_1_374' title='bbox 1977 2621 2205 2676; x_wconf 88' lang='lat' dir='ltr'><strong>latenter</strong></span> <span class='ocrx_word' id='word_1_375' title='bbox 2223 2621 2428 2688; x_wconf 82' lang='lat' dir='ltr'><strong>sagittis</strong></span> <span class='ocrx_word' id='word_1_376' title='bbox 2449 2621 2625 2676; x_wconf 86' lang='lat' dir='ltr'><strong>aureis</strong></span> <span class='ocrx_word' id='word_1_377' title='bbox 2642 2619 2927 2689; x_wconf 84' lang='lat' dir='ltr'><strong>jacularis?</strong></span> <span class='ocrx_word' id='word_1_378' title='bbox 2954 2619 2971 2658; x_wconf 71' lang='grc' dir='ltr'><strong>ί</strong></span> <span class='ocrx_word' id='word_1_379' title='bbox 2997 2620 3131 2688; x_wconf 86' lang='lat' dir='ltr'><strong>Quid</strong></span> <span class='ocrx_word' id='word_1_380' title='bbox 3153 2622 3213 2675; x_wconf 86' lang='lat' dir='ltr'><strong>in—</strong></span> <span class='ocrx_word' id='word_1_381' title='bbox 3225 2636 3311 2676; x_wconf 86' lang='lat' dir='ltr'><strong>me</strong></span> <span class='ocrx_word' id='word_1_382' title='bbox 3323 2620 3548 2690; x_wconf 74' lang='lat' dir='ltr'><strong>sagittas</strong></span> 
     </span>
    </p>
   </div>
   <div class='ocr_carea' id='block_1_53' title="bbox 1455 2727 2380 2793">
    <p class='ocr_par' dir='ltr' id='par_1_53' title="bbox 1455 2727 2380 2793">
     <span class='ocr_line' id='line_1_53' title="bbox 1455 2727 2380 2793; baseline -0.012 0"><span class='ocrx_word' id='word_1_383' title='bbox 1455 2727 2002 2793; x_wconf 66' lang='grc' dir='ltr'><strong>(ΙΔδτιρΑτιοΝΕε</strong></span> <span class='ocrx_word' id='word_1_384' title='bbox 2015 2780 2018 2783; x_wconf 89' lang='grc'>.</span> <span class='ocrx_word' id='word_1_385' title='bbox 2031 2729 2120 2785; x_wconf 78' lang='grc' dir='ltr'>ΕΤ</span> <span class='ocrx_word' id='word_1_386' title='bbox 2157 2729 2380 2784; x_wconf 68' lang='lat' dir='ltr'><strong>NOTAE.</strong></span> 
     </span>
    </p>
   </div>
   <div class='ocr_carea' id='block_1_54' title="bbox 375 2821 1882 2891">
    <p class='ocr_par' dir='ltr' id='par_1_54' title="bbox 375 2821 1882 2891">
     <span class='ocr_line' id='line_1_54' title="bbox 375 2821 1882 2891; baseline -0.003 -13"><span class='ocrx_word' id='word_1_387' title='bbox 375 2835 401 2864; x_wconf 77' lang='grc' dir='ltr'>ι</span> <span class='ocrx_word' id='word_1_388' title='bbox 436 2822 624 2879; x_wconf 82' lang='lat' dir='ltr'><strong>Affinis</strong></span> <span class='ocrx_word' id='word_1_389' title='bbox 651 2832 733 2878; x_wconf 85' lang='lat' dir='ltr'><strong>est</strong></span> <span class='ocrx_word' id='word_1_390' title='bbox 769 2823 856 2878; x_wconf 90' lang='lat' dir='ltr'><strong>hic</strong></span> <span class='ocrx_word' id='word_1_391' title='bbox 881 2822 1031 2877; x_wconf 89' lang='lat' dir='ltr'><strong>locus</strong></span> <span class='ocrx_word' id='word_1_392' title='bbox 1058 2821 1265 2876; x_wconf 86' lang='lat' dir='ltr'><strong>duobus</strong></span> <span class='ocrx_word' id='word_1_393' title='bbox 1286 2821 1405 2875; x_wconf 86' lang='lat' dir='ltr'><strong>aliis</strong></span> <span class='ocrx_word' id='word_1_394' title='bbox 1424 2821 1513 2891; x_wconf 90' lang='lat' dir='ltr'><strong>qui</strong></span> <span class='ocrx_word' id='word_1_395' title='bbox 1535 2829 1659 2876; x_wconf 89' lang='lat' dir='ltr'><strong>sunt</strong></span> <span class='ocrx_word' id='word_1_396' title='bbox 1686 2821 1740 2875; x_wconf 91' lang='lat' dir='ltr'><strong>in</strong></span> <span class='ocrx_word' id='word_1_397' title='bbox 1768 2837 1882 2876; x_wconf 82' lang='lat' dir='ltr'><strong>ser-</strong></span> 
     </span>
    </p>
   </div>
   <div class='ocr_carea' id='block_1_55' title="bbox 296 2892 1880 2964">
    <p class='ocr_par' dir='ltr' id='par_1_55' title="bbox 296 2892 1880 2964">
     <span class='ocr_line' id='line_1_55' title="bbox 296 2892 1880 2964; baseline -0.001 -14"><span class='ocrx_word' id='word_1_398' title='bbox 296 2911 464 2951; x_wconf 86' lang='lat' dir='ltr'><strong>mone</strong></span> <span class='ocrx_word' id='word_1_399' title='bbox 483 2896 656 2964; x_wconf 89' lang='lat' dir='ltr'><strong>primo</strong></span> <span class='ocrx_word' id='word_1_400' title='bbox 685 2903 739 2949; x_wconf 89' lang='lat' dir='ltr'><strong>et</strong></span> <span class='ocrx_word' id='word_1_401' title='bbox 763 2893 990 2964; x_wconf 84' lang='lat' dir='ltr'><strong>septimo</strong></span> <span class='ocrx_word' id='word_1_402' title='bbox 1007 2932 1022 2959; x_wconf 92' lang='lat'><strong>,</strong></span> <span class='ocrx_word' id='word_1_403' title='bbox 1051 2900 1142 2945; x_wconf 87' lang='lat' dir='ltr'><strong>aut</strong></span> <span class='ocrx_word' id='word_1_404' title='bbox 1165 2892 1401 2961; x_wconf 87' lang='lat' dir='ltr'><strong>ipsorum</strong></span> <span class='ocrx_word' id='word_1_405' title='bbox 1429 2892 1607 2962; x_wconf 90' lang='lat' dir='ltr'><strong>potius</strong></span> <span class='ocrx_word' id='word_1_406' title='bbox 1633 2893 1880 2962; x_wconf 89' lang='lat' dir='ltr'><strong>repetitio</strong></span> 
     </span>
    </p>
   </div>
   <div class='ocr_carea' id='block_1_56' title="bbox 297 2963 1157 3036">
    <p class='ocr_par' dir='ltr' id='par_1_56' title="bbox 297 2963 1157 3036">
     <span class='ocr_line' id='line_1_56' title="bbox 297 2963 1157 3036; baseline -0.005 -18"><span class='ocrx_word' id='word_1_407' title='bbox 297 2963 548 3036; x_wconf 66' lang='lat' dir='ltr'><strong>quaedam</strong></span> <span class='ocrx_word' id='word_1_408' title='bbox 575 2980 638 3019; x_wconf 84' lang='lat' dir='ltr'><strong>ac</strong></span> <span class='ocrx_word' id='word_1_409' title='bbox 658 2963 941 3036; x_wconf 79' lang='lat' dir='ltr'><strong>expositio.</strong></span> <span class='ocrx_word' id='word_1_410' title='bbox 1155 3023 1157 3025; x_wconf 96' lang='lat'><em>_</em></span> 
     </span>
    </p>
   </div>
   <div class='ocr_carea' id='block_1_57' title="bbox 374 3029 1882 3102">
    <p class='ocr_par' dir='ltr' id='par_1_57' title="bbox 374 3029 1882 3102">
     <span class='ocr_line' id='line_1_57' title="bbox 374 3029 1882 3102; baseline -0.003 -14"><span class='ocrx_word' id='word_1_411' title='bbox 374 3034 402 3074; x_wconf 73' lang='grc' dir='ltr'><strong>ι*</strong></span> <span class='ocrx_word' id='word_1_412' title='bbox 431 3029 836 3102; x_wconf 63' lang='grc' dir='ltr'><strong>ϐοιτιψιιιέθει</strong></span> <span class='ocrx_word' id='word_1_413' title='bbox 881 3033 1058 3098; x_wconf 90' lang='lat' dir='ltr'><strong>locus,</strong></span> <span class='ocrx_word' id='word_1_414' title='bbox 1099 3046 1222 3102; x_wconf 76' lang='lat' dir='ltr'><strong>nam</strong></span> <span class='ocrx_word' id='word_1_415' title='bbox 1251 3029 1573 3086; x_wconf 65' lang='lat' dir='ltr'><strong>Manichacus</strong></span> <span class='ocrx_word' id='word_1_416' title='bbox 1600 3047 1699 3100; x_wconf 89' lang='lat' dir='ltr'><strong>pro</strong></span> <span class='ocrx_word' id='word_1_417' title='bbox 1741 3030 1882 3102; x_wconf 81' lang='lat' dir='ltr'><strong>Mar-</strong></span> 
     </span>
    </p>
   </div>
   <div class='ocr_carea' id='block_1_58' title="bbox 295 3101 1876 3173">
    <p class='ocr_par' dir='ltr' id='par_1_58' title="bbox 295 3101 1876 3173">
     <span class='ocr_line' id='line_1_58' title="bbox 295 3101 1876 3173; baseline -0.004 -14"><span class='ocrx_word' id='word_1_418' title='bbox 295 3105 444 3162; x_wconf 85' lang='lat' dir='ltr'><strong>cello</strong></span> <span class='ocrx_word' id='word_1_419' title='bbox 485 3101 791 3173; x_wconf 81' lang='lat' dir='ltr'><strong>suppositus</strong></span> <span class='ocrx_word' id='word_1_420' title='bbox 818 3109 926 3167; x_wconf 87' lang='lat' dir='ltr'><strong>est,</strong></span> <span class='ocrx_word' id='word_1_421' title='bbox 957 3101 1211 3173; x_wconf 76' lang='lat' dir='ltr'><strong>naturalis</strong></span> <span class='ocrx_word' id='word_1_422' title='bbox 1248 3115 1376 3173; x_wconf 81' lang='lat' dir='ltr'><strong>usus</strong></span> <span class='ocrx_word' id='word_1_423' title='bbox 1413 3101 1876 3173; x_wconf 85' lang='lat' dir='ltr'><strong>_pro_temporali;</strong></span> 
     </span>
    </p>
   </div>
   <div class='ocr_carea' id='block_1_59' title="bbox 298 3169 1879 3244">
    <p class='ocr_par' dir='ltr' id='par_1_59' title="bbox 298 3169 1879 3244">
     <span class='ocr_line' id='line_1_59' title="bbox 298 3169 1879 3244; baseline -0.003 -15"><span class='ocrx_word' id='word_1_424' title='bbox 298 3189 481 3244; x_wconf 85' lang='lat' dir='ltr'><strong>neque</strong></span> <span class='ocrx_word' id='word_1_425' title='bbox 509 3169 649 3244; x_wconf 78' lang='lat' dir='ltr'><strong>enim</strong></span> <span class='ocrx_word' id='word_1_426' title='bbox 675 3170 1277 3244; x_wconf 24' lang='lat' dir='ltr'><strong>umquam‘Maiiiehmus</strong></span> <span class='ocrx_word' id='word_1_427' title='bbox 1322 3169 1515 3244; x_wconf 66' lang='lat' dir='ltr'><strong>legitur</strong></span> <span class='ocrx_word' id='word_1_428' title='bbox 1531 3171 1613 3244; x_wconf 84' lang='lat' dir='ltr'><strong>ita</strong></span> <span class='ocrx_word' id='word_1_429' title='bbox 1650 3169 1879 3224; x_wconf 83' lang='lat' dir='ltr'><strong>sensisse</strong></span> 
     </span>
    </p>
   </div>
   <div class='ocr_carea' id='block_1_60' title="bbox 1985 2817 3552 2892">
    <p class='ocr_par' dir='ltr' id='par_1_60' title="bbox 1985 2817 3552 2892">
     <span class='ocr_line' id='line_1_60' title="bbox 1985 2817 3552 2892; baseline -0.003 -16"><span class='ocrx_word' id='word_1_430' title='bbox 1985 2838 2134 2892; x_wconf 85' lang='lat' dir='ltr'><strong>posse</strong></span> <span class='ocrx_word' id='word_1_431' title='bbox 2172 2820 2384 2892; x_wconf 72' lang='lat' dir='ltr'><strong>videtur,</strong></span> <span class='ocrx_word' id='word_1_432' title='bbox 2427 2820 2560 2892; x_wconf 73' lang='lat' dir='ltr'><strong>quod</strong></span> <span class='ocrx_word' id='word_1_433' title='bbox 2582 2819 2880 2892; x_wconf 12' lang='lat' dir='ltr'><strong>fuegsipellis</strong></span> <span class='ocrx_word' id='word_1_434' title='bbox 2908 2817 3552 2892; x_wconf 44' lang='lat' dir='ltr'><strong>Imresiaayhaiiestoriu</strong></span> 
     </span>
    </p>
   </div>
   <div class='ocr_carea' id='block_1_61' title="bbox 1982 2887 3546 2957">
    <p class='ocr_par' dir='ltr' id='par_1_61' title="bbox 1982 2887 3546 2957">
     <span class='ocr_line' id='line_1_61' title="bbox 1982 2887 3546 2957; baseline -0.001 -12"><span class='ocrx_word' id='word_1_435' title='bbox 1982 2887 2170 2957; x_wconf 74' lang='lat' dir='ltr'><strong>sciens,</strong></span> <span class='ocrx_word' id='word_1_436' title='bbox 2202 2891 2338 2944; x_wconf 87' lang='lat' dir='ltr'><strong>male</strong></span> <span class='ocrx_word' id='word_1_437' title='bbox 2365 2887 2548 2943; x_wconf 81' lang='lat' dir='ltr'><strong>audire</strong></span> <span class='ocrx_word' id='word_1_438' title='bbox 2574 2891 2626 2942; x_wconf 90' lang='lat' dir='ltr'><strong>in</strong></span> <span class='ocrx_word' id='word_1_439' title='bbox 2657 2887 2890 2943; x_wconf 85' lang='lat' dir='ltr'><strong>Ecclesia</strong></span> <span class='ocrx_word' id='word_1_440' title='bbox 2919 2906 3108 2944; x_wconf 83' lang='lat' dir='ltr'><strong>nomen</strong></span> <span class='ocrx_word' id='word_1_441' title='bbox 3129 2888 3284 2942; x_wconf 84' lang='lat' dir='ltr'><strong>Pauli</strong></span> <span class='ocrx_word' id='word_1_442' title='bbox 3304 2888 3546 2944; x_wconf 81' lang='lat' dir='ltr'><strong>Samosa-</strong></span> 
     </span>
    </p>
   </div>
   <div class='ocr_carea' id='block_1_62' title="bbox 1986 2959 3544 3032">
    <p class='ocr_par' dir='ltr' id='par_1_62' title="bbox 1986 2959 3544 3032">
     <span class='ocr_line' id='line_1_62' title="bbox 1986 2959 3544 3032; baseline -0.001 -18"><span class='ocrx_word' id='word_1_443' title='bbox 1986 2963 2088 3014; x_wconf 89' lang='lat' dir='ltr'><strong>teni</strong></span> <span class='ocrx_word' id='word_1_444' title='bbox 2109 2999 2136 3032; x_wconf 13' lang='lat'><strong>,7</strong></span> <span class='ocrx_word' id='word_1_445' title='bbox 2156 2971 2305 3032; x_wconf 87' lang='lat' dir='ltr'><strong>atque</strong></span> <span class='ocrx_word' id='word_1_446' title='bbox 2346 2960 2409 3013; x_wconf 90' lang='lat' dir='ltr'><strong>ab</strong></span> <span class='ocrx_word' id='word_1_447' title='bbox 2457 2959 2752 3032; x_wconf 66' lang='lat' dir='ltr'><strong>orthodoxi:</strong></span> <span class='ocrx_word' id='word_1_448' title='bbox 2805 2959 3058 3032; x_wconf 37' lang='lat' dir='ltr'><strong>omnibus,</strong></span> <span class='ocrx_word' id='word_1_449' title='bbox 3086 2959 3270 3032; x_wconf 80' lang='lat' dir='ltr'><strong>procul</strong></span> <span class='ocrx_word' id='word_1_450' title='bbox 3293 2960 3544 3032; x_wconf 68' lang='lat' dir='ltr'><strong>explodi,</strong></span> 
     </span>
    </p>
   </div>
   <div class='ocr_carea' id='block_1_63' title="bbox 1985 3029 3547 3099">
    <p class='ocr_par' dir='ltr' id='par_1_63' title="bbox 1985 3029 3547 3099">
     <span class='ocr_line' id='line_1_63' title="bbox 1985 3029 3547 3099; baseline -0.001 -15"><span class='ocrx_word' id='word_1_451' title='bbox 1985 3029 2243 3099; x_wconf 64' lang='lat' dir='ltr'><strong>simulauit</strong></span> <span class='ocrx_word' id='word_1_452' title='bbox 2262 3047 2318 3082; x_wconf 87' lang='lat' dir='ltr'><strong>se</strong></span> <span class='ocrx_word' id='word_1_453' title='bbox 2337 3029 2566 3082; x_wconf 86' lang='lat' dir='ltr'><strong>eumdem</strong></span> <span class='ocrx_word' id='word_1_454' title='bbox 2595 3029 2815 3099; x_wconf 84' lang='lat' dir='ltr'><strong>Paulum</strong></span> <span class='ocrx_word' id='word_1_455' title='bbox 2845 3031 3035 3098; x_wconf 78' lang='lat' dir='ltr'><strong>pariter</strong></span> <span class='ocrx_word' id='word_1_456' title='bbox 3061 3029 3322 3099; x_wconf 77' lang='lat' dir='ltr'><strong>detestari,</strong></span> <span class='ocrx_word' id='word_1_457' title='bbox 3337 3031 3547 3099; x_wconf 79' lang='lat' dir='ltr'><strong>proﬁte-</strong></span> 
     </span>
    </p>
   </div>
   <div class='ocr_carea' id='block_1_64' title="bbox 1982 3097 3548 3170">
    <p class='ocr_par' dir='ltr' id='par_1_64' title="bbox 1982 3097 3548 3170">
     <span class='ocr_line' id='line_1_64' title="bbox 1982 3097 3548 3170; baseline -0.001 -17"><span class='ocrx_word' id='word_1_458' title='bbox 1982 3102 2124 3170; x_wconf 88' lang='lat' dir='ltr'><strong>rique</strong></span> <span class='ocrx_word' id='word_1_459' title='bbox 2149 3097 2419 3170; x_wconf 68' lang='lat' dir='ltr'><strong>Nicasnum</strong></span> <span class='ocrx_word' id='word_1_460' title='bbox 2439 3098 2730 3170; x_wconf 69' lang='lat' dir='ltr'><strong>concilium,</strong></span> <span class='ocrx_word' id='word_1_461' title='bbox 2761 3107 2816 3150; x_wconf 87' lang='lat' dir='ltr'><strong>ut</strong></span> <span class='ocrx_word' id='word_1_462' title='bbox 2839 3099 3074 3170; x_wconf 81' lang='lat' dir='ltr'><strong>comedo</strong></span> <span class='ocrx_word' id='word_1_463' title='bbox 3097 3098 3416 3170; x_wconf 73' lang='lat' dir='ltr'><strong>audientium</strong></span> <span class='ocrx_word' id='word_1_464' title='bbox 3433 3097 3548 3151; x_wconf 81' lang='lat' dir='ltr'><strong>ani-</strong></span> 
     </span>
    </p>
   </div>
   <div class='ocr_carea' id='block_1_65' title="bbox 1981 3166 3546 3237">
    <p class='ocr_par' dir='ltr' id='par_1_65' title="bbox 1981 3166 3546 3237">
     <span class='ocr_line' id='line_1_65' title="bbox 1981 3166 3546 3237; baseline -0.003 -13"><span class='ocrx_word' id='word_1_465' title='bbox 1981 3166 2091 3224; x_wconf 84' lang='lat' dir='ltr'><strong>mos</strong></span> <span class='ocrx_word' id='word_1_466' title='bbox 2111 3170 2207 3223; x_wconf 87' lang='lat' dir='ltr'><strong>sibi</strong></span> <span class='ocrx_word' id='word_1_467' title='bbox 2237 3169 2554 3222; x_wconf 80' lang='lat' dir='ltr'><strong>conciliaret.</strong></span> <span class='ocrx_word' id='word_1_468' title='bbox 2589 3166 2736 3221; x_wconf 82' lang='lat' dir='ltr'><strong>Unde</strong></span> <span class='ocrx_word' id='word_1_469' title='bbox 2764 3168 2949 3220; x_wconf 86' lang='lat' dir='ltr'><strong>accidit</strong></span> <span class='ocrx_word' id='word_1_470' title='bbox 2975 3177 3031 3237; x_wconf 71' lang='lat' dir='ltr'><strong>ut</strong></span> <span class='ocrx_word' id='word_1_471' title='bbox 3060 3169 3167 3237; x_wconf 79' lang='lat' dir='ltr'><strong>ipse</strong></span> <span class='ocrx_word' id='word_1_472' title='bbox 3199 3166 3473 3222; x_wconf 87' lang='lat' dir='ltr'><strong>Nestorius</strong></span> <span class='ocrx_word' id='word_1_473' title='bbox 3496 3171 3546 3220; x_wconf 87' lang='lat' dir='ltr'><strong>in</strong></span> 
     </span>
    </p>
   </div>
   <div class='ocr_carea' id='block_1_66' title="bbox 298 3230 3546 3322">
    <p class='ocr_par' dir='ltr' id='par_1_66' title="bbox 298 3230 3546 3322">
     <span class='ocr_line' id='line_1_66' title="bbox 298 3230 3546 3322; baseline -0.002 -24"><span class='ocrx_word' id='word_1_474' title='bbox 298 3245 373 3322; x_wconf 74' lang='lat' dir='ltr'><strong>de</strong></span> <span class='ocrx_word' id='word_1_475' title='bbox 393 3230 657 3322; x_wconf 52' lang='lat' dir='ltr'><strong>&#39;Christo,</strong></span> <span class='ocrx_word' id='word_1_476' title='bbox 689 3230 850 3322; x_wconf 65' lang='lat' dir='ltr'><strong>atque</strong></span> <span class='ocrx_word' id='word_1_477' title='bbox 891 3241 978 3322; x_wconf 83' lang='lat' dir='ltr'><strong>hic</strong></span> <span class='ocrx_word' id='word_1_478' title='bbox 1024 3241 1238 3306; x_wconf 87' lang='lat' dir='ltr'><strong>dicitur,</strong></span> <span class='ocrx_word' id='word_1_479' title='bbox 1277 3230 1402 3293; x_wconf 56' lang='lat' dir='ltr'><strong>sed&#39;</strong></span> <span class='ocrx_word' id='word_1_480' title='bbox 1417 3238 1618 3322; x_wconf 26' lang='lat' dir='ltr'><strong>Ohrist‘i</strong></span> <span class='ocrx_word' id='word_1_481' title='bbox 1664 3255 1878 3322; x_wconf 49' lang='lat' dir='ltr'><strong>carnem</strong></span> <span class='ocrx_word' id='word_1_482' title='bbox 1905 3230 1948 3289; x_wconf 90' lang='lat' dir='ltr'>C</span> <span class='ocrx_word' id='word_1_483' title='bbox 1981 3239 2205 3293; x_wconf 87' lang='lat' dir='ltr'><strong>Paulum</strong></span> <span class='ocrx_word' id='word_1_484' title='bbox 2232 3241 2329 3292; x_wconf 84' lang='lat' dir='ltr'><strong>ista</strong></span> <span class='ocrx_word' id='word_1_485' title='bbox 2357 3239 2572 3308; x_wconf 86' lang='lat' dir='ltr'><strong>jactarit</strong></span> <span class='ocrx_word' id='word_1_486' title='bbox 2593 3237 2727 3322; x_wconf 65' lang='lat' dir='ltr'><strong>:§ic</strong></span> <span class='ocrx_word' id='word_1_487' title='bbox 2757 3253 2962 3291; x_wconf 77' lang='lat' dir='ltr'><strong>PEREAT</strong></span> <span class='ocrx_word' id='word_1_488' title='bbox 3008 3230 3218 3294; x_wconf 58' lang='lat' dir='ltr'><strong>Primus</strong></span> <span class='ocrx_word' id='word_1_489' title='bbox 3238 3237 3546 3293; x_wconf 65' lang='lat' dir='ltr'><strong>Sanusne-</strong></span> 
     </span>
    </p>
   </div>
   <div class='ocr_carea' id='block_1_67' title="bbox 300 3309 1883 3383">
    <p class='ocr_par' dir='ltr' id='par_1_67' title="bbox 300 3309 1883 3383">
     <span class='ocr_line' id='line_1_67' title="bbox 300 3309 1883 3383; baseline -0.002 -17"><span class='ocrx_word' id='word_1_490' title='bbox 300 3312 694 3383; x_wconf 88' lang='lat' dir='ltr'><strong>phantasticam</strong></span> <span class='ocrx_word' id='word_1_491' title='bbox 723 3309 875 3376; x_wconf 83' lang='lat' dir='ltr'><strong>dixit,</strong></span> <span class='ocrx_word' id='word_1_492' title='bbox 906 3319 960 3364; x_wconf 92' lang='lat' dir='ltr'><strong>et</strong></span> <span class='ocrx_word' id='word_1_493' title='bbox 980 3325 1085 3363; x_wconf 88' lang='lat' dir='ltr'><strong>non</strong></span> <span class='ocrx_word' id='word_1_494' title='bbox 1118 3324 1300 3383; x_wconf 76' lang='lat' dir='ltr'><strong>verum</strong></span> <span class='ocrx_word' id='word_1_495' title='bbox 1326 3309 1722 3383; x_wconf 68' lang='lat' dir='ltr'><strong>vestimentum.</strong></span> <span class='ocrx_word' id='word_1_496' title='bbox 1749 3309 1883 3383; x_wconf 73' lang='lat' dir='ltr'><strong>illar-</strong></span> 
     </span>
    </p>
   </div>
   <div class='ocr_carea' id='block_1_68' title="bbox 299 3377 1877 3446">
    <p class='ocr_par' dir='ltr' id='par_1_68' title="bbox 299 3377 1877 3446">
     <span class='ocr_line' id='line_1_68' title="bbox 299 3377 1877 3446; baseline -0.004 -9"><span class='ocrx_word' id='word_1_497' title='bbox 299 3377 476 3437; x_wconf 67' lang='lat' dir='ltr'><strong>i&#39;ellus</strong></span> <span class='ocrx_word' id='word_1_498' title='bbox 501 3389 676 3436; x_wconf 90' lang='lat' dir='ltr'><strong>autem</strong></span> <span class='ocrx_word' id='word_1_499' title='bbox 694 3423 709 3443; x_wconf 86' lang='lat'><strong>,</strong></span> <span class='ocrx_word' id='word_1_500' title='bbox 734 3389 792 3434; x_wconf 93' lang='lat' dir='ltr'><strong>ut</strong></span> <span class='ocrx_word' id='word_1_501' title='bbox 819 3389 900 3435; x_wconf 89' lang='lat' dir='ltr'><strong>est</strong></span> <span class='ocrx_word' id='word_1_502' title='bbox 941 3395 970 3433; x_wconf 88' lang='lat' dir='ltr'><strong>a</strong></span> <span class='ocrx_word' id='word_1_503' title='bbox 1000 3378 1270 3433; x_wconf 86' lang='lat' dir='ltr'><strong>veteribus</strong></span> <span class='ocrx_word' id='word_1_504' title='bbox 1297 3377 1584 3446; x_wconf 85' lang='lat' dir='ltr'><strong>proditum.</strong></span> <span class='ocrx_word' id='word_1_505' title='bbox 1614 3379 1877 3443; x_wconf 86' lang='lat' dir='ltr'><strong>deliravit,</strong></span> 
     </span>
    </p>
   </div>
   <div class='ocr_carea' id='block_1_69' title="bbox 298 3447 1883 3521">
    <p class='ocr_par' dir='ltr' id='par_1_69' title="bbox 298 3447 1883 3521">
     <span class='ocr_line' id='line_1_69' title="bbox 298 3447 1883 3521; baseline -0.003 -15"><span class='ocrx_word' id='word_1_506' title='bbox 298 3459 631 3521; x_wconf 75' lang='lat' dir='ltr'><strong>assumptum</strong></span> <span class='ocrx_word' id='word_1_507' title='bbox 661 3451 823 3521; x_wconf 83' lang='lat' dir='ltr'><strong>fuisse</strong></span> <span class='ocrx_word' id='word_1_508' title='bbox 851 3450 916 3504; x_wconf 89' lang='lat' dir='ltr'><strong>ad</strong></span> <span class='ocrx_word' id='word_1_509' title='bbox 939 3455 1146 3518; x_wconf 90' lang='lat' dir='ltr'><strong>tempus</strong></span> <span class='ocrx_word' id='word_1_510' title='bbox 1173 3462 1204 3501; x_wconf 89' lang='lat' dir='ltr'><strong>a</strong></span> <span class='ocrx_word' id='word_1_511' title='bbox 1224 3447 1400 3521; x_wconf 67' lang='lat' dir='ltr'><strong>verbo</strong></span> <span class='ocrx_word' id='word_1_512' title='bbox 1428 3448 1718 3521; x_wconf 80' lang='lat' dir='ltr'><strong>humanam</strong></span> <span class='ocrx_word' id='word_1_513' title='bbox 1736 3457 1883 3521; x_wconf 83' lang='lat' dir='ltr'><strong>natu-</strong></span> 
     </span>
    </p>
   </div>
   <div class='ocr_carea' id='block_1_70' title="bbox 301 3515 1882 3592">
    <p class='ocr_par' dir='ltr' id='par_1_70' title="bbox 301 3515 1882 3592">
     <span class='ocr_line' id='line_1_70' title="bbox 301 3515 1882 3592; baseline -0.001 -20"><span class='ocrx_word' id='word_1_514' title='bbox 301 3538 422 3592; x_wconf 69' lang='lat' dir='ltr'><strong>ram</strong></span> <span class='ocrx_word' id='word_1_515' title='bbox 443 3538 466 3592; x_wconf 79' lang='lat'><strong>;_</strong></span> <span class='ocrx_word' id='word_1_516' title='bbox 491 3515 872 3592; x_wconf 76' lang='lat' dir='ltr'><strong>deponendam</strong></span> <span class='ocrx_word' id='word_1_517' title='bbox 903 3515 1065 3592; x_wconf 58' lang='lat' dir='ltr'><strong>vero,</strong></span> <span class='ocrx_word' id='word_1_518' title='bbox 1093 3525 1215 3592; x_wconf 76' lang='lat' dir='ltr'><strong>post</strong></span> <span class='ocrx_word' id='word_1_519' title='bbox 1253 3515 1456 3592; x_wconf 73' lang='lat' dir='ltr'><strong>factum</strong></span> <span class='ocrx_word' id='word_1_520' title='bbox 1474 3517 1553 3592; x_wconf 66' lang='lat' dir='ltr'><strong>de</strong></span> <span class='ocrx_word' id='word_1_521' title='bbox 1578 3517 1882 3592; x_wconf 79' lang='lat' dir='ltr'><strong>hominibus</strong></span> 
     </span>
    </p>
   </div>
   <div class='ocr_carea' id='block_1_71' title="bbox 295 3586 1882 3660">
    <p class='ocr_par' dir='ltr' id='par_1_71' title="bbox 295 3586 1882 3660">
     <span class='ocr_line' id='line_1_71' title="bbox 295 3586 1882 3660; baseline -0.001 -18"><span class='ocrx_word' id='word_1_522' title='bbox 295 3586 588 3660; x_wconf 60' lang='lat' dir='ltr'><strong>judicium:</strong></span> <span class='ocrx_word' id='word_1_523' title='bbox 606 3590 695 3644; x_wconf 89' lang='lat' dir='ltr'><strong>Sic</strong></span> <span class='ocrx_word' id='word_1_524' title='bbox 721 3604 848 3656; x_wconf 86' lang='lat' dir='ltr'><strong>ergo</strong></span> <span class='ocrx_word' id='word_1_525' title='bbox 877 3586 1400 3660; x_wconf 76' lang='lat' dir='ltr'><strong>emendandusloeus</strong></span> <span class='ocrx_word' id='word_1_526' title='bbox 1425 3606 1437 3639; x_wconf 90' lang='lat'>:</span> <span class='ocrx_word' id='word_1_527' title='bbox 1473 3586 1697 3660; x_wconf 82' lang='lat' dir='ltr'><strong>Tametsi</strong></span> <span class='ocrx_word' id='word_1_528' title='bbox 1718 3587 1882 3640; x_wconf 83' lang='lat' dir='ltr'><strong>decies</strong></span> 
     </span>
    </p>
   </div>
   <div class='ocr_carea' id='block_1_72' title="bbox 304 3656 1884 3725">
    <p class='ocr_par' dir='ltr' id='par_1_72' title="bbox 304 3656 1884 3725">
     <span class='ocr_line' id='line_1_72' title="bbox 304 3656 1884 3725; baseline -0.003 -12"><span class='ocrx_word' id='word_1_529' title='bbox 304 3656 496 3725; x_wconf 68' lang='lat' dir='ltr'><strong>millies</strong></span> <span class='ocrx_word' id='word_1_530' title='bbox 520 3661 775 3714; x_wconf 83' lang='lat' dir='ltr'><strong>irascatur</strong></span> <span class='ocrx_word' id='word_1_531' title='bbox 802 3658 1014 3712; x_wconf 83' lang='lat' dir='ltr'><strong>audiens</strong></span> <span class='ocrx_word' id='word_1_532' title='bbox 1043 3656 1339 3719; x_wconf 80' lang='lat' dir='ltr'><strong>Marcellus,</strong></span> <span class='ocrx_word' id='word_1_533' title='bbox 1365 3673 1464 3710; x_wconf 88' lang='lat' dir='ltr'><strong>non</strong></span> <span class='ocrx_word' id='word_1_534' title='bbox 1494 3657 1562 3708; x_wconf 89' lang='lat' dir='ltr'><strong>ad</strong></span> <span class='ocrx_word' id='word_1_535' title='bbox 1581 3673 1727 3709; x_wconf 85' lang='lat' dir='ltr'><strong>usum</strong></span> <span class='ocrx_word' id='word_1_536' title='bbox 1759 3666 1884 3709; x_wconf 85' lang='lat' dir='ltr'><strong>tem-</strong></span> 
     </span>
    </p>
   </div>
   <div class='ocr_carea' id='block_1_73' title="bbox 301 3725 1880 3799">
    <p class='ocr_par' dir='ltr' id='par_1_73' title="bbox 301 3725 1880 3799">
     <span class='ocr_line' id='line_1_73' title="bbox 301 3725 1880 3799; baseline -0.002 -17"><span class='ocrx_word' id='word_1_537' title='bbox 301 3729 538 3799; x_wconf 83' lang='lat' dir='ltr'><strong>poralem</strong></span> <span class='ocrx_word' id='word_1_538' title='bbox 580 3730 773 3798; x_wconf 81' lang='lat' dir='ltr'><strong>accepit</strong></span> <span class='ocrx_word' id='word_1_539' title='bbox 794 3728 888 3782; x_wconf 86' lang='lat' dir='ltr'><strong>hoc</strong></span> <span class='ocrx_word' id='word_1_540' title='bbox 899 3729 1287 3799; x_wconf 78' lang='lat' dir='ltr'><strong>_eestimentum,</strong></span> <span class='ocrx_word' id='word_1_541' title='bbox 1311 3725 1401 3778; x_wconf 87' lang='lat' dir='ltr'><strong>sed</strong></span> <span class='ocrx_word' id='word_1_542' title='bbox 1428 3728 1480 3779; x_wconf 88' lang='lat' dir='ltr'><strong>in</strong></span> <span class='ocrx_word' id='word_1_543' title='bbox 1503 3726 1880 3799; x_wconf 82' lang='lat' dir='ltr'><strong>sempiternum,</strong></span> 
     </span>
    </p>
   </div>
   <div class='ocr_carea' id='block_1_74' title="bbox 307 3795 1708 3866">
    <p class='ocr_par' dir='ltr' id='par_1_74' title="bbox 307 3795 1708 3866">
     <span class='ocr_line' id='line_1_74' title="bbox 307 3795 1708 3866; baseline 0 -16"><span class='ocrx_word' id='word_1_544' title='bbox 307 3795 369 3851; x_wconf 71' lang='lat' dir='ltr'><strong>ut</strong></span> <span class='ocrx_word' id='word_1_545' title='bbox 397 3799 468 3851; x_wconf 90' lang='lat' dir='ltr'><strong>ad</strong></span> <span class='ocrx_word' id='word_1_546' title='bbox 497 3795 729 3852; x_wconf 75' lang='lat' dir='ltr'><strong>dextram</strong></span> <span class='ocrx_word' id='word_1_547' title='bbox 752 3814 860 3852; x_wconf 72' lang='lat' dir='ltr'><strong>sua:</strong></span> <span class='ocrx_word' id='word_1_548' title='bbox 888 3795 1200 3866; x_wconf 78' lang='lat' dir='ltr'><strong>Divinitatis</strong></span> <span class='ocrx_word' id='word_1_549' title='bbox 1219 3795 1708 3866; x_wconf 66' lang='lat' dir='ltr'><strong>taceretconsidere.</strong></span> 
     </span>
    </p>
   </div>
   <div class='ocr_carea' id='block_1_75' title="bbox 381 3865 1885 3934">
    <p class='ocr_par' dir='ltr' id='par_1_75' title="bbox 381 3865 1885 3934">
     <span class='ocr_line' id='line_1_75' title="bbox 381 3865 1885 3934; baseline -0.001 -15"><span class='ocrx_word' id='word_1_550' title='bbox 381 3867 784 3923; x_wconf 85' lang='lat' dir='ltr'><strong>Emendationis</strong></span> <span class='ocrx_word' id='word_1_551' title='bbox 812 3883 971 3930; x_wconf 79' lang='lat' dir='ltr'><strong>causa</strong></span> <span class='ocrx_word' id='word_1_552' title='bbox 1000 3865 1278 3934; x_wconf 78' lang='lat' dir='ltr'><strong>multiplex</strong></span> <span class='ocrx_word' id='word_1_553' title='bbox 1306 3865 1520 3934; x_wconf 89' lang='lat' dir='ltr'><strong>quidem</strong></span> <span class='ocrx_word' id='word_1_554' title='bbox 1550 3873 1660 3929; x_wconf 90' lang='lat' dir='ltr'><strong>est,</strong></span> <span class='ocrx_word' id='word_1_555' title='bbox 1693 3870 1754 3934; x_wconf 83' lang='lat' dir='ltr'><strong>et</strong></span> <span class='ocrx_word' id='word_1_556' title='bbox 1786 3879 1885 3934; x_wconf 85' lang='lat' dir='ltr'><strong>po—</strong></span> 
     </span>
    </p>
   </div>
   <div class='ocr_carea' id='block_1_76' title="bbox 307 3933 1882 4004">
    <p class='ocr_par' dir='ltr' id='par_1_76' title="bbox 307 3933 1882 4004">
     <span class='ocr_line' id='line_1_76' title="bbox 307 3933 1882 4004; baseline -0.003 -14"><span class='ocrx_word' id='word_1_557' title='bbox 307 3938 574 3991; x_wconf 83' lang='lat' dir='ltr'><strong>tissimum</strong></span> <span class='ocrx_word' id='word_1_558' title='bbox 594 3953 660 3992; x_wconf 81' lang='lat' dir='ltr'><strong>ex</strong></span> <span class='ocrx_word' id='word_1_559' title='bbox 682 3937 902 3991; x_wconf 88' lang='lat' dir='ltr'><strong>historia</strong></span> <span class='ocrx_word' id='word_1_560' title='bbox 927 3933 1375 4004; x_wconf 83' lang='lat' dir='ltr'><strong>Marcellipetita;</strong></span> <span class='ocrx_word' id='word_1_561' title='bbox 1399 3934 1491 3988; x_wconf 90' lang='lat' dir='ltr'><strong>sed</strong></span> <span class='ocrx_word' id='word_1_562' title='bbox 1514 3935 1645 4004; x_wconf 75' lang='lat' dir='ltr'><strong>haec,</strong></span> <span class='ocrx_word' id='word_1_563' title='bbox 1670 3933 1882 4004; x_wconf 82' lang='lat' dir='ltr'><strong>opinor,</strong></span> 
     </span>
    </p>
   </div>
   <div class='ocr_carea' id='block_1_77' title="bbox 307 4003 1880 4075">
    <p class='ocr_par' dir='ltr' id='par_1_77' title="bbox 307 4003 1880 4075">
     <span class='ocr_line' id='line_1_77' title="bbox 307 4003 1880 4075; baseline -0.003 -17"><span class='ocrx_word' id='word_1_564' title='bbox 307 4007 550 4061; x_wconf 77' lang='lat' dir='ltr'><strong>omnium</strong></span> <span class='ocrx_word' id='word_1_565' title='bbox 579 4007 894 4071; x_wconf 88' lang='lat' dir='ltr'><strong>certissima,</strong></span> <span class='ocrx_word' id='word_1_566' title='bbox 917 4004 1059 4075; x_wconf 90' lang='lat' dir='ltr'><strong>quod</strong></span> <span class='ocrx_word' id='word_1_567' title='bbox 1081 4003 1519 4075; x_wconf 52' lang='lat' dir='ltr'><strong>Chrysostomum</strong></span> <span class='ocrx_word' id='word_1_568' title='bbox 1551 4003 1772 4075; x_wconf 78' lang='lat' dir='ltr'><strong>(Iloniil.</strong></span> <span class='ocrx_word' id='word_1_569' title='bbox 1797 4003 1880 4066; x_wconf 80' lang='lat' dir='ltr'><strong>li,</strong></span> 
     </span>
    </p>
   </div>
   <div class='ocr_carea' id='block_1_78' title="bbox 305 4072 1887 4143">
    <p class='ocr_par' dir='ltr' id='par_1_78' title="bbox 305 4072 1887 4143">
     <span class='ocr_line' id='line_1_78' title="bbox 305 4072 1887 4143; baseline -0.001 -15"><span class='ocrx_word' id='word_1_570' title='bbox 305 4078 366 4129; x_wconf 87' lang='lat' dir='ltr'><strong>in</strong></span> <span class='ocrx_word' id='word_1_571' title='bbox 386 4075 660 4143; x_wconf 86' lang='lat' dir='ltr'><strong>Joannem,</strong></span> <span class='ocrx_word' id='word_1_572' title='bbox 684 4077 753 4130; x_wconf 90' lang='lat' dir='ltr'><strong>ad</strong></span> <span class='ocrx_word' id='word_1_573' title='bbox 777 4077 886 4130; x_wconf 78' lang='lat' dir='ltr'><strong>lucc</strong></span> <span class='ocrx_word' id='word_1_574' title='bbox 916 4072 1067 4128; x_wconf 66' lang='lat' dir='ltr'><strong>verba</strong></span> <span class='ocrx_word' id='word_1_575' title='bbox 1097 4092 1109 4126; x_wconf 88' lang='lat'><strong>:</strong></span> <span class='ocrx_word' id='word_1_576' title='bbox 1143 4072 1212 4127; x_wconf 77' lang='lat' dir='ltr'><strong>Et</strong></span> <span class='ocrx_word' id='word_1_577' title='bbox 1240 4072 1486 4127; x_wconf 83' lang='lat' dir='ltr'><strong>habitavit</strong></span> <span class='ocrx_word' id='word_1_578' title='bbox 1523 4072 1576 4126; x_wconf 89' lang='lat' dir='ltr'><strong>in</strong></span> <span class='ocrx_word' id='word_1_579' title='bbox 1605 4073 1794 4141; x_wconf 87' lang='lat' dir='ltr'><strong>nobis),</strong></span> <span class='ocrx_word' id='word_1_580' title='bbox 1828 4081 1887 4126; x_wconf 91' lang='lat' dir='ltr'><strong>ut</strong></span> 
     </span>
    </p>
   </div>
   <div class='ocr_carea' id='block_1_79' title="bbox 306 4143 1888 4210">
    <p class='ocr_par' dir='ltr' id='par_1_79' title="bbox 306 4143 1888 4210">
     <span class='ocr_line' id='line_1_79' title="bbox 306 4143 1888 4210; baseline -0.002 -12"><span class='ocrx_word' id='word_1_581' title='bbox 306 4146 480 4210; x_wconf 83' lang='lat' dir='ltr'><strong>solet,</strong></span> <span class='ocrx_word' id='word_1_582' title='bbox 512 4147 614 4201; x_wconf 93' lang='lat' dir='ltr'><strong>hoc</strong></span> <span class='ocrx_word' id='word_1_583' title='bbox 660 4147 820 4200; x_wconf 91' lang='lat' dir='ltr'><strong>etiam</strong></span> <span class='ocrx_word' id='word_1_584' title='bbox 851 4145 901 4198; x_wconf 93' lang='lat' dir='ltr'><strong>in</strong></span> <span class='ocrx_word' id='word_1_585' title='bbox 947 4144 1065 4200; x_wconf 89' lang='lat' dir='ltr'><strong>loco</strong></span> <span class='ocrx_word' id='word_1_586' title='bbox 1103 4143 1378 4197; x_wconf 82' lang='lat' dir='ltr'><strong>Nestorius</strong></span> <span class='ocrx_word' id='word_1_587' title='bbox 1417 4143 1652 4198; x_wconf 89' lang='lat' dir='ltr'><strong>imitatus</strong></span> <span class='ocrx_word' id='word_1_588' title='bbox 1679 4143 1765 4196; x_wconf 90' lang='lat' dir='ltr'><strong>sit.</strong></span> <span class='ocrx_word' id='word_1_589' title='bbox 1800 4143 1888 4195; x_wconf 87' lang='lat' dir='ltr'><strong>Ait</strong></span> 
     </span>
    </p>
   </div>
   <div class='ocr_carea' id='block_1_80' title="bbox 307 4211 1886 4285">
    <p class='ocr_par' dir='ltr' id='par_1_80' title="bbox 307 4211 1886 4285">
     <span class='ocr_line' id='line_1_80' title="bbox 307 4211 1886 4285; baseline -0.001 -18"><span class='ocrx_word' id='word_1_590' title='bbox 307 4230 444 4268; x_wconf 74' lang='lat' dir='ltr'><strong>vero</strong></span> <span class='ocrx_word' id='word_1_591' title='bbox 482 4215 570 4269; x_wconf 92' lang='lat' dir='ltr'><strong>ille</strong></span> <span class='ocrx_word' id='word_1_592' title='bbox 604 4234 616 4268; x_wconf 92' lang='lat'>:</span> <span class='ocrx_word' id='word_1_593' title='bbox 651 4213 1008 4285; x_wconf 82' lang='lat' dir='ltr'><strong>Contemplare</strong></span> <span class='ocrx_word' id='word_1_594' title='bbox 1045 4213 1168 4266; x_wconf 84' lang='lat' dir='ltr'><strong>mihi</strong></span> <span class='ocrx_word' id='word_1_595' title='bbox 1222 4211 1493 4266; x_wconf 85' lang='lat' dir='ltr'><strong>terribilem</strong></span> <span class='ocrx_word' id='word_1_596' title='bbox 1547 4223 1596 4285; x_wconf 84' lang='lat' dir='ltr'><strong>et</strong></span> <span class='ocrx_word' id='word_1_597' title='bbox 1642 4229 1886 4285; x_wconf 79' lang='lat' dir='ltr'><strong>arcanam</strong></span> 
     </span>
    </p>
   </div>
   <div class='ocr_carea' id='block_1_81' title="bbox 307 4281 1887 4355">
    <p class='ocr_par' dir='ltr' id='par_1_81' title="bbox 307 4281 1887 4355">
     <span class='ocr_line' id='line_1_81' title="bbox 307 4281 1887 4355; baseline -0.001 -19"><span class='ocrx_word' id='word_1_598' title='bbox 307 4285 454 4340; x_wconf 78' lang='lat' dir='ltr'><strong>illius</strong></span> <span class='ocrx_word' id='word_1_599' title='bbox 483 4286 709 4355; x_wconf 82' lang='lat' dir='ltr'><strong>mysterii</strong></span> <span class='ocrx_word' id='word_1_600' title='bbox 750 4281 1070 4353; x_wconf 79' lang='lat' dir='ltr'><strong>dignitatem,</strong></span> <span class='ocrx_word' id='word_1_601' title='bbox 1100 4299 1220 4335; x_wconf 91' lang='lat' dir='ltr'><strong>nam</strong></span> <span class='ocrx_word' id='word_1_602' title='bbox 1243 4281 1887 4355; x_wconf 74' lang='lat' dir='ltr'><strong>perpetuotabernaculum</strong></span> 
     </span>
    </p>
   </div>
   <div class='ocr_carea' id='block_1_82' title="bbox 308 4351 1888 4418">
    <p class='ocr_par' dir='ltr' id='par_1_82' title="bbox 308 4351 1888 4418">
     <span class='ocr_line' id='line_1_82' title="bbox 308 4351 1888 4418; baseline -0.001 -12"><span class='ocrx_word' id='word_1_603' title='bbox 308 4355 455 4414; x_wconf 77' lang='lat' dir='ltr'><strong>istud</strong></span> <span class='ocrx_word' id='word_1_604' title='bbox 473 4351 680 4418; x_wconf 64' lang='lat' dir='ltr'><strong>incolit;</strong></span> <span class='ocrx_word' id='word_1_605' title='bbox 702 4351 885 4408; x_wconf 37' lang='lat' dir='ltr'><strong>etcn&#39;im</strong></span> <span class='ocrx_word' id='word_1_606' title='bbox 908 4369 1113 4405; x_wconf 85' lang='lat' dir='ltr'><strong>carnem</strong></span> <span class='ocrx_word' id='word_1_607' title='bbox 1153 4361 1382 4405; x_wconf 84' lang='lat' dir='ltr'><strong>nostram</strong></span> <span class='ocrx_word' id='word_1_608' title='bbox 1410 4351 1593 4415; x_wconf 87' lang='lat' dir='ltr'><strong>induit,</strong></span> <span class='ocrx_word' id='word_1_609' title='bbox 1624 4366 1726 4404; x_wconf 88' lang='lat' dir='ltr'><strong>non</strong></span> <span class='ocrx_word' id='word_1_610' title='bbox 1759 4360 1888 4404; x_wconf 84' lang='lat' dir='ltr'><strong>tam-</strong></span> 
     </span>
    </p>
   </div>
   <div class='ocr_carea' id='block_1_83' title="bbox 309 4420 1888 4494">
    <p class='ocr_par' dir='ltr' id='par_1_83' title="bbox 309 4420 1888 4494">
     <span class='ocr_line' id='line_1_83' title="bbox 309 4420 1888 4494; baseline -0.002 -18"><span class='ocrx_word' id='word_1_611' title='bbox 309 4439 467 4494; x_wconf 73' lang='lat' dir='ltr'><strong>quam</strong></span> <span class='ocrx_word' id='word_1_612' title='bbox 494 4425 680 4494; x_wconf 85' lang='lat' dir='ltr'><strong>iterum</strong></span> <span class='ocrx_word' id='word_1_613' title='bbox 708 4425 854 4480; x_wconf 83' lang='lat' dir='ltr'><strong>illam</strong></span> <span class='ocrx_word' id='word_1_614' title='bbox 893 4421 1242 4494; x_wconf 71' lang='lat' dir='ltr'><strong>derelictui-us,</strong></span> <span class='ocrx_word' id='word_1_615' title='bbox 1266 4420 1356 4474; x_wconf 90' lang='lat' dir='ltr'><strong>sed</strong></span> <span class='ocrx_word' id='word_1_616' title='bbox 1393 4429 1448 4494; x_wconf 79' lang='lat' dir='ltr'><strong>ut</strong></span> <span class='ocrx_word' id='word_1_617' title='bbox 1483 4436 1652 4494; x_wconf 73' lang='lat' dir='ltr'><strong>secum</strong></span> <span class='ocrx_word' id='word_1_618' title='bbox 1690 4437 1888 4490; x_wconf 82' lang='lat' dir='ltr'><strong>semper</strong></span> 
     </span>
    </p>
   </div>
   <div class='ocr_carea' id='block_1_84' title="bbox 308 4488 1888 4563">
    <p class='ocr_par' dir='ltr' id='par_1_84' title="bbox 308 4488 1888 4563">
     <span class='ocr_line' id='line_1_84' title="bbox 308 4488 1888 4563; baseline -0.003 -17"><span class='ocrx_word' id='word_1_619' title='bbox 308 4488 462 4552; x_wconf 76' lang='lat' dir='ltr'><strong>illam</strong></span> <span class='ocrx_word' id='word_1_620' title='bbox 481 4493 782 4547; x_wconf 71' lang='lat' dir='ltr'><strong>habiturus:</strong></span> <span class='ocrx_word' id='word_1_621' title='bbox 805 4494 986 4563; x_wconf 75' lang='lat' dir='ltr'><strong>quippe</strong></span> <span class='ocrx_word' id='word_1_622' title='bbox 1007 4492 1106 4544; x_wconf 81' lang='lat' dir='ltr'><strong>nisi</strong></span> <span class='ocrx_word' id='word_1_623' title='bbox 1135 4492 1209 4544; x_wconf 86' lang='lat' dir='ltr'><strong>ita</strong></span> <span class='ocrx_word' id='word_1_624' title='bbox 1235 4507 1289 4544; x_wconf 80' lang='lat' dir='ltr'><strong>se</strong></span> <span class='ocrx_word' id='word_1_625' title='bbox 1307 4505 1387 4543; x_wconf 81' lang='lat' dir='ltr'><strong>res</strong></span> <span class='ocrx_word' id='word_1_626' title='bbox 1410 4488 1632 4563; x_wconf 69' lang='lat' dir='ltr'><strong>haberet,</strong></span> <span class='ocrx_word' id='word_1_627' title='bbox 1650 4507 1752 4543; x_wconf 91' lang='lat' dir='ltr'><strong>non</strong></span> <span class='ocrx_word' id='word_1_628' title='bbox 1773 4488 1888 4542; x_wconf 79' lang='lat' dir='ltr'><strong>eam</strong></span> 
     </span>
    </p>
   </div>
   <div class='ocr_carea' id='block_1_85' title="bbox 1984 3307 3549 3372">
    <p class='ocr_par' dir='ltr' id='par_1_85' title="bbox 1984 3307 3549 3372">
     <span class='ocr_line' id='line_1_85' title="bbox 1984 3307 3549 3372; baseline -0.003 -8"><span class='ocrx_word' id='word_1_629' title='bbox 1984 3326 2098 3371; x_wconf 75' lang='lat' dir='ltr'><strong>NUS,</strong></span> <span class='ocrx_word' id='word_1_630' title='bbox 2130 3325 2215 3372; x_wconf 82' lang='lat' dir='ltr'><strong>QUI</strong></span> <span class='ocrx_word' id='word_1_631' title='bbox 2237 3323 2410 3363; x_wconf 68' lang='lat' dir='ltr'><strong>NUDAH</strong></span> <span class='ocrx_word' id='word_1_632' title='bbox 2439 3322 2585 3360; x_wconf 76' lang='lat' dir='ltr'><strong>NOBIS</strong></span> <span class='ocrx_word' id='word_1_633' title='bbox 2625 3307 2914 3361; x_wconf 68' lang='lat' dir='ltr'><strong>DOIIINICAM</strong></span> <span class='ocrx_word' id='word_1_634' title='bbox 2945 3323 3222 3361; x_wconf 77' lang='lat' dir='ltr'><strong>DELIRAVIT</strong></span> <span class='ocrx_word' id='word_1_635' title='bbox 3253 3323 3549 3362; x_wconf 70' lang='lat' dir='ltr'><strong>BUIANITA-</strong></span> 
     </span>
    </p>
   </div>
   <div class='ocr_carea' id='block_1_86' title="bbox 1986 3377 3550 3445">
    <p class='ocr_par' dir='ltr' id='par_1_86' title="bbox 1986 3377 3550 3445">
     <span class='ocr_line' id='line_1_86' title="bbox 1986 3377 3550 3445; baseline -0.002 -12"><span class='ocrx_word' id='word_1_636' title='bbox 1986 3396 2113 3444; x_wconf 64' lang='lat' dir='ltr'><strong>seu,</strong></span> <span class='ocrx_word' id='word_1_637' title='bbox 2146 3387 2249 3433; x_wconf 89' lang='lat' dir='ltr'><strong>etc.</strong></span> <span class='ocrx_word' id='word_1_638' title='bbox 2283 3377 2526 3444; x_wconf 72' lang='lat' dir='ltr'><strong>Legerat,</strong></span> <span class='ocrx_word' id='word_1_639' title='bbox 2559 3377 2770 3445; x_wconf 88' lang='lat' dir='ltr'><strong>opinor,</strong></span> <span class='ocrx_word' id='word_1_640' title='bbox 2798 3377 3073 3442; x_wconf 85' lang='lat' dir='ltr'><strong>Baronius,</strong></span> <span class='ocrx_word' id='word_1_641' title='bbox 3106 3385 3164 3430; x_wconf 90' lang='lat' dir='ltr'><strong>ut</strong></span> <span class='ocrx_word' id='word_1_642' title='bbox 3189 3377 3438 3431; x_wconf 85' lang='lat' dir='ltr'><strong>evolvere</strong></span> <span class='ocrx_word' id='word_1_643' title='bbox 3463 3393 3550 3431; x_wconf 85' lang='lat' dir='ltr'><strong>so-</strong></span> 
     </span>
    </p>
   </div>
   <div class='ocr_carea' id='block_1_87' title="bbox 1984 3445 3548 3514">
    <p class='ocr_par' dir='ltr' id='par_1_87' title="bbox 1984 3445 3548 3514">
     <span class='ocr_line' id='line_1_87' title="bbox 1984 3445 3548 3514; baseline -0.003 -12"><span class='ocrx_word' id='word_1_644' title='bbox 1984 3449 2126 3502; x_wconf 89' lang='lat' dir='ltr'><strong>lebat</strong></span> <span class='ocrx_word' id='word_1_645' title='bbox 2171 3447 2381 3501; x_wconf 88' lang='lat' dir='ltr'><strong>codices</strong></span> <span class='ocrx_word' id='word_1_646' title='bbox 2432 3445 2766 3500; x_wconf 72' lang='lat' dir='ltr'><strong>bibliotheca:</strong></span> <span class='ocrx_word' id='word_1_647' title='bbox 2797 3446 3082 3506; x_wconf 80' lang='lat' dir='ltr'><strong>Valieanac,</strong></span> <span class='ocrx_word' id='word_1_648' title='bbox 3115 3461 3273 3514; x_wconf 87' lang='lat' dir='ltr'><strong>quam</strong></span> <span class='ocrx_word' id='word_1_649' title='bbox 3301 3447 3548 3510; x_wconf 80' lang='lat' dir='ltr'><strong>curabat,</strong></span> 
     </span>
    </p>
   </div>
   <div class='ocr_carea' id='block_1_88' title="bbox 1983 3515 3548 3584">
    <p class='ocr_par' dir='ltr' id='par_1_88' title="bbox 1983 3515 3548 3584">
     <span class='ocr_line' id='line_1_88' title="bbox 1983 3515 3548 3584; baseline -0.001 -14"><span class='ocrx_word' id='word_1_650' title='bbox 1983 3517 2134 3571; x_wconf 84' lang='lat' dir='ltr'><strong>Marii</strong></span> <span class='ocrx_word' id='word_1_651' title='bbox 2159 3517 2470 3570; x_wconf 83' lang='lat' dir='ltr'><strong>Mercatoris</strong></span> <span class='ocrx_word' id='word_1_652' title='bbox 2497 3515 2668 3584; x_wconf 87' lang='lat' dir='ltr'><strong>Opera</strong></span> <span class='ocrx_word' id='word_1_653' title='bbox 2697 3515 3043 3584; x_wconf 86' lang='lat' dir='ltr'><strong>lleidelberga</strong></span> <span class='ocrx_word' id='word_1_654' title='bbox 3077 3515 3298 3571; x_wconf 76' lang='lat' dir='ltr'><strong>Romam</strong></span> <span class='ocrx_word' id='word_1_655' title='bbox 3338 3516 3548 3579; x_wconf 85' lang='lat' dir='ltr'><strong>ablata;</strong></span> 
     </span>
    </p>
   </div>
   <div class='ocr_carea' id='block_1_89' title="bbox 1985 3585 3550 3652">
    <p class='ocr_par' dir='ltr' id='par_1_89' title="bbox 1985 3585 3550 3652">
     <span class='ocr_line' id='line_1_89' title="bbox 1985 3585 3550 3652; baseline 0 -13"><span class='ocrx_word' id='word_1_656' title='bbox 1985 3587 2108 3640; x_wconf 91' lang='lat' dir='ltr'><strong>hinc</strong></span> <span class='ocrx_word' id='word_1_657' title='bbox 2147 3588 2288 3640; x_wconf 90' lang='lat' dir='ltr'><strong>enim</strong></span> <span class='ocrx_word' id='word_1_658' title='bbox 2321 3594 2374 3639; x_wconf 82' lang='lat' dir='ltr'><strong>et</strong></span> <span class='ocrx_word' id='word_1_659' title='bbox 2404 3586 2575 3646; x_wconf 89' lang='lat' dir='ltr'><strong>nobis,</strong></span> <span class='ocrx_word' id='word_1_660' title='bbox 2607 3594 2661 3638; x_wconf 90' lang='lat' dir='ltr'><strong>et</strong></span> <span class='ocrx_word' id='word_1_661' title='bbox 2685 3585 2803 3639; x_wconf 90' lang='lat' dir='ltr'><strong>aliis</strong></span> <span class='ocrx_word' id='word_1_662' title='bbox 2829 3586 3142 3652; x_wconf 87' lang='lat' dir='ltr'><strong>quibusdam</strong></span> <span class='ocrx_word' id='word_1_663' title='bbox 3182 3586 3550 3640; x_wconf 83' lang='lat' dir='ltr'><strong>transmissum</strong></span> 
     </span>
    </p>
   </div>
   <div class='ocr_carea' id='block_1_90' title="bbox 1984 3652 3552 3724">
    <p class='ocr_par' dir='ltr' id='par_1_90' title="bbox 1984 3652 3552 3724">
     <span class='ocr_line' id='line_1_90' title="bbox 1984 3652 3552 3724; baseline 0.002 -16"><span class='ocrx_word' id='word_1_664' title='bbox 1984 3665 2065 3724; x_wconf 83' lang='lat' dir='ltr'><strong>est</strong></span> <span class='ocrx_word' id='word_1_665' title='bbox 2090 3656 2485 3724; x_wconf 88' lang='lat' dir='ltr'><strong>apographum;</strong></span> <span class='ocrx_word' id='word_1_666' title='bbox 2517 3654 2610 3708; x_wconf 88' lang='lat' dir='ltr'><strong>sed</strong></span> <span class='ocrx_word' id='word_1_667' title='bbox 2638 3654 2810 3724; x_wconf 79' lang='lat' dir='ltr'><strong>codex</strong></span> <span class='ocrx_word' id='word_1_668' title='bbox 2830 3654 2917 3708; x_wconf 91' lang='lat' dir='ltr'><strong>ille</strong></span> <span class='ocrx_word' id='word_1_669' title='bbox 2945 3652 3215 3708; x_wconf 82' lang='lat' dir='ltr'><strong>Palatinus</strong></span> <span class='ocrx_word' id='word_1_670' title='bbox 3243 3663 3323 3709; x_wconf 92' lang='lat' dir='ltr'><strong>tot</strong></span> <span class='ocrx_word' id='word_1_671' title='bbox 3349 3655 3552 3711; x_wconf 79' lang='lat' dir='ltr'><strong>mendis</strong></span> 
     </span>
    </p>
   </div>
   <div class='ocr_carea' id='block_1_91' title="bbox 1984 3722 3551 3790">
    <p class='ocr_par' dir='ltr' id='par_1_91' title="bbox 1984 3722 3551 3790">
     <span class='ocr_line' id='line_1_91' title="bbox 1984 3722 3551 3790; baseline 0.001 -12"><span class='ocrx_word' id='word_1_672' title='bbox 1984 3722 2240 3789; x_wconf 74' lang='lat' dir='ltr'><strong>fmdatus,</strong></span> <span class='ocrx_word' id='word_1_673' title='bbox 2286 3722 2468 3790; x_wconf 79' lang='lat' dir='ltr'><strong>totque</strong></span> <span class='ocrx_word' id='word_1_674' title='bbox 2523 3722 2727 3776; x_wconf 87' lang='lat' dir='ltr'><strong>lacunis</strong></span> <span class='ocrx_word' id='word_1_675' title='bbox 2780 3723 3142 3778; x_wconf 89' lang='lat' dir='ltr'><strong>interstinctus</strong></span> <span class='ocrx_word' id='word_1_676' title='bbox 3187 3732 3332 3788; x_wconf 84' lang='lat' dir='ltr'><strong>erat,</strong></span> <span class='ocrx_word' id='word_1_677' title='bbox 3363 3735 3421 3777; x_wconf 89' lang='lat' dir='ltr'><strong>ut</strong></span> <span class='ocrx_word' id='word_1_678' title='bbox 3463 3725 3551 3779; x_wconf 84' lang='lat' dir='ltr'><strong>vix</strong></span> 
     </span>
    </p>
   </div>
   <div class='ocr_carea' id='block_1_92' title="bbox 1985 3792 3550 3864">
    <p class='ocr_par' dir='ltr' id='par_1_92' title="bbox 1985 3792 3550 3864">
     <span class='ocr_line' id='line_1_92' title="bbox 1985 3792 3550 3864; baseline 0 -17"><span class='ocrx_word' id='word_1_679' title='bbox 1985 3810 2153 3864; x_wconf 89' lang='lat' dir='ltr'><strong>pauca</strong></span> <span class='ocrx_word' id='word_1_680' title='bbox 2182 3809 2299 3864; x_wconf 66' lang='lat' dir='ltr'><strong>qum</strong></span> <span class='ocrx_word' id='word_1_681' title='bbox 2337 3792 2544 3864; x_wconf 82' lang='lat' dir='ltr'><strong>retulit,</strong></span> <span class='ocrx_word' id='word_1_682' title='bbox 2582 3807 2647 3845; x_wconf 79' lang='lat' dir='ltr'><strong>ex</strong></span> <span class='ocrx_word' id='word_1_683' title='bbox 2675 3807 2923 3864; x_wconf 84' lang='lat' dir='ltr'><strong>sermone</strong></span> <span class='ocrx_word' id='word_1_684' title='bbox 2963 3793 3326 3864; x_wconf 81' lang='lat' dir='ltr'><strong>istopotuerit</strong></span> <span class='ocrx_word' id='word_1_685' title='bbox 3371 3795 3550 3864; x_wconf 79' lang='lat' dir='ltr'><strong>expri-</strong></span> 
     </span>
    </p>
   </div>
   <div class='ocr_carea' id='block_1_93' title="bbox 1985 3861 3552 3918">
    <p class='ocr_par' dir='ltr' id='par_1_93' title="bbox 1985 3861 3552 3918">
     <span class='ocr_line' id='line_1_93' title="bbox 1985 3861 3552 3918; baseline -0.003 0"><span class='ocrx_word' id='word_1_686' title='bbox 1985 3861 2150 3918; x_wconf 77' lang='lat' dir='ltr'><strong>mere.</strong></span> <span class='ocrx_word' id='word_1_687' title='bbox 2165 3861 2535 3916; x_wconf 48' lang='lat' dir='ltr'><strong>4Garnerius</strong></span> <span class='ocrx_word' id='word_1_688' title='bbox 2550 3862 2895 3916; x_wconf 88' lang='lat' dir='ltr'><strong>annotatione</strong></span> <span class='ocrx_word' id='word_1_689' title='bbox 2915 3877 3007 3915; x_wconf 91' lang='lat' dir='ltr'><strong>sua</strong></span> <span class='ocrx_word' id='word_1_690' title='bbox 3032 3862 3299 3915; x_wconf 81' lang='lat' dir='ltr'><strong>illustrans</strong></span> <span class='ocrx_word' id='word_1_691' title='bbox 3315 3861 3454 3916; x_wconf 88' lang='lat' dir='ltr'><strong>hunc</strong></span> <span class='ocrx_word' id='word_1_692' title='bbox 3475 3863 3552 3915; x_wconf 88' lang='lat' dir='ltr'><strong>Io-</strong></span> 
     </span>
    </p>
   </div>
   <div class='ocr_carea' id='block_1_94' title="bbox 1985 3930 3553 3999">
    <p class='ocr_par' dir='ltr' id='par_1_94' title="bbox 1985 3930 3553 3999">
     <span class='ocr_line' id='line_1_94' title="bbox 1985 3930 3553 3999; baseline -0.002 -12"><span class='ocrx_word' id='word_1_693' title='bbox 1985 3949 2126 3996; x_wconf 89' lang='lat' dir='ltr'><strong>cum,</strong></span> <span class='ocrx_word' id='word_1_694' title='bbox 2143 3932 2296 3987; x_wconf 76' lang='lat' dir='ltr'><strong>aiiert</strong></span> <span class='ocrx_word' id='word_1_695' title='bbox 2323 3931 2673 3999; x_wconf 86' lang='lat' dir='ltr'><strong>fragmentum</strong></span> <span class='ocrx_word' id='word_1_696' title='bbox 2694 3931 2960 3999; x_wconf 90' lang='lat' dir='ltr'><strong>quoddam</strong></span> <span class='ocrx_word' id='word_1_697' title='bbox 2981 3947 3047 3985; x_wconf 81' lang='lat' dir='ltr'><strong>ex</strong></span> <span class='ocrx_word' id='word_1_698' title='bbox 3077 3930 3366 3986; x_wconf 88' lang='lat' dir='ltr'><strong>Annalibus</strong></span> <span class='ocrx_word' id='word_1_699' title='bbox 3392 3933 3553 3984; x_wconf 82' lang='lat' dir='ltr'><strong>Baro-</strong></span> 
     </span>
    </p>
   </div>
   <div class='ocr_carea' id='block_1_95' title="bbox 1986 3999 3552 4071">
    <p class='ocr_par' dir='ltr' id='par_1_95' title="bbox 1986 3999 3552 4071">
     <span class='ocr_line' id='line_1_95' title="bbox 1986 3999 3552 4071; baseline -0.001 -15"><span class='ocrx_word' id='word_1_700' title='bbox 1986 4003 2059 4056; x_wconf 89' lang='lat' dir='ltr'><strong>nii</strong></span> <span class='ocrx_word' id='word_1_701' title='bbox 2108 4004 2160 4058; x_wconf 91' lang='lat' dir='ltr'><strong>in</strong></span> <span class='ocrx_word' id='word_1_702' title='bbox 2190 4018 2297 4071; x_wconf 89' lang='lat' dir='ltr'><strong>quo</strong></span> <span class='ocrx_word' id='word_1_703' title='bbox 2326 4002 2427 4056; x_wconf 88' lang='lat' dir='ltr'><strong>ista</strong></span> <span class='ocrx_word' id='word_1_704' title='bbox 2466 4001 2738 4056; x_wconf 80' lang='lat' dir='ltr'><strong>Nestorius</strong></span> <span class='ocrx_word' id='word_1_705' title='bbox 2781 4002 2973 4071; x_wconf 84' lang='lat' dir='ltr'><strong>legitur</strong></span> <span class='ocrx_word' id='word_1_706' title='bbox 2994 4001 3223 4071; x_wconf 79' lang='lat' dir='ltr'><strong>jactasse</strong></span> <span class='ocrx_word' id='word_1_707' title='bbox 3248 4001 3299 4054; x_wconf 86' lang='lat' dir='ltr'><strong>in</strong></span> <span class='ocrx_word' id='word_1_708' title='bbox 3331 3999 3552 4054; x_wconf 83' lang='lat' dir='ltr'><strong>Paulum</strong></span> 
     </span>
    </p>
   </div>
   <div class='ocr_carea' id='block_1_96' title="bbox 1987 4069 3554 4140">
    <p class='ocr_par' dir='ltr' id='par_1_96' title="bbox 1987 4069 3554 4140">
     <span class='ocr_line' id='line_1_96' title="bbox 1987 4069 3554 4140; baseline -0.003 -13"><span class='ocrx_word' id='word_1_709' title='bbox 1987 4069 2392 4127; x_wconf 84' lang='lat' dir='ltr'><strong>Samosatennm</strong></span> <span class='ocrx_word' id='word_1_710' title='bbox 2425 4090 2436 4123; x_wconf 90' lang='lat'><strong>:</strong></span> <span class='ocrx_word' id='word_1_711' title='bbox 2474 4071 2562 4125; x_wconf 87' lang='lat' dir='ltr'><strong>Sic</strong></span> <span class='ocrx_word' id='word_1_712' title='bbox 2602 4081 2774 4135; x_wconf 86' lang='lat' dir='ltr'><strong>pereat</strong></span> <span class='ocrx_word' id='word_1_713' title='bbox 2812 4069 3010 4124; x_wconf 88' lang='lat' dir='ltr'><strong>Paulus</strong></span> <span class='ocrx_word' id='word_1_714' title='bbox 3044 4070 3436 4140; x_wconf 69' lang='lat' dir='ltr'><strong>Samosatenus,</strong></span> <span class='ocrx_word' id='word_1_715' title='bbox 3469 4073 3554 4140; x_wconf 85' lang='lat' dir='ltr'><strong>qui</strong></span> 
     </span>
    </p>
   </div>
   <div class='ocr_carea' id='block_1_97' title="bbox 1988 4139 3554 4196">
    <p class='ocr_par' dir='ltr' id='par_1_97' title="bbox 1988 4139 3554 4196">
     <span class='ocr_line' id='line_1_97' title="bbox 1988 4139 3554 4196; baseline -0.001 0"><span class='ocrx_word' id='word_1_716' title='bbox 1988 4143 2178 4196; x_wconf 85' lang='lat' dir='ltr'><strong>nudam</strong></span> <span class='ocrx_word' id='word_1_717' title='bbox 2221 4142 2366 4196; x_wconf 85' lang='lat' dir='ltr'><strong>nobis</strong></span> <span class='ocrx_word' id='word_1_718' title='bbox 2396 4141 2721 4195; x_wconf 85' lang='lat' dir='ltr'><strong>Dominicam</strong></span> <span class='ocrx_word' id='word_1_719' title='bbox 2751 4141 2983 4196; x_wconf 76' lang='lat' dir='ltr'><strong>deliraeit</strong></span> <span class='ocrx_word' id='word_1_720' title='bbox 3005 4140 3391 4194; x_wconf 81' lang='lat' dir='ltr'><strong>humanitatem.</strong></span> <span class='ocrx_word' id='word_1_721' title='bbox 3421 4139 3554 4194; x_wconf 85' lang='lat' dir='ltr'><strong>llinc</strong></span> 
     </span>
    </p>
   </div>
   <div class='ocr_carea' id='block_1_98' title="bbox 1987 4209 3555 4280">
    <p class='ocr_par' dir='ltr' id='par_1_98' title="bbox 1987 4209 3555 4280">
     <span class='ocr_line' id='line_1_98' title="bbox 1987 4209 3555 4280; baseline -0.002 -15"><span class='ocrx_word' id='word_1_722' title='bbox 1987 4227 2116 4279; x_wconf 85' lang='lat' dir='ltr'><strong>ergo</strong></span> <span class='ocrx_word' id='word_1_723' title='bbox 2155 4212 2370 4280; x_wconf 84' lang='lat' dir='ltr'><strong>collegit</strong></span> <span class='ocrx_word' id='word_1_724' title='bbox 2396 4209 2685 4264; x_wconf 85' lang='lat' dir='ltr'><strong>Garnerius</strong></span> <span class='ocrx_word' id='word_1_725' title='bbox 2712 4211 2882 4264; x_wconf 85' lang='lat' dir='ltr'><strong>visum</strong></span> <span class='ocrx_word' id='word_1_726' title='bbox 2912 4225 3027 4263; x_wconf 87' lang='lat' dir='ltr'><strong>esse</strong></span> <span class='ocrx_word' id='word_1_727' title='bbox 3057 4209 3286 4280; x_wconf 79' lang='lat' dir='ltr'><strong>Baronio</strong></span> <span class='ocrx_word' id='word_1_728' title='bbox 3315 4211 3555 4280; x_wconf 77' lang='lat' dir='ltr'><strong>codicem</strong></span> 
     </span>
    </p>
   </div>
   <div class='ocr_carea' id='block_1_99' title="bbox 1987 4279 3547 4345">
    <p class='ocr_par' dir='ltr' id='par_1_99' title="bbox 1987 4279 3547 4345">
     <span class='ocr_line' id='line_1_99' title="bbox 1987 4279 3547 4345; baseline -0.001 -12"><span class='ocrx_word' id='word_1_729' title='bbox 1987 4279 2312 4336; x_wconf 39' lang='lat' dir='ltr'><strong>Mercatoris&#39;</strong></span> <span class='ocrx_word' id='word_1_730' title='bbox 2330 4279 2678 4345; x_wconf 77' lang='lat' dir='ltr'><strong>Heidelberga</strong></span> <span class='ocrx_word' id='word_1_731' title='bbox 2707 4280 2922 4332; x_wconf 88' lang='lat' dir='ltr'><strong>allatum</strong></span> <span class='ocrx_word' id='word_1_732' title='bbox 2965 4280 3014 4332; x_wconf 91' lang='lat' dir='ltr'><strong>in</strong></span> <span class='ocrx_word' id='word_1_733' title='bbox 3045 4279 3420 4336; x_wconf 82' lang='lat' dir='ltr'><strong>bibliothecam</strong></span> <span class='ocrx_word' id='word_1_734' title='bbox 3448 4279 3547 4332; x_wconf 80' lang='lat' dir='ltr'><strong>Va-</strong></span> 
     </span>
    </p>
   </div>
   <div class='ocr_carea' id='block_1_100' title="bbox 1989 4347 3557 4415">
    <p class='ocr_par' dir='ltr' id='par_1_100' title="bbox 1989 4347 3557 4415">
     <span class='ocr_line' id='line_1_100' title="bbox 1989 4347 3557 4415; baseline 0.001 -13"><span class='ocrx_word' id='word_1_735' title='bbox 1989 4350 2239 4404; x_wconf 88' lang='lat' dir='ltr'><strong>ticanam.</strong></span> <span class='ocrx_word' id='word_1_736' title='bbox 2288 4349 2392 4403; x_wconf 88' lang='lat' dir='ltr'><strong>Sed</strong></span> <span class='ocrx_word' id='word_1_737' title='bbox 2421 4357 2770 4415; x_wconf 75' lang='lat' dir='ltr'><strong>pnnterquam</strong></span> <span class='ocrx_word' id='word_1_738' title='bbox 2813 4349 2954 4415; x_wconf 91' lang='lat' dir='ltr'><strong>quod</strong></span> <span class='ocrx_word' id='word_1_739' title='bbox 2994 4348 3150 4402; x_wconf 81' lang='lat' dir='ltr'><strong>val-le</strong></span> <span class='ocrx_word' id='word_1_740' title='bbox 3177 4347 3385 4403; x_wconf 77' lang='lat' dir='ltr'><strong>diversa</strong></span> <span class='ocrx_word' id='word_1_741' title='bbox 3431 4356 3557 4402; x_wconf 85' lang='lat' dir='ltr'><strong>sunt</strong></span> 
     </span>
    </p>
   </div>
   <div class='ocr_carea' id='block_1_101' title="bbox 1989 4417 3556 4486">
    <p class='ocr_par' dir='ltr' id='par_1_101' title="bbox 1989 4417 3556 4486">
     <span class='ocr_line' id='line_1_101' title="bbox 1989 4417 3556 4486; baseline -0.001 -13"><span class='ocrx_word' id='word_1_742' title='bbox 1989 4421 2150 4473; x_wconf 89' lang='lat' dir='ltr'><strong>verba</strong></span> <span class='ocrx_word' id='word_1_743' title='bbox 2173 4420 2336 4473; x_wconf 89' lang='lat' dir='ltr'><strong>relata</strong></span> <span class='ocrx_word' id='word_1_744' title='bbox 2359 4433 2388 4471; x_wconf 89' lang='lat' dir='ltr'><strong>a</strong></span> <span class='ocrx_word' id='word_1_745' title='bbox 2417 4417 2646 4486; x_wconf 84' lang='lat' dir='ltr'><strong>Baronio</strong></span> <span class='ocrx_word' id='word_1_746' title='bbox 2675 4418 2742 4470; x_wconf 90' lang='lat' dir='ltr'><strong>ab</strong></span> <span class='ocrx_word' id='word_1_747' title='bbox 2771 4417 2872 4471; x_wconf 91' lang='lat' dir='ltr'><strong>illis</strong></span> <span class='ocrx_word' id='word_1_748' title='bbox 2900 4433 3017 4486; x_wconf 75' lang='lat' dir='ltr'><strong>qum</strong></span> <span class='ocrx_word' id='word_1_749' title='bbox 3033 4417 3336 4472; x_wconf 82' lang='lat' dir='ltr'><strong>referuntur</strong></span> <span class='ocrx_word' id='word_1_750' title='bbox 3361 4436 3390 4471; x_wconf 89' lang='lat' dir='ltr'><strong>a</strong></span> <span class='ocrx_word' id='word_1_751' title='bbox 3419 4418 3556 4472; x_wconf 84' lang='lat' dir='ltr'><strong>Mer-</strong></span> 
     </span>
    </p>
   </div>
   <div class='ocr_carea' id='block_1_102' title="bbox 1989 4485 3555 4553">
    <p class='ocr_par' dir='ltr' id='par_1_102' title="bbox 1989 4485 3555 4553">
     <span class='ocr_line' id='line_1_102' title="bbox 1989 4485 3555 4553; baseline 0 -12"><span class='ocrx_word' id='word_1_752' title='bbox 1989 4497 2191 4553; x_wconf 89' lang='lat' dir='ltr'><strong>catore,</strong></span> <span class='ocrx_word' id='word_1_753' title='bbox 2209 4489 2380 4543; x_wconf 80' lang='lat' dir='ltr'><strong>codex</strong></span> <span class='ocrx_word' id='word_1_754' title='bbox 2426 4488 2515 4540; x_wconf 93' lang='lat' dir='ltr'><strong>ille</strong></span> <span class='ocrx_word' id='word_1_755' title='bbox 2562 4485 2832 4541; x_wconf 88' lang='lat' dir='ltr'><strong>Palatinus</strong></span> <span class='ocrx_word' id='word_1_756' title='bbox 2878 4485 3112 4542; x_wconf 88' lang='lat' dir='ltr'><strong>nondum</strong></span> <span class='ocrx_word' id='word_1_757' title='bbox 3157 4488 3349 4542; x_wconf 87' lang='lat' dir='ltr'><strong>allatus</strong></span> <span class='ocrx_word' id='word_1_758' title='bbox 3382 4488 3555 4542; x_wconf 86' lang='lat' dir='ltr'><strong>fuerat</strong></span> 
     </span>
    </p>
   </div>
   <div class='ocr_carea' id='block_1_103' title="bbox 309 4556 2975 4647">
    <p class='ocr_par' dir='ltr' id='par_1_103' title="bbox 309 4556 2975 4647">
     <span class='ocr_line' id='line_1_103' title="bbox 309 4556 2975 4647; baseline -0.001 -34"><span class='ocrx_word' id='word_1_759' title='bbox 309 4563 490 4647; x_wconf 66' lang='lat' dir='ltr'><strong>utique</strong></span> <span class='ocrx_word' id='word_1_760' title='bbox 531 4563 710 4647; x_wconf 73' lang='lat' dir='ltr'><strong>throno</strong></span> <span class='ocrx_word' id='word_1_761' title='bbox 740 4556 902 4644; x_wconf 61' lang='lat' dir='ltr'><strong>reg&#39;io&#39;</strong></span> <span class='ocrx_word' id='word_1_762' title='bbox 920 4556 1158 4647; x_wconf 72' lang='lat' dir='ltr'><strong>dignatus</strong></span> <span class='ocrx_word' id='word_1_763' title='bbox 1180 4568 1370 4647; x_wconf 46' lang='lat' dir='ltr'><strong>&#39;esset,‘</strong></span> <span class='ocrx_word' id='word_1_764' title='bbox 1389 4575 1480 4612; x_wconf 92' lang='lat' dir='ltr'><strong>nec</strong></span> <span class='ocrx_word' id='word_1_765' title='bbox 1508 4559 1652 4612; x_wconf 90' lang='lat' dir='ltr'><strong>illam</strong></span> <span class='ocrx_word' id='word_1_766' title='bbox 1679 4568 1887 4631; x_wconf 84' lang='lat' dir='ltr'><strong>gestans</strong></span> <span class='ocrx_word' id='word_1_767' title='bbox 1914 4586 1966 4647; x_wconf 66' lang='grc' dir='ltr'><strong>υ</strong></span> <span class='ocrx_word' id='word_1_768' title='bbox 1993 4557 2220 4647; x_wconf 49' lang='lat' dir='ltr'><strong>Romam</strong></span> <span class='ocrx_word' id='word_1_769' title='bbox 2254 4558 2470 4647; x_wconf 70' lang='lat' dir='ltr'><strong>vivepte</strong></span> <span class='ocrx_word' id='word_1_770' title='bbox 2494 4556 2744 4647; x_wconf 65' lang='lat' dir='ltr'><strong>Barqnio.</strong></span> <span class='ocrx_word' id='word_1_771' title='bbox 2779 4557 2975 4647; x_wconf 38' lang='lat' dir='ltr'><strong>ilium-7..</strong></span> 
     </span>
    </p>
   </div>
   <div class='ocr_carea' id='block_1_104' title="bbox 311 4631 1424 4694">
    <p class='ocr_par' dir='ltr' id='par_1_104' title="bbox 311 4631 1424 4694">
     <span class='ocr_line' id='line_1_104' title="bbox 311 4631 1424 4694; baseline -0.002 -10"><span class='ocrx_word' id='word_1_772' title='bbox 311 4631 620 4694; x_wconf 76' lang='lat' dir='ltr'><strong>adoreretur</strong></span> <span class='ocrx_word' id='word_1_773' title='bbox 647 4631 708 4686; x_wconf 88' lang='lat' dir='ltr'><strong>ab</strong></span> <span class='ocrx_word' id='word_1_774' title='bbox 738 4631 876 4684; x_wconf 87' lang='lat' dir='ltr'><strong>omni</strong></span> <span class='ocrx_word' id='word_1_775' title='bbox 897 4631 1081 4684; x_wconf 90' lang='lat' dir='ltr'><strong>militia</strong></span> <span class='ocrx_word' id='word_1_776' title='bbox 1100 4631 1304 4692; x_wconf 61' lang='lat' dir='ltr'><strong>caelesti,</strong></span> <span class='ocrx_word' id='word_1_777' title='bbox 1323 4635 1424 4682; x_wconf 90' lang='lat' dir='ltr'><strong>etc.</strong></span> 
     </span>
    </p>
   </div>
   <div class='ocr_carea' id='block_1_105' title="bbox 388 4694 1885 4768">
    <p class='ocr_par' dir='ltr' id='par_1_105' title="bbox 388 4694 1885 4768">
     <span class='ocr_line' id='line_1_105' title="bbox 388 4694 1885 4768; baseline -0.003 -11"><span class='ocrx_word' id='word_1_778' title='bbox 388 4713 412 4740; x_wconf 71' lang='grc' dir='ltr'><strong>ε</strong></span> <span class='ocrx_word' id='word_1_779' title='bbox 460 4700 604 4761; x_wconf 76' lang='lat' dir='ltr'><strong>Idem</strong></span> <span class='ocrx_word' id='word_1_780' title='bbox 637 4699 746 4755; x_wconf 83' lang='lat' dir='ltr'><strong>fere</strong></span> <span class='ocrx_word' id='word_1_781' title='bbox 774 4701 999 4754; x_wconf 91' lang='lat' dir='ltr'><strong>habetur</strong></span> <span class='ocrx_word' id='word_1_782' title='bbox 1032 4699 1084 4752; x_wconf 93' lang='lat' dir='ltr'><strong>in</strong></span> <span class='ocrx_word' id='word_1_783' title='bbox 1120 4699 1387 4766; x_wconf 82' lang='lat' dir='ltr'><strong>exscripto</strong></span> <span class='ocrx_word' id='word_1_784' title='bbox 1420 4697 1486 4750; x_wconf 80' lang='grc'><strong>15</strong></span> <span class='ocrx_word' id='word_1_785' title='bbox 1522 4694 1736 4768; x_wconf 79' lang='lat' dir='ltr'><strong>Cyrilli:</strong></span> <span class='ocrx_word' id='word_1_786' title='bbox 1759 4695 1885 4761; x_wconf 81' lang='lat' dir='ltr'><strong>Quis</strong></span> 
     </span>
    </p>
   </div>
   <div class='ocr_carea' id='block_1_106' title="bbox 309 4768 1889 4841">
    <p class='ocr_par' dir='ltr' id='par_1_106' title="bbox 309 4768 1889 4841">
     <span class='ocr_line' id='line_1_106' title="bbox 309 4768 1889 4841; baseline -0.002 -19"><span class='ocrx_word' id='word_1_787' title='bbox 309 4785 452 4824; x_wconf 78' lang='lat' dir='ltr'><strong>nunc</strong></span> <span class='ocrx_word' id='word_1_788' title='bbox 480 4769 807 4841; x_wconf 79' lang='lat' dir='ltr'><strong>benignitatis</strong></span> <span class='ocrx_word' id='word_1_789' title='bbox 835 4779 936 4841; x_wconf 82' lang='lat' dir='ltr'><strong>tam</strong></span> <span class='ocrx_word' id='word_1_790' title='bbox 962 4771 1263 4841; x_wconf 80' lang='lat' dir='ltr'><strong>immensum</strong></span> <span class='ocrx_word' id='word_1_791' title='bbox 1288 4768 1505 4836; x_wconf 88' lang='lat' dir='ltr'><strong>aspiciat</strong></span> <span class='ocrx_word' id='word_1_792' title='bbox 1529 4768 1764 4841; x_wconf 76' lang='lat' dir='ltr'><strong>pelagus,</strong></span> <span class='ocrx_word' id='word_1_793' title='bbox 1791 4784 1889 4841; x_wconf 82' lang='lat' dir='ltr'><strong>na-</strong></span> 
     </span>
    </p>
   </div>
   <div class='ocr_carea' id='block_1_107' title="bbox 314 4837 1885 4961">
    <p class='ocr_par' dir='ltr' id='par_1_107' title="bbox 314 4837 1885 4961">
     <span class='ocr_line' id='line_1_107' title="bbox 314 4837 1885 4961; baseline 0.001 -72"><span class='ocrx_word' id='word_1_794' title='bbox 314 4848 487 4896; x_wconf 85' lang='lat' dir='ltr'><strong>turam</strong></span> <span class='ocrx_word' id='word_1_795' title='bbox 516 4837 629 4894; x_wconf 77' lang='lat' dir='ltr'><strong>cum</strong></span> <span class='ocrx_word' id='word_1_796' title='bbox 647 4857 740 4894; x_wconf 87' lang='lat' dir='ltr'><strong>suo</strong></span> <span class='ocrx_word' id='word_1_797' title='bbox 768 4839 950 4961; x_wconf 48' lang='lat' dir='ltr'><strong>api/15cc</strong></span> <span class='ocrx_word' id='word_1_798' title='bbox 971 4838 1334 4899; x_wconf 87' lang='lat' dir='ltr'><strong>dominantem,</strong></span> <span class='ocrx_word' id='word_1_799' title='bbox 1359 4846 1407 4890; x_wconf 90' lang='lat' dir='ltr'><strong>et</strong></span> <span class='ocrx_word' id='word_1_800' title='bbox 1435 4853 1526 4890; x_wconf 88' lang='lat' dir='ltr'><strong>con</strong></span> <span class='ocrx_word' id='word_1_801' title='bbox 1525 4838 1760 4907; x_wconf 82' lang='lat' dir='ltr'><strong>junctam</strong></span> <span class='ocrx_word' id='word_1_802' title='bbox 1789 4837 1885 4890; x_wconf 84' lang='lat' dir='ltr'><strong>ho-</strong></span> 
     </span>
     <span class='ocr_line' id='line_1_108' title="bbox 314 4905 1885 4961; baseline -0.001 0"><span class='ocrx_word' id='word_1_803' title='bbox 314 4911 444 4961; x_wconf 80' lang='lat' dir='ltr'><strong>mini</strong></span> <span class='ocrx_word' id='word_1_804' title='bbox 472 4908 759 4961; x_wconf 87' lang='lat' dir='ltr'><strong>Deitatem:</strong></span> <span class='ocrx_word' id='word_1_805' title='bbox 790 4910 843 4961; x_wconf 91' lang='lat' dir='ltr'><strong>ni</strong></span> <span class='ocrx_word' id='word_1_806' title='bbox 881 4909 919 4961; x_wconf 87' lang='lat' dir='ltr'><strong>il</strong></span> <span class='ocrx_word' id='word_1_807' title='bbox 956 4910 1066 4961; x_wconf 84' lang='lat' dir='ltr'><strong>sine</strong></span> <span class='ocrx_word' id='word_1_808' title='bbox 1094 4907 1187 4961; x_wconf 80' lang='lat' dir='ltr'><strong>hoc</strong></span> <span class='ocrx_word' id='word_1_809' title='bbox 1220 4905 1503 4961; x_wconf 87' lang='lat' dir='ltr'><strong>iubentem.</strong></span> <span class='ocrx_word' id='word_1_810' title='bbox 1535 4906 1732 4960; x_wconf 87' lang='lat' dir='ltr'><strong>nullum</strong></span> <span class='ocrx_word' id='word_1_811' title='bbox 1770 4905 1885 4959; x_wconf 89' lang='lat' dir='ltr'><strong>abs-</strong></span> 
     </span>
    </p>
   </div>
   <div class='ocr_carea' id='block_1_108' title="bbox 309 4905 1888 4977">
    <p class='ocr_par' dir='ltr' id='par_1_108' title="bbox 309 4905 1888 4977">
     <span class='ocr_line' id='line_1_109' title="bbox 309 4905 1888 4977; baseline -0.003 -13"><span class='ocrx_word' id='word_1_812' title='bbox 309 4911 444 4964; x_wconf 78' lang='lat' dir='ltr'><strong>mini</strong></span> <span class='ocrx_word' id='word_1_813' title='bbox 472 4908 723 4962; x_wconf 89' lang='lat' dir='ltr'><strong>Deitatem</strong></span> <span class='ocrx_word' id='word_1_814' title='bbox 741 4927 759 4973; x_wconf 91' lang='lat'><strong><em>;</em></strong></span> <span class='ocrx_word' id='word_1_815' title='bbox 790 4905 919 4962; x_wconf 81' lang='lat' dir='ltr'><strong>nihil</strong></span> <span class='ocrx_word' id='word_1_816' title='bbox 956 4910 1066 4962; x_wconf 84' lang='lat' dir='ltr'><strong>sine</strong></span> <span class='ocrx_word' id='word_1_817' title='bbox 1094 4907 1187 4961; x_wconf 80' lang='lat' dir='ltr'><strong>hoc</strong></span> <span class='ocrx_word' id='word_1_818' title='bbox 1210 4905 1503 4977; x_wconf 86' lang='lat' dir='ltr'><strong>jubentem,</strong></span> <span class='ocrx_word' id='word_1_819' title='bbox 1527 4905 1732 4977; x_wconf 75' lang='lat' dir='ltr'><strong>nullum</strong></span> <span class='ocrx_word' id='word_1_820' title='bbox 1770 4905 1888 4959; x_wconf 89' lang='lat' dir='ltr'><strong>abs-</strong></span> 
     </span>
    </p>
   </div>
   <div class='ocr_carea' id='block_1_109' title="bbox 309 4976 1887 5051">
    <p class='ocr_par' dir='ltr' id='par_1_109' title="bbox 309 4976 1887 5051">
     <span class='ocr_line' id='line_1_110' title="bbox 309 4976 1887 5051; baseline -0.001 -20"><span class='ocrx_word' id='word_1_821' title='bbox 309 4995 411 5051; x_wconf 79' lang='lat' dir='ltr'><strong>que</strong></span> <span class='ocrx_word' id='word_1_822' title='bbox 433 4979 529 5051; x_wconf 78' lang='lat' dir='ltr'><strong>isto</strong></span> <span class='ocrx_word' id='word_1_823' title='bbox 543 4979 880 5051; x_wconf 86' lang='lat' dir='ltr'><strong>judicantem,</strong></span> <span class='ocrx_word' id='word_1_824' title='bbox 908 4994 1022 5031; x_wconf 88' lang='lat' dir='ltr'><strong>cum</strong></span> <span class='ocrx_word' id='word_1_825' title='bbox 1057 4994 1116 5030; x_wconf 92' lang='lat' dir='ltr'><strong>eo</strong></span> <span class='ocrx_word' id='word_1_826' title='bbox 1145 4976 1367 5051; x_wconf 69' lang='lat' dir='ltr'><strong>uirorum</strong></span> <span class='ocrx_word' id='word_1_827' title='bbox 1395 4992 1567 5028; x_wconf 90' lang='lat' dir='ltr'><strong>curam</strong></span> <span class='ocrx_word' id='word_1_828' title='bbox 1605 4976 1663 5051; x_wconf 78' lang='lat' dir='ltr'><strong>in</strong></span> <span class='ocrx_word' id='word_1_829' title='bbox 1688 4992 1887 5029; x_wconf 85' lang='lat' dir='ltr'><strong>summa</strong></span> 
     </span>
    </p>
   </div>
   <div class='ocr_carea' id='block_1_110' title="bbox 311 5046 1882 5120">
    <p class='ocr_par' dir='ltr' id='par_1_110' title="bbox 311 5046 1882 5120">
     <span class='ocr_line' id='line_1_111' title="bbox 311 5046 1882 5120; baseline -0.001 -20"><span class='ocrx_word' id='word_1_830' title='bbox 311 5046 635 5120; x_wconf 56' lang='lat' dir='ltr'><strong>providentia</strong></span> <span class='ocrx_word' id='word_1_831' title='bbox 656 5057 930 5120; x_wconf 77' lang='lat' dir='ltr'><strong>gerentem,</strong></span> <span class='ocrx_word' id='word_1_832' title='bbox 948 5057 996 5100; x_wconf 91' lang='lat' dir='ltr'><strong>et</strong></span> <span class='ocrx_word' id='word_1_833' title='bbox 1017 5047 1261 5120; x_wconf 69' lang='lat' dir='ltr'><strong>eumipsa</strong></span> <span class='ocrx_word' id='word_1_834' title='bbox 1283 5054 1508 5120; x_wconf 80' lang='lat' dir='ltr'><strong>mortuos</strong></span> <span class='ocrx_word' id='word_1_835' title='bbox 1529 5046 1882 5120; x_wconf 75' lang='lat' dir='ltr'><strong>suscitantem.</strong></span> 
     </span>
    </p>
   </div>
   <div class='ocr_carea' id='block_1_111' title="bbox 311 5114 1887 5189">
    <p class='ocr_par' dir='ltr' id='par_1_111' title="bbox 311 5114 1887 5189">
     <span class='ocr_line' id='line_1_112' title="bbox 311 5114 1887 5189; baseline -0.001 -19"><span class='ocrx_word' id='word_1_836' title='bbox 311 5114 448 5189; x_wconf 59' lang='lat' dir='ltr'><strong>Spes</strong></span> <span class='ocrx_word' id='word_1_837' title='bbox 477 5114 794 5181; x_wconf 52' lang='lat' dir='ltr'><strong>omnes&#39;has,</strong></span> <span class='ocrx_word' id='word_1_838' title='bbox 827 5133 940 5189; x_wconf 74' lang='lat' dir='ltr'><strong>qua:</strong></span> <span class='ocrx_word' id='word_1_839' title='bbox 979 5114 1213 5189; x_wconf 73' lang='lat' dir='ltr'><strong>omnibus</strong></span> <span class='ocrx_word' id='word_1_840' title='bbox 1240 5116 1572 5189; x_wconf 77' lang='lat' dir='ltr'><strong>afortissimo</strong></span> <span class='ocrx_word' id='word_1_841' title='bbox 1601 5125 1648 5166; x_wconf 92' lang='lat' dir='ltr'><strong>et</strong></span> <span class='ocrx_word' id='word_1_842' title='bbox 1671 5114 1887 5184; x_wconf 84' lang='lat' dir='ltr'><strong>benigno</strong></span> 
     </span>
    </p>
   </div>
   <div class='ocr_carea' id='block_1_112' title="bbox 315 5183 1888 5309">
    <p class='ocr_par' dir='ltr' id='par_1_112' title="bbox 315 5183 1888 5309">
     <span class='ocr_line' id='line_1_113' title="bbox 315 5183 1888 5309; baseline -0.002 -70"><span class='ocrx_word' id='word_1_843' title='bbox 315 5187 541 5309; x_wconf 67' lang='lat' dir='ltr'><strong>Dqlmino</strong></span> <span class='ocrx_word' id='word_1_844' title='bbox 586 5183 953 5260; x_wconf 78' lang='lat' dir='ltr'><strong>gubernantur,</strong></span> <span class='ocrx_word' id='word_1_845' title='bbox 987 5186 1214 5240; x_wconf 73' lang='lat' dir='ltr'><strong>liwretici</strong></span> <span class='ocrx_word' id='word_1_846' title='bbox 1261 5183 1528 5238; x_wconf 83' lang='lat' dir='ltr'><strong>debilitant</strong></span> <span class='ocrx_word' id='word_1_847' title='bbox 1589 5194 1738 5256; x_wconf 89' lang='lat' dir='ltr'><strong>atque</strong></span> <span class='ocrx_word' id='word_1_848' title='bbox 1765 5183 1888 5238; x_wconf 85' lang='lat' dir='ltr'><strong>con-</strong></span> 
     </span>
     <span class='ocr_line' id='line_1_114' title="bbox 315 5267 523 5309; baseline -0.005 0"><span class='ocrx_word' id='word_1_849' title='bbox 315 5275 367 5309; x_wconf 84' lang='lat' dir='ltr'><strong>rc</strong></span> <span class='ocrx_word' id='word_1_850' title='bbox 414 5267 523 5309; x_wconf 87' lang='lat' dir='ltr'><strong>unt.</strong></span> 
     </span>
    </p>
   </div>
   <div class='ocr_carea' id='block_1_113' title="bbox 306 5260 523 5310">
    <p class='ocr_par' dir='ltr' id='par_1_113' title="bbox 306 5260 523 5310">
     <span class='ocr_line' id='line_1_115' title="bbox 306 5260 523 5310; baseline -0.009 0"><span class='ocrx_word' id='word_1_851' title='bbox 306 5260 523 5310; x_wconf 68' lang='lat' dir='ltr'><strong>vellunt.</strong></span> 
     </span>
    </p>
   </div>
   <div class='ocr_carea' id='block_1_114' title="bbox 382 5320 1889 5393">
    <p class='ocr_par' dir='ltr' id='par_1_114' title="bbox 382 5320 1889 5393">
     <span class='ocr_line' id='line_1_116' title="bbox 382 5320 1889 5393; baseline -0.001 -15"><span class='ocrx_word' id='word_1_852' title='bbox 382 5323 409 5360; x_wconf 75' lang='grc' dir='ltr'><em>ά</em></span> <span class='ocrx_word' id='word_1_853' title='bbox 439 5325 697 5387; x_wconf 82' lang='lat' dir='ltr'><strong>Baronius</strong></span> <span class='ocrx_word' id='word_1_854' title='bbox 723 5323 887 5378; x_wconf 87' lang='lat' dir='ltr'><strong>refert</strong></span> <span class='ocrx_word' id='word_1_855' title='bbox 914 5325 1016 5378; x_wconf 84' lang='lat' dir='ltr'><strong>ista</strong></span> <span class='ocrx_word' id='word_1_856' title='bbox 1043 5322 1144 5393; x_wconf 76' lang='lat' dir='ltr'><strong>(Ad</strong></span> <span class='ocrx_word' id='word_1_857' title='bbox 1172 5339 1296 5376; x_wconf 90' lang='lat' dir='ltr'><strong>ann.</strong></span> <span class='ocrx_word' id='word_1_858' title='bbox 1325 5320 1446 5386; x_wconf 68' lang='lat'><strong>428,</strong></span> <span class='ocrx_word' id='word_1_859' title='bbox 1471 5339 1611 5393; x_wconf 86' lang='lat' dir='ltr'><strong>num.</strong></span> <span class='ocrx_word' id='word_1_860' title='bbox 1655 5321 1765 5393; x_wconf 61' lang='grc' dir='ltr'><strong>δί),</strong></span> <span class='ocrx_word' id='word_1_861' title='bbox 1798 5329 1889 5376; x_wconf 88' lang='lat' dir='ltr'><strong>aut</strong></span> 
     </span>
    </p>
   </div>
   <div class='ocr_carea' id='block_1_115' title="bbox 308 5392 1887 5460">
    <p class='ocr_par' dir='ltr' id='par_1_115' title="bbox 308 5392 1887 5460">
     <span class='ocr_line' id='line_1_117' title="bbox 308 5392 1887 5460; baseline -0.004 -10"><span class='ocrx_word' id='word_1_862' title='bbox 308 5403 462 5452; x_wconf 84' lang='lat' dir='ltr'><strong>certe</strong></span> <span class='ocrx_word' id='word_1_863' title='bbox 491 5395 774 5455; x_wconf 86' lang='lat' dir='ltr'><strong>admodum</strong></span> <span class='ocrx_word' id='word_1_864' title='bbox 812 5394 1029 5455; x_wconf 88' lang='lat' dir='ltr'><strong>similia,</strong></span> <span class='ocrx_word' id='word_1_865' title='bbox 1054 5392 1162 5446; x_wconf 89' lang='lat' dir='ltr'><strong>nec</strong></span> <span class='ocrx_word' id='word_1_866' title='bbox 1189 5393 1360 5460; x_wconf 88' lang='lat' dir='ltr'><strong>aperit</strong></span> <span class='ocrx_word' id='word_1_867' title='bbox 1400 5392 1541 5446; x_wconf 82' lang='lat' dir='ltr'><strong>unde</strong></span> <span class='ocrx_word' id='word_1_868' title='bbox 1589 5392 1887 5460; x_wconf 87' lang='lat' dir='ltr'><strong>acceperit;</strong></span> 
     </span>
    </p>
   </div>
   <div class='ocr_carea' id='block_1_116' title="bbox 311 5461 1890 5530">
    <p class='ocr_par' dir='ltr' id='par_1_116' title="bbox 311 5461 1890 5530">
     <span class='ocr_line' id='line_1_118' title="bbox 311 5461 1890 5530; baseline -0.004 -10"><span class='ocrx_word' id='word_1_869' title='bbox 311 5463 548 5523; x_wconf 85' lang='lat' dir='ltr'><strong>ostendit</strong></span> <span class='ocrx_word' id='word_1_870' title='bbox 578 5463 753 5520; x_wconf 90' lang='lat' dir='ltr'><strong>tamen</strong></span> <span class='ocrx_word' id='word_1_871' title='bbox 777 5463 874 5517; x_wconf 90' lang='lat' dir='ltr'><strong>hac</strong></span> <span class='ocrx_word' id='word_1_872' title='bbox 903 5463 1107 5530; x_wconf 88' lang='lat' dir='ltr'><strong>adjecta</strong></span> <span class='ocrx_word' id='word_1_873' title='bbox 1128 5471 1271 5524; x_wconf 90' lang='lat' dir='ltr'><strong>uota,</strong></span> <span class='ocrx_word' id='word_1_874' title='bbox 1291 5470 1410 5523; x_wconf 81' lang='lat' dir='ltr'><strong>etc...</strong></span> <span class='ocrx_word' id='word_1_875' title='bbox 1432 5476 1490 5516; x_wconf 92' lang='lat' dir='ltr'><strong>se</strong></span> <span class='ocrx_word' id='word_1_876' title='bbox 1508 5477 1572 5514; x_wconf 80' lang='lat' dir='ltr'><strong>ex</strong></span> <span class='ocrx_word' id='word_1_877' title='bbox 1599 5461 1890 5530; x_wconf 73' lang='lat' dir='ltr'><strong>prolixiore</strong></span> 
     </span>
    </p>
   </div>
   <div class='ocr_carea' id='block_1_117' title="bbox 310 5529 1891 5598">
    <p class='ocr_par' dir='ltr' id='par_1_117' title="bbox 310 5529 1891 5598">
     <span class='ocr_line' id='line_1_119' title="bbox 310 5529 1891 5598; baseline -0.001 -13"><span class='ocrx_word' id='word_1_878' title='bbox 310 5549 561 5596; x_wconf 76' lang='lat' dir='ltr'><strong>sermone</strong></span> <span class='ocrx_word' id='word_1_879' title='bbox 608 5540 923 5586; x_wconf 89' lang='lat' dir='ltr'><strong>mutuatum.</strong></span> <span class='ocrx_word' id='word_1_880' title='bbox 971 5529 1106 5585; x_wconf 85' lang='lat' dir='ltr'><strong>Cum</strong></span> <span class='ocrx_word' id='word_1_881' title='bbox 1135 5545 1262 5598; x_wconf 80' lang='lat' dir='ltr'><strong>ergo</strong></span> <span class='ocrx_word' id='word_1_882' title='bbox 1292 5531 1452 5584; x_wconf 74' lang='lat' dir='ltr'><strong>vellet</strong></span> <span class='ocrx_word' id='word_1_883' title='bbox 1473 5529 1675 5598; x_wconf 79' lang='lat' dir='ltr'><strong>aliquid</strong></span> <span class='ocrx_word' id='word_1_884' title='bbox 1700 5529 1891 5598; x_wconf 63' lang='lat' dir='ltr'><strong>afferre</strong></span> 
     </span>
    </p>
   </div>
   <div class='ocr_carea' id='block_1_118' title="bbox 312 5593 1888 5668">
    <p class='ocr_par' dir='ltr' id='par_1_118' title="bbox 312 5593 1888 5668">
     <span class='ocr_line' id='line_1_120' title="bbox 312 5593 1888 5668; baseline -0.002 -13"><span class='ocrx_word' id='word_1_885' title='bbox 312 5593 744 5668; x_wconf 29' lang='lat' dir='ltr'><strong>quo&#39;sententia</strong></span> <span class='ocrx_word' id='word_1_886' title='bbox 801 5601 1052 5661; x_wconf 90' lang='lat' dir='ltr'><strong>Socratis,</strong></span> <span class='ocrx_word' id='word_1_887' title='bbox 1107 5593 1347 5668; x_wconf 71' lang='lat' dir='ltr'><strong>negantis</strong></span> <span class='ocrx_word' id='word_1_888' title='bbox 1413 5593 1715 5654; x_wconf 79' lang='lat' dir='ltr'><strong>Nestorium</strong></span> <span class='ocrx_word' id='word_1_889' title='bbox 1757 5593 1888 5653; x_wconf 80' lang='lat' dir='ltr'><strong>&#39;eum</strong></span> 
     </span>
    </p>
   </div>
   <div class='ocr_carea' id='block_1_119' title="bbox 317 5669 1887 5736">
    <p class='ocr_par' dir='ltr' id='par_1_119' title="bbox 317 5669 1887 5736">
     <span class='ocr_line' id='line_1_121' title="bbox 317 5669 1887 5736; baseline -0.001 -12"><span class='ocrx_word' id='word_1_890' title='bbox 317 5670 484 5730; x_wconf 77' lang='lat' dir='ltr'><strong>Paulo</strong></span> <span class='ocrx_word' id='word_1_891' title='bbox 529 5672 882 5726; x_wconf 85' lang='lat' dir='ltr'><strong>Samosateno</strong></span> <span class='ocrx_word' id='word_1_892' title='bbox 922 5670 1169 5730; x_wconf 73' lang='lat' dir='ltr'><strong>sensisse,</strong></span> <span class='ocrx_word' id='word_1_893' title='bbox 1216 5670 1550 5736; x_wconf 83' lang='lat' dir='ltr'><strong>aliquatenus</strong></span> <span class='ocrx_word' id='word_1_894' title='bbox 1593 5669 1887 5736; x_wconf 73' lang='lat' dir='ltr'><strong>jnvari-tnr,</strong></span> 
     </span>
    </p>
   </div>
   <div class='ocr_carea' id='block_1_120' title="bbox 316 5738 1889 5812">
    <p class='ocr_par' dir='ltr' id='par_1_120' title="bbox 316 5738 1889 5812">
     <span class='ocr_line' id='line_1_122' title="bbox 316 5738 1889 5812; baseline -0.004 -16"><span class='ocrx_word' id='word_1_895' title='bbox 316 5746 386 5797; x_wconf 76' lang='lat' dir='ltr'><strong>ita</strong></span> <span class='ocrx_word' id='word_1_896' title='bbox 443 5742 627 5807; x_wconf 79' lang='lat' dir='ltr'><strong>scribit</strong></span> <span class='ocrx_word' id='word_1_897' title='bbox 663 5759 672 5792; x_wconf 92' lang='lat'>:</span> <span class='ocrx_word' id='word_1_898' title='bbox 707 5741 786 5794; x_wconf 81' lang='lat' dir='ltr'><strong>Ad</strong></span> <span class='ocrx_word' id='word_1_899' title='bbox 832 5741 1209 5797; x_wconf 77' lang='lat' dir='ltr'><strong>excusationem</strong></span> <span class='ocrx_word' id='word_1_900' title='bbox 1253 5738 1484 5794; x_wconf 73' lang='lat' dir='ltr'><strong>Socratis</strong></span> <span class='ocrx_word' id='word_1_901' title='bbox 1535 5739 1664 5794; x_wconf 84' lang='lat' dir='ltr'><strong>illud</strong></span> <span class='ocrx_word' id='word_1_902' title='bbox 1712 5740 1889 5812; x_wconf 60' lang='lat' dir='ltr'><strong>aferri</strong></span> 
     </span>
    </p>
   </div>
   <div class='ocr_carea' id='block_1_121' title="bbox 2065 4625 3553 4694">
    <p class='ocr_par' dir='ltr' id='par_1_121' title="bbox 2065 4625 3553 4694">
     <span class='ocr_line' id='line_1_123' title="bbox 2065 4625 3553 4694; baseline -0.001 -14"><span class='ocrx_word' id='word_1_903' title='bbox 2065 4638 2088 4664; x_wconf 78' lang='grc' dir='ltr'><strong><em>ο</em></strong></span> <span class='ocrx_word' id='word_1_904' title='bbox 2117 4627 2216 4682; x_wconf 91' lang='lat' dir='ltr'><strong>Cui</strong></span> <span class='ocrx_word' id='word_1_905' title='bbox 2245 4643 2352 4681; x_wconf 92' lang='lat' dir='ltr'><strong>non</strong></span> <span class='ocrx_word' id='word_1_906' title='bbox 2374 4627 2571 4681; x_wconf 86' lang='lat' dir='ltr'><strong>faciant</strong></span> <span class='ocrx_word' id='word_1_907' title='bbox 2608 4625 2784 4680; x_wconf 81' lang='lat' dir='ltr'><strong>fucum</strong></span> <span class='ocrx_word' id='word_1_908' title='bbox 2823 4627 2933 4680; x_wconf 76' lang='lat' dir='ltr'><strong>lucc</strong></span> <span class='ocrx_word' id='word_1_909' title='bbox 2962 4627 3221 4681; x_wconf 83' lang='lat' dir='ltr'><strong>catholica</strong></span> <span class='ocrx_word' id='word_1_910' title='bbox 3247 4627 3298 4679; x_wconf 92' lang='lat' dir='ltr'><strong>in</strong></span> <span class='ocrx_word' id='word_1_911' title='bbox 3323 4626 3553 4694; x_wconf 86' lang='lat' dir='ltr'><strong>speciem</strong></span> 
     </span>
    </p>
   </div>
   <div class='ocr_carea' id='block_1_122' title="bbox 1989 4695 3552 4761">
    <p class='ocr_par' dir='ltr' id='par_1_122' title="bbox 1989 4695 3552 4761">
     <span class='ocr_line' id='line_1_124' title="bbox 1989 4695 3552 4761; baseline -0.002 -9"><span class='ocrx_word' id='word_1_912' title='bbox 1989 4697 2186 4752; x_wconf 85' lang='lat' dir='ltr'><strong>verba?</strong></span> <span class='ocrx_word' id='word_1_913' title='bbox 2213 4695 2474 4752; x_wconf 81' lang='lat' dir='ltr'><strong>Fecerunt</strong></span> <span class='ocrx_word' id='word_1_914' title='bbox 2513 4704 2658 4750; x_wconf 90' lang='lat' dir='ltr'><strong>certe</strong></span> <span class='ocrx_word' id='word_1_915' title='bbox 2705 4696 3051 4761; x_wconf 88' lang='lat' dir='ltr'><strong>auditoribus,</strong></span> <span class='ocrx_word' id='word_1_916' title='bbox 3085 4712 3203 4749; x_wconf 88' lang='lat' dir='ltr'><strong>eum</strong></span> <span class='ocrx_word' id='word_1_917' title='bbox 3230 4696 3552 4758; x_wconf 72' lang='lat' dir='ltr'><strong>dicerentur;</strong></span> 
     </span>
    </p>
   </div>
   <div class='ocr_carea' id='block_1_123' title="bbox 1988 4765 3557 4836">
    <p class='ocr_par' dir='ltr' id='par_1_123' title="bbox 1988 4765 3557 4836">
     <span class='ocr_line' id='line_1_125' title="bbox 1988 4765 3557 4836; baseline -0.003 -14"><span class='ocrx_word' id='word_1_918' title='bbox 1988 4765 2433 4836; x_wconf 85' lang='lat' dir='ltr'><strong>quemadmodum</strong></span> <span class='ocrx_word' id='word_1_919' title='bbox 2455 4774 2642 4820; x_wconf 86' lang='lat' dir='ltr'><strong>auctor</strong></span> <span class='ocrx_word' id='word_1_920' title='bbox 2661 4775 2741 4819; x_wconf 88' lang='lat' dir='ltr'><strong>est</strong></span> <span class='ocrx_word' id='word_1_921' title='bbox 2762 4765 3024 4836; x_wconf 80' lang='lat' dir='ltr'><strong>Mercator</strong></span> <span class='ocrx_word' id='word_1_922' title='bbox 3049 4783 3060 4818; x_wconf 96' lang='lat'>:</span> <span class='ocrx_word' id='word_1_923' title='bbox 3092 4765 3233 4820; x_wconf 89' lang='lat' dir='ltr'><strong>unde</strong></span> <span class='ocrx_word' id='word_1_924' title='bbox 3259 4765 3557 4836; x_wconf 80' lang='lat' dir='ltr'><strong>sycophan-</strong></span> 
     </span>
    </p>
   </div>
   <div class='ocr_carea' id='block_1_124' title="bbox 1992 4834 3554 4904">
    <p class='ocr_par' dir='ltr' id='par_1_124' title="bbox 1992 4834 3554 4904">
     <span class='ocr_line' id='line_1_126' title="bbox 1992 4834 3554 4904; baseline -0.002 -14"><span class='ocrx_word' id='word_1_925' title='bbox 1992 4844 2072 4890; x_wconf 88' lang='lat' dir='ltr'><strong>tas</strong></span> <span class='ocrx_word' id='word_1_926' title='bbox 2096 4842 2255 4904; x_wconf 88' lang='lat' dir='ltr'><strong>atque</strong></span> <span class='ocrx_word' id='word_1_927' title='bbox 2278 4835 2485 4889; x_wconf 87' lang='lat' dir='ltr'><strong>invidos</strong></span> <span class='ocrx_word' id='word_1_928' title='bbox 2506 4843 2765 4904; x_wconf 89' lang='lat' dir='ltr'><strong>vocarunt</strong></span> <span class='ocrx_word' id='word_1_929' title='bbox 2792 4834 2881 4904; x_wconf 90' lang='lat' dir='ltr'><strong>qui</strong></span> <span class='ocrx_word' id='word_1_930' title='bbox 2902 4835 3200 4904; x_wconf 81' lang='lat' dir='ltr'><strong>Nestorium</strong></span> <span class='ocrx_word' id='word_1_931' title='bbox 3223 4834 3554 4898; x_wconf 73' lang='lat' dir='ltr'><strong>accusarent,</strong></span> 
     </span>
    </p>
   </div>
   <div class='ocr_carea' id='block_1_125' title="bbox 1989 4903 3554 4973">
    <p class='ocr_par' dir='ltr' id='par_1_125' title="bbox 1989 4903 3554 4973">
     <span class='ocr_line' id='line_1_127' title="bbox 1989 4903 3554 4973; baseline -0.003 -13"><span class='ocrx_word' id='word_1_932' title='bbox 1989 4914 2042 4960; x_wconf 88' lang='lat' dir='ltr'><strong>et</strong></span> <span class='ocrx_word' id='word_1_933' title='bbox 2070 4905 2120 4958; x_wconf 85' lang='lat' dir='ltr'><strong>in</strong></span> <span class='ocrx_word' id='word_1_934' title='bbox 2151 4903 2264 4960; x_wconf 74' lang='lat' dir='ltr'><strong>limc</strong></span> <span class='ocrx_word' id='word_1_935' title='bbox 2293 4905 2452 4959; x_wconf 87' lang='lat' dir='ltr'><strong>verba</strong></span> <span class='ocrx_word' id='word_1_936' title='bbox 2481 4903 2653 4973; x_wconf 86' lang='lat' dir='ltr'><strong>palam</strong></span> <span class='ocrx_word' id='word_1_937' title='bbox 2700 4903 2990 4972; x_wconf 86' lang='lat' dir='ltr'><strong>eruperunt</strong></span> <span class='ocrx_word' id='word_1_938' title='bbox 3023 4922 3035 4956; x_wconf 92' lang='lat'>:</span> <span class='ocrx_word' id='word_1_939' title='bbox 3068 4903 3201 4957; x_wconf 84' lang='lat' dir='ltr'><strong>Ecce</strong></span> <span class='ocrx_word' id='word_1_940' title='bbox 3222 4921 3382 4960; x_wconf 85' lang='lat' dir='ltr'><strong>unum</strong></span> <span class='ocrx_word' id='word_1_941' title='bbox 3404 4904 3554 4973; x_wconf 60' lang='lat' dir='ltr'><strong>diuit,</strong></span> 
     </span>
    </p>
   </div>
   <div class='ocr_carea' id='block_1_126' title="bbox 2023 4972 3559 5056">
    <p class='ocr_par' dir='ltr' id='par_1_126' title="bbox 2023 4972 3559 5056">
     <span class='ocr_line' id='line_1_128' title="bbox 2023 4972 3559 5056; baseline -0.001 -28"><span class='ocrx_word' id='word_1_942' title='bbox 2023 4974 2111 5056; x_wconf 70' lang='lat' dir='ltr'><strong>uid</strong></span> <span class='ocrx_word' id='word_1_943' title='bbox 2133 4974 2283 5056; x_wconf 74' lang='lat' dir='ltr'><strong>vultis</strong></span> <span class='ocrx_word' id='word_1_944' title='bbox 2311 4972 2570 5056; x_wconf 75' lang='lat' dir='ltr'><strong>amplius?</strong></span> <span class='ocrx_word' id='word_1_945' title='bbox 2592 4973 2721 5029; x_wconf 79' lang='lat' dir='ltr'><strong>Vide</strong></span> <span class='ocrx_word' id='word_1_946' title='bbox 2745 4973 3056 5028; x_wconf 84' lang='lat' dir='ltr'><strong>Mercatoris</strong></span> <span class='ocrx_word' id='word_1_947' title='bbox 3083 4973 3275 5040; x_wconf 88' lang='lat' dir='ltr'><strong>locum,</strong></span> <span class='ocrx_word' id='word_1_948' title='bbox 3308 4972 3559 5032; x_wconf 70' lang='lat' dir='ltr'><strong>ubiJraus</strong></span> 
     </span>
    </p>
   </div>
   <div class='ocr_carea' id='block_1_127' title="bbox 2035 5045 2520 5111">
    <p class='ocr_par' dir='ltr' id='par_1_127' title="bbox 2035 5045 2520 5111">
     <span class='ocr_line' id='line_1_129' title="bbox 2035 5045 2520 5111; baseline -0.006 -12"><span class='ocrx_word' id='word_1_949' title='bbox 2035 5045 2216 5099; x_wconf 89' lang='lat' dir='ltr'><strong>estorii</strong></span> <span class='ocrx_word' id='word_1_950' title='bbox 2246 5045 2520 5111; x_wconf 87' lang='lat' dir='ltr'><strong>retegitur.</strong></span> 
     </span>
    </p>
   </div>
   <div class='ocr_carea' id='block_1_128' title="bbox 2063 5111 3557 5183">
    <p class='ocr_par' dir='ltr' id='par_1_128' title="bbox 2063 5111 3557 5183">
     <span class='ocr_line' id='line_1_130' title="bbox 2063 5111 3557 5183; baseline 0 -17"><span class='ocrx_word' id='word_1_951' title='bbox 2063 5112 2082 5151; x_wconf 71' lang='grc' dir='ltr'><em>τ</em></span> <span class='ocrx_word' id='word_1_952' title='bbox 2117 5111 2392 5181; x_wconf 90' lang='lat' dir='ltr'><strong>Objectum</strong></span> <span class='ocrx_word' id='word_1_953' title='bbox 2424 5113 2476 5167; x_wconf 90' lang='lat' dir='ltr'><strong>id</strong></span> <span class='ocrx_word' id='word_1_954' title='bbox 2511 5112 2709 5183; x_wconf 83' lang='lat' dir='ltr'><strong>Cyrillo</strong></span> <span class='ocrx_word' id='word_1_955' title='bbox 2738 5113 3084 5179; x_wconf 84' lang='lat' dir='ltr'><strong>calumniose,</strong></span> <span class='ocrx_word' id='word_1_956' title='bbox 3114 5128 3255 5168; x_wconf 90' lang='lat' dir='ltr'><strong>nunc</strong></span> <span class='ocrx_word' id='word_1_957' title='bbox 3282 5111 3495 5180; x_wconf 89' lang='lat' dir='ltr'><strong>quidem</strong></span> <span class='ocrx_word' id='word_1_958' title='bbox 3525 5127 3557 5183; x_wconf 76' lang='lat' dir='ltr'><strong>a</strong></span> 
     </span>
    </p>
   </div>
   <div class='ocr_carea' id='block_1_129' title="bbox 1989 5182 3561 5252">
    <p class='ocr_par' dir='ltr' id='par_1_129' title="bbox 1989 5182 3561 5252">
     <span class='ocr_line' id='line_1_131' title="bbox 1989 5182 3561 5252; baseline 0 -16"><span class='ocrx_word' id='word_1_959' title='bbox 1989 5182 2270 5247; x_wconf 87' lang='lat' dir='ltr'><strong>Nestorio,</strong></span> <span class='ocrx_word' id='word_1_960' title='bbox 2312 5191 2497 5252; x_wconf 87' lang='lat' dir='ltr'><strong>postea</strong></span> <span class='ocrx_word' id='word_1_961' title='bbox 2530 5182 2660 5237; x_wconf 86' lang='lat' dir='ltr'><strong>vero</strong></span> <span class='ocrx_word' id='word_1_962' title='bbox 2688 5198 2716 5236; x_wconf 90' lang='lat' dir='ltr'><strong>a</strong></span> <span class='ocrx_word' id='word_1_963' title='bbox 2765 5183 2994 5237; x_wconf 86' lang='lat' dir='ltr'><strong>Nestorii</strong></span> <span class='ocrx_word' id='word_1_964' title='bbox 3030 5184 3346 5250; x_wconf 85' lang='lat' dir='ltr'><strong>sequacibus</strong></span> <span class='ocrx_word' id='word_1_965' title='bbox 3369 5221 3382 5241; x_wconf 90' lang='lat'><strong>.</strong></span> <span class='ocrx_word' id='word_1_966' title='bbox 3415 5182 3561 5251; x_wconf 86' lang='lat' dir='ltr'><strong>quod</strong></span> 
     </span>
    </p>
   </div>
   <div class='ocr_carea' id='block_1_130' title="bbox 1989 5252 3560 5321">
    <p class='ocr_par' dir='ltr' id='par_1_130' title="bbox 1989 5252 3560 5321">
     <span class='ocr_line' id='line_1_132' title="bbox 1989 5252 3560 5321; baseline 0.003 -16"><span class='ocrx_word' id='word_1_967' title='bbox 1989 5252 2298 5306; x_wconf 86' lang='lat' dir='ltr'><strong>muneribus</strong></span> <span class='ocrx_word' id='word_1_968' title='bbox 2328 5267 2439 5305; x_wconf 89' lang='lat' dir='ltr'><strong>rem</strong></span> <span class='ocrx_word' id='word_1_969' title='bbox 2486 5259 2703 5319; x_wconf 88' lang='lat' dir='ltr'><strong>ageret,</strong></span> <span class='ocrx_word' id='word_1_970' title='bbox 2740 5260 2795 5307; x_wconf 91' lang='lat' dir='ltr'><strong>et</strong></span> <span class='ocrx_word' id='word_1_971' title='bbox 2839 5269 2962 5307; x_wconf 79' lang='lat' dir='ltr'><strong>suas</strong></span> <span class='ocrx_word' id='word_1_972' title='bbox 2989 5253 3041 5308; x_wconf 89' lang='lat' dir='ltr'><strong>in</strong></span> <span class='ocrx_word' id='word_1_973' title='bbox 3069 5262 3250 5321; x_wconf 89' lang='lat' dir='ltr'><strong>partes</strong></span> <span class='ocrx_word' id='word_1_974' title='bbox 3277 5253 3560 5321; x_wconf 82' lang='lat' dir='ltr'><strong>episcopos</strong></span> 
     </span>
    </p>
   </div>
   <div class='ocr_carea' id='block_1_131' title="bbox 2028 5321 3561 5391">
    <p class='ocr_par' dir='ltr' id='par_1_131' title="bbox 2028 5321 3561 5391">
     <span class='ocr_line' id='line_1_133' title="bbox 2028 5321 3561 5391; baseline -0.001 -15"><span class='ocrx_word' id='word_1_975' title='bbox 2028 5321 2459 5376; x_wconf 81' lang='lat' dir='ltr'><strong>ollicitationibus</strong></span> <span class='ocrx_word' id='word_1_976' title='bbox 2523 5322 2773 5391; x_wconf 83' lang='lat' dir='ltr'><strong>traheret.</strong></span> <span class='ocrx_word' id='word_1_977' title='bbox 2840 5321 3173 5384; x_wconf 79' lang='lat' dir='ltr'><strong>Orientales,</strong></span> <span class='ocrx_word' id='word_1_978' title='bbox 3225 5338 3319 5376; x_wconf 87' lang='lat' dir='ltr'><strong>seu</strong></span> <span class='ocrx_word' id='word_1_979' title='bbox 3381 5323 3561 5391; x_wconf 74' lang='lat' dir='ltr'><strong>potius</strong></span> 
     </span>
    </p>
   </div>
   <div class='ocr_carea' id='block_1_132' title="bbox 2040 5390 3560 5462">
    <p class='ocr_par' dir='ltr' id='par_1_132' title="bbox 2040 5390 3560 5462">
     <span class='ocr_line' id='line_1_134' title="bbox 2040 5390 3560 5462; baseline 0.001 -20"><span class='ocrx_word' id='word_1_980' title='bbox 2040 5391 2352 5462; x_wconf 11' lang='lat' dir='ltr'><strong>rientalium,</strong></span> <span class='ocrx_word' id='word_1_981' title='bbox 2380 5391 2594 5445; x_wconf 89' lang='lat' dir='ltr'><strong>nomine</strong></span> <span class='ocrx_word' id='word_1_982' title='bbox 2623 5390 2992 5446; x_wconf 86' lang='lat' dir='ltr'><strong>Theodoretus</strong></span> <span class='ocrx_word' id='word_1_983' title='bbox 3019 5410 3031 5443; x_wconf 92' lang='lat'>:</span> <span class='ocrx_word' id='word_1_984' title='bbox 3065 5391 3276 5462; x_wconf 79' lang='lat' dir='ltr'><strong>Scitote,</strong></span> <span class='ocrx_word' id='word_1_985' title='bbox 3309 5390 3442 5462; x_wconf 83' lang='lat' dir='ltr'><strong>quod</strong></span> <span class='ocrx_word' id='word_1_986' title='bbox 3486 5393 3560 5462; x_wconf 74' lang='lat' dir='ltr'><strong>ei-</strong></span> 
     </span>
    </p>
   </div>
   <div class='ocr_carea' id='block_1_133' title="bbox 1991 5457 3561 5532">
    <p class='ocr_par' dir='ltr' id='par_1_133' title="bbox 1991 5457 3561 5532">
     <span class='ocr_line' id='line_1_135' title="bbox 1991 5457 3561 5532; baseline 0.001 -20"><span class='ocrx_word' id='word_1_987' title='bbox 1991 5461 2167 5513; x_wconf 87' lang='lat' dir='ltr'><strong>dentes</strong></span> <span class='ocrx_word' id='word_1_988' title='bbox 2211 5457 2522 5532; x_wconf 74' lang='lat' dir='ltr'><strong>Cyrillianos</strong></span> <span class='ocrx_word' id='word_1_989' title='bbox 2574 5462 2845 5532; x_wconf 84' lang='lat' dir='ltr'><strong>tyrannide</strong></span> <span class='ocrx_word' id='word_1_990' title='bbox 2872 5471 2920 5515; x_wconf 81' lang='lat' dir='ltr'><strong>et</strong></span> <span class='ocrx_word' id='word_1_991' title='bbox 2962 5460 3259 5532; x_wconf 73' lang='lat' dir='ltr'><strong>fraudibus,</strong></span> <span class='ocrx_word' id='word_1_992' title='bbox 3290 5457 3338 5514; x_wconf 77' lang='lat' dir='ltr'><strong>et</strong></span> <span class='ocrx_word' id='word_1_993' title='bbox 3377 5461 3561 5514; x_wconf 87' lang='lat' dir='ltr'><strong>adula-</strong></span> 
     </span>
    </p>
   </div>
   <div class='ocr_carea' id='block_1_134' title="bbox 1992 5530 3560 5597">
    <p class='ocr_par' dir='ltr' id='par_1_134' title="bbox 1992 5530 3560 5597">
     <span class='ocr_line' id='line_1_136' title="bbox 1992 5530 3560 5597; baseline 0.001 -16"><span class='ocrx_word' id='word_1_994' title='bbox 1992 5531 2146 5592; x_wconf 81' lang='lat' dir='ltr'><strong>tione,</strong></span> <span class='ocrx_word' id='word_1_995' title='bbox 2171 5539 2220 5583; x_wconf 90' lang='lat' dir='ltr'><strong>et</strong></span> <span class='ocrx_word' id='word_1_996' title='bbox 2245 5530 2392 5583; x_wconf 88' lang='lat' dir='ltr'><strong>donis</strong></span> <span class='ocrx_word' id='word_1_997' title='bbox 2422 5547 2613 5590; x_wconf 80' lang='lat' dir='ltr'><strong>omnes,</strong></span> <span class='ocrx_word' id='word_1_998' title='bbox 2637 5541 2691 5583; x_wconf 89' lang='lat' dir='ltr'><strong>ut</strong></span> <span class='ocrx_word' id='word_1_999' title='bbox 2718 5532 2791 5584; x_wconf 90' lang='lat' dir='ltr'><strong>ita</strong></span> <span class='ocrx_word' id='word_1_1000' title='bbox 2813 5530 2999 5595; x_wconf 83' lang='lat' dir='ltr'><strong>dicam,</strong></span> <span class='ocrx_word' id='word_1_1001' title='bbox 3024 5531 3295 5597; x_wconf 84' lang='lat' dir='ltr'><strong>decepisse,</strong></span> <span class='ocrx_word' id='word_1_1002' title='bbox 3319 5547 3421 5585; x_wconf 90' lang='lat' dir='ltr'><strong>non</strong></span> <span class='ocrx_word' id='word_1_1003' title='bbox 3441 5545 3560 5582; x_wconf 86' lang='lat' dir='ltr'><strong>raro</strong></span> 
     </span>
    </p>
   </div>
   <div class='ocr_carea' id='block_1_135' title="bbox 1992 5599 3556 5669">
    <p class='ocr_par' dir='ltr' id='par_1_135' title="bbox 1992 5599 3556 5669">
     <span class='ocr_line' id='line_1_137' title="bbox 1992 5599 3556 5669; baseline -0.001 -18"><span class='ocrx_word' id='word_1_1004' title='bbox 1992 5600 2363 5669; x_wconf 71' lang='lat' dir='ltr'><strong>pientissimum</strong></span> <span class='ocrx_word' id='word_1_1005' title='bbox 2391 5615 2558 5667; x_wconf 79' lang='lat' dir='ltr'><strong>regem</strong></span> <span class='ocrx_word' id='word_1_1006' title='bbox 2587 5599 2979 5665; x_wconf 85' lang='lat' dir='ltr'><strong>obsecravimus,</strong></span> <span class='ocrx_word' id='word_1_1007' title='bbox 3010 5601 3164 5669; x_wconf 43' lang='grc' dir='ltr'><strong>οἱον(</strong></span> <span class='ocrx_word' id='word_1_1008' title='bbox 3173 5616 3206 5654; x_wconf 87' lang='grc' dir='ltr'><strong>ιι</strong></span> <span class='ocrx_word' id='word_1_1009' title='bbox 3235 5618 3286 5669; x_wconf 84' lang='lat' dir='ltr'><strong>p.</strong></span> <span class='ocrx_word' id='word_1_1010' title='bbox 3318 5615 3362 5652; x_wconf 86' lang='lat' dir='ltr'><strong>c.</strong></span> <span class='ocrx_word' id='word_1_1011' title='bbox 3399 5599 3556 5667; x_wconf 69' lang='lat' dir='ltr'><strong>[ip/1.,</strong></span> 
     </span>
    </p>
   </div>
   <div class='ocr_carea' id='block_1_136' title="bbox 1991 5667 3558 5738">
    <p class='ocr_par' dir='ltr' id='par_1_136' title="bbox 1991 5667 3558 5738">
     <span class='ocr_line' id='line_1_138' title="bbox 1991 5667 3558 5738; baseline -0.001 -18"><span class='ocrx_word' id='word_1_1012' title='bbox 1991 5668 2081 5720; x_wconf 88' lang='lat' dir='ltr'><strong>sub</strong></span> <span class='ocrx_word' id='word_1_1013' title='bbox 2100 5669 2297 5735; x_wconf 82' lang='lat' dir='ltr'><strong>ﬁnem).</strong></span> <span class='ocrx_word' id='word_1_1014' title='bbox 2325 5667 2388 5721; x_wconf 82' lang='lat' dir='ltr'><strong>Et</strong></span> <span class='ocrx_word' id='word_1_1015' title='bbox 2409 5669 2567 5736; x_wconf 87' lang='lat' dir='ltr'><strong>paulo</strong></span> <span class='ocrx_word' id='word_1_1016' title='bbox 2589 5678 2708 5736; x_wconf 85' lang='lat' dir='ltr'><strong>post</strong></span> <span class='ocrx_word' id='word_1_1017' title='bbox 2729 5687 2742 5717; x_wconf 67' lang='grc' dir='ltr'>ε</span> <span class='ocrx_word' id='word_1_1018' title='bbox 2775 5669 2863 5722; x_wconf 87' lang='lat' dir='ltr'><strong>Sic</strong></span> <span class='ocrx_word' id='word_1_1019' title='bbox 2885 5671 3068 5738; x_wconf 83' lang='lat' dir='ltr'><strong>poterit</strong></span> <span class='ocrx_word' id='word_1_1020' title='bbox 3090 5667 3367 5737; x_wconf 71' lang='lat' dir='ltr'><strong>.Egyptius</strong></span> <span class='ocrx_word' id='word_1_1021' title='bbox 3389 5683 3558 5738; x_wconf 75' lang='lat' dir='ltr'><strong>omnes</strong></span> 
     </span>
    </p>
   </div>
   <div class='ocr_carea' id='block_1_137' title="bbox 1992 5735 3564 5806">
    <p class='ocr_par' dir='ltr' id='par_1_137' title="bbox 1992 5735 3564 5806">
     <span class='ocr_line' id='line_1_139' title="bbox 1992 5735 3564 5806; baseline -0.001 -16"><span class='ocrx_word' id='word_1_1022' title='bbox 1992 5755 2249 5792; x_wconf 71' lang='lat' dir='ltr'><strong>excwcare</strong></span> <span class='ocrx_word' id='word_1_1023' title='bbox 2298 5735 2743 5805; x_wconf 58' lang='lat' dir='ltr'><strong>muneribussuis,</strong></span> <span class='ocrx_word' id='word_1_1024' title='bbox 2777 5735 2974 5795; x_wconf 48' lang='lat' dir='ltr'><strong>etc.&#39;Et</strong></span> <span class='ocrx_word' id='word_1_1025' title='bbox 3004 5740 3054 5794; x_wconf 87' lang='lat' dir='ltr'><strong>in</strong></span> <span class='ocrx_word' id='word_1_1026' title='bbox 3085 5735 3307 5806; x_wconf 67' lang='lat' dir='ltr'><strong>epistola</strong></span> <span class='ocrx_word' id='word_1_1027' title='bbox 3355 5737 3418 5790; x_wconf 83' lang='lat' dir='ltr'><strong>ad</strong></span> <span class='ocrx_word' id='word_1_1028' title='bbox 3450 5735 3564 5789; x_wconf 64' lang='grc' dir='ltr'><strong>ιω..</strong></span> 
     </span>
    </p>
   </div>
  </div>
