3958 6178
310 323 419 379 855

1475 324 1634 380 lMPll
1674 323 1984 379 NESTORII
2022 325 2251 382 εει).Μο
2290 327 2401 382 Ill.

3459 335 3561 388 856

313 448 397 492 tus
425 420 553 492 cura
583 436 725 491 nulla
749 436 1018 502 sollicitat,
1040 452 1139 491 nec
1160 437 1289 490 mihi
1318 437 1384 491 de
1411 451 1478 491 eo
1507 438 1646 492 ullus
1667 445 1748 491 est
1771 452 1883 490 ser-
1921 448 1960 501 Α
1992 442 2165 505 τόκον;
2188 442 2291 496 hoc
2311 442 2452 495 enim
2477 442 2758 498 luereticus
2779 460 2887 499 non
2910 446 3110 514 patitur
3128 446 3321 512 dicere,
3347 456 3565 517 propter

311 544 429 593 mo;
460 526 633 582 donec
659 528 823 597 spiro,
848 542 980 582 sano
1000 526 1231 595 dogmati
1255 527 1463 581 adsum.

382 619 434 673 6.
466 619 573 674 Sed
600 620 897 687 elegantem
926 628 980 673 et
1008 620 1299 689 speciatam
1329 635 1514 675 eorum
1536 619 1772 675 auferam
1794 634 1889 675 oc-

309 713 600 766 casionem.
621 720 644 746 λ
662 708 714 764 Ν
720 728 785 765 οη
807 711 949 776 dicit,
968 712 1228 780 inquiunt,
1260 714 1526 774 Θεοτόκον,
1552 712 1604 765 id
1626 723 1720 775 est,
1747 713 1886 783 geni-

311 808 488 859 tricem
517 803 627 867 Dei,
652 811 707 860 et
735 804 840 860 hoc
858 812 940 859 est
965 811 1137 859 totum
1160 804 1306 873 quod
1338 806 1538 860 nostris
1558 806 1801 859 sensibus
1823 804 1891 857 ab

308 898 414 953 illis
445 898 733 967 opponitur
764 915 777 949 :
810 894 979 950 Nemo
1006 897 1160 959 enim,
1194 897 1369 959 aiunt,
1402 907 1591 950 rectam
1622 897 1745 966 ﬁdei
1780 895 1893 964 glo-

308 992 443 1045 riam
470 1006 701 1061 sequens,
732 1005 902 1043 vocem
929 989 1058 1041 hanc
1088 987 1366 1059 aliquando
1397 988 1695 1041 declinavit.
1730 986 1891 1040 Multa

303 1082 614 1148 dogmatum
646 1080 716 1134 ibi
736 1081 1102 1151 experimenta
1124 1079 1489 1150 suppeditant,
1511 1080 1752 1132 maxime
1772 1078 1891 1146 qui-

305 1173 449 1233 dem,
479 1186 597 1239 qum
624 1179 751 1225 sunt
790 1170 1112 1241 Apollinaris
1141 1178 1301 1224 secta:
1341 1178 1395 1224 et
1428 1169 1563 1229 Arii,
1597 1168 1678 1222 vel
1708 1168 1891 1222 Euno-

305 1262 419 1313 mii.
453 1261 507 1314 Si
538 1261 843 1329 investiges,
875 1260 902 1298 δ
929 1261 1295 1329 unusquisque
1331 1274 1519 1315 eorum
1549 1261 1809 1324 Θεοτόκον,
1839 1258 1891 1311 id

303 1361 407 1416 est,
442 1352 539 1406 Dei
561 1352 893 1421 genitricem,
925 1353 1214 1423 appellavit
1239 1353 1512 1422 Virginem
1542 1361 1805 1407 sanctam.

378 1446 428 1497 7.
454 1446 533 1500 'l‘n
561 1461 692 1500 vero
736 1446 971 1510 intende,
1001 1461 1204 1514 quaeso,
1237 1446 1288 1499 in
1321 1447 1434 1501 hate
1472 1461 1591 1513 qua:
1619 1445 1887 1509 dicuntur,

303 1545 575 1592 utcontra
603 1538 716 1593 haec
736 1539 1016 1608 ipsamque
1036 1540 1200 1593 etiam
1222 1554 1399 1593 escam
1426 1554 1587 1608 quam
1618 1540 1775 1593 hamo
1798 1554 1894 1609 ap-

302 1634 568 1695 ponentes
609 1628 919 1695 loquuntur,
959 1628 1324 1684 defensionem
1364 1630 1756 1699 paratissimam
1796 1630 1891 1682 ha-

300 1719 452 1773 beas.
478 1718 594 1774 Seis
622 1720 725 1774 hoc
745 1720 1111 1790 Apollinarem
1142 1721 1448 1776 dicentem?
1474 1720 1590 1776 Scis
1617 1723 1756 1777 hanc
1792 1737 1891 1777 vo-

298 1826 441 1873 cem,
474 1810 526 1865 id
560 1820 659 1875 est,
692 1812 947 1875 Θεοτόκαν,
979 1811 1120 1881 apud
1150 1812 1333 1866 Arium
1369 1813 1587 1882 plausus
1625 1814 1889 1868 maximos

298 1902 580 1955 excitare?
605 1900 722 1956 Seis
744 1903 884 1957 hanc
902 1918 1117 1971 quoque
1139 1903 1278 1973 apud
1299 1902 1619 1958 Eunominm
1642 1903 1890 1973 frequen-

299 1992 443 2045 tari?
476 1992 675 2056 Etiam,
714 1993 909 2061 inquis,
940 1994 1037 2048 sed
1066 2010 1174 2047 non
1200 1994 1493 2049 secundum
1534 1994 1655 2049 illos
1675 1994 1883 2067 [Balaam

298 2082 546 2155 Filium],
592 2084 699 2149 ais,
747 2084 887 2138 hanc
930 2099 1119 2139 vocem
1160 2085 1401 2139 enuntio.
1460 2084 1644 2140 Laudo
1682 2082 1889 2141 inﬁcias

298 2183 441 2237 tuas,
472 2173 683 2228 interim
708 2188 876 2243 arguo
902 2182 955 2228 te
984 2174 1158 2242 ipsum
1188 2174 1241 2228 in
1270 2190 1336 2229 eo
1364 2175 1510 2243 quod
1542 2175 1673 2231 dicis
1698 2191 1887 2231 vocem

297 2266 443 2321 hanc
468 2265 637 2321 solam
677 2280 796 2320 esse
818 2265 1059 2320 veritatis
1091 2273 1368 2331 tenacem;
1400 2273 1523 2320 sunt
1551 2267 1691 2321 enim
1723 2273 1778 2321 et
1804 2266 1887 2321 di-

297 2365 486 2413 centes
510 2358 765 2422 Θιοτόκον,
796 2364 853 2411 et
879 2364 1077 2423 tamen,
1105 2355 1399 2411 secundum
1425 2365 1567 2412 tuam
1604 2358 1890 2414 confessio-

299 2463 447 2513 nem,
467 2462 564 2502 eos
584 2462 700 2502 esse
720 2447 1003 2502 hzereticos
1031 2455 1261 2503 constat.
1285 2447 1390 2503 Sed
1413 2450 1671 2517 quoniam
1701 2450 1775 2503 illi
1802 2451 1885 2505 di-

296 2542 497 2591 centes}
535 2538 810 2603 οωτὸκον,
860 2537 985 2593 hinc
1027 2545 1233 2593 naturze
1279 2539 1558 2608 utriusque
1596 2538 1887 2596 conficiunt

298 2628 737 2697 permissionem,
766 2643 861 2683 seu
887 2636 1393 2698 temperamentum,
1418 2637 1477 2683 ut
1494 2644 1615 2699 qua:
1643 2638 1767 2685 sunt
1794 2632 1888 2685 hu-

298 2717 447 2772 milia
476 2733 585 2771 non
616 2716 895 2772 vidcantur
920 2717 987 2772 de
1015 2718 1195 2773 carnis
1221 2718 1365 2773 dicta
1406 2733 1526 2774 esse
1566 2719 1881 2785 substantia,

300 2826 404 2864 nec
433 2825 553 2878 quae
580 2810 687 2863 alta
716 2817 841 2863 sunt
865 2810 934 2863 de
964 2810 1075 2864 Deo
1102 2818 1159 2865 et
1179 2810 1409 2865 Domino
1429 2811 1669 2865 omnium
1690 2811 1887 2866 intelli-

297 2911 498 2970 gantur
523 2916 813 2971 expressa:
837 2901 1065 2969 ideoque
1091 2901 1288 2955 damna
1323 2916 1420 2956 eos
1447 2903 1540 2971 qui
1567 2903 1770 2967 dicunt,
1800 2916 1885 2958 se-

302 2992 534 3045 cundum
572 2991 895 3061 Apollinaris
923 3000 979 3045 et
1008 2990 1118 3045 Arii
1149 3006 1386 3057 sensum,
1415 2992 1510 3046 Dei
1538 2994 1881 3062 genitricem;

299 3091 357 3134 et
385 3096 489 3149 ego
517 3097 620 3135 una
653 3089 828 3136 tecum
856 3081 1031 3137 clamo
1058 3082 1311 3149 Θιοτὸχσν,
1346 3083 1443 3137 sed
1465 3090 1519 3138 et
1539 3087 1780 3142 Θεοτόκον
1806 3087 1885 3140 di-

299 3188 389 3237 co,
435 3181 491 3228 et
526 3172 667 3227 addo
701 3171 935 3227 hominis
970 3172 1304 3240 genitricem,
1337 3175 1442 3229 hoc
1478 3184 1577 3240 est,
1624 3179 1884 3253 ἀνθρωπο-
1914 3174 1958 3236 C

1993 546 2111 585 eam
2139 531 2455 587 divisionem
2483 547 2601 601 qua:
2621 548 2689 588 ex
2715 534 3057 591 distinctione
3081 536 3221 593 facta
3243 545 3335 593 est
3350 552 3567 607 quoque

1993 622 2296 676 verborum.

2064 712 2117 766 8.
2153 722 2175 751 ε
2210 713 2375 782 Igitur
2402 723 2462 769 ut
2489 730 2675 771 eorum
2704 719 2989 775 conciones
3026 720 3185 773 etiam
3214 720 3487 787 elegantes
3515 732 3567 777 et

1993 802 2261 871 sapidulas
2287 800 2620 872 superemus,
2642 806 2881 863 dicamus
2902 809 3168 875 θιοτὸκονς
3191 811 3392 865 sciebat
3420 827 3569 865 nam-

1992 907 2101 961 que
2119 894 2281 947 etiam
2314 892 2509 950 Paulus
2539 898 2667 950 talia
2696 896 2889 961 facere,
2914 914 2981 953 ne
3001 900 3244 955 scissura;
3266 900 3455 956 ﬁerent
3475 918 3571 972 per

1994 984 2229 1051 aliquam
2257 984 2517 1053 justitiam
2546 988 2871 1054 coloratam,
2903 1006 3023 1045 cum
3054 992 3279 1059 gratiam
3310 995 3568 1063 praedica-

1993 1076 2107 1142 bat,
2146 1077 2384 1145 legisque
2412 1078 2757 1134 inutilitatem
2796 1079 3124 1136 coniidenter
3158 1085 3447 1151 arguebat;
3477 1087 3571 1140 sed

1996 1166 2365 1238 Hierosolyma
2390 1170 2613 1223 veniens
2634 1170 2857 1225 docetur
2878 1172 2942 1226 ab
2969 1173 3226 1240 apostolis
3245 1174 3572 1230 condescen-

1995 1260 2125 1313 dere
2144 1260 2344 1315 debere
2374 1260 2569 1315 ibidem
2592 1262 2971 1328 habitantibus,
2999 1274 3059 1319 ut
3087 1281 3193 1319 non
3225 1266 3415 1320 ﬁerent
3445 1269 3577 1321 scis-

1999 1365 2135 1403 sura:
2163 1351 2215 1403 in
2243 1350 2500 1417 Ecclesia,
2524 1352 2667 1420 quod
2698 1354 2897 1408 habere
2924 1354 3134 1409 videtur
3159 1356 3392 1425 speciem
3414 1358 3577 1427 pieta-

1999 1442 2087 1495 tis.
2111 1440 2248 1507 Quid
2279 1443 2438 1511 igitur
2466 1443 2627 1499 facit?
2647 1444 2881 1516 Suscipit
2906 1447 3040 1515 legis
3062 1448 3475 1513 observantiam,
3501 1450 3573 1503 ita

2000 1542 2058 1587 ut
2085 1542 2139 1588 et
2166 1535 2557 1604 purilicaretur,
2596 1546 2654 1592 et
2692 1537 2909 1593 raderet
2943 1546 3122 1609 caput,
3154 1541 3333 1594 omnia
3378 1539 3576 1595 faciens

1990 1633 2212 1696 propter
2262 1626 2671 1683 aediﬁcationem
2712 1628 2994 1693 Ecclesia,
3042 1630 3187 1698 quod
3232 1638 3417 1698 postea
3471 1632 3573 1686 hoc

1990 1719 2161 1787 ipsum
2186 1718 2236 1772 in
2260 1717 2617 1773 Eeclesiarnm
2640 1721 2973 1775 institutione
2991 1736 3267 1790 exponens
3292 1729 3450 1788 atque
3478 1721 3575 1775 do-

1970 1808 2165 1862 ctrina
2192 1806 2413 1863 dicebat
2437 1827 2450 1861 :
2481 1808 2676 1863 Factus
2703 1826 2816 1864 sum
2836 1809 3034 1865 Iudaeis
3060 1818 3317 1882 tamquam
3339 1809 3571 1873 Judteus,

1991 1898 2276 1953 utJudccos
2298 1900 2652 1972 lucrifaciam;
2683 1902 2762 1956 his
2783 1903 2868 1973 qui
2896 1902 2988 1955 sub
3019 1901 3127 1972 lege
3154 1910 3291 1963 sunt,
3318 1910 3576 1972 tamquam

1994 1992 2085 2045 sub
2109 1991 2218 2062 lege
2238 2009 2420 2058 essem,
2453 2010 2567 2047 cum
2585 1995 2695 2063 ipse
2714 2011 2819 2048 non
2842 2011 3001 2048 essem
3031 1994 3125 2049 sub
3147 1996 3274 2065 lege,
3311 2004 3367 2047 ut
3387 2011 3471 2048 eos
3491 1997 3575 2065 qui

1993 2085 2086 2139 sub
2107 2089 2214 2157 lege
2232 2096 2397 2152 erant,
2416 2087 2803 2158 lucrifacerem;
2824 2089 2888 2141 iis
2908 2089 2991 2158 qui
3011 2088 3124 2142 sine
3142 2086 3252 2158 lege
3265 2097 3431 2151 erant,
3454 2096 3578 2140 tam-

1994 2192 2147 2246 quam
2166 2177 2278 2229 sine
2306 2176 2416 2246 lege
2437 2192 2618 2241 essem,
2644 2192 2757 2230 cum
2778 2178 2891 2230 sine
2912 2176 3020 2247 lege
3039 2176 3137 2231 Dei
3158 2194 3260 2231 non
3282 2194 3465 2240 essem,
3486 2177 3577 2231 sed

1991 2269 2045 2320 in
2076 2267 2184 2339 lege
2202 2283 2365 2321 essent
2399 2267 2608 2332 Christi,
2631 2276 2687 2320 ut
2713 2284 2799 2321 eos
2819 2269 2904 2338 qui
2931 2269 3043 2321 sine
3070 2267 3180 2339 lege
3205 2276 3343 2333 sunt,
3368 2267 3571 2321 lucrer:

1995 2361 2168 2414 omnia
2192 2361 2358 2432 factus
2380 2376 2491 2414 sum
2510 2358 2762 2426 omnibus,
2784 2368 2839 2413 ut
2855 2376 3028 2414 omnes
3051 2360 3376 2432 lucrifaciam
3395 2359 3435 2429 (l
3450 2359 3568 2414 Cor.

1996 2469 2071 2516 tr,
2098 2451 2213 2521 20).

2067 2542 2119 2598 9.
2149 2544 2204 2598 Si
2234 2543 2397 2612 igitur
2419 2552 2474 2598 et
2513 2551 2570 2597 tu
2609 2559 2716 2597 non
2744 2543 3034 2599 secundum
3071 2543 3393 2613 Apollinaris
3429 2560 3574 2598 mor-

1994 2636 2122 2690 bum
2150 2638 2391 2692 Θεοτόκον
2418 2634 2657 2703 divulgas
2680 2634 2923 2698 Mariam,
2951 2634 3282 2691 abscondens
3304 2637 3357 2690 in
3385 2652 3572 2706 perso-

1991 2741 2061 2781 na
2081 2728 2345 2783 catholica
2367 2728 2569 2781 rabiem
2586 2726 2927 2795 Apollinaris,
2943 2726 3198 2783 conﬁtere
3218 2744 3427 2782 mecum
3452 2743 3571 2796 qua:

1990 2816 2129 2885 apud
2159 2832 2345 2871 omnes
2371 2815 2667 2870 catholicos
2695 2816 2976 2880 dicuntur;
3007 2813 3034 2852 δ
3059 2817 3161 2871 hoc
3181 2826 3356 2871 autem
3384 2818 3569 2872 catho-

1988 2907 2213 2961 licorum
2243 2915 2322 2961 est
2352 2907 2625 2975 proprium
2658 2920 2842 2959 eorum
2872 2906 2962 2973 qui
2993 2905 3132 2960 hanc
3161 2921 3364 2971 vocem,
3390 2906 3441 2959 id
3467 2890 3567 2967 est,

1988 3000 2227 3055 Θεοτὸκον
2254 2997 2525 3058 emittunt,
2558 3004 2618 3049 ut
2658 3004 2713 3050 et
2743 2997 3136 3069 ἆνθρωποτὸκον,
3176 2994 3228 3049 id
3257 3004 3357 3062 est,
3388 2996 3565 3051 homi-

1992 3090 2075 3144 nis
2102 3087 2415 3156 genitricem
2442 3086 2790 3155 pronuntient
2818 3085 3088 3153 Virginem
3116 3094 3376 3141 sanctam.

2062 3180 2146 3234 l0.
2179 3178 2431 3234 Genitrix
2453 3178 2546 3233 Dei
2576 3185 2677 3244 est,
2702 3193 2808 3231 non
2836 3186 3058 3247 propter
3096 3177 3288 3232 nudam
3318 3178 3557 3231 humani-

1466 3285 2007 3348 CASTIGATIONES
2048 3293 2132 3347 ET
2170 3288 2399 3346 ΝΟΤᾸΞ.

300 3377 624 3448 positurum,
652 3378 696 3431 si
733 3392 796 3431 ea
823 3378 1032 3448 ratione
1060 3378 1265 3432 consuli
1297 3378 1465 3447 possit
1493 3377 1887 3436 conﬁrmationi

302 3447 432 3502 lidei
456 3449 783 3503 orthodoxae.
818 3447 1002 3518 Exstat
1032 3449 1085 3500 in
1125 3448 1381 3518 synodico
1406 3448 1657 3503 adversus
1686 3460 1886 3518 tragte-

298 3520 449 3572 diam
479 3518 661 3571 Irenzci
688 3533 807 3572 can.
834 3517 918 3570 16.
950 3516 1146 3571 Bacuz.

375 3599 403 3623 ι
437 3588 676 3657 Respicit
700 3584 771 3642 ad
799 3603 862 3641 ea
897 3589 1059 3657 verba
1091 3584 1332 3657 epistolae
1354 3585 1576 3643 Joannis
1603 3590 1887 3646 Antioche-

302 3658 358 3711 ni
393 3658 434 3727 (ι
467 3675 522 3727 p.
550 3654 602 3710 ’c.
626 3656 786 3779 Eph,
809 3675 933 3726 cap-
957 3656 1045 3721 Q5,
1074 3654 1213 3710 nam.
1243 3654 1319 3725 4),
1351 3657 1522 3725 ipsum
1553 3660 1888 3715 admone..tis

302 3730 374 3779 de
394 3728 646 3779 sedandis
686 3727 917 3779 lcelesia:
938 3727 1171 3779 motibus
1186 3726 1394 3779 publica
1417 3728 1752 3779 confessione
1774 3740 1888 3779 8m-

300 3730 374 3781 de
394 3726 646 3781 sedandis
668 3726 917 3781 Ecclesia:
938 3727 1171 3781 motibus
1186 3726 1394 3795 publica
1417 3728 1752 3783 confessione
1774 3740 1888 3786 Oto-

300 3800 452 3854 ro’m
479 3815 495 3868 7:
524 3800 649 3868 Age,
674 3799 747 3850 rei
780 3813 933 3867 quam
964 3807 1096 3850 recte
1119 3808 1258 3850 tenes
1290 3813 1475 3850 nomen
1495 3799 1630 3868 quod
1655 3816 1687 3851 a
1715 3801 1888 3853 multis

306 3867 559 3920 l’atribus
576 3867 899 3937 usurpatum,
920 3868 1166 3936 scriptum
1188 3884 1248 3918 ac
1270 3867 1657 3935 pronuntiatum
1677 3880 1771 3931 est,
1794 3870 1889 3921 ad-

304 3940 524 4006 iungere
559 3952 623 3988 ne
664 3939 921 4005 graveris;
956 3953 1115 4005 neque
1150 3936 1445 3989 vocabulum
1481 3939 1615 4007 quod
1643 3940 1781 4007 piam
1812 3955 1892 3992 re—

304 4018 544 4075 ctumque
574 4009 829 4078 notionem
850 4008 1008 4059 animi
1030 4007 1269 4078 exprimit
1307 4008 1533 4075 refutare
1571 4025 1782 4078 pergas;
1812 4018 1890 4061 et—

302 4078 448 4130 enim
479 4092 662 4147 nomen
696 4077 788 4130 hoc
824 4078 1081 4137 Θεοτὸκος,
1115 4077 1284 4147 nullus
1317 4092 1555 4147 umquam
1585 4077 1893 4132 ecclesiasti-

302 4163 488 4199 carum
520 4146 782 4199 doctorum
812 4148 1111 4216 repudiavit.
1149 4144 1247 4208 Qui
1276 4144 1528 4216 enim'illo
1558 4150 1635 4201 usi
1665 4157 1801 4209 sunt,
1842 4158 1892 4200 et

304 4216 461 4269 multi
493 4217 829 4285 reperiuntur,
859 4227 907 4269 ct
946 4217 1177 4285 apprime
1206 4215 1455 4288 celebres;
1495 4219 1579 4288 qui
1617 4234 1731 4270 vero
1760 4217 1890 4269 illud

307 4301 420 4337 non
443 4294 774 4354 usurparunt,
803 4302 1078 4356 numquam
1106 4287 1295 4338 erroris
1322 4286 1539 4356 alicujus
1560 4304 1643 4341 cos
1678 4289 1891 4339 insimu-

306 4356 626 4427 larunt,qui
647 4356 738 4409 illo
762 4357 845 4427 usi
874 4354 1009 4408 sunt.
1039 4354 1181 4408 Sane
1208 4356 1326 4408 dum
1350 4354 1725 4426 supervacanea
1753 4373 1892 4427 qua:—

306 4426 438 4506 dam
467 4426 536 4505 ad
569 4426 1103 4507 vanasjuereticorum
1134 4427 1401 4507 opiniones
1430 4428 1594 4507 solum
1632 4435 1893 4495 spectante

308 4496 615 4547 curiositate
638 4495 857 4559 incitati,
882 4510 1066 4549 nomen
1089 4495 1233 4565 cujus
1267 4499 1571 4549 sententiam
1595 4505 1727 4548 recte
1755 4506 1893 4550 tene-

310 4581 432 4618 mus
458 4566 784 4634 pertinaciter
804 4567 1106 4636 respuinms,
1131 4566 1273 4618 aliud
1306 4566 1456 4630 nihil,
1493 4577 1548 4619 ut
1575 4566 1787 4629 videtur,
1815 4568 1895 4636 fa-

310 4637 504 4697 cimus,
536 4650 688 4705 quam
708 4635 850 4706 quod
880 4637 1099 4706 fratrum
1135 4646 1421 4689 nostrorum
1452 4635 1820 4699 conscientias,
1846 4645 1894 4687 et

315 4715 535 4766 temere,
574 4713 622 4757 et
664 4704 848 4774 absque
882 4704 995 4757 ulla
1036 4706 1257 4758 utilitate
1296 4708 1518 4774 graviter
1555 4705 1743 4774 offendi
1793 4721 1894 4758 non

313 4790 475 4844 grave
514 4772 776 4845 ducimusﬁ
800 4772 1003 4826 Etenim
1041 4776 1084 4826 si
1122 4776 1178 4827 id
1214 4772 1347 4845 quod
1380 4772 1609 4829 nominis
1633 4777 1897 4845 signiﬁca-

313 4847 460 4897 tione
487 4844 717 4912 o/fertur,
750 4860 852 4897 non
882 4845 1167 4912 recipimus,
1201 4844 1356 4897 restat
1385 4856 1439 4898 ut
1464 4848 1515 4897 in
1547 4847 1897 4913 gravissimum

311 4931 550 4967 errorem
588 4914 947 4985 prolabamur;
979 4915 1133 4967 inmte
1162 4930 1279 4968 vero
1307 4926 1360 4967 ut
1400 4916 1809 4985 inexplicabilem
1836 4914 1898 4985 il-

311 4987 430 5039 lam
444 4985 691 5054 unigeniti
715 4983 841 5037 Filii
868 4982 961 5036 Dei
983 4986 1317 5037 oeconomiam
1333 4982 1655 5054 abnegemus,
1669 4984 1901 5053 quattth-

310 5054 526 5125 quidem
554 5056 759 5106 nomine
786 5055 881 5107 hoc
920 5054 1144 5115 sublato,
1175 5055 1250 5106 vel
1279 5054 1428 5125 ltttjus
1474 5056 1638 5121 potius
1680 5054 1899 5125 nominis

312 5126 535 5194 notione
555 5125 843 5194 repudiata,
876 5124 1102 5194 sequitur
1127 5140 1250 5176 mox
1275 5124 1420 5175 illum
1445 5140 1545 5175 non
1576 5140 1683 5176 esse
1716 5124 1896 5183 Deum,

313 5195 412 5265 qui
451 5192 807 5246 admirabilem
848 5192 993 5265 illam
1033 5193 1459 5265 dispensationem
1491 5203 1680 5247 nostrae
1719 5193 1901 5265 salutis

316 5262 485 5315 causa
513 5266 767 5333 suscepit;
795 5272 900 5315 tum
920 5263 1015 5315 Dei
1057 5262 1299 5333 Verbum,
1324 5279 1483 5333 neque
1520 5278 1573 5316 se
1600 5264 1903 5315 e.rinanivis-

318 5348 400 5395 sc,
434 5348 594 5403 neque
630 5334 681 5403 in
722 5334 850 5385 servi
881 5336 1100 5403 formam
1140 5350 1246 5385 sese
1269 5332 1561 5394 demittens,
1592 5333 1901 5403 ineffabilem

320 5402 607 5473 quamdam
648 5402 975 5471 benignitatis
1021 5403 1427 5472 nmgnitudincm
1474 5403 1694 5455 humano
1730 5402 1903 5472 generi

322 5472 638 5525 exhibuisse.

404 5542 429 5578 δ
460 5540 637 5595 Locus
675 5540 849 5611 afﬁnis
876 5542 1105 5596 refertur
1134 5558 1162 5595 a
1190 5540 1387 5611 Cyrillo
1422 5557 1486 5594 ex
1518 5540 1742 5611 Nestorii
1791 5549 1901 5593 tra-

327 5611 729 5666 ctatusecundo
751 5611 801 5665 in
826 5610 1091 5666 l‘roclum.
1112 5612 1201 5666 Sic
1223 5610 1397 5664 autem
1420 5626 1478 5664 se
1500 5612 1657 5664 habet
1682 5629 1692 5661 :
1721 5610 1779 5664 Si
1800 5611 1904 5678 ﬁde

330 5682 554 5751 simplici
592 5681 871 5749 Deiparam
902 5684 1179 5751 proferres,
1220 5682 1362 5734 nulla
1392 5691 1520 5734 esset
1547 5681 1684 5750 apud
1715 5698 1792 5732 me
1822 5682 1899 5732 di-

334 5751 743 5815 ctionisinvidia,
762 5751 891 5805 verbi
914 5768 1113 5806 sensum
1130 5753 1499 5822 exquirentem;
1519 5752 1606 5803 sed
1626 5752 1740 5821 quia
1758 5751 1898 5803 video

1991 3392 2055 3445 te,
2080 3390 2331 3452 praetextu
2346 3396 2473 3452 erga
2495 3379 2694 3452 beatam
2718 3377 2941 3452 Mariam
2956 3378 3189 3452 honoris,
3214 3379 3568 3452 ha‘reticorum

1990 3448 2300 3521 conﬁrmare
2338 3448 2727 3520 blasphemiam,
2776 3448 2889 3521 ideo
2932 3448 3171 3521 dictionis
3219 3450 3561 3521 prolationem

1987 3518 2136 3575 caute
2161 3518 2465 3591 prtemunio,
2504 3536 2617 3572 cum
2647 3520 2928 3590 periculum
2955 3519 3009 3571 in
3044 3518 3270 3572 dictione
3291 3518 3458 3572 latens
3480 3535 3566 3572 su-

1986 3589 2214 3662 spectum
2243 3589 2474 3662 habeam.

2061 3660 2128 3713 Id
2163 3669 2220 3712 ut
2248 3660 2437 3712 clarius
2472 3658 2661 3720 dicam,
2692 3667 2741 3709 et
2768 3657 2831 3709 ab
2859 3656 3093 3727 omnibus
3126 3658 3321 3727 percipi
3358 3658 3562 3727 facilius

1989 3733 2168 3801 possit,
2193 3731 2276 3800 qui
2313 3729 2492 3801 Arium
2518 3729 2853 3801 sectatisunt,
2876 3736 2949 3801 “et
2968 3726 3299 3801 Eunomium,
3328 3726 3377 3780 et
3404 3727 3563 3801 Apol-

1991 3795 2252 3861 linarium,
2277 3806 2327 3850 et
2354 3799 2583 3850 omnium
2612 3795 2903 3864 lmjusmodi
2925 3796 3425 3864 fantilirehommum
3448 3797 3567 3849 cho-

1992 3873 2056 3934 ri,
2099 3869 2402 3922 studuerunt
2439 3866 2535 3919 Dei
2578 3866 2838 3933 genitricis
2878 3865 3273 3934 appellationem
3313 3865 3565 3934 invehere,

1992 3950 2048 3991 ut
2078 3941 2214 4009 facta
2252 3938 2533 4009 mixfione,
2567 3934 2859 4009 duabusque
2891 3933 3092 4009 naturis
3134 3935 3344 4009 minime
3384 3933 3567 4009 distin-

1997 4001 2109 4067 ctis',
2136 4008 2265 4061 nihil
2295 4023 2358 4059 ea:
2388 4007 2466 4059 his
2487 4022 2603 4076 qua:
2622 4001 2937 4076 viliorasunt
2961 4004 3022 4055 de
3042 4004 3360 4076 humanitate
3373 4001 3569 4076 dictum

1996 4080 2327 4147 acciperetur,
2357 4093 2417 4129 ac
2447 4071 2586 4129 locus
2608 4075 2710 4128 illis
2726 4075 2840 4147 jam
2861 4073 3100 4147 adversus
3129 4075 3291 4147 ipsam
3316 4071 3569 4125 Ditinita-

1999 4143 2337 4216 tcm'pateret,
2371 4156 2629 4216 tamquam
2669 4143 2841 4198 omnia
2870 4144 2931 4216 de
2952 4158 3069 4216 atrio
3114 4143 3420 4200 dicerentur,
3467 4156 3568 4216 non

1998 4212 2198 4271 ratione
2239 4212 2504 4286 dignitatis
2550 4233 2613 4268 ex
2651 4216 2764 4283 ipsa
2802 4214 3165 4282 conjunctione
3200 4212 3568 4286 consequentis,

1998 4289 2087 4339 sed
2114 4279 2502 4355 ipsiusi'ratione
2530 4279 2773 4355 naturas;
2808 4279 2940 4355 unus
2967 4290 3041 4333 est
3070 4297 3288 4355 namque
3317 4279 3569 4355 Christus,

1998 4367 2048 4409 et
2091 4351 2221 4408 unus
2268 4354 2551 4416 Dominus;
2591 4353 2680 4405 sed
2724 4354 2778 4404 in
2820 4352 3043 4410 Chris'o,
3088 4353 3140 4402 in
3178 4351 3570 4419 nnigcnito,in~

1998 4443 2167 4497 quam,
2190 4423 2347 4497 Filio,
2375 4433 2423 4497 et
2444 4422 2634 4497 Christi
2660 4437 2865 4482 nomen,
2884 4430 2932 4497 et
2962 4419 3105 4497 Filii,
3131 4418 3571 4497 nunc’deADivini-

2002 4488 2121 4558 iate,
2146 4488 2278 4546 nunc
2300 4492 2361 4546 de
2382 4494 2718 4555 humanitate,
2741 4506 2874 4543 nunc
2897 4490 2959 4543 de
2991 4491 3305 4542 humanitate
3325 4488 3575 4542 Divinita-

1998 4564 2323 4638 ’IW‘liFimf-
2457 4630 2469 4638 .
2624 4631 2638 4638 -
2710 4572 2729 4577 ”
3035 4629 3087 4638 ..
3152 4627 3169 4638 .
3322 4627 3332 4638 .
3400 4626 3414 4638 .
3475 4626 3508 4638 ,.

2072 4646 2093 4671 ο
2127 4632 2323 4692 Videri,
2348 4630 2530 4694 credo,
2555 4631 2665 4683 vult
2693 4644 2884 4699 parere
2906 4629 3120 4699 monitis
3143 4627 3365 4699 Joannis
3388 4626 3573 4679 Antio-

1996 4704 2172 4767 cheni,
2195 4702 2464 4756 suadentis
2493 4696 2756 4770 publicam
2774 4696 3018 4755 Θεοτὸκον
3033 4696 3577 4770 confessionem_,_pro-

1999 4764 2338 4844 positumque
2363 4771 2462 4824 sibi
2497 4764 2564 4844 ab
2585 4772 2759 4844 amico
2799 4768 3095 4844 communis
3127 4766 3367 4844 magistri
3396 4764 3573 4844 Theo-

2000 4837 2116 4897 dori
2158 4837 2534 4914 Mopsuesteni,
2566 4840 2765 4893 dictum
2797 4837 2955 4914 affine
2996 4838 3171 4914 palam
3211 4837 3576 4914 retractandis,

2001 4905 2303 4980 exemplum
2333 4910 2516 4977 sequi;
2541 4923 2724 4962 verum
2748 4908 2813 4980 ad
2834 4905 3164 4980 elevandum
3180 4905 3575 4980 retractationis

2002 4970 2275 5043 ruborem,
2307 4970 2559 5033 causatur
2586 4978 2888 5045 exemplum
2920 4977 3075 5041 longe
3114 4974 3387 5045 illustrius,
3426 4970 3578 5045 Pauli

2007 5040 2536 5117 nimirumtapostoli,
2559 5040 2779 5117 propter
2808 5040 3089 5116 οἰκονομίαν
3130 5044 3263 5099 ritus
3291 5044 3451 5097 etiam
3480 5040 3575 5095 Ju-

2002 5121 2184 5175 daicos
2220 5118 2541 5187 usurpantis.

2073 5188 2097 5227 δ
2131 5190 2323 5242 Multas
2350 5182 2524 5241 'voces
2564 5185 2805 5239 adhibuit
2840 5184 3118 5237 Nestorius
3146 5183 3209 5235 ad
3240 5182 3580 5236 dissimulan-

2004 5261 2125 5315 dam
2158 5259 2423 5323 lneresim,
2444 5270 2561 5323 qua:
2596 5256 2645 5308 in
2681 5256 2953 5308 catholicis
2985 5256 3298 5316 tolerantur,
3333 5253 3457 5323 quia
3490 5268 3581 5304 ca-

2005 5330 2202 5383 tholico
2233 5344 2391 5382 sensu
2419 5321 2696 5387 dicuntur;
2727 5339 2834 5378 non
2870 5332 2993 5377 sunt
3022 5323 3263 5375 tolerata:
3303 5324 3355 5375 in
3388 5321 3580 5373 Nesto-

2004 5402 2105 5463 rio,
2130 5401 2254 5467 quia
2278 5396 2527 5451 lueretico
2549 5410 2702 5467 sensu
2726 5395 3144 5467 usurpabanlnr;
3174 5392 3383 5467 ejusmo
3403 5392 3436 5443 li
3459 5396 3582 5443 sunt

2008 5462 2379 5547 Xptaror6_no;,_
2414 5466 2803 5539 ἀνθρωποτόκος,
2852 5462 3127 5547 ςυναφεία,
3178 5462 3441 5531 ἀναλήψις,
3483 5474 3576 5547 seu

2009 5537 2322 5605 assumptio,
2356 5537 2530 5608 ἔνωσζς
2571 5544 2663 5608 to?
2705 5538 3007 5608 πρᾳσώῃου,
3037 5548 3138 5608 una
3173 5537 3575 5608 petsona,etc.,

2006 5612 2072 5663 de
2101 5600 2545 5677 quihns'abunde
2585 5600 2758 5672 agitur
2787 5604 2837 5657 in
2868 5602 3244 5656 dissertatione
3289 5600 3354 5653 de
3394 5600 3577 5650 haeresi

2007 5679 2340 5733 Nestoriana.
