3960 6184
500 302 604 361 835

495 501 731 571 Verbum
756 521 769 555 :
802 501 1032 556 hominis
1061 514 1188 553 vero
1213 497 1461 565 genitrix,
1494 495 1547 549 id
1568 503 1668 559 est,
1692 494 2068 569 ἀνθρωποτόκος

494 604 716 663 propter
736 592 991 660 templum
1013 590 1156 661 quod
1181 586 1635 644 consubstantiale
1655 595 1737 640 est
1758 585 2070 639 naturaliter

494 668 711 749 Virgini
734 689 952 745 sanetur,
978 678 1007 717 δ
1039 694 1360 748 quamquam
1391 686 1445 732 et
1482 678 1836 751 Χριστοτόκον,
1873 674 1926 729 id
1963 682 2066 736 est,

492 769 688 824 Christi
731 770 1043 837 genitricem
1079 769 1273 832 dicere,
1298 768 1432 821 nihil
1459 767 1602 821 aliud
1639 767 1709 819 sit
1735 780 1895 835 quam
1920 779 2068 818 com-

492 876 706 915 munem
738 861 1038 914 Divinitatis
1075 868 1131 914 et
1163 858 1507 914 humanitatis
1540 872 1653 911 rem
1694 855 1956 910 confiteri.
2001 853 2071 907 Et

495 960 518 988 ⁸
550 950 653 1004 hoc
696 949 893 1005 Paulus
931 950 1107 1013 docet,
1147 949 1236 1017 qui
1270 948 1338 1002 de
1371 963 1477 1001 una
1515 947 1810 1015 eademque
1838 959 2068 1014 persona

494 1043 734 1097 clamans
762 1043 965 1104 :Jesus,
991 1042 1181 1111 inquit,
1212 1042 1319 1094 heri
1339 1050 1387 1093 et
1407 1041 1577 1105 hodie,
1607 1040 1746 1092 idem
1770 1039 1877 1107 ipse
1895 1038 1952 1089 in
1970 1052 2070 1089 ste-

490 1130 606 1183 cula
638 1130 793 1201 (Heb.
827 1147 940 1193 xm,
972 1129 1049 1199 8).

562 1219 648 1272 ll.
680 1220 868 1275 Soluta
909 1221 978 1275 sit
1018 1220 1231 1274 interim
1279 1219 1393 1273 haec
1430 1219 1509 1273 eis
1537 1226 1594 1273 et
1630 1218 1809 1271 ablata
1846 1218 2070 1271 rationis

489 1312 725 1380 speciem
748 1311 949 1365 habens
983 1310 1213 1374 occasio,
1246 1308 1505 1364 confitere
1546 1317 1851 1376 utrumque,
1886 1307 2069 1376 appel-

490 1401 607 1455 lans
639 1411 876 1455 sanctam
905 1399 1176 1467 Virginem
1209 1399 1450 1453 Θεοτόκον
1486 1397 1687 1466 pariter
1720 1405 1771 1451 et
1809 1399 2071 1471 ἀνθρωπο-

491 1491 631 1547 τὸκον
664 1510 675 1543 :
710 1498 764 1544 tu
791 1506 920 1545 vero
951 1491 1058 1544 noli
1086 1505 1205 1544 eam
1225 1490 1464 1545 Θεοτόκον
1489 1488 1857 1542 tantummodo
1881 1487 2069 1556 appel-

491 1581 605 1635 lare
642 1579 847 1652 [Baluz.
897 1580 1020 1633 add.
1053 1579 1167 1633 lloc
1188 1579 1329 1633 enim
1358 1577 1683 1647 Apollinaris
1703 1573 2066 1645 vociferatur],

490 1672 593 1726 hoc
617 1671 759 1725 enim
790 1670 947 1724 Arius
974 1670 1227 1739 prtedicat
1254 1684 1317 1722 ac
1344 1676 1628 1721 veneratur
1652 1684 1666 1731 ;
1697 1666 1793 1720 sed
1820 1665 1957 1720 adde
1975 1681 2071 1720 vo-

1009 300 1199 356 MARll
1236 297 1672 353 MERCATORIS
1709 286 2275 353 ’ΠΗΝΞΙΑΠΟΝΚΞ
2321 296 2680 354 VARIORUM
2720 296 3221 355 οιυδευιοιιωι
3581 311 3660 365 555

497 420 606 469 tate
632 413 995 475 Divinitatem,
1018 409 1109 465 sed
1140 420 1164 445 ι·
1193 414 1415 478 propter
1443 406 1647 459 unitum
1669 404 1868 474 templo
1898 404 2063 458 Deum
2093 410 2137 465 Α

2238 404 2323 459 13.
2367 405 2503 471 Quid
2554 406 2731 475 arguis
2777 421 2900 461 eum
2945 412 3208 473 tamquam
3249 406 3383 463 Pauli
3419 412 3657 472 doctrinam

2170 503 2516 559 asserentem,
2547 497 2639 565 qui
2667 510 2785 564 qua:
2827 503 2952 549 sunt
2990 493 3139 549 Pauli
3173 496 3440 551 subvertit?
3472 500 3578 567 Quis
3597 518 3659 561 est

2169 585 2255 639 hic
2280 587 2365 654 qui
2395 584 2542 640 Pauli
2573 588 2762 641 asserit
2788 588 3039 640 sensum?
3062 586 3159 653 Qui
3180 588 3298 642 dicit
3317 590 3540 646 Deitatem
3558 612 3656 649 con-

2170 678 2518 745 temporalem
2565 680 2812 748 corpori?
2855 694 2922 731 an
2951 678 3044 746 qui
3088 678 3213 733 dicit
3255 680 3455 736 Deitatis
3478 684 3523 738 in
3556 686 3659 742 Filio

2169 767 2456 821 essentiam
2485 777 2610 823 ante
2637 769 2829 824 stecula
2865 770 3096 837 genitam
3125 784 3240 825 esse
3264 771 3327 826 de
3352 770 3525 828 Patre?

2241 857 2325 910 14.
2369 857 2436 912 Ει
2466 859 2578 915 haec
2603 859 2817 928 quidem
2846 860 3077 928 pessima
3110 858 3427 917 Samosateni
3452 863 3577 921 Pauli
3602 879 3664 923 est

2168 959 2348 1014 secta;
2380 948 2592 1004 Photini
2625 966 2756 1005 vero
2784 950 2850 1004 ad
2876 951 3017 1005 hanc
3033 951 3297 1017 distantia,
3322 969 3417 1006 non
3444 958 3548 1024 quia
3571 958 3663 1013 Dei

2168 1048 2333 1093 tatem
2358 1040 2493 1094 Filio
2522 1040 2668 1106 dicit,
2700 1040 2794 1094 sed
2822 1040 2946 1111 quia
2968 1040 3096 1096 dicit
3122 1040 3344 1096 Verbum
3370 1044 3497 1099 aliud
3515 1056 3666 1115 prater

2168 1146 2330 1200 quam
2358 1130 2500 1201 quod
2530 1132 2729 1185 ultimis
2757 1133 3087 1201 temporibus
3114 1133 3276 1199 venit,
3304 1134 3418 1203 quia
3443 1135 3549 1191 dicit
3571 1138 3667 1194 Ver-

2168 1220 2293 1273 bum
2318 1231 2512 1290 praeter
2539 1222 2816 1291 templum.

2239 1309 2327 1364 l5.
2365 1310 2590 1380 Oportet
2610 1321 2788 1366 autem
2818 1311 3150 1367 manifestius
3189 1313 3359 1370 dicere
3388 1324 3440 1369 ut
3472 1317 3671 1386 liquidius

2170 1409 2225 1453 et
2275 1401 2513 1469 apertius
2573 1402 2987 1471 uniuscujusque
3030 1403 3273 1457 morbum
3318 1414 3461 1459 sectae
3503 1409 3673 1475 possitis

2169 1504 2479 1557 agnoscere.
2514 1490 2580 1545 Et
2608 1490 2806 1546 Paulus
2843 1500 2899 1546 et
2925 1490 3186 1547 Photinus
3219 1494 3351 1548 hanc
3376 1495 3500 1550 inter
3519 1512 3567 1550 se
3598 1498 3674 1550 dil-

2169 1580 2450 1637 ferentiam
2478 1584 2676 1638 habent
2707 1601 2718 1635 :
2752 1600 2890 1638 unus
2916 1599 3103 1638 eorum
3131 1583 3387 1639 Christum
3424 1588 3571 1641 solum
3602 1589 3674 1643 ho-

2171 1673 2368 1726 minem
2391 1673 2536 1738 dicit,
2587 1673 2724 1727 alter
2749 1689 2877 1728 vero
2916 1673 3047 1728 dicit
3070 1673 3282 1743 quidem
3321 1670 3555 1740 Verbum;
3593 1693 3677 1731 non

490 1777 607 1816 cem
636 1760 836 1829 pariter
863 1760 1274 1822 catholicorum,
1299 1773 1417 1827 quae
1441 1764 1495 1811 et
1522 1756 1797 1825 genitricis
1827 1756 1923 1810 Dei
1943 1771 2075 1825 pra:-
2104 1762 2150 1822 B
2176 1770 2355 1817 autem
2389 1763 2494 1817 hoc
2533 1761 2821 1817 conﬁtetur
2850 1778 2968 1818 esse
3007 1763 3201 1827 Deum,
3238 1764 3326 1818 sed
3353 1764 3471 1819 dicit
3493 1765 3678 1820 Verbum

491 1853 697 1907 muniat
725 1853 1077 1907 intellectum.
1106 1850 1347 1909 Θεοτὸκος
1372 1848 1533 1915 Virgo
1558 1846 2069 1912 sancta,secundum

492 1946 773 2007 unitatem,
819 1944 1209 2019 ἄνθρωποι-ὁκος,
1248 1941 1300 1995 id
1328 1949 1432 2004 est,
1462 1940 1696 1995 hominis
1721 1939 1953 2006 genitrix
1979 1953 2068 1992 se-

491 2035 723 2091 cundum
763 2049 948 2104 parem
987 2040 1250 2088 naturam.
1301 2032 1392 2086 Sic
1437 2039 1493 2086 et
1538 2046 1656 2099 qua:
1704 2029 2069 2100 apostolorum

492 2133 619 2181 sunt
653 2124 1001 2194 pnedicabis;
1039 2138 1159 2191 qua:
1196 2121 1567 2177 haereticorum
1605 2119 1897 2189 prudenter
1933 2117 2068 2173 cllu-

493 2218 625 2283 gies,
662 2224 715 2270 et
743 2216 973 2269 maxime
998 2229 1117 2283 qua:
1160 2221 1284 2269 sunt
1310 2212 1650 2267 Samosateni
1690 2211 1861 2277 Pauli,
1909 2216 2071 2278 atque

493 2306 725 2370 Photini,
758 2320 876 2374 quzc
904 2313 957 2359 te
983 2304 1121 2361 scire
1144 2301 1474 2371 contingens,
1498 2317 1719 2371 prorsus
1744 2302 1976 2370 ignoras.

565 2395 651 2449 12.
674 2395 806 2449 Nam
836 2392 1033 2448 Paulus
1054 2402 1217 2463 atque
1247 2392 1509 2447 Photinus
1531 2392 1779 2447 nesciunt
1802 2390 1919 2444 Filii
1946 2390 2069 2444 Dei-

497 2496 663 2541 tatem
695 2472 949 2555 (vestram
971 2494 1153 2539 autem
1178 2484 1496 2539 charitatem
1524 2490 1740 2552 oportet
1758 2483 1872 2538 htec
1892 2496 2068 2546 nosse,

494 2587 553 2631 ut
580 2578 649 2631 ah
668 2578 751 2635 his
779 2592 897 2647 quae
922 2592 956 2631 a
981 2576 1247 2646 prmdictis
1291 2576 1540 2630 dicuntur
1568 2575 1789 2639 minime
1819 2574 2073 2644 rapiami-

495 2669 572 2740 ni)
602 2686 616 2733 ;
650 2667 848 2723 Paulus
889 2684 953 2723 ac
990 2668 1249 2723 Photinus
1284 2667 1560 2721 hominum
1600 2666 2072 2737 imprudentissimi

496 2758 741 2813 nesciunt
764 2758 884 2812 Filii
916 2758 1050 2813 duas
1084 2766 1321 2821 naturas,
1358 2757 1602 2811 nesciunt
1632 2756 1801 2810 Deum
1822 2763 1879 2811 et
1899 2756 2073 2810 homi-

497 2863 654 2911 nem;
684 2847 1006 2902 dissentiunt
1030 2853 1209 2901 autem
1229 2846 1329 2901 sibi
1350 2846 1599 2911 invicem,
1625 2852 1678 2899 et
1709 2860 1739 2898 a
1769 2860 1855 2899 me
1877 2843 1900 2882 ἀ
1934 2843 2073 2915 Pan;-

498 2939 579 2992 lus
596 2938 808 3008 quidem
826 2938 879 2991 in
900 2953 965 2993 eo
983 2938 1129 3007 quod
1147 2937 1277 2992 dicit
1290 2937 1561 3001 Christum
1584 2937 1856 2991 hominem
1878 2935 2070 3002 solum,

500 3037 556 3083 et
581 3036 708 3083 tunc
727 3029 900 3084 solum
926 3029 1135 3084 initium
1156 3029 1375 3095 habere,
1404 3044 1471 3083 ex
1486 3044 1592 3098 quo
1607 3027 1905 3096 deVirgine
1918 3036 2075 3083 natus

2172 1852 2312 1906 istud
2358 1851 2642 1920 aliquando
2668 1852 2883 1922 quidem
2933 1851 3107 1907 Patris
3137 1853 3349 1907 nomine
3373 1855 3583 1918 vocitari,
3605 1856 3681 1908 ali-

2171 1941 2383 2011 quando
2411 1948 2591 1995 autem
2618 1941 2781 1995 Verbi
2803 1942 3019 1996 nomine
3048 1943 3341 2011 nuncupari
3367 1960 3381 1995 :
3408 1943 3533 1998 unde
3555 1944 3681 1997 etiam

2170 2032 2275 2088 hoc
2295 2033 2527 2109 appellat
2553 2036 2902 2110 Αογοπάτορσι,
2932 2034 3035 2088 hoc
3056 2042 3162 2097 est,
3191 2033 3412 2088 Verbum
3434 2044 3483 2089 et
3502 2046 3521 2072 ο
3540 2034 3679 2099 Pater,

2171 2122 2302 2185 sive,
2326 2122 2370 2176 si
2391 2122 2496 2177 dici
2524 2124 2713 2192 possit,
2745 2123 3079 2192 Verbipater,
3113 2124 3378 2192 accipiens
3402 2124 3462 2178 ad
3487 2125 3593 2196 hoc,
3606 2140 3682 2194 pro

2171 2215 2253 2270 sui
2281 2230 2469 2270 sensus
2490 2216 2747 2285 nequitia,
2780 2216 2909 2270 illud
2946 2217 3085 2271 bene
3113 2216 3169 2271 in
3199 2216 3470 2285 Evangelio
3493 2217 3681 2271 dictum:

2174 2307 2240 2361 In
2269 2309 2521 2378 principio
2543 2319 2656 2362 erat
2684 2308 2923 2374 Verbum,
2946 2319 2996 2362 et
3028 2308 3248 2362 Verbum
3267 2319 3373 2361 erat
3391 2310 3514 2379 apud
3535 2308 3682 2371 Deum,

2170 2406 2220 2450 et
2247 2396 2389 2451 Deus
2412 2406 2525 2452 erat
2564 2397 2784 2452 Verbum
2816 2398 2992 2469 (Joan.
3027 2414 3064 2462 ι,
3104 2398 3183 2468 1).
3222 2397 3241 2436 ί
3282 2399 3442 2463 Vides,
3468 2398 3679 2466 inquiens,

2171 2488 2291 2558 quia
2318 2486 2483 2542 Deum
2522 2487 2749 2546 Verbum.
2782 2488 3059 2559 aliquando
3090 2489 3278 2552 Deum,
3312 2490 3559 2560 aliquando
3591 2488 3686 2541 Ver-

2172 2578 2290 2631 bum
2318 2578 2562 2649 appellat,
2579 2587 2845 2650 tamquam
2856 2588 3117 2633 extentum
3139 2589 3289 2651 atque
3318 2580 3570 2633 collectum.
3597 2576 3689 2631 Non

2174 2675 2354 2723 autem
2404 2668 2711 2723 introducit
2736 2669 2903 2724 Deum
2942 2668 3187 2724 Verbum
3222 2671 3478 2725 hominem
3503 2669 3683 2731 factum;

2172 2759 2344 2814 nescit
2372 2759 2525 2813 enim.
2542 2758 2739 2813 Christi
2766 2760 3131 2825 Divinitatem,
3165 2762 3332 2816 nescit
3360 2760 3568 2815 divinam
3589 2758 3686 2811 sub—

2177 2850 2429 2903 stantiam
2475 2849 2746 2903 hominem
2794 2849 3110 2918 suscepisse,
3154 2850 3325 2905 nescit
3349 2864 3544 2921 prorsus
3564 2843 3690 2907 Verbi

2183 2939 2502 3002 existentem
2530 2946 2656 2992 ante
2677 2938 2868 2993 saecula
2889 2938 3176 2993 Deitatem.

2253 3028 2340 3082 lii.
2380 3027 2529 3084 Hanc
2548 3043 2677 3096 ergo
2705 3027 2965 3084 Photinus
2998 3029 3260 3083 adversus
3295 3028 3500 3083 Paulum
3535 3026 3693 3081 distan-

501 3128 617 3186 cst;
634 3134 735 3187 ego
756 3128 935 3175 autem
960 3120 1058 3175 tibi
1090 3120 1208 3174 ideo
1223 3119 1309 3181 hic
1329 3120 1541 3184 resisto,
1565 3126 1623 3173 ut
1648 3119 1931 3184 Deitatem,
1955 3133 2074 3188 quae
2102 3131 2147 3191 ο
2179 3122 2307 3174 tiam
2337 3120 2529 3185 habet;
2560 3120 2714 3174 istam
2740 3120 3158 3179 vero,Sabellius
3176 3121 3249 3175 ad
3277 3120 3541 3179 Photinum
3566 3138 3577 3171 :
3598 3117 3695 3186 quia

503 3218 702 3265 aeterna
730 3218 831 3273 est,
859 3210 1006 3263 carni
1035 3208 1491 3277 contemporalem
1522 3222 1627 3261 non
1649 3207 1846 3271 audeas
1875 3207 2081 3275 facere,

2184 3208 2445 3265 Sabellius
2465 3210 2754 3284 Υῖοπάτορα
2774 3209 2902 3264 dicit
2923 3209 3094 3279 ipsum
3122 3209 3317 3265 Filium
3340 3225 3485 3280 quem
3506 3207 3693 3263 Patrem.

1659 3359 2109 3414 CASTIGATION
2118 3359 2197 3415 ES
2237 3359 2325 3414 ΕΤ
2363 3358 2586 3415 ΝΟΤιΕ.

579 3485 609 3513 ιι
642 3474 759 3527 Cur
794 3471 1181 3529 humanitatem
1236 3469 1431 3524 Christi
1468 3469 1796 3537 frequentius
1849 3470 2081 3540 appellet

511 3544 785 3600 Nestorius
811 3541 1068 3610 templum
1087 3555 1305 3610 ,_quam
1339 3540 1443 3593 alio
1471 3554 1806 3608 quocmnque
1842 3540 2079 3602 nomine.

511 3630 619 3670 non
649 3628 753 3667 una
782 3608 941 3665 causa
970 3618 1070 3664 est.
1104 3608 1218 3663 Hoc
1246 3610 1387 3662 enim
1417 3624 1611 3662 nomen
1638 3610 1822 3663 hieresi
1850 3625 1958 3663 suae
1986 3625 2081 3663 ex-

511 3682 769 3755 plicanda:
780 3679 1254 3755 accommodatius
1269 3679 1533 3733 sentiebat
1549 3695 1564 3755 ;_
1592 3690 1715 3755 nam
1731 3678 2084 3755 _primo_rejici

515 3747 623 3808 non
646 3752 837 3821 potuit,
868 3749 1131 3821 siquidem
1157 3748 1347 3821 eodem
1369 3748 1593 3821 usus_si_t
1615 3747 1863 3821 Christus
1880 3790 1892 3812 ,
1920 3749 2086 3821 inter-

512 3817 665 3892 prete
690 3819 1012 3892 evangelista
1029 3858 1049 3883 ,
1075 3832 1195 3892 cum
1223 3817 1461 3892 diceret:
1484 3817 1677 3892 Solvite
1699 3818 1937 3892 templum
1968 3818 2083 3892 hoc,

514 3886 642 3946 'etin'
668 3888 827 3943 tribus
849 3887 1022 3941 diebus
1046 3886 1277 3940 excitabo
1310 3887 1468 3950 illud;
1492 3887 1581 3945 ille
1605 3897 1773 3941 autem
1801 3886 2001 3941 dicebat
2026 3888 2088 3942 de

517 3960 705 4031 templo
723 3959 950 4031 corporis
974 3958 1051 4009 sui
1078 3955 1256 4031 (ιῐίξαηἶ
1286 3972 1340 4020 ιι,
1374 3955 1482 4031 19).
1510 3956 1710 4031 Deinde
1727 3998 1741 4022 ,
1766 3966 1945 4031 aptum
1962 3966 2088 4031 erat

515 4031 583 4084 ad
618 4022 1029 4097 'signiticandum
1075 4022 1289 4097 unionis
1334 4022 1588 4097 modum,
1631 4022 1815 4097 quem—7
1839 4027 2089 4097 volebant

510 4114 631 4154 esse
662 4095 847 4166 puram
876 4098 1141 4166 ἐνοίκησῳ,
1180 4095 1318 4148 Deus
1342 4095 1484 4166 enim
1516 4096 1771 4166 templum
1806 4095 2085 4149 inhabitat.

516 4163 719 4231 Tertio,
752 4166 1031 4235 videbatur
1060 4164 1306 4221 idoneum
1336 4164 1405 4218 ad
1432 4163 1800 4235 explicandam
1830 4172 2088 4235 σχιτηηῆν

514 4239 721 4297 ἕνωσιν,
752 4251 855 4303 qua
884 4233 1035 4288 ﬁeret
1064 4243 1121 4288 ut
1144 4249 1246 4287 una
1277 4235 1621 4287 veneratione
1647 4233 1876 4288 Verbum
1894 4233 1959 4287 ἐι
1988 4237 2088 4289 ho-

515 4321 606 4358 mo
633 4306 955 4368 colerentur,
976 4320 1076 4359 una
1103 4304 1301 4372 quippe
1322 4303 1580 4372 religione
1600 4304 1740 4359 Deus
1760 4312 1813 4358 et
1833 4304 2089 4373 templum

517 4375 728 4443 colitur.
758 4373 999 4443 Quarto,
1039 4373 1376 4443 exprimebat
1411 4374 1559 4427 locus
1591 4372 1844 4437 Joannis,
1890 4372 1959 4426 ut’
1990 4374 2090 4443 ipsi

516 4442 732 4511 quidem
754 4440 1052 4495 Nestoriani
1091 4440 1385 4509 putabant,
1416 4451 1471 4496 et
1508 4443 1904 4497 distinctionem
1936 4440 2091 4497 natu-

516 4527 718 4570 rarum,
743 4518 798 4564 et
824 4511 1245 4579 inoperationem
1275 4512 1493 4565 alterius
1521 4512 1573 4565 in
1604 4514 1790 4579 altera,
1815 4512 1915 4567 etsi
1944 4513 2088 4568 nulla

518 4590 660 4635 esset
686 4582 866 4641 ἰνωσις
894 4580 996 4633 καθ’
1021 4579 1325 4633 ὑπόστασιν.

586 4650 614 4689 δ
655 4650 803 4704 Totis
829 4649 1041 4725 viribus
1065 4648 1339 4725 nitebatur
1358 4647 1628 4725 Virginem
1662 4650 1841 4725 dicere
1870 4662 2087 4725 Χρισῖο-

517 4720 679 4782 τόκον,
722 4728 780 4773 ιιι
810 4734 941 4775 voce
976 4718 1211 4785 alioquin
1238 4717 1496 4773 catholica
1526 4720 1765 4775 haeresim
1794 4717 2088 4775 absconde-

518 4798 621 4844 ret.
662 4789 776 4843 Etsi
822 4790 964 4843 enim
1001 4788 1143 4858 bona
1190 4786 1291 4841 ﬁde
1315 4802 1529 4858 _eam_a
1557 4803 1616 4842 se
1643 4790 1868 4858 proferri
1888 4791 2090 4845 diceret

518 4860 660 4927 apud
689 4858 975 4926 Evagrium
1004 4855 1145 4927 (Lib.
1168 4872 1204 4921 ι,
1236 4871 1281 4908 c.
1314 4856 1407 4925 7):
1452 4856 1572 4927 Ipse
1596 4855 1852 4980 equidem,
1895 4860 2086 4927 inquit,

518 4946 614 4980 auo
644 4930 698 4980 in
722 4938 953 4980 neutram
993 4936 1190 4980 partem
1228 4942 1487 4980 peccaram
1508 4966 1522 4980 .
1571 4945 1624 4980 ve
1665 4928 1919 4980 Christum
1938 4932 2086 4980 morti

516 4946 614 4998 quo
644 4930 698 4981 in
722 4938 953 4998 neutram
993 4936 1190 4995 partem
1226 4942 1487 4994 peccaram
1508 4966 1522 4989 ,
1571 4928 1644 4980 vel
1665 4928 1919 4982 Christum
1938 4932 2091 4983 morti

517 4996 727 5051 minime
751 4996 1029 5068 obnoxium
1049 5012 1160 5068 esse
1181 4998 1541 5068 asseverando,
1562 4998 1639 5050 vel
1662 5000 1715 5051 in
1737 4999 1951 5051 alteram
1974 5016 2090 5068 par-

521 5077 620 5119 tem
654 5066 972 5127 inclinanda,
1002 5082 1115 5117 eum
1142 5065 1524 5135 immortalitate
1551 5068 1820 5135 privarem,
1851 5065 1983 5120 hanc
2003 5085 2091 5121 vo-

519 5152 639 5211 cent
659 5137 1010 5211 Xpwwréxos,
1034 5150 1134 5211 qua
1172 5132 1347 5211 Maria
1380 5132 1741 5211 appellaretur,
1774 5139 2086 5211 excogitari;
2132 5140 2145 5153 ‘

520 5202 642 5257 ﬁdei
687 5202 865 5258 tamen
904 5202 1178 5258 catholicae
1225 5202 1535 5260 defensores
1578 5202 2085 5260 restiterunt'vehe-

519 5283 746 5339 menter,
777 5289 897 5328 cum
926 5272 1124 5327 Christi
1148 5273 1363 5326 nomine
1394 5274 1752 5342 intelligerent
1779 5292 1808 5329 a
1838 5276 2085 5330 Nestorio

520 5342 803 5416 significari
829 5357 1021 5416 purum
1050 5342 1319 5416 hominem
1339 5383 1353 5406 ,
1377 5352 1551 5416 atque
1588 5344 1722 5399 adeo
1749 5347 2085 5416 Χριστοτὸκον

519 5413 812 5485 ηοηᾼιιιὶιιιιι
835 5411 1050 5467 habere
1085 5411 1415 5485 significandi
1460 5411 1951 5485 potestatem'apud
1976 5416 2084 5470 Ne-

520 5482 739 5554 storium
768 5497 927 5554 quam
947 5484 1339 5554 ἁνθρωποτόκον.

594 5563 616 5590 ε
657 5550 793 5606 Ecce
826 5553 1019 5605 iterum
1039 5550 1237 5605 'vocem
1273 5566 1479 5605 summe
1507 5554 1824 5608 catholicam
1854 5570 2083 5607 ransom

521 5622 769 5677 heretico
810 5637 969 5676 sensu
1004 5621 1267 5689 prolatam
1294 5638 1305 5670 :
1337 5621 1501 5675 verbo
1528 5622 1727 5685 dicam,
1774 5625 1970 5677 nullam
1999 5639 2087 5676 ca-

524 5692 836 5747 tholicorum
884 5706 1070 5746 vocem
1108 5690 1300 5757 refugit
1338 5690 1631 5755 Nestorius,
1684 5710 1802 5747 cum
1840 5704 1979 5748 esset
2008 5694 2083 5746 lo—

2183 3469 2452 3538 quendum
2479 3469 2547 3524 de
2584 3470 2780 3525 unione
2803 3512 2816 3535 ,
2860 3479 3055 3539 printer
3077 3469 3222 3526 hanc
3248 3486 3419 3535 unam,
3439 3471 3596 3530 ἱνωσις
3618 3468 3699 3539 ιιόῗ

2183 3537 2489 3605 dmin-arm,
2539 3554 2697 3607 quam
2735 3540 2825 3608 qui
2864 3537 3101 3595 declinat
3146 3541 3417 3605 studiose,
3443 3540 3616 3593 tamdiu
3637 3537 3700 3592 vel

2183 3611 2374 3664 morbo
2402 3609 2631 3664 Nestorii
2655 3611 2829 3678 reipsa
2849 3610 3075 3673 laborat,
3100 3610 3190 3663 vel
3220 3610 3510 3679 suspicione
3531 3609 3696 3679 sa_ltem,

2184 3694 2352 3748 eaque
2377 3695 2486 3733 non
2515 3677 2819 3748 temeraria,
2844 3679 2985 3747 quod
3015 3679 3219 3732 dictum
3249 3677 3328 3733 sit
3343 3686 3545 3748 propter
3561 3677 3699 3729 Theo-

2184 3747 2449 3813 doretum,
2486 3749 2638 3816 cujus
2674 3747 2805 3803 ﬁdes
2844 3749 2910 3802 ad
2936 3748 3073 3803 hanc
3099 3747 3701 3817 regulam’examinabittu

2186 3817 2239 3871 in
2264 3834 2359 3872 sua
2392 3818 2643 3885 singulari
2681 3818 3085 3880 dissertatione,
3116 3816 3181 3871 eti
3212 3818 3461 3887 quosdam
3499 3816 3701 3887 audacin

2185 3903 2272 3941 res
2300 3884 2497 3943 nostrai
2523 3888 2695 3941 aetatis
2733 3888 2979 3941 homines
3000 3928 3016 3954 ,
3059 3884 3256 3956 quibus
3284 3902 3389 3941 non
3415 3886 3572 3956 placet
3590 3884 3701 3953 quod

2187 3957 2285 4009 toti
2311 3956 2562 4011 Ecclesia:
2583 3957 2771 4011 placet.

2258 3973 2562 4011 anconesrac
2618 3973 2771 4011 tacet.

2258 4024 2283 4063 ά
2326 4025 2497 4080 Locus
2542 3973 2632 4080 ilFe
2675 4041 2706 4079 a
2751 4025 2918 4079 Mario
2958 4024 3257 4080 Mercatore
3300 4025 3518 4080 refertur
3552 4024 3596 4077 in
3633 4037 3705 4090 ap-

2185 4096 2411 4163 pendice
2456 4095 2523 4148 ad
2570 4095 3045 4149 contradictionem
3091 4096 3394 4150 duodecimi
3438 4094 3702 4163 anathema-

2190 4161 2366 4229 tismi,
2418 4172 2571 4235 parte
2618 4181 2711 4235 an.
2754 4164 3027 4235 Nestorius
3071 4180 3267 4233 porro,
3313 4164 3453 4233 quod
3494 4163 3623 4235 c_u_rio
3648 4161 3708 4235 ius

2190 4230 2503 4299 observavi,
2550 4234 2917 4288 vehementius
2958 4230 3088 4288 tres'
3110 4234 3163 4287 in
3196 4230 3490 4294 hareticos,
3519 4230 3703 4285 Marcel-

2190 4303 2316 4367 lum,
2350 4303 2572 4358 Paulum
2598 4312 2652 4357 et
2692 4302 2995 4368 Photinum,
3039 4304 3215 4358 verbis
3262 4304 3422 4357 etiam
3455 4300 3705 4372 probrosis

2188 4373 2481 4439 invehitur,
2506 4382 2565 4427 ut
2591 4388 2648 4427 se
2676 4375 2743 4427 ab
2768 4388 2951 4427 eorum
2974 4372 3234 4428 societate
3262 4382 3317 4426 et
3344 4370 3587 4427 sententia
3605 4370 3708 4422 alic-

2189 4457 2315 4499 num
2343 4444 2552 4511 probet.
2597 4440 2745 4496 Unus
2762 4457 2909 4503 vero,
2933 4442 3075 4509 quod
3103 4443 3299 4504 sciam,
3329 4442 3580 4496 Mercator
3604 4439 3710 4491 hanc

2189 4510 2355 4564 trium
2376 4513 2687 4566 societatem
2710 4510 3001 4578 objecerat.

2265 4590 2287 4616 ο
2327 4579 2614 4635 Garnerius
2648 4575 2865 4648 corrigit
2895 4581 2947 4634 in
2985 4580 3258 4649 margine,
3297 4579 3505 4634 Patrem
3535 4586 3586 4632 et
3611 4575 3712 4629 Vero

2190 4647 2461 4720 δίρρεῖςηηγ
2493 4649 2644 4715 Em-

2266 4717 2283 4756 ί
2326 4714 2498 4773 Verba
2538 4712 2627 4781 illa
2666 4719 2920 4788 sumpsit,
2962 4719 3174 4787 Opinor,
3210 4719 3484 4778 Nestorius
3512 4733 3573 4771 ex
3605 4712 3717 4788 Pho-

2193 4789 2291 4842 tini
2318 4789 2516 4858 scripto
2556 4790 2764 4857 aliquo,
2786 4782 2944 4858 "ruitis
2974 4782 3040 4842 n'e
3077 4790 3339 4844 memoria
3379 4788 3579 4858 quidem
3600 4782 3716 4858 vidc-

2193 4868 2281 4929 tur
2316 4850 2446 4913 mihi
2478 4850 2791 4929 superesse:
2841 4850 3101 4917 Photinus
3140 4874 3269 4929 vero
3300 4860 3374 4912 ita
3395 4850 3645 4911 sentiebat
3665 4850 3715 4929 de

2195 4928 2399 4993 Verbo,
2436 4937 2495 4982 ut
2539 4927 2660 4989 cum
2704 4927 2772 4980 ad
2817 4936 3089 4981 creaturas
3128 4927 3473 4996 proferretur,
3502 4927 3717 4996 atquein

2194 4997 2843 5075 extenderetur,_Verbum
2861 4993 3147 5075 diceretur,
3180 4997 3323 5075 unde
3343 5005 3398 5051 et
3413 4993 3715 5075 prolatitiuu}.

2193 5082 2287 5120 seu
2335 5068 2696 5136 operatorium
2726 5067 2983 5136 vocabat;
3033 5081 3153 5120 cum
3191 5074 3372 5136 autem
3418 5067 3469 5118 in
3496 5078 3553 5117 se
3574 5073 3719 5115 comt-

2192 5134 2390 5205 steret,
2432 5143 2593 5204 atque
2626 5135 2761 5189 adeo
2802 5134 3159 5202 colligeretur,
3191 5135 3333 5205 Deus
3357 5140 3496 5188 esset
3531 5138 3717 5205 tantum.

2193 5203 2367 5276 Quare
2391 5200 2530 5260 Deus
2555 5220 2786 5273 operans
2824 5205 2877 5257 in
2905 5200 3163 5276 creaturis
3184 5243 3199 5267 ,
3227 5203 3460 5276 Ve_rbum
3476 5210 3594 5276 erat
3625 5200 3721 5276 huic

2194 5274 2476 5336 haeretico;
2513 5276 2565 5328 in
2592 5269 2653 5327 se
2680 5288 2918 5335 manens,
2943 5272 3250 5341 simpliciter
3275 5272 3434 5329 Deus.
3476 5269 3615 5325 Unde
3632 5269 3722 5341 aie-

2191 5344 2283 5413 bat
2326 5334 2586 5405 rationem
2632 5342 2793 5413 Verbi
2838 5334 2955 5413 esse
2982 5334 3382 5413 temporalem,
3430 5350 3581 5407 atque
3617 5334 3723 5413 adeo

2194 5412 2423 5484 Verbum
2443 5453 2456 5476 ,
2498 5428 2603 5480 qua
2645 5412 2853 5484 ratione
2874 5407 3232 5484 Verbumiest,
3245 5407 3472 5484 initium

2190 5496 2257 5535 ex
2300 5479 2550 5550 Virgine:
2584 5482 2933 5550 quamobrem
2975 5481 3203 5548 negabat
3244 5480 3414 5550 Deum
3452 5479 3726 5550 humanitati

2190 5538 2534 5618 conjunctum
2563 5538 2742 5614 fdisse,
2775 5550 2867 5605 sed
2891 5538 3151 5620 Verbum,
3183 5565 3285 5617 qua
3308 5549 3539 5620 Verbum
3558 5553 3655 5620 εεῑε
3686 5538 3725 5591 id

2192 5628 2309 5683 est,
2356 5635 2462 5688 qua
2500 5622 2745 5689 operatio
2784 5618 3025 5689 qurcdam
3068 5619 3262 5674 divina.
3307 5619 3447 5673 Nihil
3472 5630 3621 5687 porro
3646 5618 3725 5665 im-

2192 5690 2439 5756 plicatius
2465 5688 2686 5746 somniis
2712 5689 2867 5755 hujus
2883 5688 3131 5743 hominis.
