3958 6178
505 288 611 345 859

1023 281 1212 340 MAR"
1245 279 1680 336 MERCATORIS
1719 273 2278 332 TBANSLATIONES
2321 273 2670 329 VARlOBUM
2710 271 3221 334 OPUSCULORUM.

3573 291 3652 351 860

506 399 649 452 Misit
671 398 806 451 Deus
833 397 997 449 Deum
1017 391 1278 454 Verbum;
1309 391 1465 445 ambo
1486 390 1647 454 enim,
1675 389 1720 443 si
1750 389 1822 443 ita
1853 387 2072 451 diceret,
2107 392 2150 450 Α
2179 396 2316 439 ctum
2355 384 2447 438 sub
2487 385 2616 455 lege,
2640 394 2695 438 ut
2722 401 2807 438 eos
2846 387 2930 456 qui
2956 386 3045 440 sub
3069 387 3172 459 lege
3187 402 3323 446 erant
3351 396 3588 465 redimeret,
3613 417 3654 458 ιιι

508 487 871 542 invenirentur
906 481 1101 535 locales
1147 489 1201 533 et
1247 481 1298 533 in
1331 488 1499 549 parte.
1546 479 1599 533 Si
1634 478 1935 533 Divinitatis
1961 485 2077 531 crat

509 587 713 638 natura,
744 575 833 643 qui
861 572 1189 633 mittebatur,
1218 580 1272 624 et
1293 571 1382 638 qui
1411 570 1677 632 mittebat,
1723 569 1909 624 localis
1941 575 1994 620 et
2024 568 2076 621 in

510 675 659 738 parte
698 672 808 727 est;
855 663 947 732 qui
975 660 1118 716 enim
1159 660 1406 725 mittitur,
1438 661 1562 714 illuc
1586 660 1824 715 mittitur
1857 658 1944 712 ubi
1973 673 2080 712 non

510 765 612 810 est.

575 868 663 920 25.
708 843 852 921 illisit
879 866 1017 921 Deus
1045 865 1093 919 F
1096 867 1242 921 ilium
1275 882 1422 920 suum
1451 863 1592 934 (Gal.
1626 880 1696 928 iv,
1725 863 1803 934 4),
1823 863 2080 932 quoniam

509 959 889 1014 inconveniens
915 966 1032 1012 erat
1069 957 1291 1012 Deitatis
1327 965 1572 1010 naturam
1593 956 1744 1008 inter
1769 955 1963 1008 missos
2005 954 2084 1007 vi-

507 1051 642 1113 deri,
664 1049 859 1104 Paulus
878 1065 1043 1105 senex
1062 1049 1298 1102 omnium
1331 1047 1615 1101 Dominum
1636 1046 1913 1114 possidens
1932 1044 2086 1098 Chri-

509 1147 670 1203 stum,
698 1139 875 1193 verius
902 1154 965 1192 ac
985 1138 1232 1206 liquidius
1258 1137 1326 1191 de
1353 1152 1410 1190 se
1435 1138 1550 1204 ipso
1594 1142 1904 1190 noscentem
1931 1152 1943 1186 :
1975 1133 2082 1186 Mi-

509 1232 596 1295 sit,
621 1231 809 1298 inquit,
835 1229 971 1284 Deus
988 1228 1034 1280 F
1039 1229 1181 1284 ilium
1201 1245 1347 1282 suum
1361 1230 1552 1299 factum
1571 1227 1857 1280 exmuliere
1874 1225 2083 1296 (Ibid.).

514 1319 679 1373 Filius
718 1321 813 1374 Dei
864 1329 1020 1374 natus
1048 1329 1148 1385 est,
1199 1321 1338 1374 Deus
1382 1319 1618 1374 Verbum
1643 1327 1700 1372 et
1723 1319 1881 1372 homo
1914 1336 1927 1370 :
1959 1331 2088 1384 ergo

513 1422 632 1474 quae
663 1410 889 1477 peperit,
931 1417 1152 1478 propter
1200 1409 1457 1461 unitatem
1487 1407 1693 1461 dicatur
1712 1407 1942 1476 genitrix
1969 1406 2087 1472 Dei,

515 1497 567 1550 id
588 1507 688 1561 est,
720 1498 988 1563 esoro'xog;
1018 1507 1239 1568 propter
1259 1506 1502 1552 naturam
1534 1513 1662 1551 vero
1695 1487 1962 1562 heminis,
1989 1497 2089 1551 ho-

515 1591 673 1644 minis
715 1591 941 1656 genitrix
961 1631 975 1655 ,
1032 1592 1135 1645 hoc
1161 1598 1263 1654 est,
1293 1590 1704 1664 ἆνθρωπστόκος;
1746 1597 1806 1642 et
1837 1588 2092 1655 quoniam

517 1695 802 1752 utrumque
825 1699 926 1736 una
953 1683 1223 1737 locutione
1247 1682 1426 1736 dicere
1456 1680 1672 1749 refugis,
1716 1681 1881 1734 Deum
1905 1688 1960 1734 et
1987 1680 2090 1734 ho-

2178 477 2507 547 adoptionem
2527 477 2758 546 ﬁliorum
2775 477 3122 546 reciperemus.
3148 478 3350 550 Propter
3367 485 3451 538 hoc
3476 504 3569 540 eum
3590 496 3656 560 qui

2179 583 2282 620 non
2305 577 2514 622 norerat
2534 577 2803 636 peccatum
2816 583 2908 635 pro
2937 567 3079 620 nobis
3100 581 3344 638 peccatum
3367 575 3467 642 fecit
3488 575 3655 647 (ibid).

2181 655 2329 711 Sicut
2351 665 2406 710 et
2424 656 2554 710 illud
2578 674 2590 708 :
2622 655 2822 710 Factus
2845 664 2920 709 est
2943 672 3033 724 pro
3065 657 3203 712 nobis
3236 663 3524 716 maledictum
3550 666 3658 734 (Gal.

2183 764 2261 812 tu,
2305 747 2392 816 15)
2417 765 2431 811 ;
2461 762 2568 800 non
2597 745 3026 800 benedictionem
3055 747 3192 801 illam
3237 763 3344 817 qua:
3383 761 3456 805 est
3492 752 3664 809 Deitatis

2185 844 2389 892 natura:
2410 836 2463 890 in
2501 835 2845 890 maledictum
2867 850 3074 890 versam
3099 839 3410 907 conscriptor
3443 841 3571 896 nobis
3592 859 3664 896 ex-

2187 928 2400 999 posuit;
2422 926 2518 981 sed
2541 927 2666 995 quia
2687 926 2922 995 suscepit
2941 926 3081 981 inse
3107 935 3300 982 natura:
3321 939 3495 985 nostrae
3525 946 3670 1000 pecca-

2186 1033 2321 1087 tum,
2345 1024 2642 1091 improbam
2663 1022 2716 1076 in
2743 1037 2866 1076 eum
2904 1036 3113 1090 penam
3141 1023 3345 1078 irruisse
3375 1023 3668 1092 signiﬁcavit:

2188 1115 2266 1170 sic
2285 1122 2340 1168 et
2363 1113 2504 1181 quod
2536 1128 2634 1182 pro
2656 1113 2813 1166 nobis
2834 1119 3105 1181 peccatum
3125 1111 3263 1177 fecit,
3283 1113 3435 1168 videri
3459 1130 3560 1169 eum
3577 1116 3674 1170 fecit

2189 1204 2566 1275 conspectibus
2611 1204 2923 1267 hominum,
2966 1203 3070 1258 reis
3104 1203 3317 1270 inflantia
3353 1205 3605 1266 sustinere,
3636 1215 3678 1258 et

2191 1298 2470 1368 mqualiter
2496 1311 2620 1351 eum
2657 1295 2958 1350 latronibus
2993 1293 3257 1362 cruciligi;
3289 1294 3377 1348 sed
3402 1311 3494 1348 non
3516 1310 3598 1364 pro
3619 1309 3679 1348 se.

2191 1389 2298 1444 Sed
2327 1405 2426 1459 pro
2453 1389 2666 1458 quibus,
2690 1405 2722 1442 ο
2753 1387 2950 1442 Paule?
2977 1385 3108 1440 Eum
3128 1387 3210 1457 qui
3232 1403 3328 1441 non
3347 1395 3528 1440 nouerat
3544 1403 3680 1456 perca-

2192 1490 2298 1534 tum
2326 1496 2418 1548 pro
2446 1475 2592 1532 nobis
2621 1485 2884 1546 peccatum
2913 1477 3073 1548 fecit?

2260 1570 2349 1624 27.
2381 1569 2490 1624 Sed
2517 1569 2569 1622 id
2592 1567 2869 1637 quaeritur,
2901 1567 3043 1622 unde
3062 1567 3285 1621 Verbum
3311 1565 3476 1620 Filius.
3505 1563 3560 1618 Ut
3581 1563 3687 1616 Pho-

2194 1661 2363 1716 tinum
2399 1660 2632 1714 maxime
2657 1659 3061 1722 convincamus,
3093 1656 3313 1712 Verbum
3341 1655 3529 1724 quidem
3559 1651 3688 1707 eonfi-

517 1741 730 1828 tninem.
764 1773 904 1837 dico,
949 1771 1280 1849 Χριστοτόκον
1311 1785 1378 1824 ne
1408 1770 1606 1824 dixeris
1646 1771 1795 1840 (ecce
1823 1785 1954 1824 voce
1983 1771 2092 1824 dis-
2122 1764 2167 1822 Β
2195 1759 2418 1849 fidem,
2451 1765 2559 1804 “0"
2587 1756 2767 1849 θ’θιὲω
2787 1746 3246 1849 ἀίεέηίθξηιθίξιξξη
3268 1741 3689 1849 ﬁrm“:

518 1866 732 1930 tinguor
776 1879 806 1916 a
848 1872 902 1916 te
952 1863 1204 1932 tantum).
1239 1861 1342 1915 Sed
1375 1877 1496 1916 cum
1520 1861 1616 1915 Dei
1635 1862 1968 1929 genitricem,
1992 1862 2098 1918 hoc

519 1962 621 2015 est,
643 1953 882 2013 οςοτὸκον
902 1967 1084 2015 vocas,
1108 1951 1416 2005 memineris
1435 1958 1490 2004 et
1509 1950 1738 2004 hominis
1762 1951 2095 2018 genitricem,

521 2045 627 2098 hoc
653 2051 752 2106 est,
783 2043 1155 2117 ἆνθρωποτόκον
1186 2056 1399 2104 vocare,
1425 2055 1493 2095 ne
1519 2041 1974 2110 dispensationem
2002 2056 2100 2095 au-

522 2136 680 2202 feras,
711 2145 740 2174 ι
762 2150 882 2204 qua:
908 2144 990 2190 est
1016 2143 1177 2204 caput
1198 2142 1394 2188 nostrae
1413 2133 1620 2188 salutis.

592 2246 680 2299 9.4.
727 2245 876 2299 Misit
919 2245 1054 2299 Deus
1102 2243 1298 2299 Filium
1349 2261 1495 2299 suum
1544 2247 1738 2318 factum
1777 2261 1842 2299 ea:
1871 2245 2102 2310 muliere,

527 2341 719 2411 factum
746 2338 837 2390 sub
866 2338 975 2408 lege
1016 2336 1226 2410 (Ibid.).
1263 2335 1393 2404 Quis
1436 2345 1553 2391 erat
1595 2336 1766 2392 factus
1807 2337 1906 2394 sub
1953 2338 2106 2405 lege?

528 2429 831 2484 Divinitatis
857 2429 1086 2482 natura?
1112 2427 1430 2493 Quomodo?
1457 2434 1723 2497 tamquam
1753 2435 1935 2497 posset
1975 2428 2110 2495 legis

530 2525 794 2589 prtecepta
843 2518 1097 2573 servare?
1145 2517 1464 2585 Quomodo?
1491 2526 1759 2587 tamquam
1801 2527 1982 2586 posset
2022 2533 2111 2573 os-

531 2610 754 2664 tendere
801 2609 1169 2664 sacerdotibus
1208 2609 1338 2678 legis
1379 2609 1875 2679 prmvaricationem
1915 2623 1974 2662 se
2004 2623 2109 2663 non

535 2700 860 2754 incurrisse?
895 2699 1295 2768 purilicationes
1340 2713 1555 2768 quoque
1601 2699 1799 2767 legales
1841 2698 2114 2768 suscipere

537 2791 726 2846 habuit
749 2791 1053 2844 Divinitatis
1083 2797 1269 2843 natura
1303 2792 1354 2843 in
1393 2791 1654 2859 templum
1693 2791 1986 2845 ascendens
2011 2791 2113 2846 ho-

535 2884 668 2936 stias
697 2881 1008 2934 immolare?
1037 2879 1104 2933 Et
1123 2880 1242 2949 quis
1271 2881 1500 2935 audebat
1529 2881 1832 2935 Divinitatis
1868 2893 2114 2936 naturam

538 2973 702 3026 fuisse
731 2971 933 3042 [Baluz.
967 2987 1072 3025 non
1102 2970 1284 3042 fuisse]
1315 2972 1368 3026 in
1397 2971 1567 3040 legem
1596 2973 1998 3042 przevaricatam
2031 2989 2118 3029 sa-

540 3063 847 3119 cerdotibus
875 3063 1237 3133 persuadere?

610 3175 701 3231 25.
741 3177 829 3232 Sic
849 3177 1008 3232 Filius
1029 3176 1127 3232 sub
1150 3177 1266 3246 lege
1287 3176 1456 3232 factus
1477 3186 1577 3245 est,
1603 3186 1656 3233 et
1679 3195 1784 3233 non
1807 3188 1888 3236 est
1912 3179 2079 3236 factus
2102 3199 2116 3235 :

544 3267 715 3323 factus
740 3268 954 3336 quidem
984 3277 1082 3331 est,
1109 3269 1439 3323 humanitate
1467 3278 1749 3340 suscepta;
1772 3288 1886 3341 _non
1931 3281 2012 3326 est
2044 3273 2123 3327 fa-

545 3367 682 3424 ctus,
706 3357 982 3426 majestate
1003 3359 1253 3424 Deitatis;
1278 3359 1458 3414 Deitas
1483 3361 1643 3427 enim,
1666 3376 1784 3429 qua:
1813 3362 1980 3430 legem
2004 3379 2126 3434 pro-

545 3448 819 3515 mulgavit,
851 3447 936 3501 cui
959 3447 1130 3512 alteri,
1157 3439 1424 3517 tamquam
1445 3448 1752 3518 legislatori,
1777 3451 1980 3518 habuit,
2004 3469 2122 3523 qua:

546 3545 670 3590 sunt
695 3537 827 3604 legis
855 3535 1086 3591 offerre?

614 3649 701 3703 26.
744 3649 889 3703 Misit
908 3648 1048 3704 Deus
1073 3648 1263 3704 Filium
1283 3667 1430 3704 suum
1457 3653 1648 3723 factum
1669 3671 1732 3707 ex
1763 3655 1992 3723 muliere,
2035 3658 2121 3728 {a-

2206 1841 2426 1894 Verbum
2454 1855 2577 1894 caro
2604 1841 2797 1909 factum
2831 1847 2929 1900 est,
2973 1844 3024 1891 et
3061 1837 3301 1890 habitauit
3325 1836 3376 1888 in
3406 1831 3532 1887 nobis
3551 1829 3688 1899 lloan.

2198 1950 2236 1999 ι,
2271 1932 2378 2002 Η).
2405 1932 2540 1986 Vide
2573 1930 2845 2000 quomodo
2887 1935 2944 1983 et
2989 1928 3374 1998 susceptionem
3405 1923 3601 1978 hominis
3627 1921 3697 1973 de-

2201 2031 2487 2087 monstrat,
2520 2037 2642 2076 cum
2673 2021 2783 2074 ait:
2815 2019 2886 2074 Et
2913 2018 3162 2073 habitauit
3198 2019 3256 2071 in
3294 2015 3445 2076 nobis,
3469 2022 3510 2066 et
3534 2012 3700 2064 vidium

2203 2115 2426 2186 gloriam
2453 2114 2586 2183 ejus.
2618 2109 2821 2180 Cujus?
2851 2110 3012 2165 Verbi
3041 2111 3155 2164 sine
3173 2107 3327 2162 dubio
3351 2125 3365 2158 ι
3388 2103 3583 2158 Gloriam
3605 2110 3703 2153 tuin-

2203 2224 2357 2278 quam
2387 2205 2650 2276 Umgeniti
2677 2220 2710 2257 a
2738 2203 2919 2258 Patre.
2944 2203 3106 2257 Vides
3125 2200 3263 2270 quod
3286 2213 3384 2252 non
3405 2197 3524 2249 alius
3538 2192 3703 2261 quidem

2211 2296 2541 2365 Unigenitus,
2571 2295 2708 2349 alius
2734 2308 2864 2348 vero
2891 2309 2923 2347 a
2950 2293 3110 2347 Patre
3135 2310 3148 2345 :
3170 2306 3294 2360 ergo
3321 2289 3407 2342 Dei
3437 2285 3626 2338 Verbum
3644 2280 3706 2332 l-‘i-

2207 2385 2331 2440 lius.
2382 2381 2667 2449 Quomodo
2717 2382 2896 2449 igitur,
2947 2379 3197 2444 Pbotine,
3250 2377 3421 2432 subvet
3435 2374 3493 2427 tis
3515 2370 3708 2426 substan-

2209 2474 2338 2527 tiam
2360 2473 2607 2526 Divinital
2618 2472 2660 2525 is
2681 2470 2890 2545 [Baluz.
2919 2471 3203 2541 deitatis}?

2285 2563 2376 2617 28.
2445 2562 2550 2618 Sed
2580 2562 2626 2616 si
2654 2563 2971 2632 respicimus
2990 2562 3060 2618 ad
3081 2560 3378 2616 aviditatem
3403 2553 3544 2610 studii
3573 2548 3710 2610 vestn',

2211 2657 2302 2711 hic
2353 2671 2455 2711 nos
2506 2655 2590 2710 sol
2632 2656 2748 2726 ipse
2783 2653 3016 2722 deficiet,
3058 2664 3114 2708 et
3152 2654 3219 2708 ad
3247 2653 3453 2706 alteram
3479 2644 3714 2702 doctrinam

2215 2747 2437 2803 tendere
2462 2746 2684 2802 forsitan
2707 2763 2818 2802 non
2843 2745 3168 2802 valebimus.
3201 2743 3322 2798 Haec
3342 2741 3487 2810 igitur
3511 2734 3624 2805 apud
3646 2745 3715 2784 vos

2221 2845 2556 2900 conservale,
2587 2838 2690 2892 scit
2715 2838 2860 2893 enim
2888 2837 3136 2902 diabolus
3160 2833 3450 2890 hominibus
3467 2827 3589 2883 etde
3604 2822 3718 2877 bonis

2217 2930 2407 2984 nociva
2438 2929 2636 2982 moliri.
2687 2928 2849 2983 Bome
2881 2928 3102 2996 quidem
3143 2927 3210 2982 de
3243 2925 3348 2979 Deo
3373 2916 3716 2990 disputationes;

2219 3021 2340 3076 vita:
2375 3020 2518 3075 enim
2556 3020 2609 3074 in
2649 3035 2708 3074 se
2736 3019 3018 3074 effundunt
3046 3024 3394 3088 unguentum,
3434 3009 3517 3064 sed
3541 3005 3722 3075 disqu

2222 3111 2397 3165 tiones
2441 3118 2702 3180 generant
2739 3111 3150 3174 contentiones,
3189 3103 3536 3162 contentiones
3567 3098 3726 3150 iracun-

2225 3201 2368 3256 diam
2391 3209 2628 3263 movent,
2663 3199 2934 3255 iracundia
2957 3205 3220 3269 provocat
3243 3209 3437 3255 manus,
3466 3200 3625 3242 manus
3639 3197 3730 3250 pro-

2226 3299 2431 3345 vocatm
2481 3301 2764 3345 moventur
2807 3290 2875 3344 ad
2919 3290 3165 3352 vulnera,
3215 3285 3424 3340 vulnera
3468 3291 3594 3339 vero,
3628 3270 3732 3324 absit

2228 3381 2558 3450 experientia
2587 3381 2654 3434 ab
2685 3382 2802 3450 ipso
2830 3395 3107 3444 sermone,
3139 3376 3264 3446 quid
3305 3373 3514 3432 faciant,
3551 3371 3731 3430 etqucm

2228 3475 2462 3529 habeant
2491 3475 2688 3528 tinem?
2726 3473 2964 3541 Namque
2984 3470 3272 3541 aliquoties
3295 3465 3516 3520 ultimam
3534 3459 3734 3526 general“

2231 3575 2480 3620 mortem.

2300 3655 2386 3708 29.
2418 3655 2444 3694 ιι
2474 3653 2647 3722 Quod,
2687 3653 2954 3725 Egyptiis
2980 3652 3201 3721 quidem
3227 3644 3536 3705 curantibus,
3562 3639 3606 3692 in
3628 3630 3736 3687 nullo

1711 3765 2248 3824 CASTIGA'I‘IONES
2289 3769 2374 3823 ET
2412 3769 2639 3824 ΝυΤᾸΞ.

542 3857 617 3908 ita
646 3855 720 3907 ait
751 3870 770 3908 :
799 3852 949 3924 isit
974 3851 1110 3906 Deus
1141 3851 1333 3906 Filium
1363 3870 1508 3908 suum
1556 3857 1746 3924 factum
1791 3873 1856 3910 ea:
1909 3860 2121 3913 muliere

543 3923 686 3993 (Gal.
710 3941 780 3988 Iv,
911 3921 1060 3996 Clare
1088 3925 1167 3976 hic
1205 3926 1445 3996 ostendit,
1487 3921 1752 3993 ipsumtuet
1800 3927 1894 3979 Dei
1927 3929 2119 3996 Unige—

543 3987 706 4046 nilum
745 3987 1035 4065 admirabili
1066 4002 1179 4065 ortu
1220 4009 1283 4065 ea:
1313 3987 1529 4065 Virgine
1574 3997 1623 4046 in
1654 3996 1813 4048 lucem
1843 3987 2113 4065 prodiisse,

542 4075 597 4115 ut
627 4065 780 4132 paulo
801 4073 919 4115 ante
946 4062 1076 4116 dixi.
1110 4060 1258 4125 Quod
1278 4063 1321 4114 si
1355 4060 1514 4132 Virgo
1561 4080 1592 4115 a
1631 4067 1823 4118 sanctis
1843 4060 1852 4065 ’
1872 4060 2114 4122 Patribus

541 4143 750 4203 promer
772 4134 904 4185 hanc
931 4134 1310 4202 generationem
1343 4131 1567 4201 Deipara
1599 4136 1910 4197 nuntiantur,
1943 4141 2115 4193 nescia

540 4220 793 4277 quorsum
821 4204 1084 4277 attinuerit
1131 4212 1185 4254 ut
1231 4204 1562 4277 quwstionem
1613 4203 1742 4277 hanc
1797 4221 2115 4277 nequaquam

541 4271 904 4338 necessariam,
945 4271 1076 4326 bona
1106 4271 1252 4324 uenia
1291 4282 1378 4325 tua
1418 4273 1602 4324 dictum
1628 4275 1712 4337 sit,
1746 4283 1793 4326 et
1823 4271 2115 4332 contrarios

539 4343 697 4412 ipsos,
723 4352 769 4414 et
791 4352 968 4394 contra
991 4343 1386 4414 ecclesiasticam
1415 4359 1593 4413 pacem
1631 4360 1844 4414 quoque,
1875 4356 1928 4398 ut
1959 4348 2115 4413 vides,

542 4412 850 4482 agitandum
862 4413 1247 4482 susceperimus.

616 4491 640 4517 ³
682 4480 989 4555 Λιιυόίιλιιι
1020 4480 1133 4555 hate
1163 4482 1321 4555 verba
1347 4482 1519 4555 sancti
1544 4479 1816 4555 leestini
1851 4502 1862 4535 τ
1899 4484 2116 4555 Plangi-

541 4568 651 4604 mus
692 4568 723 4602 a
755 4561 801 4621 te
827 4546 1029 4621 sublata
1062 4547 1123 4600 de
1162 4547 1389 4617 symbolo
1430 4552 1677 4620 apostolis
1725 4555 1911 4606 tradito
1948 4546 2112 4621 verba,

541 4637 656 4688 qua:
694 4619 838 4674 nobis
881 4619 1029 4672 totius
1074 4627 1264 4689 nostra:
1300 4620 1481 4689 saluiis
1523 4636 1659 4687 spem
1698 4626 2018 4689 promittunt.
2055 4619 2118 4680 Et

541 4687 778 4765 postea:
811 4689 902 4765 Cui
932 4689 1143 4741 honoris
1165 4687 1361 4765 aliquid
1391 4704 1654 4765 reservent,
1690 4687 1893 4765 quando
1923 4697 2115 4765 agitur,

539 4758 598 4834 ut
619 4761 745 4815 mihi
774 4761 1090 4834 totius_mew
1120 4758 1304 4834 salutis
1340 4774 1494 4811 causa
1525 4758 1735 4813 tollatur
1760 4762 1852 4830 (In
1872 4758 2023 4834 epiit.
2051 4758 2120 4818 ad

544 4829 745 4909 Νςειλι
765 4848 816 4900 ρ.
842 4847 898 4909 ε..
916 4828 1158 4909 [ip/tae,
1181 4827 1288 4895 18).

565 4927 568 4930 ·
613 4900 639 4938 δ
681 4896 850 4966 Quam
879 4896 1108 4953 iaciebat
1148 4899 1258 4970 ipse
1288 4896 1412 4960 vim,
1444 4897 1580 4953 hanc
1604 4915 1630 4952 a
1653 4897 1851 4970 Cyrillo
1878 4911 2120 4958 metuen-

541 4971 664 5023 dam
711 4970 1041 5024 calumniose
1085 4968 1406 5022 vaticinatur
1447 4984 1458 5018 :
1506 4977 1560 5020 ct
1589 4968 1774 5023 revera
1804 4972 1926 5024 odio
1960 4972 2010 5026 in
2060 4989 2118 5028 se

541 5042 644 5107 agi,
679 5056 782 5093 non
809 5049 984 5093 autem
1017 5037 1124 5091 ullo
1152 5052 1326 5091 causa:
1363 5037 1552 5107 merita
1572 5079 1584 5100 ,
1617 5043 1882 5106 persuasit
1911 5044 2106 5097 multis.

614 5107 1418 5180 llinc_'l‘heodosil_is_imperator
1446 5104 1546 5178 (In
1587 5104 1734 5162 sacra
1777 5112 1846 5163 ad
1895 5113 2118 5180 Cyrill.t

543 5195 595 5246 ῃ.
620 5193 664 5230 c.
718 5176 938 5252 IIIp/tein;
961 5194 1004 5252 ς.
1039 5175 1127 5252 Erl)
1157 5194 1168 5227 :
1206 5175 1465 5252 Ejusdem
1507 5181 1778 5252 estauimi
1803 5175 2117 5252 (turbulenti

541 5245 598 5299 et
647 5245 882 5322 aulaeis)
925 5245 1451 5322 ejusdemque’studii
1499 5245 1846 5322 ecclesiastica
1873 5261 1932 5322 et
1973 5254 2115 5322 regia

543 5318 716 5370 omnia
752 5317 876 5368 velle
922 5317 1254 5386 confundere,
1295 5333 1355 5370 ac
1404 5333 1435 5369 a
1475 5334 1527 5370 se
1581 5320 1794 5373 invicem
1846 5317 2112 5385 divellere;

541 5388 688 5461 quasj
717 5402 834 5440 vero
860 5385 964 5438 alia
993 5385 1158 5461 omnis
1187 5387 1316 5461 desit
1341 5388 1556 5461 ﬂoccasio
1603 5405 1666 5442 ex
1691 5407 1806 5461 Aqua
1837 5391 2040 5444 laudem
2068 5402 2117 5447 et

543 5453 762 5532 gloriam
792 5458 1079 5532 aucuperis.
1114 5455 1176 5532 Et
1205 5457 1304 5510 sub
1336 5454 1513 5532 linem,
1548 5453 1807 5514 mandans
1839 5469 1894 5514 ut
1926 5463 1999 5532 ad
2029 5480 2116 5532 sy-

544 5525 740 5601 nodum
763 5525 1047 5601 conveniat
1075 5544 1086 5578 :
1124 5525 1237 5601 "ac
1264 5527 1480 5601 ratione,
1501 5545 1614 5597 quia
1633 5547 1734 5601 pro
1778 5531 1964 5584 tuenda
2000 5525 2114 5601 opi—

543 5599 694 5648 nione
717 5597 895 5648 acerbe
923 5598 1120 5671 quidem
1168 5598 1551 5668 inconsulteque
1590 5597 1680 5671 abs
1731 5611 1776 5653 te
1816 5602 1929 5671 jam
1973 5597 2114 5671 θνὲιέι

543 5678 680 5730 sunt,
706 5684 861 5732 neque
884 5669 986 5721 ulla
1010 5669 1206 5723 mirata
1229 5671 1387 5722 animi
1409 5669 1711 5739 a’gritudine
1737 5669 1990 5740 deceptus,
2027 5689 2113 5725 nc-

2225 3875 2320 3929 qne
2344 3859 2497 3911 alicui
2521 3858 2656 3911 ultra
2685 3873 2838 3918 quant
2872 3857 3110 3910 conuenit
3136 3857 3367 3924 infestus,
3402 3845 3636 3902 admisisse
3651 3853 3739 3891 ceu-

2225 3930 2431 3982 seberis.
3541 3983 3561 3986 _
3709 3979 3715 3986 .

2296 3999 2435 4072 lline
2469 3988 2838 4051 'l‘heodoretus
2877 4005 3002 4066 post
3023 3989 3454 4072 ntortevarilli
3480 4005 3498 4072 _:
3528 3983 3740 4072 Contenti?

2223 4069 2366 4121 ultra
2405 4069 2521 4138 jam
2565 4078 2820 4138 noniest;
2869 4053 3179 4138 mortua_est
3209 4053 3418 4138 iuridia,
3444 4069 3488 4112 et
3508 4053 3740 4119 conseptlfl

2222 4139 2298 4191 illi
2319 4133 2622 4190 estlttvresis
2646 4137 2837 4206 (Serm.
2862 4151 3034 4190 coram
3061 4133 3306 4206 Damno)».

2293 4187 2507 4262 iussa
2521 4187 2813 4260 sarias;
2827 4187 2834 4188 7
2847 4187 2876 4276 (ἡ
2895 4187 3202 4276 inﬁrmati.
3251 4187 3542 4276 Sermonem
3563 4195 3579 4263 )
3609 4210 3618 4244 :
3640 4187 3743 4276 Qut:

2223 4278 2373 4330 modo
2403 4287 2600 4347 potero,
2625 4287 2713 4328 aut
2759 4269 3007 4348 feruidam
3028 4269 3238 4348 pietatis
3258 4269 3540 4348 Διιιιιςῆρίιιιιι
3565 4271 3744 4348 amittiut

2224 4329 2495 4417 adwqu'ure
2525 4329 2668 4417 mea;
2699 4329 2786 4399 au't
2815 4329 3039 4417 ofﬁciuni
3067 4344 3268 4398 veritati
3299 4341 3518 4417 debitum
3539 4329 3744 4417 ciunttltl‘lfl

2223 4401 2364 4469 mens
2390 4435 2460 4470 'ra
2497 4401 2739 4480 reddere;
2771 4401 3144 4468 aui'mendacii
3169 4414 3342 4466 omnia
3383 4424 3512 4462 nunc.
3547 4401 3748 4480 turbantis

2223 4487 2454 4540 cohibere
2483 4470 2956 4558 intpetus,'quv-:ttdo
2978 4486 3280 4558 temeritatis
3311 4492 3358 4534 et
3387 4478 3606 4532 amentia:
3632 4470 3748 4558 ν’ςξζί

2223 4566 2338 4609 sunt
2359 4573 2472 4626 qua:
2493 4550 2730 4609 dicuntur
2751 4550 2959 4608 omnia?
2981 4553 3238 4606 Dicuntur
3267 4561 3435 4626 autent
3461 4558 3644 4626 summa

2224 4611 2540 4696 impudentia
2573 4635 2621 4678 et
2671 4626 2994 4696 arrogantia,
3025 4634 3078 4676 ut
3126 4639 3264 4676 nunc
3298 4623 3497 4696 quidem
3529 4611 3644 4696 qugd

2225 4688 2467 4748 hactenus
2483 4713 2583 4748 non
2608 4705 2726 4748 sunt
2750 4688 2923 4748 ausuri
2947 4698 2987 4747 si
2995 4704 3082 4746 nt:
3114 4710 3274 4765 usque
3296 4688 3422 4743 adeo
3447 4688 3750 4765 litttjtfllCOlI‘lf

2225 4747 2424 4819 malitia
2447 4747 2549 4819 non
2575 4747 2686 4836 jam
2709 4747 2932 4834 amplius
2956 4772 3090 4816 clam
3113 4747 3386 4836 leviterque
3411 4747 3754 4836 sitttplitiqrillfff

2224 4827 2688 4906 insidiaturafsed
2716 4848 2771 4886 ut
2797 4827 2913 4906 qua:
2942 4850 3193 4906 summam
3242 4827 3466 4886 omnium
3502 4827 3750 4906 ροιεεψιςξιξ

2221 4905 2426 4968 habeat,
2475 4907 2672 4959 nullunt
2709 4898 3046 4974 natifacinus
3069 4905 3136 4956 sit
3176 4911 3476 4974 patratum,
3503 4898 3752 4974 ευιηρξοιμξξ

2220 4974 2316 5028 sibi
2357 4961 2615 5029 inmanes
2656 4961 2871 5045 imperio
2902 4973 3037 5045 leges
3082 4961 3472 5045 prcéscriptura,
3517 4965 3579 5018 ad
3598 4961 3754 5045 [λιαζξξα

2219 5062 2313 5098 sua
2340 5048 2544 5115 quosvis
2574 5033 2898 5112 pertractant
2917 5033 3311 5116 (obedientiam.
3340 5040 3555 5116 sub-itam
3587 5033 3753 5116 ﬂagilfl'

2221 5104 2364 5179 tura,
2386 5104 2660 5184 cognitum
2687 5104 3112 5182 causam-plenas
3141 5130 3172 5163 a
3205 5104 3605 5184 diligentioribus
3629 5104 3756 5184 Pielf‘

2221 5187 2284 5237 tis
2317 5178 2592 5238 cultoribus
2620 5196 2897 5246 exactura,
2923 5178 2970 5236 et
3006 5185 3138 5235 hunc
3161 5178 3365 5252 quidem
3406 5178 3672 5252 involutum
3693 5181 3756 5252 tn:

2213 5255 2398 5324 juriis,
2441 5256 2610 5324 patria
2654 5254 2922 5324 pulsatum
2971 5248 3217 5324 alterum,
3260 5252 3378 5302 huic
3426 5248 3757 5324 accusationtltﬂ

2223 5307 2423 5376 lectura
2441 5307 2680 5394 'laqueos',
2713 5323 2858 5376 illum
2880 5323 2946 5375 de
2965 5307 3232 5394 dignitatis
3244 5335 3362 5394 sua:
3383 5317 3538 5390 gradu
3565 5307 3758 5394 deturba:

2221 5403 2364 5454 tura,
2399 5388 2556 5446 aliain
2596 5394 2856 5462 dejectura
2897 5388 3146 5462 audacia,
3177 5391 3340 5462 alium
3373 5388 3542 5462 {vocum
3569 5388 3761 5462 inantqu

2219 5463 2460 5530 ampullis
2491 5465 2542 5515 in
2571 5458 2780 5516 nassam
2816 5473 3062 5514 tractum.
3098 5461 3262 5514 Taceo
3288 5458 3758 5530 priucularcarcerct.

2219 5525 2454 5592 msilctas,
2492 5535 2784 5602 infamant,
2819 5533 3046 5602 ﬂagella,
3083 5529 3401 5584 miserabilia
3430 5525 3630 5580 ca'dium
3672 5529 3761 5581 εντ’

2219 5604 2439 5656 ctat'ula.

2296 5670 2354 5723 Et
2390 5681 2576 5741 postea
2606 5691 2617 5721 ι
2654 5672 2854 5728 lmlicta
2886 5688 3038 5724 causa
3063 5670 3442 5731 condemnant;
3473 5679 3574 5734 qua
3597 5659 3762 5730 falsita-

2153 4591 2197 4648 D
