3958 6178
239 372 380 429 εθι-

1416 365 1582 424 mru
1609 365 1924 424 assronn
1963 336 2190 421 ssnuo
2219 361 2360 421 xm.

3395 355 3497 418 869.

237 459 552 549 continget;
594 479 769 534 nullus
795 481 938 534 enim
963 479 1113 535 locus
1140 479 1220 535 eis
1259 479 1556 534 insolentim
1579 479 1737 534 datur
1763 479 1818 533 in
1850 483 1890 539 Λ
1925 481 2086 534 tuales
2109 480 2251 545 estis,
2283 479 2828 550 instmiteltujusmodi
2850 481 2904 534 in
2937 478 3119 549 spiritu
3145 480 3482 531 mansuetudi

236 574 459 629 civitate
495 585 615 640 qua:
661 579 880 640 regnat;
913 587 1018 626 una
1047 585 1276 639 namque
1307 571 1410 625 illis
1448 587 1575 626 cura
1604 579 1704 633 est,
1732 579 1816 625 to-

236 672 354 717 tum
399 662 597 730 ubique
625 663 863 716 turbare.
894 661 998 716 Sed
1037 677 1136 717 nos
1165 662 1284 718 aliis
1321 671 1506 716 contra
1536 676 1630 717 eos
1657 661 1819 715 armis

233 764 527 816 certemus,
555 752 706 808 Pauli
735 752 979 807 videlicet
1009 752 1259 806 mandata
1308 761 1580 808 sumentes
1611 771 1623 805 :
1652 751 1820 822 Opor-

235 855 330 909 tet,
383 843 576 912 inquit,
622 844 916 912 episcopum
951 841 1444 912 irrepreltensibilem
1499 859 1627 906 esse,
1667 843 1820 894 unius

233 936 418 988 uxoris
446 935 627 994 virum,
659 933 907 995 sobrium,
951 931 1209 1002 pudicum,
1247 933 1524 996 decentem,
1559 943 1816 994 ornatum,

235 1024 530 1088 docibilem,
554 1023 943 1094 amplectentem
962 1039 1076 1076 eum
1103 1024 1188 1093 qui
1217 1022 1496 1077 secundum
1532 1022 1819 1076 doctrinam

231 1127 335 1180 est,
367 1116 573 1186 ﬁdelem
599 1132 902 1181 sermonem,
927 1124 983 1169 ut
1021 1125 1200 1186 potens
1237 1118 1305 1169 sit
1331 1116 1596 1170 exhortari
1630 1117 1685 1169 in
1726 1117 1820 1170 do—

234 1210 411 1262 ctrina
439 1224 590 1272 sana,
619 1216 668 1261 et
694 1223 784 1260 eos
810 1208 895 1277 qui
939 1207 1296 1261 contradicunt
1339 1223 1553 1278 arguere
1598 1205 1646 1276 (ι
1686 1205 1816 1260 Tim.

234 1317 319 1362 nt,
346 1300 434 1371 2);
465 1315 572 1354 non
599 1297 734 1353 dixit
759 1314 854 1354 eos
896 1300 982 1370 qui
1013 1299 1374 1353 contradicunt
1412 1309 1591 1369 potens
1618 1300 1686 1353 sit
1713 1300 1823 1352 vnl-

235 1407 461 1455 nerare;
490 1390 605 1456 sed,
635 1400 691 1443 ut
710 1400 886 1459 potens
927 1392 994 1444 sit
1025 1405 1110 1444 eos
1137 1391 1222 1462 qui
1251 1389 1613 1444 contradicunt
1641 1389 1823 1442 redar-

234 1499 426 1553 guere;
449 1489 505 1534 et
531 1496 715 1535 sanam
742 1480 1028 1536 defendere
1049 1490 1209 1549 atque
1231 1480 1478 1550 amplecti
1500 1479 1820 1534 doctrinam.

236 1574 377 1627 Nam
404 1572 532 1641 quid
574 1586 702 1640 ergo
731 1573 776 1626 si
829 1572 918 1626 ille
958 1571 1264 1634 irritaverit,
1309 1571 1552 1639 inquies?
1599 1569 1825 1639 Oportet

176 1665 178 1668 ’
236 1663 652 1717 mansuetudine
679 1662 875 1716 docere
905 1661 1332 1717 contradicentes
1360 1680 1372 1714 :
1417 1660 1710 1733 Nequando
1739 1661 1824 1715 det

235 1754 344 1808 illis
376 1751 516 1806 Deus
546 1765 922 1823 recognoscere,
967 1760 1018 1805 et
1061 1753 1368 1823 resipiscam
1414 1752 1476 1806 de
1516 1749 1706 1805 diaboli
1737 1752 1820 1804 la-

1919 571 2001 623 nis
2026 567 2166 640 (Gal.
2195 585 2266 634 v1,
2298 568 2373 631 l).
2407 568 2542 623 Puta
2569 570 2660 640 qui
2691 569 2821 625 dicit
2841 571 3100 632 Θεοτόκος,
3133 570 3176 621 si
3206 580 3260 622 et
3285 581 3501 648 Χριστο-

1919 659 2063 720 τὸκος
2083 659 2241 722 dicat,
2273 659 2418 729 quod
2438 673 2632 713 nomen
2655 660 2725 713 sit
2749 660 2972 714 duarum
3003 659 3318 727 signiﬁcatio
3349 667 3502 712 natu-

1920 763 2123 801 rarum.
2155 747 2224 801 Et
2251 755 2466 817 oportet
2491 747 2557 802 ad
2584 748 2991 804 mdilicationem
3039 748 3291 803 Ecclesim
3320 748 3500 802 omnia

1920 840 2118 893 facere.

1997 927 2082 983 52.
2113 927 2207 981 Est
2227 928 2466 998 quidem,
2495 937 2555 982 ut
2581 925 2709 992 dixi,
2741 943 2848 981 vox
2877 928 2995 991 ista,
3021 927 3072 981 id
3099 935 3199 990 est,
3225 930 3501 1005 Χριποτὸι-

1923 1042 2025 1083 κος,
2056 1019 2408 1089 significativa
2447 1019 2672 1074 duarum
2721 1028 3050 1083 naturarum,
3083 1019 3138 1073 et
3167 1019 3418 1081 Deitatis,
3450 1027 3504 1073 et

1922 1111 2307 1166 humanitatis:
2338 1111 2554 1181 quando
2581 1119 2758 1164 autem
2803 1125 2924 1165 cum
2951 1110 3365 1179 simplicioribus
3394 1111 3507 1177 agi-

1923 1211 2029 1265 tur,
2061 1217 2197 1271 opus
2242 1209 2325 1255 est
2359 1217 2492 1256 voce
2520 1200 2904 1254 tuanifcstiorc.
2929 1199 3064 1265 Quid
3089 1200 3308 1269 impedit
3347 1201 3504 1253 intel-

1924 1295 2120 1349 lectum
2151 1295 2489 1370 Χριστοτὸκον
2515 1293 2638 1357 dici,
2665 1301 2720 1346 et
2748 1293 2986 1348 Θεοτόκον
3010 1301 3064 1345 et
3092 1293 3507 1367 ἀνθρωποτόιεονῖ

1922 1386 2064 1439 sicut
2085 1385 2175 1454 qui
2198 1384 2346 1444 dicit,
2371 1383 2631 1448 Christus,
2657 1383 2940 1438 confitetur
2958 1383 3082 1453 quia
3113 1383 3250 1437 Deus
3271 1392 3325 1436 et
3348 1383 3508 1436 homo

1924 1479 1994 1533 sit
2027 1495 2038 1531 :
2072 1478 2149 1532 sic
2173 1486 2228 1532 et
2264 1477 2502 1539 Θιοτόκος
2531 1485 2588 1532 et
2615 1476 2994 1550 ἀνθρωποτὼιος
3022 1476 3066 1530 si
3099 1475 3266 1540 dicas,
3299 1483 3507 1528 utrum-

1924 1589 2029 1642 que
2057 1571 2338 1626 confessus
2367 1587 2445 1626 es.

1995 1664 2082 1716 53.
2131 1661 2159 1700 ι’
2200 1662 2544 1731 Deponamus
2587 1660 2762 1727 igitur,
2795 1673 3007 1728 quaeso,
3043 1657 3288 1726 utrinque
3319 1655 3508 1710 adver-

1926 1766 2016 1805 sus
2061 1752 2299 1806 membra
2330 1759 2510 1804 nostra
2541 1751 2709 1802 aciem
2759 1748 3148 1812 contentionis;
3180 1756 3234 1800 ct
3273 1748 3318 1801 si
3359 1747 3506 1816 quis-

235 1846 402 1914 queis,
434 1861 467 1897 a
495 1860 592 1914 quo
621 1843 805 1913 captivi
837 1851 1086 1908 tenentur,
1124 1842 1404 1896 secundum
1424 1843 1537 1914 ejus
1583 1843 1822 1895 volunta-
1855 1845 1897 1903 Β
1927 1856 2086 1911 quam
2110 1840 2471 1909 impndcntior
2500 1839 2673 1902 fuerit,
2706 1839 3074 1907 ignoscamus;
3103 1847 3158 1891 ct
3185 1837 3230 1891 si
3259 1837 3508 1907 quislibet

238 1945 341 1987 tem
361 1934 426 2003 (ll
455 1933 587 1986 Tim.
617 1948 674 1992 ιι,
706 1930 820 2002 ἳϐ).

311 2024 402 2077 50.
445 2023 612 2078 Nemo
638 2021 1070 2092 perturbationes
1116 2021 1608 2092 perturbationibus
1635 2019 1821 2084 sedat;

237 2117 420 2171 nullus
472 2115 708 2170 medicus
748 2115 970 2170 vulnera
1015 2114 1325 2168 vulneribus
1372 2121 1546 2167 sanat.
1599 2111 1827 2181 Propter

237 2224 428 2278 pacem
469 2217 496 2245 ε
543 2207 839 2278 tyrannidis
879 2207 1234 2261 temeritatem
1264 2207 1682 2270 tolcr0;.contra
1713 2205 1826 2259 cal-

235 2302 524 2354 citrantem
577 2314 682 2352 non
731 2299 984 2362 calcitro;
1025 2299 1406 2352 calcitrabatur
1442 2298 1688 2352 Christus
1727 2297 1826 2350 alio-

235 2390 477 2458 quando,
508 2389 600 2444 sed
632 2389 746 2458 ipse
799 2404 907 2442 non
951 2389 1297 2452 calcitrabat;
1337 2388 1430 2442 sed
1460 2387 1586 2455 quid
1615 2387 1682 2441 ad
1709 2387 1824 2441 cal-

236 2482 525 2534 eitrantem
554 2480 764 2534 dicebat
800 2496 811 2530 :
863 2477 1063 2532 Durum
1092 2489 1167 2534 est
1200 2488 1380 2533 contra
1416 2479 1678 2533 stimulum
1716 2477 1827 2531 cal-

235 2572 433 2624 citrare
456 2570 590 2639 (Act.
608 2584 682 2630 II,
708 2568 802 2639 5)?

310 2663 401 2716 5|.
434 2662 557 2718 llch
606 2662 767 2730 igitur
806 2661 946 2732 apud
993 2661 1353 2730 nosmetipsos
1400 2661 1732 2723 memoriter,
1767 2666 1826 2713 ut

236 2754 372 2814 dixi,
399 2769 698 2818 servemus;
724 2769 936 2808 omnem
964 2753 1208 2806 haeresim
1231 2752 1461 2805 aversati
1483 2750 1607 2805 odio
1628 2751 1826 2804 habea-

237 2859 362 2898 mus
394 2859 514 2897 cum
538 2842 708 2897 Paulo
755 2843 1107 2897 Samosateno
1147 2841 1464 2907 Photinum;
1498 2842 1682 2896 Arium
1704 2856 1826 2897 cum

240 2935 538 3005 Apollinari
567 2935 912 2997 detestcmur,
947 2941 1000 2989 et
1029 2934 1094 2988 ad
1124 2949 1337 2989 omnem
1379 2951 1598 3004 prorsus
1624 2943 1825 2989 sectam

241 3041 422 3096 prava:
451 3025 572 3080 fidei
602 3026 992 3094 implacabiles,
1027 3024 1292 3095 iidemque
1328 3024 1581 3080 Ecclesia:
1622 3025 1827 3094 ample-

240 3127 472 3181 ctentes,
498 3118 564 3172 ad
585 3117 821 3171 membra
842 3117 1062 3187 propria
1085 3133 1193 3172 non
1217 3117 1617 3172 conturbemur.
1645 3116 1714 3170 Et
1733 3118 1827 3187 qui

240 3211 430 3265 dicunt
471 3209 709 3270 Θεοτόκης
736 3218 960 3273 tantum,
992 3211 1203 3266 tametsi
1230 3210 1370 3264 desit
1397 3211 1474 3265 eis
1500 3211 1644 3281 quod
1676 3218 1826 3282 post-
1853 3203 1898 3266 C

240 3319 307 3356 ea
351 3302 490 3356 forte.
510 3301 820 3371 suscipient,
843 3311 898 3356 et
921 3302 1061 3356 circa
1089 3310 1290 3357 rectam
1314 3300 1471 3356 ﬁdem
1493 3302 1826 3368 claudicent;

239 3400 614 3447 verumtamen
659 3393 896 3446 membra
923 3401 1048 3445 sunt
1094 3392 1360 3446 Ecclesim.
1408 3391 1476 3445 Et
1512 3393 1604 3461 qui
1645 3392 1830 3448 dicunt

242 3494 453 3538 tantum
476 3483 706 3537 hominis
732 3483 980 3552 genitrix,
1009 3482 1057 3535 id
1088 3491 1188 3540 est,
1221 3483 1627 3561 ἀνθρωποτὼως,
1661 3492 1716 3538 et
1738 3483 1825 3537 isti

238 3581 372 3631 sunt
421 3574 658 3628 membra
685 3572 956 3637 Ecclesim,
987 3571 1081 3626 sed
1126 3572 1378 3640 spiritalis
1416 3573 1606 3641 inopes
1655 3573 1827 3628 medi-

235 3668 403 3721 cinae.
433 3665 547 3719 Non
577 3678 704 3733 ergo
733 3665 785 3717 in
826 3662 1020 3717 fratres
1058 3662 1365 3716 fraternitas
1392 3662 1559 3715 irruat
1592 3681 1605 3714 :
1637 3660 1830 3717 Frater

239 3758 460 3827 fratrem
483 3755 731 3824 adjuvant;
753 3750 1081 3818 exaltabitur,
1112 3753 1244 3805 sicut
1271 3752 1447 3805 civitas
1468 3751 1621 3819 ﬁrma
1643 3750 1822 3822 (Prov.

238 3860 375 3900 xvm
399 3883 414 3908 ,
446 3843 533 3913 9).
579 3842 645 3896 Et
695 3843 888 3897 iterum
943 3840 1175 3896 Paulus:
1207 3840 1424 3896 Fratres
1446 3881 1462 3906 ,
1495 3841 1702 3911 inquit,
1728 3841 1823 3896 etsi

236 3945 634 4007 praeoccupatus
655 3936 808 4006 fuerit
827 3935 943 4006 quis
964 3935 1019 3988 in
1048 3935 1221 4006 aliquo
1239 3934 1444 4000 delicto,
1469 3951 1555 3988 ros
1573 3935 1658 4006 qui
1673 3935 1830 4005 spiri-

1925 1929 2172 1984 subtilius
2192 1929 2354 1990 dicat,
2381 1930 2532 1983 venia
2550 1929 2794 1984 similiter
2813 1929 3003 1996 dignus
3025 1928 3287 1982 habeatur
3307 1946 3319 1980 :
3344 1943 3507 1981 unum

1926 2029 2104 2075 tamen
2151 2021 2578 2090 prospicientes,
2611 2036 2678 2075 ne
2722 2030 3025 2075 creaturam
3059 2020 3292 2074 Verbum
3339 2015 3505 2073 Dcnni

1923 2113 2188 2183 quispiam
2224 2113 2397 2176 dicat;
2442 2128 2508 2167 ne
2533 2111 2943 2174 humanitatem,
2975 2125 3092 2180 qute
3131 2119 3377 2179 suscepta
3406 2119 3504 2173 est,

1926 2202 2310 2272 imperfectam.
2342 2202 2398 2256 Si
2421 2202 2538 2271 quis
2565 2201 2707 2255 dicat
2735 2202 2864 2264 haec,
2905 2199 3048 2267 justa
3079 2201 3333 2253 adversus
3369 2201 3509 2254 hunc

1926 2295 2004 2348 ira
2039 2293 2389 2362 suscipiatur;
2421 2294 2466 2347 si
2491 2307 2619 2346 vero
2649 2292 2701 2345 in
2730 2291 2814 2346 his
2845 2305 2964 2361 quae
3007 2297 3063 2344 tu
3106 2290 3377 2346 conﬁteris
3423 2290 3508 2344 di-

1925 2385 2175 2440 stantiam
2198 2382 2368 2442 aﬂ'ert,
2394 2383 2519 2452 quid
2546 2397 2651 2436 non
2676 2381 2743 2437 ad
2765 2397 2886 2436 eum
2913 2381 3076 2436 dicis:
3103 2379 3158 2436 Si
3184 2381 3382 2435 locutio
3404 2380 3509 2434 fra-

1926 2485 2062 2532 trem
2090 2491 2268 2531 meum
2295 2474 2535 2537 eﬂ‘endit,
2556 2490 2662 2528 non
2692 2490 2810 2529 eam
2837 2474 3107 2544 proferam
3137 2473 3189 2526 in
3225 2481 3504 2526 :etcrnnm.

1927 2569 2082 2636 Quod
2121 2569 2164 2622 si
2198 2568 2405 2641 [Baluz.
2435 2568 2557 2621 add.
2586 2565 2710 2638 ego]
2755 2566 2912 2622 alicui
2941 2564 3006 2619 ad
3050 2565 3201 2635 pacis
3226 2563 3506 2618 consilium

1926 2663 2103 2715 minus
2127 2660 2348 2714 idoneus
2367 2660 2572 2724 videor,
2603 2659 2782 2714 audite
2810 2659 2876 2713 ad
2906 2674 3001 2714 vos
3029 2656 3252 2712 Paulum
3273 2656 3508 2710 claman-

1927 2758 2036 2804 tem
2063 2767 2075 2802 :
2109 2747 2238 2812 Qua:
2257 2749 2529 2812 didicistis,
2553 2759 2601 2802 et
2630 2748 2868 2812 audistis,
2900 2756 2950 2801 et
2981 2747 3268 2818 accepistis,
3298 2755 3348 2799 et
3381 2745 3510 2799 ridi-

1925 2842 2020 2896 stis
2047 2840 2102 2894 in
2129 2856 2227 2904 me,
2252 2839 2361 2894 haec
2389 2841 2543 2910 agite,
2573 2849 2623 2893 et
2642 2837 2781 2893 Deus
2803 2840 2946 2909 pacis
2967 2837 3068 2892 erit
3088 2838 3341 2891 robiscum
3365 2835 3508 2907 (Phi-

1927 2934 2053 3005 ’ἔρρ’
2079 2949 2148 2999 ’γ’
2173 2932 2262 3003 9)’
2520 2999 2752 3056 SERMO
2789 2999 2925 3054 xm.

2167 3093 2268 3148 Die
2293 3093 2476 3159 altera,
2508 3094 2564 3146 id
2591 3103 2686 3156 est,
2719 3092 2997 3146 Dominica
3031 3101 3051 3130 ε
3085 3090 3271 3145 dictus.

2004 3205 2052 3259 i.
2094 3203 2122 3242 τι
2152 3203 2282 3260 Aliis
2313 3204 2363 3258 in
2393 3205 2552 3259 terris
2575 3204 2675 3258 sita
2700 3211 2782 3258 est
2816 3203 3040 3258 aliarum
3069 3203 3273 3257 utilitas
3312 3216 3509 3266 rerum,

1931 3307 1988 3353 et
2013 3297 2329 3366 quihusdam
2352 3296 2567 3364 quidem
2591 3295 2642 3349 in
2673 3295 2863 3349 militia
2889 3295 3083 3364 degere
3103 3335 3118 3361 ,
3148 3308 3338 3362 magna
3367 3293 3516 3346 vide-

1935 3395 2022 3442 tur
2050 3387 2281 3451 utilitas;
2312 3387 2628 3455 quibusdam
2656 3401 2787 3441 vero
2812 3387 2864 3440 in
2894 3384 3012 3440 foro
3035 3400 3215 3440 rerum
3245 3383 3513 3438 venalium

1931 3479 2186 3536 convenit
2221 3488 2553 3543 mercatura;
2589 3479 2713 3537 item
2741 3479 2859 3532 aliis
2887 3477 3120 3549 optabile
3149 3485 3230 3530 est
3259 3475 3358 3529 arti
3403 3490 3519 3528 ma—

1932 3572 2124 3626 ritima:
2151 3571 2384 3626 studium
2413 3570 2784 3635 commodare;
2834 3570 3104 3625 nonnullis
3151 3568 3370 3622 alterius
3418 3582 3513 3619 cu-

1929 3663 2148 3732 juslibet
2175 3663 2444 3717 terrestris
2469 3663 2892 3717 conversationis
2915 3663 3048 3716 inire
3076 3662 3344 3729 negotium
3373 3678 3383 3712 :
3411 3661 3525 3730 pie—

1931 3756 2059 3808 tatis
2087 3762 2264 3808 autem
2294 3754 2514 3809 scientia
2539 3753 2590 3806 in
2617 3768 2900 3807 commune
2923 3753 3169 3807 omnibus
3189 3750 3516 3813 hominibus,

1934 3845 2149 3913 regibus
2195 3844 2399 3898 scilicet
2439 3852 2493 3897 et
2537 3842 2937 3905 sacerdotibus,
2969 3840 3312 3910 popularibus
3337 3855 3398 3892 ac
3427 3853 3529 3907 po--

1933 3934 2186 3998 tentibus,
2221 3933 2366 3988 utilis
2392 3947 2455 3988 ac
2484 3931 2785 3988 necessaria
2815 3939 2916 3986 est.

1381 4026 1385 4030 ’
1427 4045 1964 4102 CASTIGATIONES
2008 4045 2092 4101 ET
2132 4045 2357 4101 NOTAE.

237 4147 312 4198 tis
344 4158 616 4212 numquam
637 4142 978 4212 convicerunt,
1012 4141 1288 4212 rejiciunt;
1319 4141 1594 4194 audaciam
1625 4141 1832 4212 {ortitu—
1860 4153 1864 4156 '

236 4217 419 4267 dinem
449 4211 653 4275 dicunt;
684 4211 1037 4283 crudelitatem
1055 4211 1238 4266 uocant
1260 4213 1456 4277 zelum;
1485 4211 1718 4283 fraudem
1746 4227 1832 4264 sa-

235 4286 454 4354 pientiae
475 4284 586 4337 loco
614 4283 819 4335 habent.
834 4353 840 4354 γ
856 4280 1122 4354 Quis/uec
1145 4284 1315 4335 omnia
1339 4280 1599 4354 tragtedus
1613 4282 1832 4354 pelean-

236 4350 387 4407 tenta
417 4369 533 4406 race
559 4352 904 4422 expresserit?
939 4351 1221 4406 Liberatus
1249 4350 1476 4406 narrans
1513 4352 1640 4420 quid
1669 4350 1836 4422 Cyril-

234 4424 331 4476 lus
359 4431 541 4490 ageret
567 4421 690 4476 dum
721 4429 1064 4493 exspectatur
1091 4422 1206 4493 dies
1235 4421 1424 4476 lutum:
1448 4423 1636 4493 synodi
1675 4438 1688 4474 :
1719 4421 1832 4475 De-

235 4495 543 4564 ﬂorationes
573 4490 830 4564 quasdam
850 4490 1096 4546 librorum
1142 4490 1375 4564 Nestorii
1423 4490 1675 4564 faciebat,
1706 4508 1832 4564 eum

233 4563 542 4634 perturbare
570 4563 740 4634 colens
759 4571 918 4634 ;_e_rat
943 4563 1177 4634 enim,Aut
1198 4563 1412 4634 dicitur,
1429 4565 1546 4634 ejus
1568 4563 1826 4634 inimicus.

316 4641 343 4669 ⁸
383 4632 702 4687 Meminerat
727 4632 879 4686 initio
908 4632 1168 4702 tyrannici
1204 4631 1687 4687 Alexandrinorum
1723 4633 1832 4701 epi-

232 4718 532 4784 scoporum
562 4703 778 4784 spiritus
786 4719 822 4784 ξ’
838 4708 999 4784 atque
1028 4703 1102 4783 ita
1129 4717 1316 4784 vocem
1348 4703 1487 4756 hanc
1515 4709 1658 4756 amat
1686 4718 1834 4756 usur-

233 4770 376 4842 pare
410 4773 476 4827 ad
500 4770 755 4826 invidiam
782 4770 988 4842 Cyrilli,
1012 4773 1101 4840 qui
1129 4773 1350 4840 perinde
1375 4788 1436 4826 ac
1459 4787 1829 4842 praecessores,

233 4859 411 4899 ιιιιιιιο
437 4843 623 4910 magis,
657 4850 878 4896 venerat
905 4843 959 4896 in
986 4843 1343 4910 suspicionem
1376 4851 1643 4911 usurpatio
1667 4857 1834 4896 sarcu-

234 4913 380 4984 laris
400 4912 767 4984 ingEgyptum
788 4912 1060 4982 potentiae,
1086 4920 1247 4982 atque
1275 4912 1408 4966 adeo
1440 4911 1751 4984 tyrannidis,
1777 4920 1836 4966 ut

234 4982 409 5036 tradit
437 4981 708 5036 Socrates.

317 5051 343 5090 1³
382 5051 441 5106 1η
472 5053 586 5106 haec
609 5052 802 5116 verba,
831 5062 923 5105 aut
943 5059 1091 5106 certe
1120 5052 1173 5106 in
1203 5052 1363 5106 istum
1402 5067 1705 5106 sermonem
1747 5051 1830 5104 in-

235 5123 538 5176 tendebant
567 5121 703 5177 forte
732 5122 1204 5190 vetereshistorizn
1231 5123 1521 5190 scriptores
1544 5163 1558 5183 ,
1591 5137 1711 5177 cum
1757 5121 1832 5176 di-

235 5200 436 5262 cerent
458 5199 581 5261 post
603 5191 880 5247 Socratem
913 5189 1050 5262 (Lib.
1076 5208 1166 5256 vn,
1197 5209 1242 5246 c.
1267 5189 1355 5262 55)
1387 5210 1398 5245 :
1427 5190 1597 5245 Rebus
1613 5194 1686 5245 sic
1711 5200 1830 5244 tunc

235 5261 554 5334 perturbatis
594 5273 657 5334 et
684 5265 943 5334 confusis,
995 5261 1462 5334 Nestorius-L’eum
1490 5263 1831 5334 contentionis

237 5341 437 5403 pestem
466 5332 696 5403 latiusin
719 5332 903 5403 vulgus
926 5349 1142 5387 manare
1177 5332 1502 5403 intelligeret,
1534 5333 1829 5403 ptettitcntia

237 5401 529 5473 adductus,
553 5401 819 5473 diarium
847 5401 1133 5473 Deiparam
1160 5401 1389 5464 vocavit,
1435 5404 1508 5455 sic
1535 5401 1788 5456 elocutus
1810 5418 1827 5456 :

245 5491 265 5522 ι
300 5471 519 5525 Dicatur
537 5471 715 5543 diaria
742 5470 994 5543 Deipara,
1024 5483 1075 5527 et
1102 5473 1408 5541 oﬂ'ensiones
1439 5474 1727 5543 animorum
1749 5488 1830 5526 se-

240 5544 450 5613 deatur.
483 5561 500 5593 ι
535 5541 724 5596 Verum
752 5541 900 5597 neruo
919 5543 1066 5597 illum
1094 5543 1391 5613 patuitentia
1420 5542 1700 5613 adductum
1724 5542 1832 5598 Itarc

241 5612 439 5666 dixisse
463 5613 803 5678 existimavit;
832 5611 1154 5681 quamquam
1185 5612 1387 5681 dictum
1417 5612 1555 5666 istud
1596 5627 1625 5665 a
1649 5611 1828 5665 Nesto-

242 5683 326 5753 rio
346 5683 549 5737 scribat
568 5678 899 5753 Nicepliorus
915 5678 1184 5753 (Lib.ixtv,
1208 5696 1253 5753 c.
1280 5678 1368 5753 55)
1394 5690 1516 5751 post
1543 5682 1828 5736 concilium

246 5751 592 5878 Ephgsinnm,
617 5751 736 5808 cum
761 5752 1011 5810 Ecclesiae
1039 5752 1156 5808 diro
1178 5751 1464 5808 schismate
1489 5753 1652 5822 ipsius
1673 5768 1828 5807 causa

246 5837 355 5876 scin
398 5834 638 5878 creatur.
972 5829 978 5836 ’

244 5829 638 5879 scinderentur.
972 5829 978 5836 ’

2009 4151 2032 4178 ε
2075 4139 2270 4192 llahuit
2315 4139 2459 4193 hunc
2502 4150 2802 4192 sermonem
2850 4133 3129 4189 Nestor-ius
3174 4131 3258 4186 die
3307 4131 3518 4186 decimo

1933 4220 2126 4281 quarto
2148 4209 2455 4281 Decembris
2475 4224 2600 4261 ann.
2623 4207 2744 4271 450,
2769 4205 3082 4281 cumfcssus
3103 4211 3251 4281 esset
3266 4203 3519 4281 hesterno

1934 4273 2138 4343 labore,
2171 4289 2226 4334 ct
2253 4280 2431 4333 acrius
2453 4287 2630 4331 tamen
2651 4276 2971 4345 compendio
2997 4273 3519 4345 scientiatupietatis

1937 4351 2149 4404 tradere
2179 4357 2476 4416 urgeretur,
2509 4349 2620 4416 sive
2667 4343 2804 4400 hanc
2846 4344 3152 4416 instantiam
3183 4343 3371 4416 callide
3401 4359 3516 4416 pro-

1935 4419 2207 4475 curaverit
2229 4415 2329 4472 sibi
2362 4433 2390 4470 a
2419 4417 2527 4471 suis
2556 4415 2688 4481 ﬁeri,
2721 4415 2867 4484 quod
2896 4415 3247 4485 opinabilius;
3291 4415 3403 4468 sive
3443 4415 3521 4485 ab

1935 4490 2053 4544 aliis
2092 4504 2278 4543 revera
2325 4487 2555 4541 tumultu
2591 4485 2822 4557 quodam
2869 4484 2960 4557 pio
3001 4493 3282 4554 cogeretur
3309 4484 3528 4553 aperire

1935 4557 2171 4614 mentem
2202 4559 2253 4612 in
2282 4573 2345 4612 re
2380 4557 2558 4612 dubia.

2008 4629 2350 4709 Duasporro
2387 4629 2447 4709 in
2492 4634 2677 4709 partes
2724 4625 2909 4709 tribuit
2952 4624 3230 4709 scientiam
3278 4623 3517 4709 pietatis,

1936 4716 2096 4772 quam
2124 4693 2250 4753 dicit
2277 4693 2666 4772 confessionem
2709 4705 2765 4772 et
2805 4695 3254 4772 consubstantivm
3283 4693 3516 4772 Trinita:

1937 4762 2006 4825 tis
2035 4777 2090 4824 et
2117 4768 2494 4837 assumptionis
2522 4767 2751 4822 hominis
2773 4766 2992 4836 perfecti
3015 4781 3042 4818 a
3067 4765 3176 4819 Deo
3189 4764 3386 4817 Verbo.
3413 4762 3522 4837 Sed.

1939 4841 1992 4895 in
2022 4833 2321 4910 posteriore
2349 4839 2460 4891 sola
2489 4846 2752 4910 versatur,
2773 4833 2870 4892 'de
2915 4852 3018 4910 qua
3067 4848 3257 4904 nempe
3292 4833 3527 4910 q_u:cst_i_o

1940 4902 2190 4965 ferveret.
2225 4907 2455 4961 Primam
2488 4907 2741 4976 praeterit,
2791 4914 2849 4960 ut
2877 4902 3173 4976 confessam
3193 4902 3350 4976 apud
3368 4902 3521 4976 aud_i-
3572 4945 3574 4948 τ

1862 5001 1912 5060 Ῑ)
1943 4988 2104 5035 tores.
2131 4973 2871 5060 __Sernionc:n_:huncMarius
2900 4974 3179 5060 Mercator
3202 4975 3436 5060 exagitat
3464 4973 3538 5031 in;

1937 5048 2234 5120 appendice
2261 5046 2701 5120 contradictionis
2730 5046 2797 5100 ad
2817 5045 3190 5120 duodecinmm
3214 5043 3520 5120 anathema-

1935 5112 2333 5198 ti'sinum_,_._sicut
2353 5125 2409 5172 et
2425 5116 2841 5198 prmcedentem.
2866 5147 2939 5157 ——
2961 5113 3059 5168 Die
3079 5113 3372 5198 Dominica.
3385 5112 3529 5198 Qua:

1935 5191 2120 5246 incidit
2143 5191 2232 5244 illo
2259 5203 2400 5242 anno
2423 5183 2474 5241 in
2500 5187 2640 5240 diem
2662 5187 2942 5255 septimam
2972 5185 3168 5255 mensis
3189 5183 3529 5255 Decembris,

1936 5277 2042 5314 non
2069 5275 2197 5316 vero
2222 5259 2275 5312 in
2295 5257 2556 5312 decimam
2577 5251 2844 5324 quartam,
2881 5263 2939 5309 ut
2965 5254 3172 5323 putavit
3209 5251 3520 5324 Garnerius.

1936 5330 2070 5385 Vide
2115 5343 2310 5385 novam
2348 5322 2726 5382 collectio—nem
2765 5322 3130 5380 Conciliorum
3159 5339 3213 5394 p.
3247 5322 3370 5388 422,
3396 5322 3528 5376 689.

1935 5400 2135 5455 BALUZ.

2009 5468 2034 5508 ἀ
2073 5470 2174 5525 llic
2200 5484 2376 5524 sermo
2422 5475 2601 5525 exstat
2646 5483 2714 5523 ex
2760 5467 2864 5521 alia
2908 5466 3152 5519 versione
3181 5464 3234 5518 in
3262 5462 3524 5535 synodico

1939 5539 2194 5595 adversus
2221 5539 2534 5607 tragaadiam
2558 5537 2745 5592 [renati
2767 5552 2886 5604 cap.
2912 5536 2963 5599 5,
2991 5536 3084 5607 ubi
3102 5543 3415 5607 annotatum
3439 5539 3526 5607 est

1937 5611 2086 5665 illum
2108 5600 2452 5680 dictum'essc
2480 5626 2510 5664 a
2538 5608 2784 5680 Nestorio
2806 5600 2930 5680 dum
2953 5600 3530 5680 tardiusintrassctad

1939 5696 2170 5746 mensas,
2204 5679 2253 5734 id
2292 5689 2393 5746 est,
2435 5680 2500 5734 ad
2551 5679 2737 5732 Missas
2779 5677 2844 5730 ad
2894 5675 3213 5746 celebranda
3245 5675 3520 5746 mysteria,

1940 5751 2014 5803 uti
2044 5740 2241 5805 dictum
2272 5740 2432 5818 estlin
2464 5759 2611 5803 tomo
2633 5749 2805 5818 primo
2831 5761 2980 5801 novm
3010 5740 3338 5801 collectionis
3374 5740 3520 5795 Con:

1941 5821 2182 5876 ciliorum
2207 5833 2326 5891 pag.
2353 5806 2455 5874 689
2479 5829 2528 5876 et
2560 5806 2711 5873 ιῦἓῦ.
2737 5818 2936 5872 ΒΑιυῑ.
