3958 6178
533 279 640 337 865

1025 277 1216 334 MAR"
1253 272 1686 332 MEBCATOMS
1724 274 2287 331 τηΑΝδωτιοκεε
2327 274 2682 331 VtRIOBUM
2718 273 3240 332 OPUSCULORUM.

3550 281 3710 341 ’864

602 394 655 449 2.
695 395 821 463 Quae
848 401 931 448 est
957 401 1135 447 autem
1165 391 1387 447 scientia
1418 389 1675 459 pietatis?
1716 389 1771 444 Si
1814 388 1933 458 quis
1978 388 2107 441 velit
2134 390 2179 448 Α
2212 387 2312 441 trix
2343 388 2474 453 Dei,
2528 398 2550 424 ο
2594 395 2648 441 et
2692 390 3067 464 ἀνθρωποτόκος
3090 431 3105 452 ,
3156 388 3207 443 id
3248 396 3361 453 est,
3403 389 3605 447 hominis
3635 408 3710 462 ge-

533 483 847 554 compendio
875 481 1105 545 discere;
1134 490 1160 518 ι
1190 496 1351 550 parco
1379 479 1520 534 enim
1538 520 1552 543 ,
1584 486 1638 533 et
1665 479 1792 533 mihi
1818 480 1908 547 qui
1938 478 2106 533 fessus

532 591 682 640 sum,
730 582 785 628 et
832 573 984 627 vobis
1028 573 1120 640 qui
1166 572 1557 641 constipatione
1602 570 1874 625 laboratis.
1905 569 1960 624 Si
1988 571 2106 638 quis

530 680 677 733 ergo,
706 673 765 717 ut
792 663 1052 728 dicebam,
1103 662 1231 717 velit
1270 662 1586 731 compendio
1613 661 1851 723 discere;
1882 660 2104 715 scientia

532 756 746 827 pietatis
773 762 854 809 est
878 794 893 818 ,
939 754 1005 809 de
1044 755 1490 810 consubstantiva:
1520 754 1793 807 Trinitatis
1822 754 2105 809 Diviuitate

532 854 732 901 rectam
778 846 912 900 inire
938 847 1225 911 rationem,
1275 853 1329 901 et
1374 845 1529 899 fateri
1582 846 1813 899 divinam
1861 852 2103 899 naturam

529 945 874 1006 corporatum
903 938 1172 992 hominem
1196 937 1562 1006 assumpsisse.
1590 935 1615 974 ιι
1638 938 1711 991 De
1732 937 1830 1001 his,
1862 952 1979 1004 quae
2000 936 2106 990 fre-

530 1036 758 1098 quenter
780 1028 924 1083 dicta
952 1038 1093 1093 sunt,
1126 1038 1395 1099 tamquam
1425 1029 1567 1083 dicta
1599 1045 1702 1083 non
1731 1030 1855 1093 sint,
1881 1030 2100 1097 urgetis,

531 1128 605 1173 et'
627 1119 767 1174 circa
814 1120 1147 1174 exactionem
1178 1122 1520 1174 vehementer
1536 1121 1789 1174 insistitis
1814 1139 1826 1173 :
1850 1120 2103 1189 quoniam

532 1210 693 1278 igitur
720 1226 936 1267 necesse
961 1221 1044 1268 est
1072 1215 1335 1269 violentiae
1375 1224 1564 1269 vestrm
1596 1216 1955 1279 succumbere,
1988 1232 2105 1284 quae

530 1303 671 1371 piam
703 1302 905 1375 [Batus
935 1303 1174 1375 impiam]
1207 1306 1258 1359 in
1289 1306 1441 1360 nobis
1476 1306 1709 1376 possidet
1749 1308 2100 1377 tyrannidem,

531 1392 726 1448 iterum
763 1395 903 1464 apud
944 1412 1041 1450 vos
1076 1397 1264 1451 eadem
1309 1398 1472 1452 verba
1520 1406 1841 1467 repetemus.
1884 1397 2105 1455 Servate

530 1483 692 1551 igitur
718 1486 1034 1553 compendio
1064 1487 1202 1541 hanc
1228 1487 1503 1542 scientiam
1532 1489 1766 1556 pietatis.

600 1574 652 1627 5.
692 1573 820 1640 Qua:
844 1584 926 1629 est
953 1584 1133 1631 autem
1163 1577 1261 1632 ista
1285 1619 1298 1643 ,
1350 1578 1449 1631 nisi
1473 1579 1731 1655 ὀρθολογία
1761 1579 1966 1649 (Batus.
1999 1598 2099 1634 om.

529 1661 628 1717 nisi
655 1663 957 1738 ὀρθολογία],
982 1674 1036 1720 et
1056 1667 1503 1721 consubstantiva:
1525 1667 1713 1720 divina:
1736 1668 2024 1732 Trinitatis,
2049 1678 2103 1724 et

2205 478 2384 531 nitrix.

2277 568 2326 621 7.
2368 568 2628 634 Quoniam
2658 576 2834 621 autem
2865 577 3107 638 oportet,
3152 576 3366 639 propter
3390 585 3477 626 eos
3500 575 3579 643 qui
3604 575 3711 632 luci.

2203 658 2409 713 diorem
2447 662 2723 728 requirunt
2752 661 3095 721 intellectum,
3126 662 3351 715 maxime
3377 676 3488 716 eum
3521 666 3610 719 sint
3634 668 3712 723 Ec-

2204 751 2377 805 clesiae
2406 750 2517 816 filii,
2566 752 2642 805 uti
2682 752 3042 807 manifestiore
3069 753 3364 815 locutione,
3394 765 3641 824 propterea
3670 770 3713 814 et

2203 842 2363 895 modo
2392 842 2580 897 eadem
2608 842 2919 898 definitione
2958 860 3062 913 qua
3102 844 3252 914 prius
3290 845 3511 900 breviter
3549 847 3605 904 de
3642 851 3710 905 illa

2202 934 2357 988 beata
2382 934 2543 988 Maria
2573 951 2783 1005 semper
2810 936 3013 1004 virgine
3040 936 3406 1004 przedicabam,
3436 938 3576 993 etiam
3602 958 3713 997 nunc

2202 1025 2531 1080 evidentiore
2551 1042 2799 1081 sermone
2818 1044 3021 1081 summa
3044 1044 3179 1082 voce
3198 1030 3479 1097 proclamo,
3507 1034 3711 1101 quoniam

2202 1126 2385 1170 sancta
2413 1118 2595 1185 Virgo,
2629 1127 2683 1172 et
2709 1119 2803 1173 Dei
2836 1128 2935 1185 est,
2967 1130 3021 1174 et
3044 1121 3275 1175 hominis
3302 1124 3542 1189 genitrix,
3577 1127 3617 1179 id
3648 1137 3714 1182 est

2203 1212 2438 1270 Θεοτόκος
2468 1220 2520 1263 et
2548 1213 2929 1287 ἄνθρωποτόκος
2959 1232 2969 1265 :
3002 1213 3231 1279 genitrix
3262 1214 3464 1282 quidem
3500 1216 3596 1281 Dei,
3621 1234 3715 1288 pro-

2202 1307 2386 1369 pterea
2414 1300 2555 1370 quod
2582 1303 2854 1370 templum,
2882 1302 3023 1371 quod
3049 1302 3101 1355 in
3132 1317 3196 1356 ea
3219 1313 3445 1357 creatum
3466 1314 3539 1359 est
3568 1324 3593 1360 a
3616 1308 3713 1377 Spi-

2202 1388 2306 1442 ritu
2335 1398 2540 1455 sancto,
2573 1392 2778 1445 unitum
2827 1400 2908 1445 est
2942 1392 3246 1457 Divinitati;
3274 1394 3493 1449 hominis
3515 1412 3623 1451 vero
3642 1413 3715 1467 ge-

2205 1478 2383 1544 nitrix,
2408 1490 2631 1549 propter
2655 1490 2930 1552 susceptas
2958 1497 2987 1535 a
3019 1482 3321 1537 Divinitatis
3360 1494 3531 1539 natura
3560 1499 3715 1543 nostra

2203 1578 2405 1623 natum
2432 1571 2711 1639 primitias.

2273 1660 2324 1714 8.
2368 1660 2492 1715 llaec
2520 1670 2643 1715 sunt
2673 1663 2724 1716 in
2751 1663 3069 1732 compendio
3106 1663 3353 1731 dogmata
3382 1667 3587 1734 pietatis.
3621 1667 3719 1723 Haec

526 1755 845 1809 assumentis
872 1755 1143 1810 hominem
1172 1756 1365 1810 divina:
1393 1764 1614 1823 natura),
1667 1766 1721 1811 et
1759 1759 1813 1812 in
1861 1758 2099 1826 virgineo
2136 1740 2174 1797 Β
2204 1766 2300 1820 Per
2327 1752 2503 1805 Omnia
2531 1753 2824 1808 retinentes
2852 1755 3166 1807 ῐηεηιοτίῑοτ
3192 1762 3414 1819 senate.
3438 1756 3607 1823 ubique
3631 1758 3717 1809 1ιῖ-

526 1853 681 1898 utero
726 1845 901 1900 carnis
942 1853 1236 1915 susceptae,
1297 1855 1318 1884 ο
1364 1846 1693 1916 perfectique
1745 1849 1973 1903 hominis
2021 1865 2106 1905 as-

526 1933 723 2003 sumpti
752 1949 782 1987 a
812 1934 1130 1998 Divinitate;
1162 1935 1357 1991 dehinc
1401 1936 1650 2006 perfecta:
1693 1938 2019 2005 Divinitatis,
2051 1949 2106 1995 et

526 2022 774 2092 perfecta:
802 2025 1146 2081 humanitatis
1172 2026 1225 2080 in
1251 2043 1414 2083 unum
1461 2026 1650 2083 Filium
1697 2028 2104 2097 conjunctarum

525 2113 875 2168 excellentior
901 2116 1301 2185 contemplatio,
1329 2116 1552 2170 duarum
1577 2115 1664 2185 jus
1702 2126 2009 2173 naturarum
2048 2122 2105 2175 in

526 2217 685 2256 unam
714 2205 1086 2260 auctoritatem
1110 2206 1319 2261 ratione
1345 2206 1521 2261 divina
1547 2208 1889 2263 conveniens.

595 2293 647 2346 4.
689 2293 824 2350 Hinc
870 2296 1021 2351 vobis
1065 2312 1207 2367 saape
1252 2296 1501 2362 diximus,
1532 2298 1804 2367 quomodo
1830 2298 2099 2367 Christus,

531 2384 763 2439 nominis
793 2386 1069 2455 utriusque
1096 2388 1166 2442 sit
1193 2388 1482 2457 appellatio
1510 2387 1855 2455 signillcativa
1874 2428 1889 2451 ,
1921 2389 1973 2443 id
2000 2399 2099 2456 est,

531 2473 878 2532 humanitatis
912 2484 969 2531 et
1003 2477 1196 2534 divinte
1244 2487 1466 2537 naturae.
1518 2478 1651 2538 llinc
1696 2480 1741 2533 si
1789 2481 1907 2549 quis
1961 2480 2104 2535 dicat

524 2562 793 2621 Christum
834 2566 1200 2625 tantummodo
1245 2583 1516 2638 expresse,
1566 2570 1702 2623 sciat
1744 2570 1800 2625 in
1847 2570 1948 2624 isto
2003 2586 2102 2625 no-

526 2657 670 2711 mine
701 2664 985 2728 utramque
1013 2659 1298 2728 signiﬁcari
1327 2669 1381 2715 et
1408 2662 1807 2730 connuncupari
1836 2670 2097 2717 naturam.

595 2745 648 2805 5.
687 2747 824 2804 Hinc
868 2750 1055 2805 beatus
1102 2749 1381 2809 Matthzeus
1421 2750 1835 2820 Evangeliorum:
1868 2754 2106 2808 conscri-

525 2845 665 2906 ptor,
691 2854 808 2892 cum
840 2839 905 2891 ad
933 2840 1293 2907 generationis
1319 2842 1553 2895 venisset
1580 2858 1851 2908 arcanum,
1894 2859 1926 2899 a
1968 2859 2103 2899 neu-

528 2936 609 2982 tra
632 2936 820 2983 natura
850 2931 1211 2999 generationis
1239 2931 1367 2986 fecit
1393 2934 1770 2997 narrationem,
1813 2934 1906 2987 sed
1935 2936 2103 3002 magis

526 3032 557 3071 a
599 3016 797 3073 Christi
834 3020 1120 3085 vocabulo;
1163 3030 1378 3091 oportet
1416 3031 1591 3076 autem
1621 3038 1872 3093 expresse
1898 3025 2095 3093 dicere,

526 3115 586 3162 ut
611 3110 858 3165 omnibus
881 3110 947 3167 ad
969 3114 1393 3181 perspiciendum
1418 3113 1509 3168 liat
1530 3115 2057 3173 iaciliorintellectus
2082 3138 2093 3173 :

526 3200 695 3267 Liber,
730 3203 918 3274 inquit,
949 3208 1294 3275 generationis
1322 3206 1446 3259 Iesu
1477 3206 1666 3260 Christi
1698 3207 1909 3278 (Matth.
1942 3226 1986 3273 ι,
2018 3210 2093 3276 l).

526 3292 640 3349 Non
669 3294 803 3351 dixit
835 3314 847 3347 :
886 3295 1034 3351 Liber
1055 3299 1397 3366 generationis
1424 3297 1521 3350 Dei
1558 3297 1744 3363 Verbi;
1776 3314 1946 3368 neque
1974 3299 2099 3354 liber

526 3389 866 3456 generationis
896 3389 1133 3443 hominis.
1174 3388 1229 3443 Si
1259 3390 1401 3443 enim
1430 3389 1679 3455 dixisset;
1710 3390 1851 3444 iiber
1887 3408 2100 3462 generav

528 3478 680 3531 tionis
719 3477 970 3541 hominis,
1005 3475 1273 3532 Christum
1314 3478 1469 3533 nobis
1493 3480 1665 3533 solum
1689 3481 1959 3535 hominem
2000 3483 2095 3537 de-

527 3576 870 3623 monstraret.
913 3568 1043 3623 ltem
1071 3570 1115 3623 si
1153 3569 1388 3635 diceret,
1430 3568 1582 3625 Liber
1622 3574 1967 3642 generationis
2006 3572 2103 3627 Dei

537 3658 719 3723 Verbi,
775 3661 942 3714 solam
977 3662 1131 3716 nobis
1161 3658 1186 3698 ά
1217 3663 1331 3717 sine
1371 3663 1703 3718 humanitate
1745 3664 2106 3720 introduceret

528 3748 807 3805 Deitatem.
850 3752 907 3806 In
936 3752 1133 3809 Christi
1163 3770 1289 3823 ergo
1330 3756 1688 3825 appellatione
1732 3757 2104 3827 complectitur

528 3848 809 3912 utramque
830 3852 1095 3910 naturam,
1126 3854 1183 3900 ut
1210 3855 1399 3903 neutra
1441 3848 1558 3903 sine
1599 3848 1766 3907 altera
1806 3850 1973 3919 possit
2020 3851 2102 3905 iu-

531 3931 715 4000 telligi.

602 4021 653 4076 6.
697 4021 830 4075 Ilinc
850 4030 903 4075 et
931 4033 1128 4078 sancta:
1147 4025 1369 4093 Virgini,
1397 4042 1462 4081 eo
1482 4027 1627 4096 quod
1654 4044 1772 4082 eam
1793 4028 1985 4085 Christi
2009 4046 2100 4099 ge-

531 4111 775 4165 nitricem
802 4109 1043 4179 dicimus,
1079 4130 1270 4168 nomen
1299 4117 1521 4183 geminze
1550 4118 1922 4188 appellationis
1967 4137 2099 4175 con~

531 4201 807 4256 venienter
832 4210 1095 4273 aptamus,
1144 4205 1197 4261 id
1240 4215 1340 4273 est,
1393 4210 1652 4275 Θεοτὸκος,
1684 4210 1826 4279 quod
1849 4218 1929 4265 est
1955 4213 2103 4280 geni-

2207 1843 2493 1898 reticorum
2518 1860 2734 1914 pravam
2756 1845 2979 1912 gloriam
3005 1844 3352 1899 declinantes.
3376 1845 3481 1900 Non
3500 1848 3717 1916 quomodo

2206 1933 2348 2003 apud
2376 1935 2495 1989 illos
2521 1937 2758 1997 θεοτὸκος
2785 1936 2978 1989 detrita
3008 1936 3211 1989 locutio
3240 1944 3339 1995 est.
3370 1938 3437 1989 ita
3478 1937 3718 2006 putandum

2204 2033 2288 2080 est
2313 2027 2474 2080 etiam
2503 2023 2796 2081 Ecclesiam
2817 2025 2995 2081 dicere
3021 2028 3285 2089 θεοτόκος,
3314 2027 3431 2095 quia
3462 2042 3609 2096 neque
3625 2043 3716 2080 cum

2206 2118 2281 2171 illi
2311 2116 2501 2171 Filium
2530 2117 2731 2181 dicunt,
2763 2124 2818 2171 et
2844 2116 3080 2171 Ecclesia
3111 2116 3303 2170 Filium
3331 2114 3601 2177 conﬁtetur,
3629 2116 3717 2169 Filii

2204 2208 2345 2278 apud
2366 2217 2619 2277 utrosque
2647 2224 2743 2277 par
2771 2217 2826 2261 et
2853 2208 3041 2263 similis
3070 2208 3372 2273 intellectus
3392 2216 3493 2272 est;
3515 2207 3592 2261 sed
3610 2208 3716 2275 apud

2204 2299 2325 2354 illos
2351 2300 2561 2370 quidem
2583 2299 2923 2353 Filiinudum
2953 2299 3274 2354 vocabulum
3305 2308 3401 2361 est,
3435 2315 3528 2351 non
3561 2298 3717 2351 habeas

2205 2390 2348 2447 Patri
2387 2392 2879 2447 consubstantivum
2918 2390 3148 2460 aliquid;
3181 2391 3319 2460 apud
3361 2406 3452 2444 nos
3488 2404 3597 2443 vero
3626 2387 3716 2441 Filii

2204 2482 2453 2551 apellatio
2481 2498 2600 2537 cum
2630 2498 2789 2536 causa
2817 2482 2901 2535 vel
2929 2497 2987 2535 re
3018 2482 3101 2534 vel
3152 2496 3315 2551 opere
3361 2489 3453 2534 est.
3495 2480 3572 2533 Sic
3609 2479 3715 2547 apud

2204 2572 2325 2627 illos
2363 2573 2553 2626 iterum
2595 2573 2831 2625 omnium
2860 2571 3118 2625 Dominus
3165 2569 3403 2624 Christus
3438 2569 3560 2622 Deus
3584 2567 3716 2621 nomi-

2205 2670 2399 2725 natur,
2448 2662 2759 2715 nominatur
2796 2659 2937 2730 apud
2975 2676 3074 2714 nos
3110 2674 3364 2729 quoque;
3411 2657 3496 2711 sed
3529 2655 3643 2726 apud
3667 2656 3713 2708 ilo

2204 2754 2285 2808 los
2321 2760 2533 2808 creatus
2557 2792 2583 2816 ,,
2612 2751 2753 2822 apud
2780 2767 2876 2806 nos
2907 2766 3035 2805 vero
3064 2766 3189 2806 cum
3234 2765 3299 2804 eo
3345 2749 3431 2818 qui
3469 2748 3622 2815 genuit
3651 2746 3713 2797 in.

2203 2852 2432 2898 creatus.

2272 2933 2324 2987 9.
2367 2935 2481 2989 Non
2520 2934 2679 3001 igitur
2720 2949 2790 2988 ex
2832 2948 2939 2987 una
2985 2930 3287 3002 eademque
3326 2929 3641 3001 appellatione
3675 2925 3714 2977 in

2206 3040 2367 3079 unum
2390 3024 2714 3079 deducamur
2733 3040 2851 3078 cum
2874 3023 3140 3078 haereticis
3159 3023 3510 3086 intellectum;
3534 3017 3610 3074 sed
3625 3032 3716 3071 etm-

2206 3116 2452 3171 iiteamur
2480 3117 2634 3170 simul
2666 3116 3052 3170 humanitatem
3092 3123 3147 3169 et
3186 3115 3517 3168 Diviuitatem
3558 3112 3600 3163 in
3638 3124 3716 3162 una

2205 3208 2548 3275 generatione
2577 3207 2695 3260 Filii
2733 3222 2851 3261 esse
2879 3207 3258 3275 conjunctam;
3291 3221 3457 3273 neque
3482 3204 3655 3256 Deilate
3678 3201 3715 3253 in

2203 3312 2419 3352 carnem
2442 3296 2740 3364 decidente,
2772 3298 3115 3352 immutabilis
3143 3306 3233 3351 est
3249 3298 3387 3351 enim
3416 3294 3652 3353 Divinilas,
3676 3298 3718 3342 et

2204 3385 2308 3440 hoc
2332 3386 2471 3441 Deus
2496 3385 2690 3441 Iudicis
2714 3386 3053 3441 manifestans
3080 3386 3295 3440 dicebat
3320 3404 3331 3437 :
3356 3382 3460 3455 Ego
3493 3398 3613 3445 sum,
3648 3395 3716 3449 ego

2204 3494 2335 3542 sum,
2366 3486 2415 3531 et
2452 3495 2555 3532 non
2586 3496 2699 3532 sum
2727 3488 2949 3532 mutatus
2981 3478 3132 3548 (Mal.
3159 3495 3238 3543 ul,
3272 3476 3344 3547 5);
3388 3492 3544 3544 neque
3568 3489 3645 3541 per
3663 3472 3725 3523 in-

2204 3570 2568 3625 carnationem
2589 3585 2749 3625 carne
2772 3577 3127 3633 commutata;
3153 3585 3261 3623 non
3280 3568 3416 3623 enim
3432 3565 3575 3635 pudet
3590 3563 3716 3616 Deum

2204 3669 2408 3715 natum
2444 3678 2602 3732 quam
2631 3664 2862 3730 suscepit
2880 3703 2894 3727 ,
2944 3677 3050 3715 non
3078 3661 3247 3730 pudet
3274 3658 3530 3730 possidere
3554 3655 3717 3707 sibimet

2204 3758 2649 3819 conregnantem;
2682 3768 2803 3805 nam
2834 3752 2877 3804 si
2902 3752 3151 3820 puderet,
3178 3767 3287 3805 non
3317 3764 3429 3803 eam
3456 3746 3713 3812 susciperet.

2205 3842 2517 3912 Susceptam
2546 3849 2744 3907 autem,
2774 3851 2994 3911 propter
3036 3843 3258 3895 humani
3298 3839 3499 3908 generis
3522 3833 3715 3889 dilectio-

2204 3950 2365 3996 nem,
2406 3935 2567 3987 habet
2602 3940 2845 3986 naturam
2894 3940 3129 3987 nostram
3176 3928 3471 3985 Divinitatis
3515 3922 3715 3992 inspolia-

2205 4025 2313 4080 bile
2347 4026 2741 4080 vestimentum.
2769 4022 2969 4076 Horum
2997 4023 3314 4076 memoriam
3343 4035 3435 4090 per
3459 4016 3614 4071 omnia
3628 4027 3718 4080 pos-

2206 4117 2378 4172 sidete
2412 4117 2465 4170 in
2503 4114 2716 4169 Christo
2740 4155 2754 4181 ,
2795 4114 2882 4169 cui
2919 4122 3004 4171 est
3037 4113 3214 4182 gloria
3248 4113 3311 4169 in.
3338 4109 3516 4165 smcula
3551 4100 3717 4159 szcculo.

2207 4226 2343 4266 rum.

1697 4342 2238 4399 CASTIGATIONES
2276 4343 2360 4398 ET
2400 4340 2627 4398 NOTB.

603 4454 629 4523 ξ
668 4444 747 4523 Ad
772 4461 957 4523 sacras
982 4451 1267 4507 conciones
1286 4469 1602 4509 concursum
1632 4455 1952 4523 auditorum,
1985 4460 2104 4513 ὦθι-
2135 4459 2179 4517 D
2208 4458 2399 4513 bentur
2420 4456 2471 4515 in
2501 4453 2775 4523 synodico.
2806 4452 3006 4523 Busa.

532 4517 691 4604 cna»,
707 4517 884 4589 θλίψιν,
918 4525 1263 4604 attraxit-spiam.
1285 4538 1423 4604 δείξῃς
1446 4536 1745 4604 memorant
1769 4517 1975 4604 Patres.
2006 4527 2105 4604 E_o-

531 4586 637 4664 que
660 4586 897 4664 demere
922 4604 1041 4641 cum
1064 4586 1374 4664 Christiano
1402 4591 1548 4658 Lupo
1579 4596 1783 4664 accipio
1808 4598 1921 4651 hmo
1943 4599 2102 4651 verba

532 4656 803 4738 Nestorii:
834 4656 1002 4711 Parco
1025 4661 1178 4738 enim,
1205 4663 1444 4738 quoniam
1464 4656 1513 4714 et
1540 4680 1630 4733 ego
1669 4656 1815 4738 valde
1847 4683 1964 4738 sum,
1979 4669 2105 4738 [ati-

531 4737 696 4798 gatus,
726 4737 775 4781 et
803 4744 886 4781 vos
915 4730 1122 4800 omnino
1152 4730 1430 4800 constricti,
1466 4730 1650 4787 seu'cx
1684 4736 1787 4789 alia
1829 4730 2099 4800 versione,

530 4799 902 4879 constipation’
940 4799 1209 4879 laboratis,
1238 4798 1419 4879 Graece
1445 4803 1625 4879 procul
1657 4804 1817 4879 dubio
1839 4848 1853 4871 ,
1897 4798 2103 4879 σφιγγόὲ

531 4830 898 4866 ιυιιοισμαιιυη·
940 4830 1203 4853 ιιιυυιηιω.
1239 4830 1419 4854 υιιυῑῠ
1448 4830 1625 4870 μιυυιη
1657 4830 1817 4859 υυυιυ
1839 4848 1853 4871 ,
1897 4830 1983 4879 σφι
2024 4830 2097 4879 [σε

531 4888 685 4939 μενοι.
708 4865 910 4946 ροβε-[ι.
932 4899 1006 4946 :—
1035 4868 1418 4946 Constipatione
1463 4869 1725 4946 (aboratis.
1750 4875 1813 4946 in
1843 4830 2097 4946 synodico

532 4936 813 5058 tonstrlifti.
846 4936 1094 4994 Refertur
1121 4936 1297 4994 autem
1350 4941 1415 4995 ad
1462 4942 1849 5011 impatientiam
1873 4936 2098 5000 ~audito-

534 5022 667 5058 1⁵11111.
744 5023 894 5058 ΑιυΖ.

534 5022 667 5066 rum.
700 5022 894 5061 mem.

496 5142 497 5145 η
604 5073 629 5115 ⁵
668 5076 790 5134 ιιωε
818 5092 981 5151 usque
1010 5077 1076 5133 ad
1104 5080 1264 5136 verba
1291 5078 1417 5146 Qua:
1437 5090 1512 5137 est
1536 5093 1701 5137 autem
1723 5086 1842 5151 ista,
1871 5101 1974 5139 non
1999 5086 2097 5139 ha-

1874 5370 2031 5474 es:

1980 5476 2032 5524 κ

2040 5435 2084 5480 st

2034 5475 2084 5574 ἑξ

2091 5418 2190 5523 ξφ

2091 5525 2101 5532 .
2146 5474 2187 5531 s.

2091 5525 2188 5586 se

2092 5577 2189 5635 nr

2068 5555 2087 5578 ο

2121 5372 2139 5384 ρ

2113 5578 2120 5586 ι

2092 5579 2137 5629 ﬁt

2282 4504 2937 4592 rigui-tisiiiilv’erfecteque
2969 4520 3086 4573 hinc
3120 4518 3341 4573 hominis
3365 4510 3617 4581 assumptio
3640 4504 3719 4555 dei-

2206 4599 2629 4669 mgyperfectay,
2662 4600 2766 4669 etc.
2800 4591 2951 4669 Ebur.
3127 4659 3139 4669 _
3164 4659 3207 4669 η
3282 4658 3292 4669 ,

2274 4614 2343 4659 tu,
2410 4614 2629 4665 enata},
2662 4614 2766 4646 εις.
2800 4614 2951 4645 [ινιτ.

2274 4665 2300 4704 ἀ
2343 4614 2475 4719 IIinc
2504 4662 2729 4719 emenda
2752 4660 3043 4719 svnodieon
3059 4701 3073 4722 ,
3090 4659 3177 4712 ubi
3194 4658 3402 4727 legitur,
3424 4670 3484 4706 es:
3502 4658 3627 4720 parte
3650 4644 3719 4694 hu-

2203 4737 2464 4806 manitatis
2488 4750 2583 4803 pro
2606 4731 3113 4806 expertem._B.u.t'n._
3274 4797 3285 4806 _
3388 4792 3451 4806 ο,

2276 4817 2299 4843 ·
2338 4793 2510 4886 verba
2539 4813 2587 4886 ςε
2615 4793 3017 4886 samem.
3061 4799 3113 4852 ίιι
3152 4807 3228 4886 εξε
3266 4793 3714 4886 hominem;

2204 4891 2310 4929 non
2350 4875 2513 4929 habet
2542 4860 2807 4927 Baluzius.
2854 4860 3073 4924 Fatetur
3106 4867 3316 4937 quidem
3346 4881 3375 4917 a
3413 4860 3644 4937 Camerio
3666 4861 3717 4937 ξε

2204 4957 2351 5000 recte
2376 4944 2594 5014 reponi;
2622 4959 2726 4997 non
2756 4953 2941 5014 tamen
2963 4946 3044 4993 est
3073 4932 3514 5014 aususdiscedere
3545 4942 3575 5014 ξι

2386 4990 2627 5069 verterunt
2656 5011 3057 5082 exemplarium,
3091 5008 3146 5061 in
3173 5006 3359 5078 quibus
3385 5001 3577 5059 desunt.
3600 4990 3715 5044 Ευῑῐι

2232 5508 2324 5575 es"

2232 5477 2356 5532 2'55"

2248 5525 2300 5577 ἑὲ
