3958 6178
533 195 634 250 867

532 400 713 455 Firmo
728 400 977 456 Cwsarew
991 404 1329 472 Cappadocia:
1337 406 1532 474 primae,
1548 418 1596 460 et
1615 408 1871 466 Theodoto
1887 415 2104 484 Ancyra:

528 489 767 548 Galatia.
797 499 846 543 et
865 491 1048 543 Acacio
1075 492 1308 560 episcopo
1342 492 1619 561 Melitines,
1643 507 1692 550 et
1723 498 1976 571 Perigene
2000 502 2101 557 Co-

529 584 684 636 rinthi
715 580 943 641 Gracia,
969 592 1016 633 et
1045 581 1176 651 Cyro
1216 583 1622 652 Aphrodisiados
1642 588 1830 654 Cariae,
1862 602 1910 644 et
1944 592 2099 647 Vale-

523 673 602 724 rio
629 669 814 736 Iaonii,
838 678 887 724 et
907 668 1164 743 Hesychia
1196 672 1376 744 Parii,
1419 675 1760 733 stllellanico
1803 680 2012 747 Rhodii,
2049 695 2101 738 et

527 760 715 813 Dinato
746 759 1055 831 Nicopoleos
1087 761 1235 833 Epiri
1264 768 1472 830 veteris,
1505 778 1552 821 et
1577 768 1855 826 Eutheario
1897 773 2096 845 Dyrra-

521 849 620 902 chii
648 849 792 919 Epiri
815 867 986 917 nocte,
1011 861 1059 905 et
1080 851 1358 907 Perherbio
1385 854 1644 922 Farmali,
1669 869 1718 912 et
1739 859 1975 915 Eudoxio
1995 861 2096 917 Co-

519 949 685 992 matus
716 938 906 1009 Lyciae,
930 951 979 994 et
1000 941 1225 1011 Sylvano
1248 941 1600 1016 Cheretaponti
1623 948 1886 1020 Phrygiae,
1918 963 1966 1005 et
1996 953 2094 1006 Ve-

518 1031 730 1083 reniano
760 1031 944 1102 Perga:
983 1032 1325 1104 Pamphyliw,
1374 1047 1424 1090 et
1467 1040 1786 1108 Amphilocio
1838 1043 2007 1110 Sides,
2044 1055 2092 1099 et

516 1117 812 1189 Epiphanio
842 1120 1030 1177 Gratia:
1064 1124 1408 1193 llonoriados,
1440 1138 1488 1181 et
1527 1128 1771 1200 Gregorio
1811 1132 2091 1188 Cessasan-

518 1213 614 1266 this
637 1213 792 1267 Ponti
814 1214 1185 1281 Polemoniaci,
1217 1229 1268 1272 et
1287 1219 1556 1276 Sinicione
1585 1223 1807 1288 Codron,
1831 1238 1879 1280 et
1909 1227 2088 1282 Iconio

518 1301 756 1357 Gortinos
777 1303 959 1371 Cretae,
980 1316 1026 1358 et
1049 1306 1314 1362 Dalmatia
1329 1309 1518 1379 Cyzici,
1537 1322 1585 1364 et
1605 1312 1895 1369 Docimesio
1917 1317 1970 1369 Μ
1978 1335 2091 1371 aro-

514 1409 625 1446 nem
655 1393 907 1460 Thracia,
940 1406 986 1449 et
1023 1395 1226 1452 Joanne
1254 1398 1532 1455 Proconesi
1553 1444 1567 1468 ,
1600 1415 1649 1457 et
1677 1405 1893 1461 Danicle
1933 1409 2085 1464 Colo-

514 1483 616 1536 nia:
636 1484 871 1537 secunda:
892 1483 1251 1556 Cappadocia,
1275 1499 1322 1541 et
1344 1489 1576 1546 Romano
1604 1493 1836 1563 Iiaphice,
1869 1508 1915 1550 et
1945 1498 2086 1551 Pau-

503 1571 710 1624 liniano
727 1572 992 1642 Majumce,
1008 1585 1057 1628 et
1073 1576 1240 1630 Paulo
1261 1581 1596 1648 Anthedonis,
1615 1594 1665 1636 et
1688 1585 1818 1639 Fida
1838 1587 2017 1658 Joppe,
2035 1599 2086 1642 et

1031 197 1222 250 MAR”
1264 197 2308 284 MERCATOR’IS'TRANSLATIONES
2349 215 2704 274 νΑηιοιιωι
2743 221 3243 291 υΡυερυιοιιωι.

525 308 685 360 etiam
713 323 869 360 vicem
895 308 1011 378 Ruﬁ
1034 311 1342 363 sanctissimi
1367 313 1589 383 episcopi
1629 314 2021 383 Thessalonicae,
2055 332 2102 374 et
2132 335 2174 387 Α
2203 325 2405 380 Joanne
2436 329 2718 399 llep/zestii,
2761 345 2810 387 et
2856 340 3104 397 Aristobul

3592 266 3673 322 εδδ

3107 366 3134 400 o
3165 348 3388 412 Thmueos
3403 400 3415 420 .
3451 377 3491 418 et
3517 370 3674 433 Theon:

2207 416 2500 482 Sethroitu,
2532 430 2581 474 et
2626 421 2890 494 Lampetio
2917 428 3070 497 Casii,
3093 447 3144 487 et
3186 439 3306 510 Cyro
3346 416 3674 527 ΑεΙιωοι-ωηῖζ

2212 503 2380 527 Πηιιξ-
2419 509 2532 527 lllL-
2573 526 2576 527 ,
2670 522 2678 527 .
2707 512 2738 527 η
2902 517 2912 527 ι
2979 519 3006 527 ,ι

2202 503 2387 559 Publio
2417 509 2598 575 Olbia,
2631 522 2678 564 et
2699 512 2939 570 Samuele
2966 519 3191 592 Dysteos,
3212 503 3256 582 et
3281 503 3674 610 Zenobiotha'r'a;

2200 603 2249 645 et
2297 595 2502 650 Tenone
2532 599 2848 672 Theucyron,
2871 616 2920 659 et
2943 608 3161 680 Sopatro
3193 617 3508 698 Septimium,
3533 649 3571 690 et

2197 683 2334 737 sebio
2366 684 2697 757 Nilupoleos,
2730 703 2780 747 et
2807 695 3087 756 Heraclida
3124 683 3399 779 Heracleas,

2197 774 2310 828 drio
2330 777 2661 847 Aphroditus,
2684 793 2732 836 et
2750 785 2954 841 Andrea
2988 790 3337 867 llermupoleos
3356 774 3580 879 niagni,’et
3593 774 3674 873 Sa-

2195 867 2314 921 bino
2343 867 2546 937 Panos,
2580 883 2630 926 et
2655 875 2917 932 Abraham
2945 880 3254 957 Ostracines,
3276 904 3320 946 et
3339 867 3667 976 ΔΗὶεεῑαεξεέίῑιλ-

2194 974 2316 1024 nan,
2365 971 2416 1014 et
2452 964 2634 1034 Alypio
2663 967 2817 1032 Sele,
2859 980 2910 1024 et
2950 974 3235 1035 Alexandro
3280 964 3611 1062 Cleopatridos;
3637 1012 3674 1053 et

2194 1050 2347 1105 Isaac
2380 1053 2544 1118 Tuna,
2569 1068 2620 1110 et
2637 1059 2864 1116 Ambone
2893 1063 3118 1132 Butu,et
3143 1050 3618 1153 Heracleo-Thyneoi,
3637 1103 3673 1143 et

2194 1141 2349 1197 Isaae
2379 1145 2746 1222 Etearchiensi,
2774 1164 2824 1206 et
2850 1154 3092 1213 Heraclio
3123 1161 3461 1234 Thamiatidos,
3479 1141 3523 1227 2:
3548 1141 3672 1234 Theo;

2188 1249 2259 1286 na
2287 1234 2524 1298 Psincus.
2547 1249 2598 1292 et
2614 1241 2883 1298 Ammonio
2913 1245 3217 1321 Panephysi,
3257 1267 3302 1309 et
3326 1258 3514 1315 Bessula
3534 1268 3670 1322 diaco-

2188 1340 2254 1376 no
2301 1323 2656 1398 Carthaginis,
2705 1342 2754 1385 et
2797 1334 3019 1392 Arcadio
3055 1351 3102 1392 et
3143 1341 3368 1416 Profecto
3403 1356 3674 1412 sanctissimis

2187 1415 2434 1485 episcopis
2461 1426 2509 1470 et
2537 1419 2742 1489 legatis,
2775 1432 2824 1476 et
2846 1429 3164 1485 sanctissimo
3191 1415 3457 1508 presbytero
3484 1442 3672 1516 Philippo

2186 1507 2476 1572 apostolica:
2495 1509 2629 1563 sedis
2652 1510 3001 1571 Romanorum
3046 1530 3093 1572 et
3119 1523 3295 1592 legato.
3327 1507 3490 1586 Petrus
3509 1507 3674 1605 presby-

2187 1605 2261 1648 ter
2295 1597 2627 1655 Alexandria:
2657 1613 2705 1656 et
2733 1608 3052 1674 primicerius
3082 1619 3382 1672 notariorum
3408 1623 3554 1676 dixit:
3577 1626 3674 1680 San-

2733 1661 2743 1674 1
2924 1661 2930 1662 “
2979 1661 3004 1663 ’⁷
3031 1661 3047 1664 “
3082 1661 3214 1668 “’⁷“““’¹
3229 1661 3382 1672 ’νσκνσυ
3408 1661 3522 1676 “IWI’.
3543 1666 3552 1676 ο
3577 1661 3674 1680 υιιιι·

509 1661 712 1716 Joanne
740 1665 1126 1735 Sycamazonis,
1158 1679 1207 1722 et
1238 1670 1501 1726 Theodoro
1533 1674 1811 1741 Gadorum,
1836 1689 1884 1731 et
1907 1680 2081 1735 Letoia
2119 1701 2157 1759 Β
2185 1693 2269 1737 eta
2299 1696 2353 1739 et
2380 1688 2563 1755 ingens
2591 1694 2824 1762 synodus
2849 1708 3026 1753 vestra
3055 1694 3260 1758 omnem
3282 1708 3508 1766 adhibens
3531 1718 3674 1782 provi-

519 1752 757 1782 t:l...,.,l:-
824 1766 866 1782 ..ι
912 1759 1070 1782 Α-.-ιι-
1121 1759 1274 1782 1-.-.--
1346 1773 1380 1782 _.
1412 1762 1512 1782 ml,
1573 1766 1584 1782 ι
1722 1770 1734 1782 .
1782 1769 1864 1782 ...
1902 1771 1912 1782 .
2199 1775 2212 1782 -
2314 1777 2324 1782 -

510 1752 786 1823 Libyadis,
818 1766 866 1809 et
896 1759 1071 1825 Apelle
1104 1759 1308 1824 Justes,
1333 1773 1380 1815 et
1412 1762 1674 1820 Theodoro
1701 1769 1997 1835 Ariddelon,
2034 1784 2100 1828 et,

507 1845 665 1898 Petro
695 1845 1045 1913 Parembolw,
1068 1860 1117 1902 et
1142 1850 1346 1906 Joanne
1380 1857 1808 1927 Augustopoleos,
1841 1873 1890 1915 et
1917 1864 2082 1919 Saida

507 1933 752 1997 Phornus,
777 1947 824 1988 et
847 1936 1035 2006 Ruﬁno
1060 1938 1258 2006 Gabon,
1281 1952 1330 1996 et
1357 1945 1549 2014 Anysio
1566 1947 1867 2016 Thebarum,
1893 1962 1940 2005 et
1961 1953 2082 2009 Cal-

507 2024 685 2078 lfcrate
706 2023 985 2096 Naupacti,
1016 2039 1065 2082 et
1097 2029 1351 2087 Domnino
1384 2034 1620 2105 Opuntis,
1652 2049 1701 2092 et
1729 2039 1882 2096 Nicia
1907 2043 2083 2115 Mega-

506 2131 622 2179 ron,
653 2125 702 2167 et
725 2116 1002 2185 Agatocleo
1021 2116 1268 2188 Colonice,
1301 2134 1351 2176 et
1371 2123 1546 2180 Felice
1567 2129 1852 2198 Apollonia:
1878 2143 1926 2186 et
1955 2133 2077 2189 Bel-

494 2203 640 2264 liilis,
663 2215 710 2256 et
738 2204 1000 2261 Theodoro
1020 2207 1272 2276 Dodonae,
1303 2227 1353 2266 et
1392 2215 1623 2272 Andario
1657 2218 1923 2278 Cerronesi
1955 2224 2081 2280 Cre-

506 2303 590 2358 ιω,
629 2305 677 2348 et
706 2294 897 2366 Cyrillo
926 2296 1133 2370 Cydone
1161 2299 1481 2371 Cherronesi,
1511 2317 1560 2361 et
1585 2308 1752 2365 Paulo
1794 2311 1997 2385 Lappe,
2025 2326 2078 2370 et

500 2390 726 2448 Zenobio
747 2393 922 2462 Cnosi,
961 2409 1013 2451 et
1038 2397 1270 2456 Luciano
1313 2403 1494 2474 Toperi
1529 2405 1787 2472 Trachine,
1813 2416 1863 2461 et
1900 2405 2073 2477 Nepio

500 2481 1016 2557 Maximianopoleos,
1040 2499 1091 2542 et
1117 2489 1410 2548 Secundino
1434 2493 1649 2561 Lamia,
1679 2507 1729 2550 et
1748 2496 1919 2550 Dione
1939 2496 2073 2552 The-

493 2573 678 2627 barum
707 2574 1014 2642 Thessaliaz,
1047 2588 1097 2633 et
1140 2580 1403 2637 Theodoro
1431 2583 1696 2653 Eschinei,
1738 2596 1789 2640 et
1814 2585 2069 2657 Martyrio

498 2660 727 2727 Listron,
751 2675 800 2719 et
835 2665 1054 2722 Thomas
1078 2669 1290 2739 Derbes,
1310 2683 1362 2726 et
1387 2676 1673 2731 Athanasio
1701 2676 1965 2732 Parosithi
1980 2717 1993 2741 ,
2020 2689 2068 2732 et

499 2754 773 2812 Themistio
798 2759 967 2826 lassi,
1008 2772 1059 2815 et
1089 2765 1405 2834 Aphetoneto
1447 2768 1734 2837 Heraclia,
1773 2783 1823 2825 et
1863 2771 2066 2828 Phile‘o

496 2847 789 2918 Amyzonis,
819 2861 868 2904 et
887 2853 1070 2922 Apella
1098 2854 1327 2927 Cybirte,
1368 2871 1416 2913 et
1440 2860 1696 2933 Spudasio
1725 2862 1992 2930 Ceramon,
2017 2877 2066 2920 et

496 2936 743 2992 Archelao
760 2938 964 3010 Myndi,
986 2953 1036 2997 et
1062 2943 1232 3001 Fania
1252 2949 1508 3020 Arpason,
1533 2963 1582 3006 et
1607 2952 1915 3010 Promachio
1938 2956 2064 3026 Aly-

490 3025 612 3090 don,
644 3039 693 3080 et
735 3028 976 3104 Philippo
1022 3033 1390 3108 Pergamorum
1419 3043 1574 3110 Asiae,
1616 3054 1666 3098 et
1693 3044 1924 3102 Maximo
1964 3025 2063 3118 ci,-

487 3130 606 3177 mw,
633 3126 685 3168 et
710 3115 970 3176 Dorotheo
998 3122 1239 3194 Myrina,
1264 3139 1316 3180 et
1341 3128 1574 3187 Maximo
1611 3134 1747 3201 Assi,
1777 3145 1826 3188 et
1849 3115 2062 3208 Euporo

491 3203 686 3276 Pepon,
717 3218 762 3261 et
796 3212 1089 3287 Alexandro
1119 3217 1530 3290 Arcadiopoleos,
1571 3234 1620 3278 et
1657 3225 1875 3282 Euthico
1899 3203 2062 3284 Theo-

486 3296 824 3368 dosiopoleos,
855 3313 904 3355 et
931 3303 1144 3360 Rodone
1165 3307 1566 3380 Palwaspoleos,
1585 3326 1633 3368 et
1653 3315 1902 3388 Eua-apio
1925 3319 2062 3375 Eva-

485 3402 600 3449 son,
630 3398 681 3440 et
728 3391 960 3460 Aphobio
989 3391 1196 3461 Coloes,
1242 3407 1293 3451 et
1322 3399 1565 3457 Nestorio
1609 3405 1757 3471 Sion,
1789 3418 1838 3460 et
1886 3409 2058 3464 Hera-

487 3477 680 3530 cleonte
717 3474 998 3550 'Tralleon,
1045 3495 1094 3538 et
1137 3486 1402 3544 Theodoro
1454 3492 1657 3563 Mysas,
1689 3507 1739 3550 et
1792 3500 2057 3558 Theodoro

483 3565 710 3634 Anineti,
731 3580 793 3632 ,et
824 3571 1085 3628 Timotheo
1115 3575 1368 3644 Briullon,
1400 3592 1450 3635 et
1486 3583 1766 3640 Theodosio
1789 3589 2058 3644 Maastau-

485 3672 605 3723 ron,
636 3669 686 3712 et
717 3660 921 3716 Tichico
969 3663 1204 3730 Citeron,
1250 3680 1298 3723 et
1343 3670 1561 3728 Eusebio
1605 3676 1975 3744 Clazomenon,
2007 3693 2058 3736 et

482 3746 727 3806 Euthalio
756 3751 1082 3825 Col0phonis,
1123 3771 1171 3814 et
1204 3761 1437 3818 Modesto
1475 3767 1670 3830 Ancon,
1703 3781 1751 3823 et
1781 3771 2054 3830 Theoscbio

481 3839 713 3907 Prienes,
742 3855 792 3898 et
818 3845 1038 3903 Eusebio
1073 3850 1306 3919 Prienes,
1331 3866 1378 3909 et
1410 3856 1630 3914 Eusebio
1660 3861 1945 3933 Magnesia:
1973 3866 2056 3921 Si-

476 3933 603 4001 ﬁlce,
631 3945 682 3988 et
711 3937 948 4008 Sapricio
977 3941 1147 4013 Paphi
1186 3945 1358 4016 Cypri,
1381 3960 1430 4002 et
1456 3950 1662 4006 Zenone
1701 3954 1839 4010 Curii
1869 3955 2053 4014 Ceretii

473 4024 826 4094 Constantia,
867 4042 917 4085 et
954 4033 1180 4106 Evagrio
1228 4039 1418 4104 Solon,
1460 4053 1510 4096 ‘et
1545 4044 1772 4101 Catsario
1814 4046 2052 4121 Charopi-

475 4135 658 4190 scopo,
698 4130 747 4175 et
779 4122 1088 4180 Triboniano
1118 4131 1344 4198 Aspendi
1374 4133 1727 4204 Pamphylia,
1755 4139 2048 4217 et‘Nucetio

474 4207 701 4279 Selegcs,
734 4221 783 4264 et
811 4212 1005 4269 Solone
1025 4216 1274 4285 Paraliaz,
1306 4232 1353 4274 et
1381 4224 1567 4278 Acacio
1589 4211 1833 4294 Cotenon‘,
1862 4241 1911 4283 et
1938 4231 2049 4286 Ne-

471 4298 553 4349 sio
582 4297 900 4369 Corybrassi,
923 4315 972 4357 et
1000 4305 1289 4365 Matidiano
1312 4311 1674 4371 Coracensium
1691 4361 1705 4382 ,
1729 4331 1776 4372 et
1800 4320 2045 4378 Nectario

445 4639 447 4641 _
473 4566 736 4640 Strategio
761 4582 810 4626 et
842 4571 1059 4630 Eusebio
1100 4578 1329 4637 Heralicc
1362 4585 1563 4642 Ilonori
1581 4633 1594 4657 ,
1621 4604 1670 4645 et
1699 4593 1914 4652 Paralio
1943 4566 2049 4653 rin-

469 4655 702 4727 drapone
747 4661 1211 4735 Hellespontiadis,
1261 4682 1310 4725 et
1357 4655 1588 4744 Sylbano
1633 4680 1955 4757 Ceralapcn,
1996 4701 2048 4744 et

476 4749 526 4802 11
529 4769 796 4824 ermogene
827 4757 1200 4828 Rinocuroron,
1231 4775 1280 4817 et
1301 4765 1514 4838 Et'optio
1536 4749 1882 4834 Ptolemaidos
1904 4781 2045 4836 Pen-

471 4842 717 4910 tapoleos,
749 4855 799 4898 ct
819 4845 1037 4903 Eusebio
1059 4850 1274 4916 Pelusii,
1307 4865 1356 4908 et
1377 4858 1632 4930 Adesphio
1666 4863 1958 4937 Onopheos,
1985 4882 2036 4924 et

468 4927 638 4984 Paulo
669 4932 1010 5004 Phravoneos,
1034 4951 1082 4993 et
1102 4941 1495 5001 Phaebammone
1513 4927 1675 5020 Copti,
1702 4965 1752 5007 et
1771 4927 2039 5012 achario

470 5020 702 5087 Metelos,
725 5036 773 5078 et
798 5029 1049 5100 Adelphio
1073 5033 1253 5100 Saeos,
1276 5047 1324 5089 et
1343 5039 1649 5097 Hacedonio
1669 5045 1826 5110 Xeos,
1851 5061 1899 5102 et
1918 5049 2014 5103 Ma

468 5113 581 5166 riuo
605 5113 950 5187 Heliopoleos,
975 5133 1024 5175 et
1050 5123 1346 5181 Metrodoro
1390 5129 1674 5200 Leontlion,
1724 5149 1774 5191 et
1815 5139 2039 5196 Macha-

467 5203 546 5254 rio
584 5203 801 5271 Anteon,
831 5221 880 5262 et
917 5211 1070 5266 Petro
1102 5215 1406 5287 Oxyrinchi,
1447 5234 1497 5276 et
1525 5225 1783 5300 Strategio
1811 5232 2039 5286 Athribi-

465 5295 564 5360 dis,
592 5305 643 5349 et
682 5299 962 5356 Athanasio
1008 5303 1210 5372 Parati,
1259 5321 1307 5362 et
1354 5312 1580 5382 Sylz'ano
1629 5295 1945 5389 Copia-item,
1983 5335 2037 5377 et

2181 1775 2416 1831 dentiam
2444 1790 2601 1837 recta:
2628 1795 2683 1839 et
2709 1791 3014 1855 apostolicm
3050 1793 3167 1848 ﬁdei
3198 1804 3250 1850 et
3274 1775 3545 1866 dogmatuui
3568 1807 3673 1859 veri-

2181 1867 2322 1932 tatis,
2357 1873 2642 1930 consulens
2695 1886 2872 1933 autem
2921 1883 3040 1950 paci
3083 1894 3136 1937 et
3174 1889 3327 1941 statui
3361 1889 3672 1960 Eeclcsiarum,

2179 1956 2542 2014 deﬁnitionem
2571 1967 2820 2033 protulit,
2851 1984 3013 2038 quam
3054 1989 3158 2042 pra:
3191 1979 3418 2032 manibus
3449 1956 3671 2044 habentes,

2178 2046 2224 2100 si
2250 2047 2513 2106 videbitur
2549 2057 2820 2111 sanctitati
2841 2071 3062 2125 vestrm,
3094 2066 3432 2123 recitabimus.

2246 2139 2444 2195 Sancta
2470 2146 2696 2214 synodus
2718 2150 2852 2203 dixit
2880 2169 2898 2206 :
2930 2154 3182 2211 Deﬁnitio
3208 2159 3402 2227 prolata
3421 2176 3449 2215 ι
3467 2174 3618 2218 sancta
3635 2176 3676 2218 et

2177 2238 2204 2266 ι
2233 2234 2498 2290 mundana
2526 2241 2733 2324 synodo
2763 2259 3143 2314 percenseatur
3165 2260 3217 2306 et
3235 2254 3359 2307 actis
3388 2259 3674 2324 prmsentibus

2175 2323 2462 2382 inseratur.
2528 2318 2540 2330 ’
3062 2344 3071 2352 ’

2383 2459 2624 2519 Nicensis
2673 2469 2900 2538 synodus
2929 2472 3066 2526 hanc
3091 2475 3242 2544 ﬁdem
3280 2481 3506 2549 exposuit.

2239 2609 2515 2670 Credimus
2551 2617 2606 2672 in
2657 2637 2819 2677 unum
2859 2624 3027 2681 Deum
3065 2627 3271 2684 Patrem
3299 2632 3671 2701 omnipotentem,

2167 2703 2404 2758 omnium
2444 2707 2728 2765 visibilium
2775 2723 2831 2768 et
2876 2711 3216 2774 invisibilium
3263 2721 3512 2775 factorem.
3543 2721 3595 2774 Et
3629 2723 3673 2774 in

2164 2807 2329 2848 utrum
2359 2796 2638 2854 Dominum
2676 2802 2854 2860 Jesum
2892 2808 3162 2866 Christum
3196 2813 3375 2866 Filium
3403 2814 3502 2880 Dei,
3531 2823 3671 2867 natum

2165 2898 2232 2937 ex
2261 2884 2416 2940 Patre
2445 2890 2792 2959 unigenitum,
2823 2898 2924 2952 hoc
2961 2910 3066 2961 est,
3100 2918 3165 2956 ex
3205 2902 3366 2958 Patris
3405 2905 3668 2964 substantia,

2163 2975 2330 3030 Deum
2360 2978 2426 3032 de
2447 2980 2578 3044 Deo,
2606 2983 2784 3040 lumen
2813 2987 2879 3043 de
2903 2990 3125 3057 lumine,
3151 2993 3312 3048 Deum
3331 3011 3496 3048 verum
3511 2994 3568 3048 de
3589 2994 3673 3046 Deo

2087 3058 2132 3120 C
2167 3083 2313 3132 vero,
2345 3081 2545 3136 natum,
2581 3061 2686 3128 non
2733 3077 2948 3145 factum,
2981 3083 3217 3151 ejusdem
3263 3100 3376 3138 cum
3422 3083 3556 3137 Patre
3579 3085 3674 3137 sub-

2161 3161 2391 3226 stanthe,
2440 3181 2533 3232 per
2570 3181 2728 3234 quem
2758 3173 2934 3227 omnia
2963 3173 3103 3230 facta
3132 3186 3250 3231 sunt
3281 3193 3391 3245 qum
3418 3178 3465 3230 in
3499 3176 3611 3230 cmlo
3633 3182 3673 3228 et

2158 3264 2276 3318 quae
2305 3252 2357 3305 in
2380 3264 2553 3320 terra;
2578 3259 2669 3325 qui
2693 3269 2910 3329 propter
2932 3274 3172 3320 nostram
3193 3267 3409 3322 salutem
3429 3265 3670 3324 descendit,

2160 3339 2465 3397 incarnatus
2488 3354 2540 3398 et
2570 3347 2730 3402 homo
2759 3350 2945 3416 factus,
2975 3370 3184 3424 passus,
3210 3366 3262 3409 et
3299 3354 3559 3410 resurrexit
3592 3362 3676 3405 ter—

2159 3433 2231 3486 tia
2261 3435 2364 3500 die,
2397 3445 2452 3490 et
2475 3441 2713 3495 ascendit
2742 3443 2793 3496 in
2823 3445 3019 3513 caelos,
3050 3446 3298 3503 ventorns
3320 3447 3535 3516 judicare
3559 3445 3676 3497 vivos

2158 3531 2213 3576 ct
2241 3535 2497 3581 mortuos.
2526 3528 2591 3583 Et
2629 3531 2680 3585 in
2711 3531 2969 3602 Spiritum
3011 3547 3270 3593 sanctum.
3297 3537 3394 3592 Eos
3428 3545 3582 3590 autem
3603 3534 3673 3602 qui

2157 3613 2326 3680 aiunt,
2349 3615 2474 3672 Erat
2496 3621 2710 3687 quando
2741 3641 2845 3679 non
2876 3625 3072 3692 fuerat,
3104 3639 3158 3684 et
3178 3638 3449 3698 antequam
3469 3641 3673 3681 nascere-

2157 3711 2243 3757 tur
2273 3722 2377 3760 non
2401 3718 2543 3775 erat,
2577 3720 2630 3764 et
2658 3715 2798 3781 quod
2829 3731 2895 3769 ex
2923 3720 3092 3775 nihilo
3123 3720 3287 3775 factus
3313 3727 3391 3774 est
3419 3720 3491 3772 vel
3517 3734 3571 3771 ex
3593 3716 3670 3768 alia

2155 3795 2471 3861 substantia,
2513 3793 2858 3868 perliibcntes
2887 3823 3003 3862 esse
3032 3818 3123 3864 aut
3151 3811 3404 3865 visibilem
3431 3818 3512 3862 aut
3537 3815 3673 3860 muta-

2152 3883 2313 3938 bilem
2343 3887 2554 3952 Filium,
2593 3895 3010 3952 anathematizat
3039 3901 3329 3970 apostolica
3362 3898 3586 3953 Ecclesia.

2223 3975 2357 4030 lluic
2379 3979 2593 4046 quidem
2617 3994 2813 4038 sancte
2841 3986 2960 4041 ﬁdei
2987 4006 3173 4045 omnes
3189 3991 3432 4046 convenit
3451 3984 3668 4042 assentiri.

2149 4064 2323 4123 Habet
2341 4069 2480 4124 enim
2505 4075 2718 4142 proprie
2745 4084 2800 4130 et
2819 4078 3147 4138 sufficienter
3166 4083 3229 4136 ad
3257 4083 3519 4136 utilitatem
3542 4077 3672 4130 totius

2148 4157 2294 4211 orbis
2321 4166 2600 4214 terrarum.
2633 4163 2896 4229 Quoniam
2920 4187 3047 4225 vero
3085 4172 3296 4240 quidam
3334 4177 3450 4223 sunt
3476 4167 3555 4236 qui
3578 4177 3671 4217 eum

2148 4246 2286 4302 hanc
2315 4251 2625 4306 assimulent
2647 4256 2887 4311 conﬁteri
2913 4268 2965 4312 et
2993 4261 3120 4316 huic
3147 4260 3404 4322 assentiri,
3427 4258 3672 4325 dcprm't‘M

2147 4343 2325 4391 tamen
2352 4339 2458 4394 vim
2501 4347 2886 4402 sententiarum
2917 4357 2970 4402 et
3010 4351 3078 4403 ad
3111 4361 3275 4403 ‘suum
3307 4349 3671 4441 interpretentur

2153 4517 2238 4570 tia:
2262 4518 2352 4572 ﬁlii
2381 4528 2435 4574 ct
2463 4524 2680 4586 erroris,
2706 4541 2842 4594 opus
2870 4527 2965 4580 fuit
2993 4529 3293 4582 necessario
3322 4526 3474 4580 etiam
3497 4527 3672 4575 sancto-

2155 4622 2272 4659 rum
2311 4608 2528 4664 Patrum
2579 4621 2633 4666 et
2661 4615 3078 4671 orthodoxorum
3129 4617 3366 4688 proferre
3403 4611 3670 4669 sententias.

2146 4711 2264 4765 qua:
2294 4698 2562 4756 insinuare
2591 4713 2805 4770 possent
2832 4707 3278 4774 quemadmodum
3307 4714 3361 4761 et
3389 4705 3479 4774 ipsi
3502 4699 3673 4756 intelle-

2148 4799 2338 4843 xerunt
2368 4791 2522 4846 ﬁdem
2552 4802 2606 4847 ct
2631 4795 2749 4848 aliis
2777 4799 3065 4864 praedicare
3084 4795 3275 4852 conﬁsi
3295 4803 3444 4859 sunt;
3473 4801 3522 4846 ut
3553 4789 3676 4841 ﬁeret

2145 4878 2480 4933 manifestum
2498 4897 2684 4936 omnes
2697 4884 2786 4952 qui
2805 4895 3003 4940 rectam
3019 4897 3071 4940 et
3084 4887 3152 4940 im
3161 4887 3467 4941 maculatam
3479 4881 3674 4935 habeant

2153 4967 2328 5032 ﬁdem,
2356 4986 2420 5026 eo
2448 4973 2605 5028 modo
2627 4985 2876 5045 oportere
2904 4994 3021 5032 eam
3047 4979 3343 5048 intelligere
3370 4985 3422 5032 et
3448 4977 3672 5042 interpre-

2147 5062 2246 5115 tari
2268 5072 2322 5116 et
2341 5065 2646 5133 prmdicare.
3382 5159 3387 5160 ν
3613 5150 3621 5160 ,

2217 5150 2400 5206 Petrus
2429 5156 2689 5225 presbyter
2715 5157 3045 5214 Alexandria
3067 5169 3115 5213 et
3134 5159 3448 5230 primicerius
3476 5150 3670 5209 notario-

2145 5256 2256 5291 ram
2297 5243 2470 5294 dixit:
2513 5242 2771 5308 Quoniam
2803 5264 2908 5316 pra:
2958 5250 3202 5303 manibus
3252 5250 3496 5302 habemus
3535 5243 3671 5295 libros

2142 5340 2447 5385 sanctorum
2473 5342 2528 5388 et
2555 5335 3074 5403 religiosissimorum
3103 5338 3325 5393 Patrum
3353 5346 3406 5392 et
3427 5334 3668 5405 epiSCOPO‘

1621 5448 2160 5514 CASTIGATIONES
2201 5461 2284 5514 ET
2324 5463 2552 5519 ΝΟἸἘ.

467 5528 556 5624 .m:
582 5518 738 5624 ldtest
767 5526 1069 5594 universali,
1092 5543 1158 5585 ex
1194 5531 1437 5588 universo
1466 5538 1665 5593 mundo
1713 5555 2052 5613 congregata,
2103 5549 2178 5604 uti
2224 5552 2422 5607 dictum
2472 5564 2551 5609 cst
2593 5557 2642 5611 in
2675 5575 2810 5613 nova
2841 5561 3156 5619 conlectionc
3189 5560 3539 5620 Conciliorum
3567 5564 3666 5624 P38~

463 5589 582 5643 6H.
616 5590 807 5646 Bstuz.
