3958 6178
438 240 546 293 lii
946 230 1137 289 MAR"
1175 222 1607 284 MERCATORlS
1645 219 2208 277 TRASSLATIUNES
2250 212 2599 270 VMHORUM
2640 206 3168 266 OPUSClJLORUM.
3577 205 3679 260 δτι

446 351 502 402 in
525 347 843 410 hominibus,
876 358 982 399 nou
1004 342 1056 394 in
1084 338 1301 392 homine
1329 343 1599 405 operatus.
1636 330 1747 385 lloc
1775 330 1916 384 enim
1945 328 2015 381 de
2045 334 2091 389 Α
2120 328 2293 392 tritus,
2340 325 2512 379 infans
2549 325 2601 377 in
2648 321 2910 392 prmsepio
2948 319 3230 389 repositus,
3264 324 3466 371 natura
3495 328 3686 374 nostra!

449 439 723 509 prOphetis
750 408 913 490 estet
940 430 1215 501 apostolis.
1269 426 1541 482 Perfectus
1582 425 1720 477 Deus
1750 423 1802 475 in
1832 436 2013 483 carne,
2121 418 2456 485 fragilitatem
2498 415 2765 469 sustinens
2812 419 3033 509 propter
3077 410 3287 509 priores
3330 408 3688 509 causam-sed

452 500 508 583 et
528 500 687 583 homo
714 500 987 594 perfectus
1004 521 1055 574 in
1078 519 1289 588 spiritu.
1308 516 1423 570 Non
1451 516 1557 569 duo
1580 514 1671 567 lilii
1704 531 1717 565 :
1743 526 1879 567 unus
1901 510 2020 580 qui-
2120 526 2240 565 cum
2262 508 2435 562 adhuc
2456 506 2628 561 infans
2649 512 2809 569 esset,
2841 503 3093 558 Satanam
3115 510 3169 556 et
3186 500 3304 569 ejus
3326 500 3690 570 perterrefecit

450 621 572 674 dem
604 592 857 670 naturalis
897 611 1061 665 Filius
1089 610 1180 678 qui
1203 607 1491 677 assumpsit
1512 606 1801 667 hominem,
1832 611 1857 639 ⁸
1887 603 2023 655 alter
2123 598 2433 662 exercitum,
2456 611 2641 664 magos
2669 609 2965 664 provocans
2987 594 3054 647 ad
3081 592 3469 662 penitentiam,
3516 602 3573 646 et
3599 608 3693 647 eos

450 721 581 761 vero
604 705 765 758 homo
798 700 1045 756 mortalis
1074 708 1376 768 assumptus
1405 713 1435 751 a
1457 697 1587 759 Deo,
1620 694 1715 749 sed
1736 709 1871 748 unus
1900 691 2021 745 uni—
2125 707 2336 746 armans
2356 690 2419 744 ad
2441 696 2807 761 contemptum
2832 686 2948 755 ejus
2971 686 3063 755 qui
3081 686 3204 740 illos
3226 686 3443 740 miserat
3464 685 3623 753 regis.

454 795 665 862 genitus
689 793 740 845 in
764 791 927 857 coelo,
959 789 1261 857 unigenitus
1290 789 1342 840 in
1374 796 1512 840 terra
1544 786 1702 838 Deus.
2128 802 2371 874 Cypria";
2425 799 2736 854 ,αηεείεείηιε
2789 799 3014 920 ab?“
3068 813 3133 850 ιε
3183 795 3313 850 ωηο
3373 796 3435 849 de
3490 795 3696 849 κίειν-ί.

465 904 504 920 ι.
541 904 570 920 ..
607 905 618 915 .
1286 896 1453 920 πω..
1487 904 1528 920 -.
1555 893 1795 920 ...,.-.....;.
1829 908 1889 920 ..ρ
1915 892 2023 920 ...πμ
2817 884 2905 920 cor
2944 885 3013 920 ia.

2817 884 3013 922 εονσια.

2200 962 2363 1016 Multa
2393 969 2449 1016 et
2469 975 2659 1029 magna
2686 966 2828 1023 sunt,
2856 957 3048 1012 fratres
3078 956 3391 1021 cbarissimi,
3440 956 3698 1010 beneﬁcia

2128 1052 2306 1107 divina
2336 1052 2528 1120 quibus
2549 1050 2601 1104 in
2629 1049 2855 1104 salutem
2877 1057 3115 1103 nostram
3138 1048 3232 1101 Dei
3254 1046 3426 1102 Patris
3460 1056 3519 1102 et
3552 1046 3700 1103 Chri-

527 1155 602 1209 De
624 1152 991 1207 incarnatione
1016 1166 1142 1205 vero
1170 1148 1331 1203 Verbi
1352 1156 1405 1202 et
1430 1148 1496 1201 de
1521 1144 1643 1207 fide,
1670 1144 1934 1199 credimus
1978 1142 2031 1196 in
2130 1143 2199 1197 sti
2230 1142 2373 1210 larga
2401 1150 2456 1195 et
2479 1141 2695 1210 wpiosa
2725 1139 3005 1194 clementia
3032 1147 3088 1193 et
3136 1146 3355 1208 operata
3384 1139 3452 1193 sit
3480 1148 3533 1192 et
3559 1155 3705 1193 sem-

458 1247 740 1299 Dominum
766 1251 1004 1297 nostrum
1028 1240 1206 1294 Jesum
1231 1238 1500 1293 Christum
1521 1245 1701 1290 natum
1726 1250 1793 1288 ex
1816 1233 2034 1300 Virgine
2132 1245 2229 1301 per
2248 1238 2529 1300 operetur;
2554 1229 2696 1298 quod
2716 1228 3095 1284 conservandis
3115 1243 3179 1283 ac
3201 1228 3527 1283 vivificandis
3548 1229 3705 1284 nobis

460 1337 645 1390 Maria.
674 1334 771 1388 llic
797 1333 941 1387 enim
962 1340 1043 1389 est
1062 1331 1229 1384 Filius
1257 1330 1346 1383 Dei
1369 1337 1597 1382 internus
1620 1335 1674 1381 et
1702 1326 1956 1386 Verbum,
1981 1331 2036 1377 et
2135 1320 2293 1374 Pater
2342 1320 2533 1374 Filium
2581 1320 2726 1373 misit
2754 1327 2812 1373 ut
2838 1333 3091 1389 reparare
3111 1333 3209 1372 nos
3238 1327 3447 1387 posset;
3478 1316 3503 1355 δ
3530 1318 3707 1387 quod-

465 1445 571 1482 non
612 1428 684 1480 ita
735 1428 894 1479 homo
926 1439 955 1477 a
980 1424 1088 1477 Deo
1111 1430 1427 1491 assumptus,
1451 1427 1508 1473 ut
1533 1426 1673 1472 esset
1694 1418 1826 1470 alius
1848 1424 2039 1485 praeter
2136 1428 2241 1481 que
2266 1411 2429 1466 Filius
2457 1412 2647 1465 missus
2667 1422 2769 1476 est,
2800 1419 2853 1465 et
2880 1411 3111 1465 hominis
3134 1410 3295 1463 Filius
3325 1425 3442 1464 esse
3462 1410 3629 1464 voluit
3648 1420 3710 1464 ut

466 1522 657 1589 ipsum.
703 1518 885 1584 Neque
932 1515 1074 1570 enim
1120 1513 1388 1568 hominem
1436 1510 1720 1579 assumpsit
1748 1508 1839 1562 Dei
1876 1507 2040 1561 Filius
2139 1502 2230 1556 Dei
2261 1502 2397 1555 filios
2425 1501 2638 1556 faceret.
2664 1500 2971 1553 Humiliavit
2998 1515 3075 1563 se,
3098 1509 3156 1553 ut
3176 1499 3428 1569 populum
3448 1500 3539 1568 qui
3562 1500 3712 1569 prius

465 1620 524 1665 ut
552 1618 692 1664 esset
721 1609 854 1662 alius
874 1614 1068 1676 praeter
1097 1606 1268 1673 ipsum
1294 1621 1306 1655 :
1331 1602 1423 1658 sed
1444 1618 1565 1657 cum
1596 1610 1737 1656 esset
1758 1602 1895 1654 Deus
1914 1615 2039 1669 per—
2135 1593 2349 1662 jacebat
2390 1593 2637 1660 erigeret.
2689 1590 3013 1645 Vulneratus
3049 1600 3149 1655 est,
3180 1599 3238 1644 ut
3267 1591 3486 1644 vulnera
3525 1599 3711 1643 nostra

468 1700 653 1760 fectus,
684 1696 853 1752 factus
874 1703 956 1749 est
983 1693 1138 1747 simul
1164 1701 1219 1747 et
1240 1692 1401 1746 homo
1423 1689 1707 1760 perfectus,
1735 1689 2039 1742 incarnatus
2072 1692 2112 1750 Β
2141 1690 2369 1739 curaret.
2402 1681 2648 1746 Servivit,
2683 1688 2740 1734 ut
2765 1680 2830 1734 ad
2860 1680 3161 1735 libertatem
3189 1681 3482 1735 servientes
3526 1690 3714 1734 extra-

454 904 644 957 Felicis
665 898 1241 972 episcopi_san_cti_ssinti
1278 896 1453 972 Romae
1480 904 1528 946 et
1555 893 1796 972 martyris
1824 908 1889 972 ex:
1913 892 2024 958 epi-

518 974 653 1030 stola
694 960 766 1023 ad
811 960 846 1008 δ’
885 970 1225 1024 Maximinum
1271 967 1561 1035 episcopum
1606 972 1655 1016 et
1698 960 1770 1013 ad
1827 960 2020 1013 clerum

522 1041 853 1095 Alexandria
874 1037 1139 1091 Ecclesiw.

468 1809 537 1846 ex
568 1791 805 1858 Virgine.

470 1878 735 1950 Theophili
764 1876 1074 1930 sanctissimi
1101 1875 1323 1950 episcopi
1350 1871 1683 1950 Alexandria:
1715 1886 1780 1925 ex
1807 1867 2044 1939 paschali

1040 1944 1257 2016 epistola
1277 1945 1473 2014 quinta.

541 2057 676 2112 Sunt
701 2057 844 2112 enim
874 2070 1015 2110 nunc
1033 2053 1407 2108 miraculorum
1436 2058 1677 2109 veterum
1703 2047 1957 2117 reliquiis),
1981 2060 2051 2101 ne

475 2162 662 2217 parum
683 2146 906 2201 credant
931 2144 1073 2213 quod
1100 2144 1194 2197 Dei
1224 2142 1389 2195 virtus
1412 2148 1590 2210 potest
1612 2138 1789 2194 facere
1818 2147 1876 2193 ut
1899 2138 2049 2206 virgo

473 2239 663 2308 pariat,
694 2237 747 2291 in
767 2250 871 2304 qua
888 2234 985 2289 fuit
1011 2235 1186 2288 vivum
1208 2233 1302 2287 Dei
1323 2231 1553 2285 Verbum
1576 2237 1795 2300 propter
1816 2235 2051 2283 nostram

472 2327 894 2384 similitudinem.
928 2325 1093 2379 Aliter
1119 2324 1261 2379 enim
1289 2337 1392 2377 nos
1420 2319 1619 2388 alloqui
1655 2318 1902 2388 proprius
1938 2317 2053 2387 ipse

478 2438 586 2476 non
621 2426 866 2490 poterat;
897 2427 952 2472 et
975 2432 1074 2471 nec
1101 2430 1169 2469 ex
1198 2414 1469 2483 voluptate
1495 2420 1552 2465 et
1578 2420 1599 2448 ε
1630 2424 1838 2473 somno,
1862 2422 2053 2476 quem-

479 2512 763 2569 admodum
829 2517 884 2563 et
929 2508 982 2562 in
1023 2507 1141 2561 aliis
1180 2504 1501 2565 hominibus,
1544 2516 1743 2571 corpus
1806 2499 2051 2567 accipiat,

476 2604 680 2671 accepit
710 2599 825 2669 ejus
852 2598 1147 2662 consimile,
1174 2604 1328 2650 natus
1356 2610 1424 2649 ex
1472 2593 1706 2661 Virgine,
1738 2592 1900 2645 homo
1937 2590 2056 2658 qui-

477 2692 599 2745 dem
619 2706 883 2760 apparens
898 2688 1049 2757 juxta
1070 2702 1170 2741 nos
1189 2694 1244 2740 et
1265 2685 1315 2738 in
1340 2683 1508 2739 forma
1528 2682 1725 2745 servili,
1752 2681 1911 2735 rebus
1930 2694 2056 2734 vero

480 2780 736 2849 probatur
763 2792 881 2832 esse
904 2775 1140 2830 omnium
1176 2771 1369 2827 artifex
1398 2779 1451 2826 et
1480 2770 1751 2835 Dominus,
1784 2784 1947 2839 opera
1975 2767 2057 2823 fa-

483 2871 631 2926 ciens
660 2869 773 2922 Dei.
830 2910 833 2911 ν

756 2957 1026 3029 Ejusdem,
1052 2972 1115 3010 ex
1133 2954 1350 3026 epistola
1369 2952 1600 3024 paschali
1622 2960 1785 3005 sexta.

557 3050 1017 3119 Quemadmodum
1064 3048 1256 3103 summi
1298 3046 1562 3101 artilicum
1609 3061 1715 3099 non
1743 3044 1796 3098 in
1825 3042 2057 3113 pretiosa
2085 3040 2130 3105 C

488 3151 696 3197 tantum
720 3139 942 3194 materia
969 3139 1074 3193 vim
1100 3153 1209 3192 sua:
1236 3136 1366 3191 artis
1392 3134 1697 3199 ostendunt,
1724 3133 1817 3188 sed
1845 3141 1899 3187 ct
1925 3133 1970 3187 si
2001 3133 2057 3186 in

488 3231 606 3286 luto
646 3230 729 3285 vel
769 3244 892 3284 cera
938 3227 1211 3283 solertiam
1263 3240 1414 3279 suam
1459 3223 1843 3287 demonstrent,
1891 3222 2058 3276 multo

490 3321 661 3388 magis
680 3318 926 3373 videatur
954 3331 1072 3371 esse
1100 3314 1419 3378 laudabiles;
1450 3313 1526 3367 sic
1549 3312 1708 3366 etiam
1736 3311 1876 3365 Deus
1922 3308 2056 3365 Ver-

485 3412 634 3474 bum,
682 3408 933 3477 optimus,
982 3405 1226 3473 omnium
1257 3401 1465 3467 artifex,
1498 3402 1692 3461 vivum,
1724 3399 1930 3463 eflicax,
1966 3399 2057 3468 qui

484 3499 823 3555 ordinatione
867 3509 1103 3563 congrua
1148 3500 1341 3548 cuncta
1368 3491 1689 3561 composuit,
1720 3507 1824 3546 non
1853 3490 2058 3545 cmlesti

483 3591 713 3661 quadam
736 3588 978 3659 corporis
1006 3593 1275 3655 assumpta
1296 3583 1518 3638 materia
1547 3582 1615 3637 ad
1644 3598 1741 3636 nos
1768 3581 1931 3645 venit,
1964 3579 2058 3635 sed

489 3686 543 3740 in
586 3684 698 3738 luto
744 3679 1161 3749 magnitudinem
1202 3692 1311 3732 sua:
1339 3676 1472 3730 artis
1496 3673 1748 3737 ostendit,
1786 3673 2060 3741 corrigens

488 3775 759 3829 hominem
780 3771 870 3840 qui
896 3779 979 3826 est
1006 3769 1158 3824 fictus
1177 3782 1244 3822 ex
1274 3768 1407 3829 luto,
1432 3766 1545 3835 ipse
1566 3779 1634 3819 ex
1661 3763 1877 3831 Virgine
1898 3763 2061 3817 homo

491 3879 665 3919 novus
700 3861 1018 3933 procedens,
1049 3857 1408 3928 generationis
1434 3855 1646 3925 quidem
1671 3854 1877 3908 ratione
1904 3852 2060 3907 dissi-

487 3954 644 4016 milis,
668 3952 786 4005 aliis
814 3966 941 4005 vero
962 3949 1208 4005 omnibus
1235 3947 1435 4015 absque
1464 3952 1684 4014 peccato
1728 3943 1914 3998 similis
1958 3958 2059 3997 no-

487 4045 585 4101 stri
607 4042 789 4110 (Hebr.
822 4058 893 4108 tv,
920 4040 1031 4111 15),
1062 4049 1235 4105 natus,
1266 4038 1457 4109 pannis
1482 4036 1771 4101 involutus,
1798 4036 1933 4089 lacte
1961 4051 2061 4088 nu-

2147 1776 2316 1829 heret.
2369 1774 2502 1829 Mori
2548 1774 2817 1839 sustinuit,
2849 1783 2907 1828 ut
2935 1774 3386 1829 immortalitatem
3414 1774 3719 1828 mortalitas

2144 1866 2437 1920 exhiberet.
3128 1883 3139 1890 -
3388 1868 3393 1869 ’

2172 1940 2189 1945 ἣ
2285 1955 2537 2009 Ambrosii
2563 1956 2869 2010 sanctissimi
2898 1956 3120 2025 episcopi
3147 1954 3568 2009 Mediolancnsis.

2218 2045 2274 2101 Si
2331 2047 2458 2100 mihi
2500 2062 2605 2101 non
2660 2048 2904 2110 credunt,
2937 2047 3156 2101 credant
3184 2046 3443 2117 Apostolo
3472 2047 3667 2100 dicenti
3707 2064 3721 2097 :

2149 2138 2427 2209 Postquam
2473 2156 2587 2193 vero
2626 2141 2758 2192 venit
2794 2139 3057 2209 plenitudo
3099 2140 3359 2209 temporis.
3399 2140 3540 2192 misit
3578 2138 3723 2191 Deiss

2151 2229 2343 2283 Filium
2365 2246 2511 2282 suum
2532 2231 2725 2300 factum
2751 2246 2816 2283 ex
2836 2230 3065 2292 muliere,
3091 2232 3285 2300 factum
3300 2228 3396 2282 sub
3416 2229 3528 2299 lege
3572 2228 3721 2298 (Gal.

2152 2335 2221 2384 tv,
2252 2319 2327 2388 4).
2361 2318 2572 2381 Filium,
2621 2318 2810 2387 inquit,
2858 2336 3026 2381 suum,
3059 2334 3163 2372 non
3208 2335 3365 2371 unum
3403 2334 3470 2371 ex
3517 2318 3723 2377 multis,

2154 2423 2259 2462 non
2289 2424 2644 2473 communem,
2669 2408 2763 2463 sed
2790 2424 2963 2462 suum.
2992 2409 3153 2463 Suum
3175 2423 3294 2463 cum
3316 2408 3463 2471 dicit,
3500 2422 3727 2475 genera-

2154 2499 2315 2553 tionis
2338 2508 2553 2552 teternm
2575 2499 2955 2568 proprietatem
2976 2497 3305 2565 significavit.
3357 2496 3509 2551 Hunc
3534 2505 3727 2567 postea

2157 2590 2348 2659 factum
2383 2606 2448 2642 ea:
2466 2590 2678 2643 mstliere
2700 2588 2944 2651 astruxit,
2978 2596 3035 2642 ut
3056 2590 3255 2641 factura
3276 2603 3381 2641 non
3404 2587 3727 2651 Divinitatis,

2157 2676 2250 2731 sed
2300 2678 2678 2746 assumptionis
2730 2677 2973 2746 corporis
3025 2676 3397 2731 ascriberetur.
3423 2674 3730 2730 Factume:

2157 2766 2369 2821 muliere
2395 2782 2493 2835 per
2515 2768 2691 2821 carnis
2711 2767 3125 2835 susceptionem,
3158 2770 3351 2837 factum
3372 2766 3464 2819 sub
3483 2767 3594 2836 lege
3610 2768 3611 2771 “
3628 2781 3729 2834 per

2161 2857 2549 2913 observantiam
2597 2857 2745 2925 legis.
2798 2855 3086 2911 Generatio
3138 2865 3315 2911 autem
3364 2857 3451 2909 illa
3493 2855 3730 2911 celestis

2163 2957 2286 3004 ante
2315 2949 2503 3018 legem,
2528 2949 2629 3002 ista
2659 2956 2781 3018 post
2799 2948 2986 3015 legem.

2804 3037 3071 3109 Ejusdem.

2229 3129 2434 3184 Sileant
2474 3129 2633 3198 igitur
2685 3129 2870 3183 inanes
2914 3128 2981 3183 de
3018 3128 3350 3183 sermonibus
3386 3129 3731 3198 qumstiones,

2161 3225 2411 3294 quoniam
2434 3237 2655 3291 regnum
2678 3221 2789 3285 Dei,
2816 3221 2951 3275 sicut
2977 3221 3230 3290 scriptum
3250 3228 3349 3285 est,
3383 3237 3488 3275 non
3527 3221 3579 3274 in
3607 3236 3731 3290 per-

2162 3315 2413 3370 suasione
2436 3313 2584 3367 verbi
2611 3320 2711 3375 est,
2764 3312 2857 3365 sed
2885 3312 2938 3365 in
2966 3310 3270 3365 ostensione
3297 3311 3506 3365 virtutis
3536 3310 3577 3380 (l
3607 3310 3733 3365 Cor.

2162 3422 2219 3467 ιι,
2265 3404 2342 3474 4).
2390 3402 2676 3457 Servemus
2728 3401 3052 3456 locutionem
3095 3401 3393 3455 Divinitatis
3438 3409 3494 3455 et
3532 3402 3732 3455 carnis.

2167 3496 2311 3550 Unus
2331 3495 2383 3548 in
2413 3503 2638 3561 utroque
2666 3492 2901 3559 loquitur
2927 3490 3107 3555 Filius,
3131 3491 3254 3559 quia
3281 3490 3333 3543 in
3352 3489 3544 3544 eodem
3585 3499 3733 3543 utra-

2162 3602 2266 3656 que
2286 3598 2474 3640 natura
2502 3593 2601 3649 est,
2633 3592 2688 3638 et
2715 3600 2820 3637 non
2849 3583 2901 3636 in
2928 3598 3035 3636 uno
3055 3597 3265 3652 semper
3291 3582 3527 3650 loquitur
3547 3582 3727 3635 modo.

2162 3677 2381 3732 Intende
2419 3678 2472 3731 in
2510 3692 2576 3730 eo
2602 3691 2743 3729 nunc
2771 3675 2993 3742 gloriam
3015 3674 3128 3737 Dei,
3172 3690 3311 3727 nunc
3351 3674 3581 3728 hominis
3609 3690 3731 3743 pas-

2163 3767 2377 3823 siones:
2409 3766 2533 3835 quia
2556 3765 2707 3833 quasi
2733 3764 2873 3818 Deus
2916 3764 3151 3831 loquitur
3197 3778 3314 3831 qua:
3359 3772 3485 3817 sunt
3528 3764 3727 3827 divina,

2163 3858 2286 3927 quia
2328 3856 2561 3911 Verbum
2604 3864 2712 3919 est;
2761 3854 2912 3922 quasi
2960 3854 3120 3908 homo
3159 3868 3276 3922 qua:
3315 3860 3437 3906 sunt
3477 3854 3729 3919 humana,

2164 3950 2287 4017 quia
2318 3958 2341 3986 ο
2374 3948 2426 4002 in
2461 3963 2578 4001 mea
2620 3947 2915 4001 substantia
2963 3947 3314 4014 loquebatur:
3350 3945 3449 3999 llic
3481 3958 3556 4000 est
3580 3948 3732 4017 panis

2164 4039 2298 4092 vivus
2338 4039 2424 4107 qui
2467 4036 2530 4090 de
2566 4037 2689 4091 calo
2737 4034 2996 4090 descendit
3026 4036 3203 4106 (Joan.
3229 4051 3298 4102 vi,
3324 4034 3433 4106 51).
3467 4034 3624 4090 Panis
3644 4037 3731 4091 hic

1648 4146 2188 4216 CAS'EIGATlONES
2226 4151 2315 4206 ΕΤ
2343 4151 2567 4207 NOTAE.

488 4261 606 4315 rum
627 4244 938 4315 pontificum
962 4257 1097 4315 pag.
1128 4241 1212 4307 7|,
1240 4242 1330 4296 ubi
1376 4248 1431 4295 et
1472 4241 1733 4315 integram
1779 4239 2061 4315 epistolam

489 4309 644 4368 Julio'
658 4331 937 4383 perperam
964 4309 1271 4383 ascriptam,
1295 4328 1363 4366 ex
1392 4311 1613 4383 antiquo
1634 4309 1925 4379 exemplari
1948 4309 2053 4363 An-

491 4380 697 4450 glicano
726 4380 930 4436 erutam
950 4382 1013 4435 G.
1041 4380 1330 4446 Lfrecitat,
1355 4390 1410 4436 et
1437 4382 1539 4435 hoc
1560 4380 1731 4449 ipsum
1752 4388 2061 4450 experptum

493 4446 665 4505 eidem
694 4452 931 4519 epistolze
952 4467 1018 4505 ex
1041 4452 1239 4520 triplici
1263 4452 1508 4505 versione
1536 4446 1765 4518 subjicit.
1798 4446 2061 4520 Geten-um

494 4521 632 4573 idem
662 4517 1171 4589 fragmetittim_lulio
1193 4520 1324 4574 falso
1354 4520 1611 4574 tributum
1638 4517 1833 4589 repetit
1854 4517 2060 4573 Merca-

492 4599 580 4644 tor
608 4589 761 4650 infra,
788 4602 904 4657 pag.
928 4586 1049 4640 9.39.
1074 4587 1343 4642 GALLAND.

2165 4240 2404 4365 pontifici
2435 4258 2539 4295 non
2560 4250 2767 4322 tantum
2788 4243 3182 4324 abrogarensed
3210 4250 3264 4297 et
3282 4242 3545 4324 haereticis
3565 4243 3732 4297 ascri-

2204 4327 2295 4365 ere
2325 4328 2428 4365 non
2449 4311 2767 4365 dubitemus.
2799 4311 2967 4365 Ouam
2998 4314 3209 4365 quidem
3238 4321 3555 4365 sententiam
3576 4328 3732 4365 escu-

2204 4327 2295 4365 ere
2325 4328 2428 4382 non
2449 4311 2767 4367 dubitemus.
2799 4311 2967 4378 Quam
2998 4313 3209 4382 quidem
3238 4314 3555 4366 sententiam
3576 4328 3733 4367 escu-

2169 4382 2231 4435 tit
2278 4380 2576 4450 refellitque
2623 4383 2705 4435 vir
2754 4382 2978 4445 doctus,
3018 4380 3087 4437 ac
3136 4382 3349 4436 demum
3404 4382 3673 4437 concludit
3712 4399 3726 4433 :

2173 4470 2191 4503 ι
2236 4450 2377 4522 Istud
2416 4460 2563 4505 certe
2587 4450 2939 4522 fragmentum
2968 4467 3087 4506 cum
3123 4452 3352 4522 Cyrinus
3381 4461 3435 4505 et
3466 4450 3729 4520 Ephesius

2166 4520 2401 4602 synodus
2429 4521 2761 4602 sanctissimo
2790 4537 2925 4602 papa
2946 4531 3012 4602 et
3028 4520 3258 4602 niartjire
3298 4520 3474 4602 Felice
3505 4537 3609 4602 non
3649 4522 3733 4601 in-

2166 4590 2379 4658 dignum
2421 4590 2724 4658 judicarint.
2774 4601 2935 4659 atque
2962 4600 3020 4644 ut
3056 4590 3290 4659 ejusdem
3316 4591 3506 4644 deinde
3532 4590 3729 4644 Marius

567 4672 591 4731 ft
630 4654 890 4731 Golbe'rtf,
905 4667 953 4712 et
974 4674 1103 4731 unus
1126 4659 1275 4711 homo
1297 4657 1548 4711 naturalis
1569 4668 1856 4729 assumptus
1877 4675 1909 4711 a
1928 4656 2057 4714 Deo.
2092 4654 2140 4715 D
2165 4654 2445 4731 Mercator,
2464 4659 2770 4731 Vincentius
2785 4654 3365 4731 Lirinensis,'Hypatius
3380 4659 3729 4731 Ephesiorum

494 4728 631 4790 Bal.,
664 4730 827 4783 Aliter
846 4744 977 4781 rero.
1009 4726 1278 4781 GALLAND.

566 4800 593 4838 δ
634 4798 757 4867 Leg.
793 4797 1111 4862 Maximum;
1135 4798 1210 4867 sic
1230 4796 1371 4850 enim
1403 4795 1453 4849 in
1482 4794 1763 4867 fragmenti
1792 4796 1950 4866 hujus
1978 4798 2061 4851 in-

492 4865 782 4939 scriptione
807 4869 1154 4939 legituriinter
1180 4866 1311 4921 Acta
1340 4866 1550 4939 concilii
1573 4865 1847 4939 Ephesini,
1868 4865 1977 4939 act.
2008 4867 2060 4931 1,

497 4934 617 5007 pag:
651 4934 959 5003 1053,10m.
990 4938 1054 4991 Ill
1097 4935 1261 5007 conc.
1306 4936 1450 5007 edit.
1492 4934 1633 4991 Ven.’
1668 4934 1836 5007 μω).
1879 4936 2068 5007 Exstat

495 5004 655 5063 etiam
683 5008 823 5078 apud
843 5007 1115 5127 Clyrillum,
1141 5006 1366 5127 Αςιοιοὲ.
1390 5004 1642 5087 adversus
1656 5004 1976 5089 Orientales,
2001 5006 2069 5060 ad

496 5078 765 5127 anathem.
798 5075 852 5127 4-
901 5117 914 5127 .
951 5093 1021 5127 c..
1050 5090 1169 5127 nau.
1198 5075 1299 5127 157
1339 5118 1351 5127 .
1383 5090 1496 5127 sive
1518 5083 1657 5127 inter
1675 5074 1809 5127 ΟΜ).
1834 5076 2069 5127 eiusdem

496 5075 765 5131 anathem.
798 5075 852 5141 4,
878 5075 914 5129 Ῐ.
951 5093 1021 5145 c.,
1050 5090 1169 5145 pag.
1198 5075 1351 5139 1579,

494 5147 552 5199 8.
578 5145 750 5200 Patris
777 5154 906 5200 tom.
935 5144 1020 5215 Vl,
1044 5144 1163 5214 pag.
1198 5145 1320 5208 1⁸14,
1346 5144 1440 5198 sed
1468 5145 1667 5215 absque
1694 5144 1931 5215 episcopi
1959 5161 2059 5199 no-

499 5215 641 5270 mine
669 5215 753 5268 cui
781 5231 845 5269 ea
873 5214 1096 5283 epistola
1126 5215 1530 5268 inscribebatur.
1580 5214 1843 5269 Observat
1884 5214 2063 5268 autem

499 5283 744 5354 laudatus
784 5283 1125 5354 Constantius
1155 5284 1209 5337 in
1249 5283 1416 5354 Epist.
1450 5284 1672 5339 Roman.
1696 5284 1909 5354 pontif.,
1938 5298 2059 5354 pag.

500 5353 621 5415 9.94,
654 5370 757 5407 non
796 5353 1025 5424 defuisse
1050 5354 1140 5422 qui
1169 5353 1356 5409 sancto
1385 5353 1543 5409 Felici
1574 5353 1723 5424 papae
1761 5362 1815 5407 et
1843 5355 2065 5424 martyri

502 5424 806 5491 hujusmodi
834 5423 1185 5492 fragmentum
1215 5425 1603 5492 adjudicarun'.
1655 5424 1793 5490 Quin
1836 5433 1889 5477 et
1928 5423 2061 5477 v.’c.

504 5493 821 5560 chuieuius
864 5496 915 5548 in
955 5494 1163 5549 dissert.
1199 5493 1234 5547 ‘2
1274 5496 1535 5558 Damasc.,
1569 5510 1714 5548 num.
1749 5495 1778 5546 7
1806 5494 1935 5546 nihil
1958 5493 2068 5560 jam

499 5578 780 5632 superesse
824 5573 1026 5629 censet,
1073 5581 1169 5621 cur
1193 5566 1328 5621 idem
1360 5564 1710 5635 fragmentum
1733 5573 1917 5619 sancto
1943 5564 2067 5618 huic

2162 4729 2442 4799 episcopus
2462 4729 2656 4797 aliique
2678 4731 2923 4783 catholici
2945 4729 3271 4793 admiserint,
3298 4745 3455 4797 quam
3477 4730 3566 4782 diu
3589 4730 3730 4782 aliud

2166 4815 2271 4853 non
2318 4799 2600 4868 constabit,
2647 4800 2890 4868 religioni
2921 4800 3072 4855 nobis
3097 4810 3179 4855 est
3210 4802 3331 4853 hinc
3359 4800 3487 4853 illud
3516 4800 3731 4853 submo-

2164 4883 2310 4924 vere.
2350 4886 2368 4919 ι
2394 4867 2664 4922 GALLAND.

2241 4949 2263 4977 ο
2306 4937 2635 5008 Translative
2681 4938 2819 4992 istud
2848 4938 3043 4993 dictum
3072 4947 3153 4993 est
3180 4954 3279 5008 pro
3304 4938 3611 4993 concubitu.
3644 4936 3732 4991 Sic

2170 5008 2309 5078 enim
2329 5008 2580 5062 Salomon
2608 5007 2735 5078 Sap.
2767 5024 2838 5062 vu
2860 5009 2933 5061 ait
2960 5025 3018 5063 se
3038 5007 3372 5077 coagulatum
3394 5022 3513 5062 esse
3534 5009 3586 5061 in
3612 5022 3732 5061 san-

1383 5076 1657 5155 si_ve_inter
1675 5074 1809 5155 Opp.
1834 5076 2071 5155 ejusdem
2171 5077 2331 5155 guine
2354 5093 2417 5132 ex
2439 5078 2641 5155 semine
2665 5074 2895 5135 hominis
2915 5088 2969 5133 et
2996 5074 3385 5133 delectamento
3413 5079 3580 5131 somni
3614 5091 3733 5130 cono

2165 5148 2413 5200 veniente.
2444 5147 2636 5200 BALUZ.

2237 5213 2261 5252 ἀ
2302 5216 2379 5270 lta
2400 5225 2579 5269 vetera
2600 5218 2923 5286 exemplaria
2942 5218 3251 5272 Vaticanum
3274 5226 3325 5271 et
3345 5215 3729 5275 Colhertinum,

2170 5285 2268 5359 nisi
2297 5286 2671 5359 quodquoque
2703 5285 2892 5359 legunt
2938 5304 3035 5357 pro
3063 5288 3308 5359 quodque.
3344 5286 3731 5359 Bellovacense

2170 5356 2349 5477 galia,
2368 5355 2461 5408 Dei
2481 5355 2672 5427 quoque
2692 5355 2879 5422 Filius,
2895 5355 2997 5412 etc.
3022 5355 3148 5423 Qua:
3164 5355 3321 5413 lectio
3342 5358 3479 5411 bona
3506 5372 3612 5409 non
3634 5365 3729 5409 est.

2217 5440 2367 5477 λιυῑ.

2217 5440 2367 5479 Διυῑ.

2247 5505 2270 5532 ⁶
2309 5493 2567 5563 Colbert.,
2600 5496 2651 5549 in
2676 5496 2804 5567 ejus.
2840 5496 3032 5552 Bswz.
