3958 6178
267 322 376 377 8⁸16

1094 316 1476 374 COLLECTIO
1519 315 1728 372 PRIMA
1774 314 2286 374 sxccnrronun
2331 311 2663 369 NESTORII.
2708 284 2713 289 ’

3440 316 3543 371 878

262 447 394 487 caro
421 437 523 492 est,
554 436 694 485 Sicut
729 429 842 497 ipse
868 428 1001 483 dixit
1026 447 1037 481 :
1072 429 1174 483 Hic
1202 432 1352 501 panis
1392 446 1539 501 quem
1559 447 1651 501 ego
1695 428 1847 489 dabo.
1882 438 1925 487 Α
1958 436 2051 481 aut
2079 436 2203 496 post
2230 426 2677 481 resurrectionem
2704 438 2773 479 ex
2800 424 3030 479 mortuis
3058 424 3400 495 adoptionem
3428 446 3544 483 me-

259 536 387 573 caro
408 535 522 572 mea
540 527 617 572 est
646 517 831 589 (Ibid.,
857 516 965 587 5‘2).
986 517 1085 573 llic
1110 526 1195 573 est
1220 519 1313 587 qui
1341 512 1639 585 descendit,
1664 520 1750 573 hic
1770 527 1852 574 est

258 627 412 681 quem
448 609 610 663 Pater
654 609 995 678 sanctiﬁcavit
1039 618 1089 663 et
1125 610 1265 663 misit
1319 611 1373 662 in
1428 610 1565 663 hunc
1603 610 1853 663 mundum

262 699 449 771 (Joan.
477 717 527 765 x,
553 699 662 767 36).
682 699 751 754 Et
777 701 893 770 ipsa
924 701 1103 755 littera
1124 701 1281 756 docet
1309 717 1409 756 nos
1428 701 1854 758 sanctiﬁcatione

256 806 373 845 non
402 789 745 845 Diviuitatem
773 790 1003 858 eguisse,
1030 792 1125 845 sed
1154 806 1394 847 carnem.

547 878 781 951 Gregorii
799 882 1013 952 majoris
1034 884 1261 953 episcOpi
1282 881 1336 935 Ν
1340 885 1564 938 azianzi.

330 969 451 1025 Non
472 970 740 1041 decipiant
767 973 1013 1028 homines
1034 989 1134 1029 nec
1159 974 1514 1044 decipiantur,
1575 975 1851 1031 hominem

256 1070 539 1117 carentem
591 1078 754 1118 sensu
801 1065 1171 1119 existimantes
1226 1066 1584 1133 Dominicum,
1644 1074 1703 1121 ut
1750 1067 1853 1137 ipsi

256 1152 429 1216 aiunt,
478 1152 641 1207 immo
686 1168 818 1221 vero
847 1155 1133 1210 Dominum
1157 1166 1399 1211 nostrum
1427 1167 1481 1212 et
1512 1158 1699 1212 Deum.
1733 1158 1851 1211 Non

255 1242 406 1295 enim
426 1241 699 1296 hominem
721 1258 751 1296 a
774 1243 983 1298 Deitate
1004 1259 1348 1314 separamus;
1372 1247 1468 1301 sed
1506 1262 1671 1301 unum
1701 1262 1853 1301 eum-

253 1331 492 1400 demque
506 1330 867 1401 aﬂirmamus;
890 1343 1050 1390 antea
1070 1336 1288 1405 quidem
1310 1354 1421 1393 non
1441 1339 1735 1405 hominem,
1758 1339 1852 1394 sed

260 1421 433 1477 Deum
453 1432 509 1477 et
536 1423 703 1477 ﬁlium
727 1425 1007 1480 dumtaxat
1031 1436 1087 1482 et
1116 1435 1242 1483 ante
1269 1430 1461 1484 saecula
1483 1430 1600 1486 sine
1623 1446 1852 1501 corpore

256 1520 316 1564 et
357 1513 607 1569 omnibus
644 1518 1036 1586 corporalibus,
1085 1528 1273 1588 postea
1317 1536 1447 1574 vero
1494 1531 1550 1576 et
1578 1523 1852 1576 hominem

258 1611 592 1671 assumptum
638 1619 738 1672 pro
759 1605 930 1661 salute
972 1620 1176 1673 nostra,
1203 1610 1509 1678 passibilem
1538 1626 1720 1679 carne,
1752 1612 1852 1666 im-

258 1692 567 1761 passibilem
610 1694 838 1759 Deitate,
899 1700 1440 1768 comprehensibilem
1480 1715 1729 1772 corpore,
1763 1704 1848 1758 in-

258 1784 804 1851 comprehensibilem
829 1787 1058 1854 Deitale,
1090 1790 1339 1845 eumdem
1364 1801 1636 1848 terrenum
1660 1804 1715 1850 et
1737 1812 1847 1851 caa-
1881 1810 1923 1869 Β

259 1873 472 1940 lestem,
500 1875 768 1930 visibilem
819 1885 875 1931 et
921 1879 1329 1950 iutelligibilem,
1355 1884 1655 1953 capabilem
1676 1893 1731 1940 et
1756 1888 1849 1955 qui

259 1964 382 2033 capi
426 1980 537 2019 non
582 1976 786 2035 posset,
847 1977 905 2023 ut
943 1971 1241 2040 perfectum
1267 1974 1561 2042 hominem,
1602 1979 1851 2033 eumdem

258 2056 425 2108 etiam
466 2056 657 2121 Deum,
702 2067 760 2113 ut
784 2060 946 2115 homo
975 2069 1120 2117 totus
1140 2074 1503 2134 repararetur,
1537 2069 1628 2136 qui
1657 2069 1852 2124 cecidit

262 2144 320 2197 in
360 2154 664 2214 peccatum.
699 2148 757 2203 Si
781 2150 902 2218 quis
926 2150 1150 2207 Mariam
1177 2170 1284 2209 non
1314 2158 1587 2213 existimet
1611 2158 1850 2214 Theoto-

257 2252 387 2301 con,
421 2240 608 2308 procul
636 2250 719 2295 est
757 2257 789 2295 a
843 2242 1153 2301 Divinitate.
1201 2246 1258 2302 Si
1304 2249 1425 2317 quis
1452 2265 1550 2319 per
1578 2251 1851 2320 Virginem

257 2336 533 2398 tamquam
572 2346 669 2400 per
693 2331 925 2388 fistulam
953 2339 1339 2394 transcurrisse
1384 2356 1450 2396 ac
1494 2358 1601 2397 non
1631 2343 1685 2397 in
1733 2344 1850 2413 ipsa

256 2420 548 2476 formatum
600 2423 780 2479 divina
818 2426 976 2481 simul
1032 2427 1377 2499 humanaque
1410 2434 1641 2500 ratione,
1672 2435 1849 2492 divina

254 2514 476 2581 quidem
515 2518 659 2585 quod
708 2519 912 2588 absque
937 2521 1071 2586 viro,
1102 2523 1339 2589 humana
1376 2541 1506 2581 vero
1534 2528 1677 2596 quod
1702 2544 1852 2584 more

256 2614 473 2673 partus;
497 2607 541 2661 si
563 2608 684 2675 quis
706 2607 991 2664 formatum
1012 2612 1142 2668 dicit
1162 2614 1455 2681 hominem,
1478 2625 1667 2686 postea
1680 2619 1850 2675 Deum

254 2692 513 2760 induisse,
546 2695 893 2752 detestandus
921 2706 1022 2753 est.
1054 2700 1239 2770 Neque
1276 2705 1417 2758 enim
1443 2707 1723 2773 generatio
1754 2710 1851 2766 Dei

253 2784 375 2839 hsce
397 2793 498 2850 est,
531 2786 626 2840 sed
654 2790 1019 2855 generationis
1047 2791 1189 2860 fuga.
1216 2792 1272 2847 Si
1292 2795 1413 2863 quis
1436 2795 1571 2852 duos
1600 2798 1737 2854 ﬁlios
1764 2802 1849 2854 in-

251 2874 425 2940 ducit,
481 2893 643 2931 unum
685 2878 903 2946 quidem
932 2896 1000 2935 ex
1028 2882 1141 2937 Deo
1165 2882 1344 2949 Patre,
1371 2887 1598 2944 alterum
1624 2908 1752 2947 vero
1781 2911 1849 2949 ex

254 2972 452 3031 matre,
477 2982 541 3021 ac
570 2983 679 3021 non
711 2985 872 3023 unum
906 2973 1285 3044 eumdemque,
1318 2979 1532 3034 excidat
1557 2982 1848 3055 adoptione

249 3069 376 3124 qua:
418 3067 501 3110 est
543 3065 691 3112 recte
737 3060 1085 3118 credentibus
1134 3069 1418 3134 promissa.
1446 3068 1673 3128 Gemina
1702 3077 1846 3130 enim

249 3154 448 3201 natura
478 3147 620 3203 Deus
649 3158 703 3205 et
728 3151 912 3218 homo,
941 3155 1067 3225 quia
1107 3168 1163 3212 et
1189 3160 1367 3215 anima
1396 3171 1449 3217 et
1475 3179 1688 3236 corpus.
1722 3168 1841 3223 Filii
1871 3170 1915 3233 C

247 3251 387 3289 vero
409 3253 514 3292 non
535 3239 662 3305 duo,
690 3257 790 3295 nec
818 3242 935 3296 Dei.
966 3244 1152 3315 Neque
1181 3250 1325 3303 enim
1353 3252 1442 3307 hic
1469 3253 1576 3308 duo
1597 3256 1843 3314 homines

248 3334 400 3391 sunt,
427 3328 549 3382 licet
575 3327 771 3384 Paulus
793 3332 865 3384 ita
887 3334 1030 3402 quod
1056 3344 1138 3390 est
1167 3337 1305 3393 intra
1334 3342 1606 3399 hominem
1625 3356 1679 3402 et
1698 3351 1844 3417 quod

244 3427 339 3472 est
366 3428 517 3473 extra
546 3423 829 3490 appellarit
857 3424 923 3495 (ll
950 3424 1070 3480 Cor.
1105 3445 1175 3495 IV,
1204 3429 1313 3500 l6).
1345 3432 1413 3486 Et
1441 3436 1486 3488 si
1506 3444 1589 3491 est
1609 3439 1844 3496 breviter

239 3508 553 3574 dicendum,
585 3512 728 3566 aliud
758 3514 979 3581 quidem
1008 3525 1063 3569 et
1109 3518 1255 3572 aliud
1278 3535 1346 3574 ex
1371 3524 1565 3591 quibus
1592 3526 1843 3585 Salvator

245 3602 456 3669 (neque
483 3601 626 3655 enim
648 3603 789 3657 idem
817 3613 900 3659 est
920 3607 1129 3662 visibile
1155 3618 1210 3663 et
1237 3611 1532 3681 invisibile,
1577 3633 1679 3673 nec
1704 3628 1838 3674 tem-

241 3690 531 3760 porarium
573 3693 748 3748 simile
794 3704 878 3749 est
906 3696 955 3749 ei
977 3698 1120 3765 quod
1149 3708 1231 3754 est
1257 3711 1382 3757 ante
1412 3709 1699 3777 tempora),
1733 3726 1840 3765 non

241 3781 391 3835 alius
421 3798 546 3847 vero
591 3792 646 3838 et
675 3784 828 3851 alius,
883 3788 1042 3841 absit.
1086 3790 1218 3845 Nam
1245 3801 1470 3863 utraque
1496 3797 1551 3849 in
1580 3801 1837 3855 commix-

243 3872 400 3926 tione
425 3883 567 3938 sunt,
587 3873 730 3929 Deus
753 3876 1064 3933 incarnatus
1085 3889 1141 3935 et
1161 3882 1322 3938 homo
1343 3884 1554 3942 Deitate
1574 3898 1835 3957 sacratus,

240 3963 340 4017 vel
360 3979 576 4032 quoquo
597 3966 759 4021 modo
786 3970 909 4036 quis
938 3971 1169 4026 voluerit
1197 3976 1497 4032 nominare.
1528 3979 1628 4035 Aio
1657 3988 1838 4037 autem

237 4054 393 4108 aliud
423 4063 477 4109 ct
496 4056 657 4121 aliud,
690 4068 877 4113 contra
906 4077 1066 4129 quam
1097 4073 1180 4118 est
1208 4066 1261 4119 in
1292 4066 1571 4125 Triuitate.
1597 4072 1673 4127 lbi
1693 4074 1837 4129 enim

238 4147 387 4201 alius
416 4156 470 4201 et
497 4148 635 4203 alius
673 4158 773 4213 est,
815 4166 882 4205 ne
930 4154 1255 4210 substantias
1285 4160 1694 4230 confundamus,
1727 4183 1834 4221 non

238 4237 393 4290 aliud
419 4255 546 4293 vero
570 4247 624 4293 et
649 4240 811 4294 aliud.
839 4241 1015 4296 Unum
1043 4247 1185 4300 enim
1209 4249 1457 4319 idemque
1485 4255 1585 4308 tria
1628 4266 1754 4311 sunt
1781 4269 1836 4312 ct

236 4328 443 4383 similia
466 4329 697 4384 Deitate.
723 4330 779 4384 Si
801 4334 920 4400 quis
944 4343 1214 4403 tamquam
1240 4339 1293 4393 in
1314 4343 1578 4411 propheta
1604 4362 1701 4414 per
1719 4362 1840 4416 gra-

240 4421 379 4474 tiam
419 4430 701 4489 operatum
739 4422 887 4487 dicit,
930 4441 994 4479 ac
1038 4443 1143 4481 non
1184 4444 1281 4497 per
1322 4433 1674 4489 substantiam
1696 4453 1831 4492 con-

1955 518 2127 572 ruisse
2140 518 2269 573 dicit
2284 518 2438 587 juxta
2461 530 2719 586 paganos,
2744 516 2836 583 qni
2863 514 2891 553 δ
2915 519 3544 587 naperpapotinducunt,

1954 610 2241 662 anathema
2288 609 2376 663 sit.
2410 606 2680 675 Quidquid
2727 607 2870 661 enim
2919 609 3091 662 oritur
3119 618 3210 661 aut
3238 611 3435 665 crescit
3455 619 3549 666 aut

1955 708 2380 766 consummatur,
2411 715 2521 753 non
2550 707 2634 753 est
2663 699 2822 763 Deus,
2855 700 2959 754 etsi
2985 708 3207 769 propter
3238 700 3546 757 i..cremen-

1959 801 2072 847 tum
2101 793 2245 861 quod
2269 791 2529 862 paulatim
2558 790 2618 845 ﬁt
2644 791 2719 845 ita
2744 791 2972 846 dicatur.

1957 904 2143 959 Basilii
2219 906 2534 959 sanctissimi
2590 905 2816 985 episcopi
2874 902 3129 959 Caesarea:
3201 903 3549 978 Cappadocia:

2644 990 2845 1044 primm.

2028 1064 2213 1134 Neque
2257 1072 2467 1119 tantum
2515 1065 2709 1120 omium
2738 1075 2794 1119 et
2830 1072 2973 1119 terra
2996 1072 3050 1119 et
3066 1080 3341 1133 aequorum
3368 1078 3389 1104 ο
3421 1067 3544 1120 lati-

1956 1157 2106 1221 tudo,
2130 1165 2186 1212 et
2212 1172 2332 1226 quze
2358 1157 2412 1211 in
2434 1157 2586 1225 aquis
2609 1156 2817 1219 vivunt,
2835 1171 2936 1211 nec
2963 1158 3240 1211 terrestria
3268 1159 3541 1222 animalia,

1956 1263 2059 1303 nec
2078 1248 2267 1312 stellas,
2296 1263 2399 1302 nec
2435 1263 2546 1312 aer,
2577 1262 2676 1302 nec
2702 1249 2850 1302 hora:
2879 1254 3202 1317 temporum,
3233 1257 3287 1301 et
3305 1248 3546 1302 elemen-

1956 1346 2134 1393 torum
2163 1339 2311 1393 varia
2338 1339 2657 1407 diversaque
2677 1339 2965 1405 ordinatio,
2990 1339 3203 1392 virtutis
3227 1338 3392 1407 ipsius
3412 1338 3550 1392 emi-

1956 1428 2195 1481 nentiam
2260 1428 2492 1497 probare
2539 1437 2765 1498 possunt
2819 1439 3079 1497 quantum
3131 1430 3275 1498 quod
3309 1429 3551 1498 potuerit

1954 1518 2115 1584 Deus,
2142 1518 2236 1587 qui
2264 1519 2384 1589 capi
2432 1535 2541 1574 non
2590 1526 2790 1589 potest,
2842 1520 3046 1589 absque
3093 1520 3275 1575 carnis
3296 1519 3549 1589 passione

1954 1611 2211 1679 conjungi
2262 1626 2383 1665 cum
2425 1617 2619 1675 morte,
2653 1619 2712 1664 ut
2741 1611 2897 1665 nobis
2918 1612 3172 1680 passione
3217 1626 3314 1665 sua
3344 1611 3547 1681 impas-

1954 1702 2265 1758 sibilitatem
2284 1703 2532 1757 donaret.

2239 1810 2472 1883 Gregorii
2492 1814 2804 1867 sanctissimi
2824 1814 3047 1883 episcopi
3070 1811 3249 1870 Nusa'.

2024 1928 2160 1995 Hoc,
2175 1931 2366 2000 inquit,
2390 1933 2572 1986 sentite
2599 1942 2647 1985 et
2669 1932 2731 1985 de
2752 1932 2909 1994 vobis,
2934 1931 3069 2003 quod
3088 1933 3241 1985 etiam
3261 1933 3317 1985 in
3339 1931 3545 1988 Christo

1950 2020 2093 2076 Filio
2122 2022 2251 2088 Dei;
2281 2025 2366 2095 qui
2405 2041 2519 2077 cum
2548 2034 2680 2077 esset
2725 2025 2779 2077 in
2821 2026 2989 2095 forma
3030 2023 3144 2090 Dei,
3179 2042 3280 2078 non
3304 2027 3543 2096 rapinam

1951 2116 2235 2171 arbitratus
2256 2126 2333 2171 est
2368 2127 2427 2170 ut
2466 2128 2598 2171 esset
2637 2118 2847 2188 (canalis
2894 2117 3024 2182 Deo,
3067 2118 3157 2171 sed
3176 2134 3231 2171 sc
3257 2119 3545 2172 exinanirit

1952 2210 2174 2280 formam
2203 2210 2333 2262 serui
2355 2210 2615 2279 accipiens
2638 2207 2893 2279 (Philipp.
2922 2224 2977 2273 ιι,
3013 2206 3154 2277 5-7).
3180 2208 3317 2273 Quid
3346 2208 3397 2261 in
3430 2208 3543 2263 Deo

1951 2299 2093 2353 servi
2117 2296 2288 2353 forma
2320 2299 2643 2368 pauperius‘!
2672 2297 2810 2363 Quid
2840 2298 2893 2350 in
2925 2312 3050 2365 rege
3078 2298 3331 2352 humilius
3378 2313 3541 2366 quam

1952 2388 2020 2442 ad
2062 2389 2439 2457 participatqu
2489 2396 2689 2442 nostrae
2734 2396 2939 2441 natum
2964 2388 3319 2457 pauperrimum
3346 2388 3542 2441 volun—

1949 2480 2090 2534 tarie
2118 2480 2435 2535 devenisse?
2478 2478 2595 2533 Rex
2640 2479 2977 2546 regnantium
3003 2491 3056 2532 et
3088 2478 3344 2531 Dominus
3368 2478 3544 2531 domi—

1953 2573 2197 2626 nantium
2245 2572 2495 2626 scrvilem
2551 2569 2778 2624 formam
2807 2571 3064 2624 induitur.
3099 2568 3272 2623 Judcx
3301 2570 3540 2624 omnium

1950 2664 2351 2719 dominantibus
2382 2664 2641 2718 tributum
2665 2662 2689 2700 ἀ
2722 2671 2933 2734 penset,
2983 2672 3040 2716 at
3088 2663 3346 2719 Dominus
3391 2678 3542 2717 crea-

1952 2764 2084 2809 turze
2138 2755 2420 2810 deducitur
2472 2772 2525 2809 1n
2581 2756 2911 2825 speluncam.
2962 2754 3062 2821 Qui
3088 2756 3265 2809 omnia
3296 2771 3542 2825 compre-

1950 2845 2153 2911 hendit,
2180 2846 2441 2901 cumaeuli
2472 2862 2579 2900 non
2609 2847 2813 2900 invenit
2844 2847 3041 2907 locum,
3073 2847 3167 2900 sed
3198 2847 3250 2900 in
3279 2848 3539 2916 pimscpio

1950 2946 2224 2991 mutorum
2254 2938 2564 2992 animalium
2589 2937 2888 3007 projicitur.
2921 2938 3146 2991 Mundus
3195 2947 3250 2992 et
3298 2940 3539 2992 sincerus

1949 3028 2196 3081 humana}
2226 3036 2433 3082 naturae
2463 3030 2666 3099 patitur
2709 3030 2943 3094 sordem,
2979 3039 3031 3084 et
3054 3045 3151 3099 per
3180 3046 3392 3084 onmem
3442 3047 3539 3084 no-

1950 3129 2118 3172 stram
2142 3120 2392 3186 gradiens
2418 3131 2813 3191 paupertatem,
2834 3138 2999 3190 usque
3022 3122 3089 3175 ad
3110 3138 3193 3189 ex;
3217 3124 3536 3177 erimentum

1947 3211 2192 3278 pervenit
2220 3213 2428 3267 mortis.
2462 3212 2667 3267 Videtis
2703 3213 2919 3267 modum
2949 3215 3264 3269 voluntariae
3307 3232 3539 3285 pauper—

1948 3301 2093 3356 tatis.
2127 3301 2247 3356 Vita
2271 3312 2501 3379 mortem
2530 3312 2744 3372 gustare
2764 3305 3033 3371 dignatur,
3070 3304 3235 3373 judcx
3258 3307 3540 3360 adducitur

1945 3394 1997 3448 in
2017 3394 2296 3464 judicium,
2329 3397 2451 3450 vitae
2490 3398 2729 3451 omnium
2766 3397 3023 3452 Dominus
3052 3398 3196 3452 subit
3224 3397 3538 3466 sull'ragium

1938 3487 2247 3556 judicantis,
2275 3488 2388 3541 Rex
2422 3489 2723 3544 cmlestium
2767 3489 3163 3559 principatuum
3193 3506 3385 3544 manus
3422 3506 3540 3544 car-

1945 3579 2159 3634 niﬁcum
2181 3597 2288 3634 non
2311 3582 2537 3650 repellit.
2556 3582 2632 3635 Ad
2652 3584 2782 3648 hmo,
2808 3583 2997 3651 inquit,
3031 3584 3337 3653 exemplum
3361 3582 3539 3636 humi-

1942 3670 2107 3728 litatis
2143 3672 2322 3725 videat
2361 3672 2595 3725 modum.

2256 3784 2409 3836 Attici
2429 3784 2654 3853 episcopi
2685 3781 3219 3856 Constantinopoleos.

2014 3893 2185 3949 Hodie
2220 3894 2461 3950 Christus
2482 3896 2740 3950 Dominus
2783 3897 3084 3953 clementia:
3127 3901 3534 3967 generationem

1941 3987 2197 4056 suscepit.
2227 3986 2360 4041 Nam
2390 3987 2582 4041 divinae
2610 3987 2884 4055 dignitatis
2917 3989 3028 4056 jam
3060 3999 3220 4045 antea
3246 3992 3528 4055 habuerat.

1940 4088 1997 4134 et
2016 4079 2212 4147 adjecit
2242 4096 2405 4150 porro
2424 4081 2743 4136 clementiae.
2777 4082 3014 4136 Verbum
3038 4084 3360 4149 exinanitur,
3386 4088 3532 4154 quod

1940 4180 2134 4226 natura
2154 4182 2177 4210 ε
2204 4172 2587 4228 inexinanihile
2612 4182 2711 4228 est.
2731 4174 2802 4229 Se
2821 4176 2964 4228 enim
2987 4176 3281 4229 exinauivit
3302 4175 3527 4231 formam

1938 4264 2079 4316 servi
2109 4264 2384 4332 accipiens
2415 4263 2605 4335 (Ιὸἰά.,
2642 4265 2715 4333 7).
2745 4265 3095 4321 Incarnabilis
3138 4267 3192 4320 in
3243 4283 3408 4323 carne
3446 4270 3525 4324 Iit.

1938 4350 2069 4404 Nam
2113 4352 2329 4406 Verbum
2359 4370 2479 4406 caro
2502 4356 2696 4424 factum
2724 4364 2801 4407 est
2831 4353 2991 4424 (Joan
3039 4372 3075 4421 ι,
3110 4356 3219 4425 14).
3254 4357 3357 4424 Qui
3411 4369 3523 4414 tra-

1936 4444 2070 4498 ctari
2091 4460 2198 4497 non
2230 4451 2409 4513 potest
2429 4452 2653 4514 propter
2672 4446 3069 4516 incorporalem
3093 4460 3361 4516 naturam.
3390 4468 3524 4507 con-

232 4512 489 4580 junelum
517 4521 572 4565 et
596 4522 935 4578 concretum;
963 4516 1137 4571 inanis
1167 4520 1237 4572 sit
1265 4520 1458 4575 divina:
1479 4527 1831 4594 operationis,
1864 4539 1912 4595 υ
1940 4512 2243 4587 ῐισθειθῐιιιοί
2265 4534 2366 4600 Qui
2390 4512 2600 4589 initium
2629 4552 2737 4591 non
2767 4512 2949 4601 habet,
2982 4538 3039 4592 ﬁt
3067 4541 3166 4595 sub
3204 4512 3358 4597 initio
3412 4560 3527 4598 cor-

238 4604 414 4656 immo
440 4603 631 4671 plenus
660 4604 916 4657 adversa).
945 4604 1139 4675 Siquis
1158 4625 1267 4663 non
1288 4613 1478 4667 adorat
1497 4617 1828 4683 cruciﬁxum,

238 4693 534 4747 anathema
580 4694 651 4748 sit
698 4704 752 4750 et
797 4696 939 4750 inter
985 4707 1012 4734 ³
1044 4699 1387 4759 Theoctouos
1413 4718 1743 4764 numeretur.
1776 4712 1832 4765 Si

236 4782 367 4853 quis
404 4798 472 4837 cx
522 4785 776 4853 operibus
811 4798 1241 4845 consummatum
1292 4802 1384 4848 aut
1419 4805 1542 4866 post
1568 4798 1834 4869 baptisma

1942 4627 2131 4696 porali.
2158 4625 2436 4682 Perfectus
2457 4629 2670 4693 crescit,
2699 4629 3015 4685 invertibilis
3043 4633 3268 4701 prolicit,
3299 4635 3448 4689 dives
3470 4637 3523 4689 in

1940 4716 2217 4770 caenaculo
2257 4716 2333 4771 iit.
2358 4716 2458 4783 Qui
2481 4719 2890 4788 comprehendit
2916 4722 3142 4778 nubibus
3163 4725 3376 4791 coelum,
3402 4738 3528 4795 pan-

1941 4805 2351 4861 nisiuvolvitur.
2386 4808 2500 4863 Rex
2529 4809 2746 4878 ponitur
2766 4810 2819 4863 in
2846 4815 3127 4882 praesepio.

1426 4954 1881 5014 CASTIGATION
1890 4959 1973 5017 ES
2009 4961 2100 5017 ET
2138 4960 2365 5018 NOTAE.

316 5072 345 5099 κ
381 5061 439 5116 Id
477 5063 683 5136 estDei
713 5064 1101 5136 interfectores,
1134 5072 1194 5119 ut
1221 5066 1453 5136 explicat
1479 5075 1634 5122 vetus
1661 5068 1828 5123 inter-

231 5147 369 5205 pres
385 5133 601 5205 concilii
625 5133 900 5205 Ephesini.
927 5134 1121 5189 BALUZ.

316 5202 343 5241 δ
382 5202 457 5255 Ita
480 5204 653 5257 codex
682 5204 1091 5259 Bellovacensis.
1117 5204 1409 5259 Vaticanus
1436 5206 1595 5260 habet
1642 5215 1827 5263 IIAPE-

234 5284 511 5349 rrsnrqc.
564 5273 728 5349 vetus
767 5274 1200 5349 versio_couci|ii_
1224 5274 1499 5344 Ephesini,
1536 5293 1828 5349 parengra-

235 5346 411 5424 putes,
512 5354 594 5424 est
619 5345 913 5424 inscriptos.
940 5343 1395 5424 Textpsﬁnécus,
1421 5343 1823 5424 sagapeni“:

236 5411 689 5489 quodulfeltanus
734 5411 895 5489 vertit
953 5417 1299 5489 ascriptitios;
1351 5411 1509 5471 vetus'
1560 5411 1828 5489 ihterpres

237 5482 927 5555 synoditlhalcedoneusis,
960 5482 1128 5555 fictos.
1161 5485 1361 5539 BALUZ.

314 5564 336 5592 ε
380 5551 540 5618 Infra,
572 5554 809 5607 altitudo.
839 5551 970 5608 Eun.

308 5622 337 5660 ἀ
379 5621 690 5696 Legendunt
714 5625 923 5696 videtur
951 5633 1153 5696 pensat,
1183 5634 1251 5680 et.
1277 5626 1480 5681 BALUZ.

311 5704 337 5731 ε
377 5694 467 5749 Sic
503 5695 907 5749 emendavimus
951 5694 1173 5765 pravam
1227 5697 1477 5752 editionis
1528 5697 1829 5753 Baluznantc

240 5766 549 5829 lectionem,
591 5765 921 5819 exinanibile.
971 5765 1065 5819 Vel
1102 5769 1147 5821 si
1177 5769 1364 5835 mavis,
1410 5770 1573 5839 legas,
1604 5786 1703 5840 per
1740 5784 1827 5823 me

528 5861 793 5917 ΡΔΊΊιυιη
846 5856 1126 5918 XLVIII.

1931 5070 2078 5141 licet,
2138 5088 2243 5126 non
2290 5073 2623 5128 exinanibile.
2675 5075 3004 5131 Alterutrum
3061 5088 3208 5134 certe
3249 5083 3520 5141 scrinserit

1932 5140 2220 5195 Mercator.
2254 5141 2493 5197 Priorem
2522 5152 2701 5199 tamen
2730 5163 2917 5202 vocem
2964 5149 3280 5205 crediderim
3326 5140 3393 5207 ab
3442 5140 3519 5210 in;

1933 5218 2173 5282 terprete
2196 5212 2479 5282 redditam,
2513 5216 2961 5282 quemadmodum
3002 5236 3126 5274 mox
3155 5224 3318 5276 vertit
3347 5226 3520 5279 incar—

1932 5281 2141 5334 nabilis.
2176 5282 2344 5350 Hujus
2391 5281 2673 5350 fragmenti
2716 5284 2899 5339 Gncea
2949 5298 3163 5344 exstant
3209 5292 3348 5347 inter
3386 5296 3518 5350 Acta

1932 5351 2146 5434 concilii
2174 5350 2447 5434 Ephesini,
2476 5361 2579 5407 act.
2597 5354 2653 5434 _l,
2680 5370 2801 5425 pag.
2826 5356 2977 5434 loli“),
3004 5366 3134 5434 tom.
3158 5362 3275 5434 cit.,
3300 5372 3353 5418 et
3375 5367 3518 5434 apud

1932 5418 2188 5495 Cyrillum
2219 5418 2271 5476 in
2297 5418 2800 5495 Apologuadversus
2820 5418 3139 5495 Orientales,
3165 5432 3229 5484 ad
3244 5418 3515 5489 anathem.

1937 5490 1991 5569 ἐζ
2016 5490 2166 5557 ibid.,
2191 5507 2313 5569 pag.
2340 5490 2496 5545 1378.
2528 5492 2818 5569 Utroh‘ique
2833 5512 2962 5569 vero
2982 5490 3222 5567 legimus,
3256 5505 3518 5569 ἀκένωτος,

1937 5559 2335 5636 ἄσαρκοςτίῌῇε
2378 5572 2555 5636 autem
2598 5559 2798 5634 scripto
2839 5565 2948 5633 jam
2998 5559 3231 5636 traditis,
3277 5559 3519 5627 animati;

1935 5633 2073 5710 verti
2103 5633 2397 5710 reddidisse
2427 5633 2780 5710 Mercatorem
2808 5637 3194 5710 inegrinanibile.
3219 5633 3374 5705 infra,
3396 5656 3517 5710 pag.

1935 5699 2059 5764 259,
2102 5703 2193 5757 ubi
2246 5719 2431 5759 rursus
2485 5704 2841 5769 fragmentum
2894 5707 3035 5764 istud
3071 5699 3345 5766 recitatur.
3363 5699 3519 5765 ’ὀλί-

1934 5787 2091 5827 ιΑυυ,

3168 5877 3251 5931 '28
