3960 6184
520 274 633 331 875

1125 384 1293 441 Iconii
1322 386 1571 456 episcopi.

598 480 736 538 Nam
763 479 887 549 quia
925 478 1068 532 idem
1086 486 1170 531 est
1198 486 1253 532 et
1292 476 1410 531 Rex
1432 487 1487 532 et
1521 478 1683 542 Deus,
1715 485 1771 532 et
1818 476 2122 531 mortalita-

527 582 636 631 tem
665 579 886 642 propter
914 569 1158 638 corporis
1187 568 1646 638 dispensationem
1671 570 1923 636 gustavit,
1976 568 2119 622 dona

526 674 654 722 sunt
679 669 995 732 argumenta
1018 661 1281 732 mysterii.
1306 660 1509 715 Aurum
1539 660 1794 724 offerunt,
1822 667 2121 729 agnoscunt

527 760 672 814 enim
715 770 919 824 regem.
970 753 1215 811 Oﬂ'erunt
1259 754 1401 819 thus,
1428 753 1572 808 Deus
1593 760 1677 808 est
1703 753 1849 807 enim
1874 752 1960 806 cui
1988 750 2121 806 offe-

525 860 670 906 runt.
698 848 971 918 Adjiciunt
998 847 1161 901 etiam
1187 846 1480 917 myrrham,
1504 854 1727 915 propter
1747 859 1867 899 eam
1896 858 2015 913 qua:
2038 850 2123 898 est

526 944 582 997 in
605 942 863 1015 mysterio
892 940 1277 996 mortalitatem
1304 937 1591 1007 passionis.

1186 1029 1458 1102 Ejusdem.

599 1126 734 1179 Nam
755 1124 857 1178 nisi
878 1123 969 1178 ille
997 1122 1185 1178 fuisset
1205 1121 1495 1177 carnaliter
1522 1126 1859 1189 procreatus,
1891 1126 1952 1171 tu
1966 1133 2120 1171 num-

526 1231 691 1285 quam
713 1215 909 1269 fuisses
929 1214 1249 1284 spiritaliter
1268 1219 1581 1275 recreatns;
1616 1218 1671 1264 et
1696 1204 1799 1263 nisi
1829 1209 1917 1263 ille
1960 1209 2122 1263 susti-

529 1307 737 1361 nuisset
784 1305 1014 1360 fomiam
1066 1303 1338 1366 servilem,
1374 1316 1664 1369 numquam
1714 1310 1773 1355 tu
1817 1301 2122 1370 adoptionis

527 1414 676 1454 esses
712 1398 940 1467 gloriam
966 1402 1312 1452 consecutus.
1341 1392 1465 1447 ldeo
1506 1394 1561 1447 in
1591 1401 1789 1446 terram
1811 1392 2046 1446 caelestis
2069 1391 2119 1457 ι),

529 1500 589 1546 ιιι
618 1500 674 1546 ιιι
705 1500 948 1546 terrenus
976 1489 1254 1558 recipiaris
1285 1488 1338 1541 in
1370 1486 1585 1541 cmlum.
1634 1485 1759 1540 ldco
1793 1482 2036 1539 Christus
2063 1499 2123 1539 se

527 1584 813 1639 evacuavit
859 1589 921 1636 ut
968 1598 1068 1636 nos
1109 1596 1304 1636 omnes
1328 1595 1395 1634 ex
1425 1579 1593 1649 ipsius
1621 1578 1953 1648 plenitudine
1980 1579 2123 1633 acci-

524 1675 735 1744 piamus
759 1673 946 1745 (Ibid,
982 1671 1091 1742 16).
1118 1672 1267 1725 Illius
1288 1687 1435 1725 mors
1463 1678 1555 1724 tua
1579 1671 1957 1724 immortalitas
1977 1668 2120 1724 facta

525 1775 628 1822 est.
658 1766 871 1820 Domini
920 1765 1096 1835 passio
1144 1764 1288 1818 servi
1316 1762 1456 1817 facta
1498 1771 1582 1818 est
1602 1762 1849 1817 altitudo.
1878 1762 1959 1816 Tu
1987 1777 2117 1817 vero

524 1860 847 1917 beneficium
874 1860 928 1914 in
955 1857 1345 1928 blasphemiam
1371 1859 1536 1928 rapis.

827 1952 984 2004 Attici
1013 1950 1243 2021 episcopi
1268 1947 1807 2020 Constantinopoleos.

604 2053 626 2082 ο
667 2041 942 2111 Siquidem
1017 2039 1238 2094 dubium
1290 2038 1420 2094 facit
1485 2038 1759 2107 Unigeniti
1819 2039 2117 2095 incarnatio

527 2142 585 2189 et
602 2133 836 2202 Virginis
863 2140 1051 2202 partus
1085 2140 1142 2186 et
1169 2132 1480 2186 communio
1517 2132 1851 2200 passionum,
1888 2139 1943 2184 et
1978 2131 2119 2200 pati-

528 2225 732 2288 bulum,
766 2232 822 2277 et
850 2240 1017 2289 mors,
1048 2231 1103 2277 et
1131 2222 1331 2293 passio,
1364 2223 1410 2276 is
1450 2222 1710 2276 doceatur
1744 2230 1799 2275 et
1828 2222 1964 2277 sciat
2004 2221 2119 2277 haec

528 2317 708 2370 omnia
729 2331 918 2371 causas
940 2314 1104 2369 fuisse
1126 2314 1315 2369 salutis
1334 2313 1635 2379 mundana},
1662 2313 1757 2369 sed
1779 2328 1847 2368 ne
1865 2314 1979 2368 hazc
1998 2314 2119 2383 qui-

527 2409 651 2464 dem
676 2408 894 2478 indigna
921 2423 1042 2463 esse
1061 2407 1244 2462 divina
1282 2406 1592 2461 clementia.
1618 2406 1751 2461 Nam
1777 2407 1823 2462 si
1853 2415 2010 2476 turpe
2035 2414 2118 2460 est

528 2500 640 2556 Deo
684 2501 737 2555 in
790 2501 999 2569 virgine
1039 2500 1303 2563 habitare,
1329 2499 1536 2569 turpius
1563 2499 1727 2552 etiam
1751 2499 2012 2567 virginem
2038 2497 2118 2552 fa-

527 2610 675 2650 cere.
706 2592 765 2649 Si
790 2608 921 2648 vero
945 2593 1207 2659 virginem
1237 2592 1438 2659 ﬁngere
1459 2591 1842 2646 contumeliam
1870 2606 1988 2645 esse
2007 2606 2117 2645 non

525 2685 700 2748 duxit,
732 2698 834 2738 nec
886 2682 1131 2737 habitare
1161 2681 1212 2734 in
1240 2695 1305 2734 ea
1332 2680 1720 2750 turpitudinem
1747 2679 2025 2749 judicavit.
2052 2679 2119 2735 Et

526 2776 573 2829 si
594 2774 706 2845 pati
732 2773 931 2826 malum
952 2778 1055 2837 est,
1079 2770 1418 2840 passionibus
1444 2770 1676 2825 liberare
1705 2780 1967 2839 quantum
1998 2773 2119 2826 est?

526 2866 695 2935 igitur
721 2871 777 2918 et
822 2869 1069 2917 mortuus
1097 2869 1181 2915 est
1208 2861 1530 2914 immortalis
1557 2868 1753 2926 morte,
1785 2868 1840 2916 et
1888 2870 2117 2917 mortem

528 2964 705 3011 morte
744 2954 1036 3018 damnavit,
1087 2961 1144 3008 et
1182 2952 1495 3017 resurrexit,
1524 2955 1977 3009 resurrectionem
2009 2956 2119 3010 lar-

527 3049 679 3118 giens
705 3047 879 3101 nobis.
913 3044 981 3099 Et
1006 3046 1121 3099 haec
1142 3044 1322 3097 omnia
1360 3044 1590 3099 sustinet
1620 3062 1727 3100 non
1778 3055 1969 3100 natura
1998 3047 2121 3101 Dci-

1031 272 1228 328 MAR"
1266 269 1709 329 MERC.\TORIS
1747 273 2325 334 TRANSLATIONES
2366 273 2725 332 VARIORUM
2765 270 3292 334 OPUSCULORUM.

3636 287 3716 346 876

2145 394 2196 450 Α
2222 389 2379 459 byter
2416 396 2472 444 et
2513 388 2852 457 dispensator
2896 396 3096 445 sancta:
3129 387 3371 444 Ecclesia:
3404 386 3717 464 Philadelphia

2219 479 2454 533 civitatis
2490 480 2719 535 asseruit
2746 479 3007 549 quosdam
3047 494 3115 533 ex
3156 477 3317 551 Lydia
3343 481 3719 543 oriundoslum.

2222 575 2359 628 ticos
2376 572 2609 627 voluisse
2636 573 2852 641 quidem
2880 588 3038 626 suum
3065 587 3298 627 errorem
3321 572 3560 642 deponere
3578 616 3592 640 ,
3620 593 3718 633 coa-

2221 663 2359 718 verti
2391 678 2516 718 vero
2546 663 2613 717 ad
2642 664 2883 718 veritatis
2911 662 3091 717 lumen
3113 670 3168 716 et
3198 662 3353 717 imbui
3378 665 3617 721 catholica
3640 667 3717 725 Ec-

2221 757 2397 811 clesize
2426 758 2527 826 piis
2557 758 2822 826 rectisque
2849 756 3083 810 voluisse
3101 755 3448 823 dogmatibus;
3476 757 3720 817 deittdeeos

2221 848 2313 918 qui
2342 848 2409 902 ad
2428 848 2709 903 veritatem
2738 846 3035 902 deducendi
3057 855 3206 900 erant
3224 846 3274 899 in
3296 844 3511 915 peiorem
3530 848 3720 906 inductos

2223 956 2467 996 errorem
2511 949 2566 995 et
2594 949 2868 1010 tamquam
2896 955 2963 993 ex
3004 938 3159 993 fovea
3191 939 3243 992 in
3272 939 3625 1007 profundiorem
3658 941 3715 994 fo-

2222 1046 2377 1086 veam
2415 1032 2690 1087 cecidisse.
2723 1030 2965 1084 Asseruit
2992 1044 3221 1099 namque
3248 1029 3514 1083 Antonium
3531 1039 3577 1084 et
3600 1030 3720 1088 Jaco-

2222 1122 2348 1176 bum
2387 1124 2647 1178 habentes
2691 1125 2909 1178 nomina
2952 1122 3375 1191 presbyterorum
3397 1121 3458 1175 de
3480 1121 3722 1178 Constanti-

2224 1214 2406 1283 nopoli
2423 1213 2760 1267 descendisse
2788 1229 2910 1268 cum
2932 1212 3174 1282 epistolis
3194 1210 3601 1266 connuendatitiis
3617 1212 3725 1266 Ana-

2221 1308 2370 1361 stasii
2400 1307 2674 1375 cujusdam
2705 1316 2760 1360 et
2782 1306 2978 1369 Photii,
2996 1305 3089 1374 qui
3118 1312 3245 1358 tunc
3270 1305 3507 1372 temporis
3531 1306 3725 1362 haeretica

2223 1398 2469 1453 Nestorio
2516 1398 2885 1462 adhaerebant,
2907 1397 2998 1466 qui
3040 1404 3096 1449 ct
3141 1395 3241 1465 ipsi
3281 1395 3479 1448 nomina
3514 1396 3725 1453 habebant

2223 1490 2694 1561 presbyterorum;
2725 1498 2780 1543 et
2808 1504 2930 1543 cum
2958 1488 3149 1541 deccat
3177 1487 3342 1553 magis
3368 1487 3664 1555 apostolicam
3686 1499 3727 1541 et

2223 1581 2586 1651 evangelicam
2617 1579 2741 1633 fidei
2776 1578 3122 1632 traditionem
3150 1619 3164 1642 ,
3195 1592 3350 1644 quam
3395 1577 3538 1630 etiam
3584 1575 3729 1630 Patres

2223 1682 2592 1745 exposuerunt
2639 1672 2731 1743 qui
2786 1671 2974 1725 Niciam
3004 1676 3395 1730 convenerunt,
3435 1668 3505 1722 eis
3544 1669 3729 1737 praponi

2150 1764 2193 1823 Β
2220 1766 2312 1835 qui
2340 1765 2407 1819 ab
2436 1778 2621 1818 errore
2648 1769 3037 1817 convertuntur
3057 1761 3110 1814 in
3138 1760 3411 1813 veritatem
3438 1767 3488 1813 et
3521 1759 3597 1828 qui
3618 1775 3642 1813 e
3664 1768 3727 1813 te-

2221 1860 2404 1914 nebris
2433 1859 2486 1912 in
2513 1858 2688 1912 lucem
2716 1857 2938 1926 cupiunt
2961 1854 3249 1924 pervenire
3271 1892 3287 1916 ,
3317 1852 3551 1907 obtulisse
3588 1853 3730 1907 nescio

2223 1968 2381 2021 quam
2411 1951 2845 2021 impiissimorum
2873 1948 3187 2015 dogmatum
3230 1945 3586 2014 expositionem
3618 1953 3724 1997 tam-

2219 2058 2382 2112 quam
2411 2042 2600 2096 ordine
2627 2039 2856 2110 symboli
2885 2037 3261 2107 compositam,
3297 2044 3350 2091 et
3376 2036 3421 2089 ei
3459 2035 3731 2089 subscribere

2219 2135 2341 2189 illos
2367 2134 2595 2188 miseros
2621 2131 2963 2201 compulisse,
2988 2141 3043 2184 et
3071 2129 3124 2183 in
3150 2131 3254 2183 hoc
3281 2143 3480 2182 omnem
3502 2128 3732 2196 impietatis

2218 2224 2518 2279 excessisse
2536 2237 2863 2277 mensuram.
2895 2219 2962 2274 Et
2990 2228 3048 2275 ut
3075 2222 3194 2275 haec
3220 2235 3336 2288 qure
3360 2218 3489 2273 dicta
3514 2228 3615 2273 sunt
3636 2234 3729 2287 pos-

2217 2315 2325 2370 sint
2348 2313 2648 2368 evidentius
2675 2326 2957 2382 apparere,
3000 2310 3137 2365 intra
3162 2310 3388 2379 scriptus
3419 2316 3493 2361 est
3531 2309 3660 2361 etiam
3682 2307 3728 2361 li-

2218 2406 2391 2461 bellus
2429 2406 2641 2460 oblatus
2680 2419 2710 2458 a
2756 2410 3056 2457 memorato
3096 2401 3408 2471 presbytero
3448 2397 3665 2460 Charisio,
3689 2406 3731 2449 ct

2219 2496 2396 2565 impiae
2438 2496 2581 2551 illius
2621 2502 2676 2548 et
2714 2493 2959 2563 pessimae
3000 2490 3123 2546 ﬁdei
3154 2491 3413 2560 expositio
3446 2488 3505 2543 de
3538 2490 3731 2542 incarna-

2219 2587 2367 2640 tione
2391 2584 2653 2653 unigeniti
2682 2582 2801 2636 Filii
2844 2581 2939 2635 Dei
2964 2596 3085 2634 cum
3112 2579 3493 2649 subscriptione
3528 2577 3657 2632 etiam
3678 2575 3728 2628 il-

2221 2678 2396 2734 lorum
2426 2677 2519 2747 qui
2538 2675 2749 2746 decepti
2774 2681 2916 2728 sunt.

2756 2765 2983 2820 Libellus
3012 2763 3260 2817 Charisii.

2292 2860 2654 2916 Sanctissimae
2697 2866 2752 2913 et
2798 2858 2911 2912 Deo
2958 2857 3170 2911 dilectae
3215 2854 3415 2926 synodo
3454 2852 3473 2892 '
3509 2852 3730 2906 mundana:

2220 2968 2341 3025 quas
2382 2953 2435 3007 in
2475 2951 2830 3021 Ephesiorum
2887 2949 3232 3018 metropolim
3283 2956 3577 3014 congregata
3616 2952 3679 2998 est
3707 2959 3730 2996 a

2221 3046 2467 3101 Cbarisio
2496 3042 2811 3113 presbytero
2836 3047 2891 3094 et
2929 3040 3308 3108 dispensatore
3347 3036 3573 3091 Ecclesia:
3594 3033 3731 3087 Phila—

529 3138 677 3203 tatis,
710 3135 805 3191 sed
834 3136 1201 3205 assumptione
1231 3134 1441 3199 carnis;
1474 3134 1686 3190 Deitate
1734 3138 1950 3205 quidem
1996 3153 2114 3190 ma-
2142 3140 2186 3202 C
2219 3139 2467 3208 delphina.
2497 3136 2593 3194 Est
2630 3133 2846 3205 quidem
2892 3132 3142 3186 omnibus
3179 3129 3499 3200 sapientibus
3526 3135 3733 3197 exoptan-

526 3244 661 3285 ncns
692 3230 924 3283 intactus
968 3226 1122 3294 juxta
1153 3241 1305 3279 suam
1330 3232 1598 3290 naturam,
1626 3228 1805 3281 omnia
1837 3244 1965 3282 vero
1993 3244 2117 3297 per-

527 3320 707 3376 ferens
732 3326 788 3374 et
814 3319 1025 3390 patiens
1046 3324 1106 3371 ut
1126 3317 1251 3371 vitae
1269 3324 1486 3371 :cternm
1512 3319 1665 3372 nobis
1691 3317 1798 3373 dux
1837 3325 1892 3373 et
1926 3327 2119 3374 auctor

603 3416 808 3466 isteret.

603 3420 613 3426 ’
734 3421 808 3466 et.

530 3420 861 3561 ωῗῗὲτιο
894 3502 984 3558 DE
1020 3500 1484 3557 CONFESSIONE
1515 3500 1813 3557 CHARISII
1854 3501 2050 3557 PRES-

1179 3572 1453 3626 BYTERL

603 3698 627 3728 ο
666 3687 828 3742 Juxta
872 3685 1237 3756 piissimorum
1270 3680 1875 3752 augustissimorumque
1920 3682 2121 3752 princi-

528 3796 656 3854 pum
681 3778 975 3833 Theodosii
1001 3783 1057 3831 et
1088 3775 1445 3829 Valentiniani
1489 3781 1814 3841 congregata
1859 3773 2120 3843 Ephesio-

530 3889 648 3928 rum
694 3869 983 3939 metropoli
1029 3882 1099 3922 ex
1124 3868 1272 3921 omni
1313 3881 1483 3935 prope
1526 3867 1659 3920 orbe
1710 3874 1973 3919 terrarum
2020 3867 2121 3920 hac

531 3965 869 4022 sanctissima
923 3960 1130 4032 synodo
1176 3958 1699 4026 religiosissimorum
1741 3958 2119 4026 episcoporum

533 4058 775 4113 omnium
803 4061 1110 4109 sanctarum
1131 4050 1511 4113 Ecclesiarum,
1543 4056 1599 4102 et
1618 4057 1812 4116 agente
1836 4049 2119 4103 concilium

532 4158 589 4204 ct
614 4150 940 4204 decernente
990 4152 1051 4197 ut
1092 4142 1243 4196 ftrma
1283 4148 1529 4194 maneret
1571 4140 1703 4194 ﬁdes
1749 4143 1995 4212 exposita
2025 4158 2123 4211 per

532 4240 794 4310 Spiritum
840 4243 1087 4290 sanctum
1118 4249 1149 4288 a
1178 4232 1380 4287 sanctis
1408 4230 1657 4287 Patribus
1697 4233 1790 4302 qui
1823 4240 1952 4288 tunc
1986 4241 2123 4288 tem-

533 4329 679 4397 poris
721 4326 909 4379 Nicaeae
958 4329 1324 4378 convenerant
1376 4337 1602 4376 numero
1647 4323 1875 4377 trecenti
1933 4323 2120 4378 decem

533 4428 588 4473 ct
611 4424 756 4481 octo,
787 4422 842 4467 et
867 4415 1185 4482 disponente
1212 4429 1334 4482 qua:
1364 4413 1432 4468 ad
1460 4414 1599 4467 hanc
1625 4429 1739 4468 rem
1788 4414 2124 4483 pertinerent

532 4507 963 4580 competentibus
985 4506 1173 4571 modis,
1190 4505 1465 4561 Charisius
1484 4506 1701 4576 quidam
1725 4509 1943 4565 nomine
1966 4524 2120 4579 pres-

2222 3230 2350 3284 dum
2386 3230 2648 3283 honorem
2678 3224 2916 3279 debitum
2947 3230 3003 3277 et
3039 3222 3451 3277 convenientem
3478 3219 3675 3288 patribus
3696 3224 3736 3268 et

2220 3321 2452 3375 maxime
2469 3318 2797 3388 spiritalibus
2820 3324 2875 3369 et
2895 3314 3323 3385 praeceptoribus
3343 3326 3537 3380 semper
3555 3302 3733 3363 deferre.

2219 3412 2278 3468 Si
2306 3426 2436 3466 vero
2465 3409 2755 3478 contigerit
2800 3416 2857 3462 ut
2884 3407 2939 3461 hi
2969 3405 3062 3475 qui
3085 3404 3289 3459 docere
3315 3403 3561 3462 debeant,
3589 3413 3640 3453 ea
3676 3395 3736 3449 di~

2218 3502 2490 3559 scentibus
2510 3501 2576 3557 de
2605 3499 2709 3555 fide
2729 3498 2969 3568 garriant
2988 3511 3107 3566 qua:
3129 3510 3294 3550 aures
3313 3494 3534 3549 omnium
3554 3496 3736 3543 mentes-

2219 3611 2326 3668 que
2354 3594 2548 3648 lmdere
2571 3592 2799 3663 possint,
2830 3604 3052 3644 necesse
3075 3596 3159 3642 est
3181 3587 3424 3641 ordinem
3443 3588 3733 3639 commutare,

2220 3696 2276 3743 et
2317 3701 2413 3741 eos
2450 3685 2543 3754 qui
2562 3697 2817 3754 perverse
2855 3680 3053 3735 docere
3091 3677 3421 3732 contendant
3458 3690 3485 3727 a
3524 3667 3740 3737 discipulis

2220 3781 2391 3848 magis
2417 3777 2685 3844 redargui.
2715 3774 2825 3829 Sed
2850 3773 3104 3843 quoniam
3136 3771 3281 3824 inter
3307 3784 3398 3823 eos
3425 3774 3502 3820 est
3522 3760 3740 3818 Nestorius

2221 3869 2607 3933 numerandus,
2639 3866 2795 3919 mala:
2827 3879 2938 3919 sure
2962 3863 3235 3932 opinionis
3273 3861 3468 3914 fructus
3508 3852 3737 3921 decerpsit.

2222 3969 2277 4017 et
2303 3961 2395 4031 qui
2436 3960 2504 4013 de
2539 3958 2638 4012 ftdc
2665 3955 2867 4011 Christi
2917 3954 3147 4024 pessime
3177 3953 3484 4006 existimans
3515 3956 3564 4002 et
3586 3944 3741 3999 docens

2222 4068 2363 4122 sepe
2390 4066 2510 4122 quae
2540 4064 2663 4103 eum
2703 4048 2900 4102 docere
2927 4061 3039 4099 non
3066 4044 3337 4106 convenit,
3379 4055 3575 4095 omnem
3598 4035 3740 4090 orbem

2223 4155 2381 4202 terra:
2413 4141 2788 4205 conturbavit;
2837 4139 2973 4193 adeo
3003 4146 3063 4192 ut
3088 4138 3253 4192 etiam
3281 4137 3353 4207 pii
3380 4133 3623 4206 principes
3653 4142 3743 4182 ren-

2223 4252 2342 4293 scre
2374 4241 2636 4302 cogantur
2662 4232 2804 4285 hanc
2840 4237 3075 4284 vestram
3117 4228 3500 4283 sanctissimam
3533 4219 3742 4293 synodum

2224 4329 2542 4392 convenire,
2571 4333 2626 4379 et
2652 4332 2814 4377 rectre
2843 4322 2965 4377 lidei
2993 4322 3245 4389 dogmata
3280 4318 3581 4375 confirmare
3602 4332 3612 4366 :
3634 4308 3742 4382 quod

2225 4421 2386 4475 etiam
2416 4433 2509 4473 sua
2540 4415 2826 4471 clementia
2852 4413 3109 4467 Dominus
3126 4413 3268 4466 Deus
3297 4410 3504 4465 indulsit
3529 4415 3580 4461 ut
3604 4404 3661 4457 ob
3675 4416 3741 4454 su-

2222 4510 2522 4583 pradictam
2543 4521 2761 4561 causam
2783 4520 2878 4559 vos
2891 4518 3079 4558 omnes
3103 4503 3224 4568 huc,
3253 4500 3436 4555 Patres
3461 4489 3743 4554 sanctissimi.

1708 4618 2250 4682 CASTIGATIUNES
2291 4623 2376 4678 ET
2416 4618 2643 4676 NOTZE.

607 4754 632 4781 ι
671 4740 882 4796 Excidit
928 4736 1155 4791 fortasse
1212 4700 1476 4807 librario:
1494 4749 1709 4807 nomen
1749 4734 2116 4807 dmplzilocltii,
2146 4745 2196 4804 Β
2222 4735 2618 4807 exemplaribus
2646 4730 2875 4807 invenit1
2905 4728 3102 4783 Verum
3134 4729 3184 4807 in
3217 4728 3362 4807 Actis
3390 4722 3585 4807 concilii
3610 4714 3745 4787 Ephe-

531 4815 677 4886 quod
707 4812 898 4886 legitur
927 4818 1071 4886 tom._
1101 4807 1191 4886 cit:
1244 4818 1364 4873 pag.
1420 4802 1572 4867 1065,
1623 4804 1713 4857 ubi
1760 4802 2118 4874 fragmentum

532 4874 836 4953 liujusmddi
866 4878 1117 4953 occurrit.
1150 4874 1425 4953 Carmana.

605 4943 632 4994 ἱ
670 4948 1024 5021 loterprcs,_l.
1050 4963 1123 5009 c.,
1155 4945 1360 5006 subdit,
1393 4943 1669 5009 descendit,
1695 4958 1814 5021 qua:
1836 4961 1938 5021 vox
1966 4946 2119 5021 deest

532 5026 587 5080 in
616 5015 833 5086 Graecis;
866 5037 895 5073 a
938 5018 1235 5071 Mercatore
1282 5023 1567 5086 propterea
1609 5017 1824 5069 omissa.
1859 5015 1949 5071 Sic
1970 5019 2114 5073 enim

533 5096 642 5220 gi:
699 5093 783 5151 διὰ
820 5084 975 5145 ἒτοῦτο
1001 5090 1103 5161 γὰρ
1136 5089 1223 5141 ἐπὶ
1248 5095 1342 5158 γῆς
1380 5084 1406 5140 ὁ
1432 5086 1751 5161 ἐπουράνιος,
1782 5088 1867 5140 ἵνα
1897 5110 1942 5141 κ.
1975 5111 2027 5145 τ.
2063 5091 2110 5143 λ.

583 5180 807 5218 ΑιιΑΝυ.

583 5180 807 5218 ΑιιΑΝυ.

608 5245 630 5272 e
674 5233 798 5299 Leg.
822 5226 1115 5299 siquidem.
1142 5223 1598 5299 Grzecenamque,
1624 5226 1660 5279 Ι.
1689 5242 1737 5281 c.
1768 5240 1893 5295 pag.
1928 5226 2065 5280 1062
2096 5247 2110 5282 :

532 5301 719 5361 Εἵτινα
742 5297 998 5373 δῑᾳξιρίνιι,
1031 5297 1120 5373 ubi
1152 5304 1303 5373 vetus
1325 5297 1606 5365 interpres,
1621 5299 1675 5373 si
1705 5314 1851 5366 quem
1898 5300 2116 5373 secernit

533 5394 567 5428 ιι
593 5374 758 5428 nobis.
792 5366 915 5424 Mox
958 5366 1329 5436 rescripsimus
1376 5369 1662 5421 communio
1711 5384 1808 5436 pro
1857 5368 2117 5424 mendoso

533 5443 842 5504 communia,
874 5440 1053 5493 Baluz.
1080 5434 1284 5500 Grzece,
1310 5441 1391 5491 mi
1414 5441 1582 5494 παθῶν
1604 5434 1833 5492 nominatio:
1853 5443 1936 5491 καὶ
1960 5461 2119 5494 σταυο

534 5517 641 5585 pic.
678 5513 793 5567 Vet.
828 5512 1045 5579 interp.,
1078 5518 1128 5561 et
1154 5509 1452 5578 passionum
1475 5511 1868 5563 communicatio
1894 5518 1943 5561 et
1963 5525 2114 5564 crux.

533 5586 806 5639 (inuno.

605 5654 631 5692 ἀ
673 5652 985 5723 Hujusmodi
1014 5651 1228 5705 titulum
1256 5649 1462 5723 addidit
1505 5648 1775 5723 Baluzius,
1802 5658 1869 5723 ut
1902 5652 2019 5722 ipse
2061 5653 2117 5705 in

536 5727 678 5783 notis
708 5720 1017 5797 proﬁtetur;
1048 5722 1256 5776 nullum
1280 5722 1425 5775 enim
1452 5722 1506 5774 in
1535 5721 1770 5790 antiquis
1799 5720 2116 5777 Mercatoris

2221 4809 2347 4873 sini,
2378 4799 2481 4860 act.
2513 4803 2567 4868 6,
2594 4817 2716 4873 pag.
2747 4801 2899 4873 1202,
2935 4810 3064 4873 tom.
3098 4799 3457 4873 cit.,_ubih._'cc
3479 4803 3744 4873 etsequem

2221 4881 2297 4933 tia
2336 4865 2611 4943 leguntur;
2652 4865 2753 4943 ista
2790 4871 2957 4925 fertur
2988 4870 3275 4943 inscriptio
3324 4886 3336 4920 :
3381 4865 3623 4943 Incipiunt
3660 4866 3744 4943 acta

2220 4932 2533 5020 pertinentia
2567 4932 2636 4997 a'd
2665 4942 2889 5020 Charisii
2921 4932 3252 5020 relationei‘n,
3286 4932 3554 5020 quandois
3579 4932 3747 4982 accessit

2219 5008 2290 5073 ad
2321 5026 2559 5072 sanctam
2593 5013 2847 5079 synodum
2879 5011 3125 5066 adversus
3148 5008 3637 5073 Quartodecimanos.
3664 5068 3672 5079 ι
3720 5065 3726 5073 _

2291 5088 2481 5141 Petrus
2506 5079 2767 5156 presbyter
2788 5082 3124 5137 Alexandria:
3141 5122 3155 5147 ,
3186 5090 3235 5133 et
3263 5079 3569 5133 notariorum
3609 5080 3746 5141 prmu-

2217 5162 2385 5214 cerius
2414 5158 2547 5211 dixit
2577 5172 2594 5208 :

2293 5229 2520 5292 Sancta,
2552 5236 2648 5279 etc.
2680 5222 2954 5279 GALLAND.
3020 5290 3059 5292 ῳ
3295 5288 3329 5292 _
3375 5287 3387 5292 _
3461 5284 3471 5292 _
3574 5279 3584 5291 ,
3623 5277 3642 5292 ,
3671 5272 3715 5292 ί,

2297 5277 2535 5353 31661;
2557 5277 2710 5349 hiatu
2736 5277 2965 5347 laborat.
3018 5290 3270 5344 Testatur
3295 5284 3536 5341 Balulius
3572 5277 3689 5353 infra
3707 5277 3745 5352 in

2223 5371 2387 5433 notis,
2422 5346 2905 5437 pneseferretmss.
2938 5362 3155 5418 codices
3192 5363 3312 5437 jus,
3357 5346 3746 5437 mendose

2220 5426 2439 5509 procul:
2476 5436 2580 5509 Sed
2615 5435 2912 5509 proclivius
2959 5441 3090 5509 erat
3119 5426 3416 5509 rescribere
3454 5426 3745 5509 ῥυείη.

2214 5490 2427 5580 filii},
2454 5490 2539 5563 vel
2562 5490 2765 5580 isdlteln
2815 5504 3011 5559 addere
3056 5504 3334 5557 decretum.
3379 5490 3555 5552 Graece
3596 5490 3749 5553 ιεείιυτ

2222 5575 2345 5637 nari:
2369 5581 2655 5648 θέσπισμα.
2695 5575 2974 5648 Cauno.
3024 5645 3068 5648 η
3490 5636 3500 5646 .

2298 5624 2345 5689 Γ
3021 5645 3073 5699 id
3114 5651 3194 5699 est
3219 5686 3231 5702 .
3263 5636 3587 5696 meumenica;
3617 5634 3664 5682 ut
3681 5624 3752 5679 ba-

2221 5722 2351 5775 bent
2374 5718 2579 5785 Grzeca,
2611 5717 2809 5789 συνόδῳ
2838 5720 3172 5791 οἱκουμινικῇ.
3218 5713 3485 5769 Caussa.
