3958 6178
330 313 439 372 871

1161 299 1547 359 COLLECTIO
1576 298 1781 354 PRIMA
1827 296 2340 355 EXCERPTORUM
2383 297 2721 357 NESTOIill.

3512 305 3621 363 878

332 423 691 488 conveniatis.
733 421 904 491 Hujus
940 436 1104 477 causa
1144 435 1248 489 ego
1275 419 1345 473 ad
1389 426 1584 472 vesti-.2
1623 412 1925 469 sanctitatis
1952 420 2003 473 Α
2028 428 2213 468 errore
2242 415 2295 469 in
2324 418 2607 470 veritatem
2654 414 2924 471 desiderat
2954 416 3336 485 commigrare,
3367 432 3493 474 eum
3533 424 3619 477 di-

332 533 506 590 genua
535 515 851 588 provolutus
884 511 1114 573 aflirmo,
1145 510 1291 580 quod
1316 524 1428 564 non
1464 508 1642 562 solum
1679 505 1796 574 ipsc
1822 503 1926 557 Ne—

331 611 552 673 storius,
584 622 769 661 verum
799 605 961 659 etiam
991 601 1280 672 impietatis
1300 600 1467 669 ipsius
1487 597 1755 668 particeps
1784 594 1929 647 Ana-

333 700 532 756 stasius
556 706 612 752 et
640 695 863 750 Photius
891 692 1189 764 presbyteri
1231 689 1475 745 eamdem
1509 688 1672 742 etiam
1722 686 1777 739 in
1809 684 1930 738 aliis

334 790 644 847 civitatibus
697 786 855 841 [idem
907 784 1194 855 pessimam
1244 779 1581 835 disseminari
1629 778 1926 847 cupientes,

330 879 534 936 Jacobo
556 878 767 933 cuidam
790 877 870 930 sui
893 875 1053 930 simili
1078 873 1317 927 favorem
1335 872 1705 942 praestiterunt
1726 877 1781 923 et
1800 882 1931 937 pra:-

337 978 513 1033 stant,
556 968 624 1022 ad
669 965 925 1033 colloquii
970 964 1288 1019 societatem
1341 976 1467 1016 eum
1514 960 1831 1014 adhibentes
1875 964 1931 1011 et

337 1074 577 1122 mense,
627 1072 790 1126 quem
834 1056 996 1110 etiam
1025 1070 1124 1123 per
1169 1055 1377 1111 litteras
1421 1061 1695 1119 tamquam
1743 1049 1932 1104 ortho-

337 1151 543 1206 doxum
588 1148 986 1217 gloriosissimis
1032 1146 1214 1217 Lydiae
1273 1144 1543 1214 episcopis
1586 1140 1933 1197 commenda-

335 1250 491 1305 runt;
523 1240 614 1308 qui
643 1239 771 1293 talia
800 1238 1035 1292 admittit
1072 1252 1191 1305 qua:
1219 1237 1562 1291 sanctitatem
1583 1242 1819 1289 vestram
1841 1268 1856 1296 ,
1887 1233 1933 1287 si

337 1346 407 1385 ea
446 1330 781 1399 cognoverit,
813 1328 1229 1384 commovebunt
1251 1327 1427 1397 justas
1454 1327 1509 1380 in
1548 1341 1673 1381 eum
1714 1339 1933 1395 compe—

338 1431 624 1491 tentesque
648 1437 838 1491 pinnas
866 1421 977 1474 haec
1002 1420 1161 1485 ferre,
1192 1436 1293 1474 nec
1319 1435 1424 1473 non
1456 1418 1696 1472 etiamin
1728 1433 1823 1473 eos
1841 1416 1933 1485 qui

337 1512 395 1567 ei
421 1512 829 1581 patrocinantur
849 1518 905 1564 et
942 1509 1143 1564 favent.
1173 1510 1307 1563 Nam
1355 1524 1475 1562 cum
1504 1507 1931 1576 Philadelphiam

337 1607 616 1662 civitatem
646 1604 826 1676 Lydiae
854 1604 1199 1658 adventasset
1220 1643 1235 1668 ,
1276 1603 1631 1673 simpliciores
1671 1599 1933 1669 quosdam

336 1699 572 1754 clericos
594 1698 843 1767 decepit;
892 1705 947 1751 et
976 1697 1064 1750 illa
1099 1696 1202 1751 lide
1230 1704 1413 1765 spreta
1439 1709 1603 1763 quam
1633 1692 1821 1746 Patres
1841 1690 1932 1744 Ni-

2031 519 2183 559 scere
2209 505 2465 559 convenit
2488 513 2546 560 et
2571 503 2818 561 conﬁteri
2846 506 2991 576 quod
3025 524 3037 559 :
3069 504 3352 563 Credimus
3380 509 3434 563 in
3460 526 3624 567 unum

2033 591 2200 647 Deum
2231 593 2443 649 Patrem
2464 596 2846 664 interimunqui
2872 611 3050 665 neque
3076 605 3267 665 postea
3289 600 3455 669 C(Bpit
3481 616 3625 665 esse,

2033 684 2127 741 sed
2151 692 2309 739 antea
2338 694 2395 741 et
2419 702 2634 755 semper
2662 695 2780 740 erat
2817 687 2988 751 Deus,
3020 704 3199 757 neque
3224 698 3416 759 postea
3455 691 3629 751 factus

2032 782 2116 828 est
2142 774 2305 830 Pater
2331 776 2477 844 quod
2504 792 2720 847 semper
2743 786 2860 832 crat
2888 779 3029 833 Deus
3058 788 3113 834 et
3142 778 3319 835 Pater.
3348 781 3631 842 Credimus

2033 875 2213 920 autem
2242 879 2299 921 et
2338 869 2389 922 in
2421 885 2585 923 unum
2630 870 2824 923 Filium
2864 871 2961 925 Dei
3009 873 3341 941 unigenitum
3382 893 3451 932 ex
3498 879 3630 934 sub-

2032 958 2230 1012 stantia
2284 958 2487 1023 Patris,
2513 967 2571 1013 ut
2598 969 2745 1015 certe
2776 961 2988 1027 Filium,
3022 971 3077 1018 et
3104 979 3172 1018 ex
3200 967 3497 1022 substantia
3513 970 3629 1038 ejus

2033 1056 2188 1117 cujus
2217 1057 2301 1104 est
2328 1055 2383 1104 et
2403 1064 2522 1105 esse
2544 1051 2781 1105 creditur
2806 1052 2991 1107 Filius.
3027 1052 3093 1106 Et
3122 1055 3175 1108 in
3211 1054 3471 1125 Spiritum
3504 1075 3629 1115 san-

2035 1149 2201 1206 ctum,
2226 1142 2422 1211 quiest
2448 1158 2516 1197 ex
2544 1143 2639 1197 Dei
2682 1146 2980 1199 substantia
3013 1165 3025 1199 :
3058 1148 3149 1215 qui
3188 1165 3297 1202 non
3326 1158 3409 1204 est
3439 1152 3625 1218 Filius,

2035 1233 2131 1291 sed
2161 1236 2298 1290 Deus
2320 1250 2418 1304 per
2436 1237 2814 1302 substantiam,
2839 1245 3028 1307 utpote
3055 1234 3296 1307 ejusdem
3318 1243 3629 1299 substantia:

2035 1326 2188 1394 cujus
2217 1336 2301 1381 est
2328 1328 2469 1382 Deus
2497 1338 2553 1382 et
2582 1326 2759 1395 Pater,
2788 1344 2857 1382 ex
2885 1345 2992 1397 quo
3014 1338 3098 1385 est
3125 1347 3222 1400 per
3249 1334 3623 1389 substantiam.

2037 1416 2152 1471 Nos
2173 1419 2328 1482 enim,
2357 1418 2549 1487 inquit,
2583 1436 2687 1474 non
2728 1421 2966 1491 spiritum
2988 1423 3168 1476 mundi
3189 1427 3507 1495 accepimus,
3537 1427 3630 1481 sed

2034 1509 2273 1577 spiritum
2293 1510 2378 1579 qui
2404 1519 2482 1563 est
2519 1527 2585 1563 ea:
2613 1510 2724 1565 Deo
2749 1512 2802 1582 (1
2834 1512 2951 1567 Cor.
2986 1531 3042 1576 ιι,
3074 1514 3209 1583 12);
3238 1517 3305 1570 ab
3340 1519 3482 1570 omni
3518 1521 3632 1588 qui-

2035 1599 2158 1653 dem
2184 1607 2430 1654 creatura
2460 1617 2584 1654 eum
2625 1618 2910 1672 separans,
2954 1605 3065 1659 Deo
3089 1621 3219 1659 vero
3253 1607 3585 1677 conjungeus
3610 1653 3625 1677 ,

2037 1704 2103 1744 ex
2139 1704 2247 1759 quo
2288 1699 2370 1745 est
2410 1706 2506 1760 per
2533 1693 2890 1751 substantiam
2929 1697 3195 1765 praecipua
3235 1699 3467 1767 quadam
3489 1719 3629 1771 pro-

335 1804 466 1843 cum
502 1788 803 1852 ediderunt,
833 1786 955 1842 ﬁdei
985 1788 1169 1840 altera:
1198 1787 1363 1840 immo
1390 1802 1520 1839 vero
1547 1784 1784 1854 perﬁdia:
1809 1784 1928 1839 sub-
1956 1785 2005 1844 B
2033 1781 2256 1850 priaque
2300 1782 2511 1837 ratione
2560 1791 2756 1852 prmtcr
2804 1802 3020 1841 omnem
3065 1788 3227 1842 aliam
3279 1802 3581 1847 creaturam
3609 1812 3623 1859 ;

336 1882 581 1935 scribere
606 1880 893 1950 compulit:
914 1889 969 1934 et
992 1880 1098 1934 hoc
1124 1880 1199 1933 illi
1221 1878 1565 1947 simplicitate
1584 1894 1681 1932 sua
1709 1888 1734 1915 ι
1757 1878 1935 1933 tacere

336 1981 403 2025 et
440 1971 777 2026 subscribere
807 1971 911 2025 hoc
950 1971 1112 2025 modo
1145 1986 1157 2023 :
1204 1970 1345 2024 Huic
1388 1981 1539 2024 recta:
1566 1971 1687 2040 ﬁdei
1716 1973 1936 2025 assenti-

333 2079 478 2115 mur.
504 2061 634 2128 Quae
673 2061 940 2132 expositio
963 2062 1230 2116 lucretica:
1259 2062 1606 2130 blasphemiae
1629 2062 1934 2130 plenissima

336 2151 551 2219 integra
581 2160 664 2205 est
690 2166 811 2205 cum
860 2151 1255 2219 subscriptione
1284 2166 1471 2205 eorum
1514 2152 1710 2219 quibus
1748 2152 1934 2205 subre-

336 2249 496 2309 ptum
524 2248 636 2304 est;
667 2248 721 2294 et
748 2255 931 2308 quaeso
963 2248 1020 2293 ut
1059 2254 1123 2294 ea
1153 2255 1338 2294 coram
1366 2248 1543 2294 vestra
1580 2240 1934 2294 sanctimonia

334 2329 654 2395 recitentur,
681 2338 741 2383 ut
770 2329 1101 2397 intelligatur
1128 2328 1402 2397 quomodo
1434 2329 1507 2382 illi
1543 2338 1744 2383 rectam
1774 2328 1933 2383 ﬁdem

334 2427 555 2473 vertere
578 2420 757 2473 conati
785 2428 912 2474 sunt
936 2437 947 2471 :
970 2435 1071 2473 nec
1096 2419 1388 2473 nonetiam
1419 2419 1625 2473 litteras
1659 2434 1821 2487 supra
1860 2419 1936 2477 di-

336 2519 549 2566 ctorum
577 2509 834 2580 (recitari
861 2509 1116 2579 postulo)
1148 2524 1246 2578 per
1265 2525 1400 2577 quas
1426 2508 1687 2564 Jacobum
1715 2510 1934 2578 quidem

338 2602 675 2667 hzereticum,
705 2604 797 2671 qui
828 2603 951 2655 talia
981 2617 1140 2657 ausus
1167 2610 1268 2667 est,
1301 2601 1662 2667 orthodoxam
1702 2616 1820 2657 esse
1849 2611 1933 2658 te-

335 2705 582 2761 stantur,
631 2711 719 2749 me
744 2710 873 2749 vero
914 2702 1187 2761 tamquam
1223 2692 1535 2748 haereticum
1570 2695 1935 2749 communica-

338 2790 491 2845 tione
518 2799 573 2843 et
598 2788 896 2842 ministerio
925 2788 1311 2841 submoverunt
1332 2787 1551 2855 pietatis
1579 2786 1832 2854 dogmata
1855 2802 1936 2842 re-

338 2882 624 2942 tinentem,
656 2880 795 2933 sicut
830 2879 881 2931 in
912 2878 1138 2933 subditis
1160 2878 1461 2947 apparebit.
1493 2877 1586 2933 llis
1626 2878 1827 2933 etenim
1854 2893 1936 2932 re-
1974 2946 1979 2951 ⁴

337 2971 542 3033 citatis,
564 2970 820 3024 sanctitas
840 2977 1016 3022 vestra
1037 2969 1334 3036 comperiet
1359 2969 1536 3037 qualia
1575 2970 1682 3023 sint
1721 2984 1784 3024 ea
1812 2984 1934 3038 qum

342 3060 420 3113 illi
440 3060 721 3114 adversum
747 3068 948 3114 rectam
974 3058 1133 3113 ﬁdem
1156 3060 1358 3114 scelera
1379 3061 1783 3127 commiserunt,
1813 3077 1933 3130 qua:
1962 3046 1966 3050 l

339 3163 442 3217 per
470 3155 702 3202 vestram
729 3148 1073 3201 sanctitatem
1100 3149 1314 3216 penitus
1338 3148 1580 3203 destruet
1608 3150 1766 3205 Deus.

885 3236 1108 3291 Charisii
1134 3240 1413 3310 confessio.

416 3328 592 3383 Credo
623 3329 676 3381 in
703 3343 870 3382 unum
892 3328 1058 3382 Deum
1079 3328 1296 3385 Patrem
1318 3331 1762 3399 omnipotentem,
1778 3331 1936 3387 Crea-

342 3427 521 3473 torem
543 3420 800 3483 oumium,
836 3419 1120 3473 visibilium
1164 3428 1219 3473 et
1267 3421 1611 3476 invisibilium
1651 3422 1929 3478 factorem.

336 3510 414 3564 Et
442 3512 493 3565 in
523 3526 685 3565 unum
728 3511 1010 3565 Dominum
1049 3510 1231 3565 Jesum
1271 3510 1544 3568 Christum
1582 3514 1773 3569 Filium
1819 3516 1935 3584 ejus

342 3602 708 3669 unigenitum,
742 3602 909 3656 Deum
930 3602 997 3656 de
1028 3604 1158 3667 Deo,
1195 3605 1374 3658 lumen
1402 3604 1469 3659 de
1500 3606 1733 3671 lumine,
1766 3609 1934 3664 Deum

341 3706 534 3746 verum
559 3692 625 3745 de
655 3692 767 3746 Deo
792 3708 943 3757 vero,
970 3692 994 3733 δ
1018 3693 1208 3747 δίιηὶιὶε
1233 3709 1354 3748 cum
1397 3694 1558 3750 Patre
1584 3697 1892 3753 substantiae
1919 3718 1930 3751 :

342 3782 438 3853 qui
483 3792 708 3852 propter
747 3800 846 3838 nos
894 3792 949 3838 et
994 3792 1233 3838 nostram
1280 3785 1506 3841 salutem
1552 3786 1829 3842 descendit
1867 3789 1935 3845 de

342 3875 534 3938 ctelis,
579 3875 887 3930 incarnatus
915 3884 1018 3940 est,
1050 3884 1209 3929 natus
1247 3884 1330 3929 est
1369 3892 1438 3931 ex
1479 3886 1665 3932 sancta
1699 3880 1931 3947 Virgine,

344 3965 511 4019 homo
552 3964 725 4019 factus
754 3976 866 4031 est,
897 3966 1186 4020 cruciﬁxus
1219 3976 1304 4021 est
1329 3983 1429 4036 pro
1457 3968 1614 4023 nobis
1635 4010 1649 4035 ,
1692 3982 1935 4028 mortuus

343 4064 448 4121 est,
477 4058 775 4110 resurrexit
802 4058 962 4111 tertia
982 4058 1090 4119 die,
1118 4058 1360 4114 ascendit
1389 4060 1440 4112 in
1470 4061 1657 4127 cmlos,
1680 4071 1936 4119 venturus

338 4146 585 4215 judicare
606 4148 754 4201 vivos
796 4157 851 4201 et
896 4156 1156 4203 mortuos.
1199 4148 1267 4203 Et
1311 4150 1364 4204 in
1411 4150 1666 4220 Spiritum
1696 4155 1937 4210 veritatis

345 4238 685 4307 paraclitum,
721 4247 745 4279 ε
769 4240 956 4294 similis
985 4241 1296 4295 substantia:
1333 4258 1456 4296 cum
1493 4242 1653 4299 Patre
1690 4254 1746 4299 et
1774 4246 1930 4301 Filio.

343 4327 415 4381 Et
441 4329 495 4383 in
524 4339 765 4384 sanctam
804 4330 1099 4387 Ecclesiam
1127 4334 1447 4388 catholicam
1471 4377 1486 4401 ,
1518 4344 1574 4390 et
1603 4338 1653 4390 in
1691 4354 1932 4393 resun'e-

342 4419 580 4472 ctionem
629 4428 996 4487 mortuorum,
1029 4422 1056 4458 α
1103 4430 1158 4476 et
1194 4422 1250 4475 in
1294 4424 1456 4477 vitam
1499 4433 1776 4481 mternam.
1820 4428 1934 4497 Ego

2035 1887 2196 1940 quam
2225 1887 2333 1927 non
2363 1888 2431 1927 ex
2456 1874 2754 1929 substantia
2787 1877 2881 1931 sed
2919 1892 2987 1932 ex
3015 1894 3175 1934 causa
3222 1884 3555 1950 Operationis
3595 1901 3629 1939 a

2036 1962 2149 2017 Deo
2172 1964 2440 2019 credimus
2465 1964 2680 2020 factam.
2714 1966 2782 2020 Et
2810 1984 2985 2037 neque
3017 1970 3209 2027 Filium
3235 1982 3504 2042 putamus,
3529 1991 3627 2032 nc-

2034 2067 2140 2122 que
2174 2070 2271 2123 per
2302 2054 2495 2111 Filium
2529 2056 2549 2094 ῖ
2584 2060 2874 2113 essentiam
2907 2063 3133 2131 cepisse.
3171 2064 3503 2122 Coniitemur
3540 2085 3631 2124 au.

2035 2150 2145 2195 tem
2167 2142 2341 2213 ipsum
2368 2161 2465 2214 per
2492 2161 2552 2201 se
2582 2145 2797 2201 Patrem
2828 2151 3129 2218 perfectum
3165 2170 3260 2209 sua
3283 2173 3543 2225 persona,
3573 2172 3629 2215 et

2036 2230 2229 2285 Filium
2256 2233 2417 2289 simili
2447 2237 2627 2301 modo,
2659 2245 2714 2292 et
2736 2238 2864 2292 item
2894 2239 3155 2310 Spiritum
3184 2256 3452 2310 sanctum,
3476 2252 3626 2306 salva

2036 2333 2290 2380 manente
2315 2328 2471 2382 nobis
2499 2329 2709 2384 ratione
2732 2332 2977 2401 pietatis,
3012 2344 3069 2389 ut
3096 2335 3309 2392 Patrem
3342 2348 3398 2393 et
3432 2341 3626 2397 Filium

2035 2421 2092 2467 et
2130 2412 2388 2483 Spiritum
2421 2427 2667 2472 sanctum
2716 2436 2827 2473 non
2872 2429 2982 2477 tres
3024 2424 3262 2481 diversas
3301 2430 3628 2489 substantias

2035 2518 2154 2560 esse
2179 2506 2478 2574 credamus,
2495 2517 2520 2555 Β
2543 2509 2636 2563 sed
2659 2526 2821 2565 unam
2849 2514 3202 2585 eamdemque
3221 2518 3626 2577 similitudinem

2036 2595 2278 2651 Deitatis.
2299 2596 2447 2653 Scire
2468 2610 2647 2654 autem
2669 2603 2921 2656 convenit
2949 2605 3111 2658 etiam
3136 2606 3203 2661 de
3223 2607 3629 2677 dispensatione

2034 2702 2196 2755 quam
2226 2703 2324 2755 pro
2351 2697 2534 2743 nostra
2565 2691 2737 2745 salute
2764 2692 2819 2746 in
2847 2693 3075 2748 Domino
3115 2693 3331 2753 Christo
3368 2700 3628 2758 Dominus

2035 2774 2176 2830 Deus
2223 2776 2493 2846 implevit,
2530 2780 2675 2847 quod
2706 2780 2849 2835 Deus
2874 2781 3109 2839 Verbum
3147 2785 3421 2842 hominem
3457 2792 3629 2860 perfe-

2035 2874 2180 2920 ctum
2205 2870 2495 2937 assumpsit
2521 2884 2588 2924 ex
2602 2871 2806 2925 semine
2834 2872 3105 2928 Abraham
3128 2882 3184 2930 et
3203 2892 3271 2930 ex
3287 2877 3455 2933 David
3471 2890 3626 2948 juxta

2035 2957 2470 3027 pnedicationem
2492 2968 2801 3016 sanctarum
2829 2962 3247 3035 Scripturarum,
3280 2970 3397 3036 ejus
3423 2983 3630 3028 natura:

2035 3047 2186 3116 cujus
2215 3058 2269 3102 et
2309 3050 2386 3103 illi
2430 3050 2641 3105 fuerant
2664 3068 2730 3107 ex
2758 3069 2987 3122 quorum
3027 3058 3234 3112 semine
3265 3068 3411 3127 erat,
3454 3064 3629 3117 horni-

1959 3143 2003 3204 C
2035 3154 2158 3192 nem
2187 3147 2377 3193 natura
2401 3140 2802 3210 perfectum,ex
2826 3146 3002 3199 anima
3037 3149 3291 3203 rationali
3313 3160 3369 3205 et
3395 3153 3629 3209 humana

2038 3244 2201 3283 carne
2230 3231 2615 3299 compositura;
2654 3248 2814 3301 quem
2861 3235 3131 3291 hominem
3185 3249 3385 3294 nostra:
3424 3253 3628 3299 natura:

2038 3319 2373 3375 consimilem
2413 3322 2644 3392 Spiritus
2683 3328 2854 3381 sancti
2882 3328 3081 3383 virtute
3118 3331 3172 3384 in
3207 3333 3365 3387 vulva
3399 3335 3629 3405 Virginis

2040 3409 2222 3466 fictura
2246 3415 2441 3484 factum
2461 3432 2526 3469 ea:
2546 3416 2784 3483 muliere,
2810 3421 3000 3491 factum
3030 3422 3121 3475 sub
3152 3424 3262 3495 lege
3283 3426 3300 3496 (
3319 3426 3436 3481 Gal.
3462 3429 3626 3503 mli},

2039 3512 2099 3558 ut
2124 3522 2313 3562 omnes
2346 3510 2576 3564 redimat
2613 3527 2642 3566 a
2696 3512 2828 3579 legis
2857 3516 3144 3581 servitute,
3178 3530 3501 3576 consecutos
3531 3524 3625 3578 ad-

2039 3599 2313 3668 optionem
2343 3616 2463 3669 qua:
2500 3611 2583 3658 est
2612 3605 2740 3658 olim
2788 3610 3131 3675 rcpromissa,
3175 3611 3627 3672 iumstimabiliter

2037 3695 2139 3749 sibi
2164 3695 2462 3763 conjunxit,
2488 3704 2543 3751 et
2571 3706 2801 3753 mortem
2842 3701 3058 3768 quidem
3087 3707 3323 3772 experiri
3352 3723 3503 3763 more
3526 3710 3630 3763 ho-

2036 3786 2239 3841 minum
2284 3788 2436 3853 fecit,
2477 3790 2756 3843 suscitavit
2783 3806 2913 3845 vero
2941 3808 2969 3844 a
3000 3795 3247 3858 mortuis,
3284 3805 3340 3850 et
3368 3800 3547 3852 evexit
3575 3802 3630 3854 in

2037 3877 2230 3942 caalos,
2262 3886 2320 3932 et
2364 3879 2552 3932 sedere
2595 3877 2722 3932 fecit
2761 3878 2828 3932 ad
2869 3879 3149 3935 dexteram
3178 3884 3293 3937 Dei.
3328 3885 3479 3941 Unde
3504 3904 3627 3944 cum

2036 3968 2108 4022 sit
2133 3985 2292 4039 supra
2325 3985 2525 4022 onmem
2545 3970 2894 4039 principatum
2913 3980 2963 4023 et
2982 3981 3284 4040 potestatem
3306 3985 3355 4028 et
3383 3977 3624 4032 domina-

2039 4061 2244 4125 tionem,
2269 4070 2317 4114 et
2334 4077 2491 4130 supra
2525 4077 2675 4114 omne
2702 4078 2888 4116 nomen
2909 4064 3302 4132 nominandum,
3322 4084 3424 4123 non
3447 4072 3501 4123 in
3531 4072 3626 4126 hoc

2038 4162 2237 4207 tantum
2264 4154 2473 4217 sweulo,
2505 4154 2595 4208 sed
2623 4155 2779 4208 etiam
2806 4156 2862 4207 in
2888 4156 3060 4224 futuro
3085 4155 3311 4226 (Ep/res.
3336 4176 3371 4223 ι,
3403 4159 3463 4212 21
3487 4161 3526 4229 ),
3556 4163 3624 4217 ab

2037 4244 2183 4298 omni
2208 4251 2453 4298 creatura
2476 4244 2686 4310 accepit
2720 4243 3120 4297 venerationem
3144 4246 3192 4298 ei
3233 4248 3526 4304 tribuente.
3559 4250 3626 4305 Et

2037 4348 2217 4400 neque
2246 4332 2381 4387 duos
2422 4332 2649 4385 dicimus
2696 4330 2835 4385 filios
2871 4347 3049 4400 neque
3093 4334 3362 4402 dominos,
3394 4356 3625 4409 quorum

2038 4439 2176 4476 unus
2204 4423 2370 4475 Filius
2395 4437 2492 4491 per
2510 4422 2866 4475 substantiam
2897 4422 3038 4478 Deus
3053 4423 3290 4480 Verbum
3319 4430 3625 4497 unigenitus

341 4510 622 4565 Charisius
647 4513 818 4567 obtuli
846 4514 1104 4581 libellum,
1128 4515 1266 4570 sicut
1305 4531 1467 4586 supra
1496 4517 1699 4573 dictum
1727 4529 1838 4584 οδε,
1880 4528 1937 4576 ει
1963 4512 2014 4571 Ι)
2039 4513 2205 4567 Filius
2227 4511 2422 4575 Patris,
2453 4512 2540 4566 cui
2570 4512 2671 4566 iste
2700 4511 3051 4580 conjunctus,
3077 4525 3132 4570 et
3158 4516 3365 4572 habens
3386 4516 3624 4576 ﬁlietatis

341 4602 634 4672 subscripsi
658 4619 817 4656 manu
841 4619 981 4657 mea.

642 4692 1017 4747 SYMBOLUM
1060 4704 1082 4731 ε
1123 4693 1636 4752 NESTORIANUM.

418 4782 669 4852 Quisquts
700 4785 785 4839 vel
814 4802 956 4840 nunc
1000 4788 1232 4855 primum
1278 4789 1573 4843 instituitur
1608 4791 1936 4846 ecclesiasti-

341 4888 532 4929 corum
560 4874 872 4944 dogmatum
899 4877 1155 4943 scientia,
1188 4878 1274 4933 vel
1304 4894 1371 4932 ex
1403 4880 1647 4950 quolibet
1679 4882 1933 4939 hmretico

2042 4604 2437 4673 participatum,
2468 4603 2629 4657 etiam
2653 4601 2745 4656 lilii
2774 4604 3134 4673 appellatione
3153 4610 3544 4675 communicat,
3568 4622 3623 4668 et

2043 4695 2299 4751 Dominus
2320 4710 2417 4765 per
2443 4694 2799 4748 substantiam
2831 4703 2916 4748 est
2943 4695 3084 4751 Deus
3108 4696 3375 4766 Verbum,
3407 4701 3494 4754 cui
3520 4701 3623 4755 iste

2040 4785 2356 4854 conjunctus
2383 4784 2576 4839 honori
2605 4784 2985 4838 communicat.
3016 4784 3084 4838 Et
3120 4796 3410 4856 pr0ptcrca
3447 4805 3624 4860 neque

2041 4882 2177 4937 duos
2212 4878 2439 4932 dicimus
2469 4874 2609 4929 ﬁlios
2637 4888 2815 4943 neque
2854 4874 2991 4930 duos
3019 4875 3298 4945 dominos;
3329 4880 3456 4949 quia
3501 4896 3624 4936 cum

1516 4993 2063 5054 CASTIGATIONES
2104 4995 2192 5051 ET
2229 4991 2455 5048 NOTAE.

419 5084 443 5153 ξι
471 5073 787 5153 Δῐτθερηόιιιῐι
819 5078 1046 5143 videtur,
1072 5081 1304 5153 fecereet
1326 5081 1688 5153 subscripsere.
1717 5085 1924 5153 Graece,

341 5148 430 5231 ³εαί
467 5144 527 5204 δή
573 5144 1116 5231 ἰζσξῡςτο’θῆναι-οωήκασιηιὲ,ζ
1138 5153 1207 5211 ὡς
1235 5144 1576 5231 africa-erepo:
1606 5144 1931 5231 mauro-yde

340 5215 557 5301 \kmsc;
588 5215 706 5269 Vet.
734 5218 1008 5301 interpres
1033 5238 1044 5271 :
1074 5220 1139 5272 Et
1167 5222 1369 5301 quidem
1396 5215 1613 5301 Izoc'illi,
1645 5236 1700 5301 ut
1723 5215 1930 5297 εἰηίριί-

340 5287 510 5355 ciores
528 5288 773 5355 fecerunt,
791 5290 1161 5343 subscribentes
1176 5287 1227 5343 in
1255 5292 1387 5344 hunc
1404 5287 1628 5347 modum.
1648 5287 1927 5351 GALLA'ND.

421 5353 701 5437 ﬁlicgerit
724 5358 1084 5437 Merc;_1_t_or_in
1132 5377 1230 5437 suo
1273 5364 1568 5437 exemplari
1613 5364 1927 5437 amtouatou.

338 5421 453 5477 Sed
479 5426 531 5503 in
561 5421 707 5503 Actis
735 5429 948 5503 cOIicilii
978 5429 1251 5498 Ephesiui,
1297 5421 1579 5494 uimine.
1614 5421 1746 5503 pag.
1773 5435 1927 5502 120:5,

341 5505 496 5619 tacete
517 5496 708 5563 legitur
726 5497 999 5571 ὁμοούσιον
1024 5496 1203 5577 ΪΙατρί,
1235 5496 1725 5559 ζοηδαὸδιαηιίάιθῆι
1754 5496 1926 5561 Patri;

396 5582 622 5619 ΔιιΑΝυ.

396 5582 622 5621 Διιληυ.

424 5635 557 5721 ξ-ξξ
582 5640 689 5721 hic
694 5640 749 5721 in
784 5640 1159 5721 iisdem-ﬁctis
1189 5641 1383 5721 legitur
1403 5642 1723 5721 ,_6poodmgv
1772 5650 1931 5721 Πατρί

349 5709 444 5760 καὶ
467 5710 592 5778 Titi,
645 5709 794 5763 Patri
817 5722 866 5764 et
914 5710 1051 5765 Filio
1091 5709 1601 5768 consubslmuia'lem.
1649 5709 1924 5770 Guttam.

2114 5084 2141 5124 ά
2180 5085 2256 5139 lta
2280 5084 2451 5140 codex
2464 5081 2775 5137 Vaticanus.
2794 5080 3151 5145 Bellovac.,et
3169 5084 3342 5139 vitam.
3369 5085 3503 5143 Vide
3523 5103 3623 5143 an-

2044 5151 2813 5228 tiquamjersionenrconcilii
2836 5151 3112 5221 Ephesini,
3132 5168 3252 5228 pag.
3280 5154 3399 5211 551.
3418 5159 3622 5213 ΒΑιυΖ.

2116 5222 2140 5263 δ
2182 5227 2228 5280 Α
2255 5225 2542 5297 Theodoro
2573 5222 2955 5297 Mopsuesteno
2983 5222 3343 5297 compositum
3362 5270 3376 5292 ,
3405 5238 3466 5282 ut
3494 5229 3627 5297 legi-

2042 5306 2137 5367 tur
2151 5311 2313 5367 supra
2342 5294 2416 5367 4i
2440 5302 2494 5347 et
2524 5294 2579 5367 in
2590 5292 2935 5367 collectione
2970 5293 3003 5345 ιι
3032 5302 3088 5367 et
3110 5292 3169 5367 ’5_
3179 5297 3395 5352 concilii
3429 5292 3623 5367 quinti.

2044 5366 2175 5422 Vide
2205 5362 2516 5420 Facundum
2548 5364 2639 5418 lib.
2670 5378 2725 5417 ιιι
2754 5378 2873 5432 cap.
2905 5363 2940 5415 2
2962 5371 3017 5418 et
3043 5362 3093 5416 5.
3139 5363 3339 5419 BALUZ.

2115 5437 2135 5511 ἔ
2172 5434 2382 5511 _Gra3c_e,
2422 5435 2457 5488 l.
2483 5450 2557 5500 c.,
2589 5449 2736 5511 pag.‘
2758 5433 2921 5500 1208,
2967 5434 3192 5511 legimus
3217 5477 3230 5500 ,
3262 5443 3350 5496 τήν
3380 5437 3623 5511 ὕπαρξιν,

2040 5508 2446 5568 subsistentiam,
2477 5520 2545 5558 ex
2574 5502 2681 5559 vet.
2723 5506 3039 5573 interprete.
3081 5502 3355 5560 GALLAND.

2113 5590 2136 5626 Β
2177 5577 2362 5630 Graeca
2386 5584 2511 5647 Stult
2543 5593 2556 5628 :
2580 5578 2725 5634 ’Λλλά
2754 5576 3249 5647 μίαν-τῇταυτότητς
3277 5587 3368 5636 τῆς
3395 5578 3626 5647 θεότητος

2039 5650 2426 5723 γνῳριζομένην.
2456 5644 2575 5723 Vet.
2606 5644 2826 5723 interi»,
2860 5644 2968 5699 Sed
2995 5661 3152 5698 unam
3195 5645 3481 5698 idemtitate
3510 5644 3629 5697 Dci-

2045 5715 2162 5772 ialis
2193 5715 2590 5789 agnoscendum.
2615 5715 2868 5771 GALLAND
