3978 6188
455 274 566 337 879

962 275 1155 333 MAR"
1192 276 1635 333 MERCATORIS
1684 277 2021 334 TRANSLA'

2127 278 2253 336 NES
2292 279 2651 338 νΑιιιυιιυιι
2691 282 3221 343 ορυεουιοιζυιι.

3584 302 3669 359 880

455 396 526 451 sit
552 393 868 453 manifestus
891 394 935 449 is
962 395 1054 463 qui
1094 401 1176 448 est
1205 408 1302 463 per
1321 393 1677 448 substantiam
1698 393 1957 447 Dominus
1986 400 2041 448 et
2068 398 2115 458 Α
2144 394 2634 451 ecclesiasticarum
2648 396 2962 465 dogmatum
2991 400 3247 467 assertio;
3271 409 3323 457 et
3345 405 3671 477 quisquiscon.

454 488 641 551 Filius,
676 485 1086 556 inseparabilem
1114 484 1321 538 habens
1340 499 1462 538 cum
1485 499 1550 538 eo
1566 482 2037 551 conjunctionem;

453 580 541 634 hic
565 594 781 649 quoque
808 577 898 647 qui
930 592 1026 645 pro
1051 582 1235 630 nostra
1264 575 1440 630 salute
1462 582 1773 645 assumptus
1800 582 1901 640 est,
1917 590 2043 629 con-

452 668 711 735 refertur,
745 667 795 721 id
824 676 923 731 est,
957 669 1376 743 συναναφέρετσι,
1410 667 1808 736 nuncupatione
1837 666 1955 720 Filii
1985 674 2041 721 et

449 762 681 827 Domini,
713 776 823 815 non
863 759 1316 829 quemadmodum
1364 760 1730 829 unusquisque
1766 766 2034 825 nostrum,

449 854 541 923 qui
570 868 667 922 per
698 867 757 907 se
784 853 958 921 ipsum
991 851 1126 906 filius
1162 860 1244 905 est
1275 850 1452 920 (unde
1484 860 1538 906 et
1568 853 1719 905 multi
1764 850 1856 905 ﬁlii
1882 852 2035 919 juxta

444 949 666 1004 beatum
706 946 905 1000 dicitur
931 944 1157 999 Paulum
1198 942 1355 1017 [ϐαι.
1386 962 1442 999 ιιι
1468 983 1483 1008 ,
1516 944 1585 997 26
1606 944 1647 1014 l,
1679 945 1773 998 sed
1814 945 1960 999 solus
1993 946 2038 999 is

445 1041 651 1095 habens
673 1038 998 1108 praecipuam
1028 1035 1469 1104 conjunctionem
1498 1036 1563 1088 ad
1586 1036 1754 1088 Deum
1781 1034 2032 1101 Verbum,

446 1128 685 1183 ﬁlietatis
718 1127 1208 1194 dominationisquc
1240 1126 1540 1195 particeps,
1588 1126 1775 1178 adimit
1818 1126 2035 1194 quidem

447 1204 1017 1292 npinioncm'duorum
1054 1216 1284 1271 ﬁliorum
1325 1226 1380 1270 et
1408 1218 1782 1281 dominorum,
1834 1219 2037 1286 pra3bet

444 1331 576 1370 vero
602 1314 758 1367 nobis
794 1312 1237 1380 conjunctionem
1271 1310 1337 1363 ad
1362 1311 1527 1364 Deum
1552 1309 1787 1363 Verbum
1817 1324 2034 1363 omnem

444 1407 648 1461 habere
670 1405 737 1458 de
766 1419 833 1457 eo
877 1401 1035 1457 ﬁdem
1065 1408 1119 1455 et
1144 1401 1486 1470 opinionem;
1522 1418 1622 1471 pro
1648 1401 1841 1470 quibus
1862 1411 1917 1455 et
1943 1415 2038 1455 ve-

444 1497 815 1561 nerationem,
848 1505 874 1532 ι
919 1500 1108 1563 utpote
1156 1494 1251 1547 Dei
1290 1493 1499 1559 relatio,
1541 1495 1610 1549 ab
1651 1493 1798 1549 omni
1840 1493 2039 1562 accipit

446 1596 714 1643 creatura.

518 1675 695 1729 Unum
744 1674 907 1742 igitur
950 1672 1178 1728 dicimus
1216 1672 1410 1726 Filium
1438 1679 1494 1727 et
1519 1672 1805 1727 Dominum
1851 1672 2033 1728 Iesum

2142 492 2226 538 tra
2261 486 2374 541 hazc
2403 486 2621 553 credat,
2664 489 2950 543 anathema
2980 490 3068 543 sit.
3107 489 3351 562 Quisquis
3383 511 3479 550 non
3511 503 3671 571 accipit

2139 576 2430 631 salutarem
2452 578 2828 646 paenitentiam
2849 620 2863 643 ,
2891 580 3177 636 anathema
3217 583 3304 637 sit.
3334 584 3429 649 Qui
3458 600 3667 647 sanctum

2140 667 2281 723 diem
2305 667 2527 725 Pascha:
2550 685 2658 724 non
2680 669 2807 725 facit
2830 670 2983 741 juxta
3014 687 3216 727 morem
3243 675 3499 731 catholica:
3517 677 3672 735 Eccle—

2139 760 2232 814 siae
2246 803 2260 824 ,
2293 762 2581 816 anathema
2608 763 2700 817 sit.

2213 851 2237 889 ιι
2280 852 2479 907 Budius
2508 852 2679 908 Vinici
2700 852 3116 922 Philadelpbeus
3136 853 3673 919 Tessaresaedecatites

2142 943 2337 1009 agnovi
2366 958 2551 998 veram
2583 942 2739 997 ﬁdem
2770 944 3126 1010 orthodoxiaz,
3158 954 3212 999 et
3239 948 3414 1014 rogavi
3445 953 3675 1007 sanctissi-

2138 1048 2287 1086 mum
2313 1034 2625 1103 episcopum
2649 1034 3079 1103 Thcopbanium,
3104 1046 3160 1090 et
3179 1039 3375 1091 accessi
3400 1040 3463 1092 ad
3487 1046 3671 1097 sanctis-

2137 1124 2329 1177 simam
2377 1132 2432 1179 et
2478 1126 2801 1179 catholicam
2843 1125 3139 1181 Ecclesiam
3170 1170 3185 1193 ,
3230 1136 3285 1182 et
3328 1132 3674 1191 anatliematizo

2136 1232 2353 1271 omnem
2376 1217 2641 1283 hazresim,
2674 1228 2730 1272 et
2755 1218 2987 1272 maxime
3016 1216 3670 1292 Tessaresczcdecatitarum,

2137 1306 2191 1359 in
2225 1321 2332 1375 qua
2380 1314 2506 1361 ante
2539 1307 2818 1372 errabam,
2856 1314 2912 1361 et
2948 1308 3188 1362 assentio
3227 1312 3572 1380 suprascripta
3595 1330 3675 1368 ex-

2136 1397 2394 1466 positioni
2422 1406 2585 1452 recta:
2616 1397 2766 1463 ﬁdei,
2799 1398 3261 1453 anathematizans
3287 1411 3341 1455 et
3367 1416 3455 1455 eos
3480 1404 3559 1472 qui
3586 1421 3676 1458 non

2134 1492 2336 1547 faciunt
2358 1502 2601 1547 sanctum
2621 1493 2763 1547 diem
2794 1494 3013 1549 Paschte
3034 1496 3189 1564 juxta
3212 1513 3411 1553 morem
3438 1502 3676 1556 catholica

2136 1591 2190 1636 et
2216 1584 2528 1652 apostolica:
2565 1582 2838 1639 Ecclesize.
2871 1584 2937 1638 Et
2971 1584 3095 1653 juro
3132 1602 3231 1654 per
3257 1596 3485 1643 sanctam
3513 1599 3562 1644 et
3596 1592 3676 1646 lio-

2135 1674 2382 1726 inousion
2428 1672 2746 1726 Trinitatem
2786 1682 2842 1727 et
2888 1690 2987 1743 per
3028 1675 3321 1743 pietatem,
3363 1687 3415 1731 et
3436 1680 3676 1733 victoriam

443 1765 735 1831 Christum,
760 1780 858 1833 per
886 1779 1049 1832 quem
1076 1764 1257 1817 omnia
1284 1762 1422 1818 facta
1453 1772 1605 1830 sunt;
1637 1766 1886 1833 primitus
1906 1766 2027 1835 qui-
2061 1771 2107 1830 Β
2134 1764 2240 1817 DD.
2273 1763 2382 1817 NN.
2414 1764 2495 1817 Fl.
2524 1763 2815 1818 Theodosii
2845 1773 2901 1819 et
2931 1765 3013 1819 Fl.
3045 1765 3400 1823 Valentiniani
3438 1780 3682 1839 perpetuo-

444 1859 565 1913 dem
592 1858 760 1911 Deum
783 1855 1016 1911 Verbum
1045 1856 1419 1923 intelligentes,
1445 1858 1537 1925 qui
1562 1866 1645 1911 est
1664 1873 1761 1927 per
1782 1860 2032 1913 substan-

443 1952 574 2005 tiam
598 1950 767 2003 Filius
793 1949 889 2002 Dei
919 1958 974 2002 et
994 1948 1283 2011 Dominus;
1305 1948 1497 2003 deinde
1528 1950 1840 2005 inducentes
1869 1951 2031 2004 etiam

445 2050 775 2112 assumptum
806 2040 972 2095 ﬁlium
1003 2040 1066 2094 de
1086 2039 1375 2107 Nazaretlt,
1399 2059 1544 2113 quem
1571 2045 1722 2096 unaiit
1760 2043 1898 2098 Deus
1920 2045 2031 2114 spi-

444 2136 547 2187 ritu
589 2143 637 2185 et
684 2134 868 2186 virtute
900 2130 1045 2200 (Act.
1083 2146 1137 2195 x,
1179 2128 1303 2199 38),
1349 2131 1504 2200 quasi
1546 2131 1927 2200 conjunctione
1964 2131 2031 2187 ad

444 2223 612 2277 Deum
636 2221 868 2275 Verbum
898 2218 1133 2273 ﬁlietatis
1156 2219 1649 2291 dominationisque
1678 2224 2027 2293 participem;

443 2316 534 2386 qui
556 2314 719 2369 etiam
752 2312 1019 2367 secundus
1057 2311 1226 2365 Adam
1248 2312 1404 2382 juxta
1435 2314 1653 2368 beatum
1684 2314 1908 2369 Paulum
1929 2332 2029 2369 vo-

442 2414 597 2462 catur
627 2405 687 2475 (l
716 2402 836 2459 Cor.
874 2420 963 2469 xv,
994 2402 1108 2474 45),
1137 2404 1290 2472 quasi
1317 2404 1556 2473 ejusdem
1585 2406 1801 2475 quidem
1826 2414 2031 2461 natura:

441 2511 546 2568 qua
567 2494 759 2561 Adam,
773 2494 1152 2550 demonstrans
1173 2503 1352 2548 autem
1381 2496 1535 2549 nobis
1545 2504 1744 2550 statum
1769 2496 2026 2565 futurtun,

442 2595 497 2641 et
524 2587 617 2657 qui
646 2592 851 2639 tantam
882 2584 951 2638 ab
977 2584 1069 2637 illo
1098 2583 1261 2638 habet
1288 2582 1665 2651 dill'erentiam,
1690 2594 1888 2654 quanta
1911 2601 2030 2641 esse

439 2680 635 2735 debeat
661 2679 802 2733 inter
828 2692 952 2732 eum
977 2677 1067 2745 qui
1109 2674 1271 2729 futuri
1295 2684 1467 2729 status
1495 2692 1690 2730 arcana
1730 2677 1872 2731 bona
1902 2678 2030 2731 sub-

439 2771 787 2835 ministravit,
824 2777 879 2823 et
908 2768 1050 2822 inter
1078 2766 1226 2820 illum
1264 2766 1355 2834 qui
1386 2767 1732 2835 praesentium
1760 2768 2028 2822 malorum

438 2862 589 2916 dedit
613 2860 846 2914 initium.
878 2856 1052 2911 Simili
1081 2855 1244 2910 modo
1264 2855 1428 2909 etiam
1456 2856 1725 2911 secundus
1753 2857 1917 2911 homo
1933 2872 2028 2911 vo-

440 2963 594 3009 catur
624 2950 824 3023 (Ibid.,
855 2949 979 3020 47),
1003 2947 1157 3017 quasi
1192 2949 1283 3018 qui
1314 2947 1609 3003 secundum
1640 2957 1840 3004 statum
1871 2949 2026 3005 nobis

439 3046 753 3104 monstrarit
777 3088 791 3111 ,
847 3043 1103 3112 quoniam
1156 3040 1355 3112 prioris
1396 3048 1570 3097 status
1623 3042 1872 3112 princeps
1927 3041 2026 3096 fuit

2136 1870 2257 1909 rum
2292 1856 2676 1923 Augustorum.
2717 1854 2786 1907 Et
2818 1855 2862 1909 si
2898 1856 3027 1923 quid
3066 1872 3133 1910 ex
3176 1858 3259 1913 bis
3308 1859 3677 1925 labefactavero,

2135 1946 2425 2015 subjacebo
2456 1947 2633 2015 legum
2660 1948 2961 2001 severitati.
2999 1948 3064 2002 Et
3085 1950 3329 2004 recitatae
3354 1952 3478 2005 mibi
3508 1953 3681 2021 exposi-

2133 2039 2269 2094 tioni
2313 2039 2603 2108 subscripsi
2643 2054 2741 2107 per
2769 2050 2789 2077 ο
2824 2038 3051 2109 Esycum
3091 2040 3507 2111 Pbiladelpbium
3533 2045 3678 2098 curia-

2134 2128 2237 2184 lem
2257 2171 2271 2194 ,
2302 2138 2587 2198 propterea
2615 2129 2756 2198 quod
2786 2129 2996 2183 litteras
3027 2133 3315 2186 nescirem.

2203 2218 2416 2290 Esytius
2434 2217 2732 2287 Cerdanepi
2774 2218 3189 2289 Pliiladelphens
3231 2222 3439 2277 curialis
3460 2222 3671 2277 Tessare-

2130 2312 2493 2367 sesedecatites
2509 2311 2701 2379 agnovi
2715 2326 2897 2365 veram
2912 2311 3066 2366 ﬁdem
3079 2314 3433 2377 orthodoxite,
3452 2322 3501 2368 et
3518 2329 3685 2381 rogans

2133 2404 2334 2459 accessi
2358 2403 2424 2457 ad
2448 2411 2691 2457 sanctam
2721 2403 3043 2457 catholicam
3072 2403 3368 2460 Ecclesiam
3393 2424 3406 2471 ;
3428 2414 3478 2461 et
3498 2410 3687 2461 anathe-

2132 2496 2331 2550 matizo
2361 2510 2578 2549 omnem
2600 2494 2868 2559 bmresim,
2896 2501 2950 2548 et
2978 2496 3217 2551 maxime
3242 2496 3688 2552 Tessarescmdeca—

2130 2587 2369 2652 titarum,
2419 2596 2475 2641 et
2515 2587 2751 2642 assentio
2781 2587 3160 2657 suprascripta
3200 2590 3514 2659 expositioni
3556 2598 3689 2644 παπ

2132 2678 2274 2743 ﬁdei,
2308 2679 2772 2733 anathematizans
2793 2686 2848 2732 et
2868 2693 2963 2732 eos
2989 2680 3079 2747 qui
3110 2694 3222 2733 non
3264 2680 3459 2735 iaciunt
3483 2690 3689 2735 sanctiun

2130 2769 2271 2823 diem
2296 2768 2515 2824 Pascha:
2533 2770 2685 2838 juxta
2718 2778 2962 2825 sanctam
2997 2780 3054 2824 et
3081 2772 3407 2827 catholicam
3435 2781 3488 2827 et
3507 2780 3691 2842 aposto-

2130 2862 2288 2917 licam
2316 2861 2633 2917 Ecclesiam.
2668 2862 2735 2916 Et
2771 2862 2895 2931 juro
2924 2878 3022 2933 per
3048 2871 3292 2917 sanctam
3321 2873 3375 2919 et
3410 2864 3690 2919 bomousion

2130 2952 2471 3018 Trinitatem,
2486 2962 2541 3007 et
2561 2954 2815 3022 pietatem
2840 2962 2894 3007 et
2909 2953 3191 3009 victoriam
3215 2953 3415 3008 Christi
3436 2954 3690 3008 amantium

2126 3044 2431 3115 principum
2460 3044 2540 3098 Fl.
2575 3044 2862 3099 Theodosii
2911 3052 2967 3099 et
2993 3044 3072 3097 Fl.
3124 3043 3483 3100 Valentiniani
3525 3060 3695 3114 perpe-

440 3139 639 3204 Adam,
674 3138 815 3192 illius
842 3134 1087 3190 mortalis
1122 3142 1177 3188 et
1206 3133 1472 3203 passibilis
1501 3141 1556 3187 et
1586 3133 1825 3187 omnium
1869 3133 2025 3188 dolo-
2048 3138 2103 3200 C-
2127 3144 2341 3191 tuorum
2369 3135 2754 3205 Augustorum.
2786 3134 2842 3190 Si
2863 3136 2990 3204 quid
3019 3145 3199 3190 autem
3234 3152 3302 3191 ex
3329 3136 3411 3193 his
3442 3136 3693 3190 labefacta-

437 3247 553 3285 rqu
597 3227 924 3299 plenissimi,
957 3226 1011 3281 in
1058 3241 1165 3295 quo
1214 3224 1378 3278 etiam
1419 3223 1823 3279 similitudinem
1854 3225 2023 3294 ipsius

437 3319 762 3388 acccpimus.
793 3314 1098 3371 Secundum
1126 3328 1256 3367 vero
1289 3313 1614 3366 monstravit
1654 3313 1810 3368 nobis
1840 3314 2023 3367 Domi-

437 3426 537 3465 nus
565 3408 732 3473 lesus,
763 3407 854 3476 qui
882 3405 950 3460 de
973 3404 1124 3459 ctelis
1154 3403 1208 3456 in
1239 3402 1476 3456 futurum
1506 3418 1800 3472 apparens,
1832 3420 2022 3458 omnes

437 3517 538 3556 nos
564 3502 619 3555 in
648 3497 1083 3554 communionem
1113 3508 1265 3548 suam
1294 3494 1553 3563 perducet
1594 3511 1608 3547 :
1644 3493 1854 3548 Primus
1882 3496 2019 3548 enim

436 3595 609 3659 homo,
642 3590 832 3661 inquit,
865 3598 940 3641 est
968 3604 1033 3641 ea:
1056 3596 1189 3639 terra
1215 3596 1471 3651 terrenus,
1494 3585 1749 3639 secundus
1780 3587 1930 3640 homo
1958 3585 2022 3639 de

436 3684 560 3739 cmlo
588 3682 804 3736 caelestis
848 3676 1067 3748 (Ibid.)
1103 3675 1193 3729 :id
1230 3684 1341 3740 est,
1384 3675 1508 3729 inde
1536 3685 1795 3729 venturus
1834 3683 1891 3728 it
1920 3692 2021 3731 nos

434 3792 623 3833 omnes
650 3774 717 3828 ad
738 3770 1143 3827 similitudinem
1164 3769 1242 3823 sui
1274 3768 1614 3838 perduceret.
1651 3767 1802 3824 Unde
1825 3768 2014 3823 infert:

438 3866 618 3931 Qualis
643 3874 889 3926 terrenus,
916 3861 1043 3914 tales
1063 3861 1220 3912 etiam
1250 3860 1473 3923 terreni;
1496 3868 1545 3912 et
1572 3861 1739 3930 qualis
1780 3861 2015 3926 caelestis,

432 3961 559 4013 tales
579 3960 734 4011 etiam
754 3955 998 4009 cazlestes.
1028 3952 1097 4005 Et
1124 3954 1256 4006 sicut
1276 3953 1593 4021 portavimus
1616 3953 1893 4022 imaginem
1916 3963 2018 4005 ter-

430 4054 562 4115 reni,
581 4059 839 4120 portemus
855 4056 904 4100 et
924 4045 1203 4116 imaginem
1230 4043 1447 4097 caelestis
1470 4042 1667 4113 (Ibid.,
1692 4043 1780 4107 48,
1814 4042 1881 4095 49
1899 4044 1936 4113 ).
1958 4044 2015 4097 In

427 4158 494 4197 co
515 4156 781 4211 apparens
804 4147 859 4193 et
890 4139 941 4191 in
973 4152 1040 4191 eo
1069 4136 1321 4190 omnibus
1344 4134 1727 4203 conspicienda
1758 4136 1849 4203 qui
1872 4135 2016 4202 judi-

428 4234 584 4290 candi
614 4241 770 4294 sunt,
800 4231 1010 4285 occulta
1039 4237 1095 4283 et
1127 4228 1409 4283 invisibilis
1448 4227 1606 4283 faciet
1640 4227 1900 4296 judicium
1941 4229 2016 4283 di-

425 4326 551 4379 vina
599 4334 809 4379 natura.
865 4323 1115 4392 Tempora
1167 4322 1305 4375 enim
1359 4321 1669 4391 ignorantia:
1726 4319 2010 4388 despiciens

425 4416 584 4479 Deus,
610 4432 745 4469 nunc
766 4416 1042 4466 annuntiat
1070 4412 1360 4466 hominibus
1385 4422 1440 4465 ut
1462 4428 1638 4465 omnes
1660 4413 2010 4481 paenitentiam

2124 3243 2276 3291 vero,
2300 3227 2592 3296 subjacebo
2623 3227 2798 3294 legum
2828 3226 3126 3280 severitati.
3160 3224 3231 3279 Et
3252 3226 3531 3295 subscripsi
3556 3240 3692 3278 manu

2125 3334 2263 3372 mea.

2196 3408 2419 3465 Ruﬁnus
2443 3408 2854 3478 Philadelpheus
2888 3407 3487 3462 Tessarescedecatites
3528 3404 3691 3475 agnovi

2124 3517 2308 3557 veram
2340 3499 2499 3555 ﬁdem
2530 3499 2888 3561 orthodoxias,
2921 3507 2976 3554 et
3002 3512 3203 3567 rogans
3254 3498 3455 3554 accessi
3491 3498 3567 3552 ad.
3592 3512 3695 3551 sanv

2121 3605 2262 3651 ctam
2295 3602 2351 3648 et
2378 3593 2701 3649 catholicam
2730 3590 3047 3654 Ecclesiam,
3092 3591 3552 3646 anathematizans
3591 3604 3691 3643 om-

2124 3703 2246 3742 nem
2279 3687 2543 3749 haaresim,
2577 3694 2632 3739 et
2656 3685 2889 3738 maxime
2931 3683 3622 3746 Tessaresuedecatitarum,
3649 3687 3694 3733 et

2124 3778 2363 3831 assentio
2392 3792 2515 3831 cum
2556 3775 2703 3829 omni
2744 3773 2942 3826 familia
2977 3775 3362 3842 suprascripta:
3402 3769 3690 3842 expositioni

2119 3877 2281 3924 recta:
2308 3867 2449 3931 ﬁdei,
2474 3864 2935 3919 anatliematizans
2964 3874 3058 3917 e0s
3086 3864 3177 3931 qui
3213 3880 3323 3919 non
3360 3862 3559 3919 faciunt
3583 3877 3691 3915 san-

2119 3967 2263 4013 ctum
2292 3959 2434 4012 diem
2473 3956 2693 4011 Pascha:
2727 3954 2879 4023 juxta
2919 3961 3159 4009 sanctam
3203 3962 3261 4008 et
3301 3954 3607 4009 catholicam
3646 3957 3691 4003 et

2118 4049 2471 4120 apostolicam
2502 4048 2819 4102 Ecclesiam.
2848 4045 2915 4100 Et
2950 4044 3075 4114 juro
3113 4060 3215 4115 per
3242 4053 3483 4100 sanctam
3525 4051 3577 4098 et
3609 4042 3694 4097 lio-

2117 4141 2365 4195 mousion
2395 4138 2734 4204 Trinitatem,
2786 4144 2843 4191 et
2888 4151 2987 4206 per
3030 4135 3292 4205 pietatem
3347 4143 3404 4189 ct
3442 4133 3689 4187 victoriam

2115 4233 2315 4288 Christi
2341 4232 2634 4286 amantium
2669 4230 2968 4299 principum
2998 4227 3077 4280 Fl.
3112 4226 3405 4281 Theodosii
3439 4235 3492 4279 et
3519 4224 3692 4277 Valen-

2114 4328 2304 4381 tiniani
2336 4333 2721 4395 perpetuorum
2749 4322 3131 4390 Augustorum.
3163 4319 3219 4373 Si
3261 4320 3391 4389 quid
3433 4328 3601 4372 autem
3626 4317 3690 4369 la-

2113 4418 2473 4478 befactavero,
2497 4415 2789 4483 subjacebo
2810 4430 2931 4468 cum
2953 4413 3102 4467 omni
3124 4411 3324 4465 familia
3357 4412 3530 4480 legum
3556 4423 3689 4462 sere-

424 4518 602 4580 agant,
626 4524 684 4560 eo
705 4504 842 4577 quod
866 4506 1044 4557 statuit
1073 4504 1207 4557 diem
1236 4507 1289 4557 in
1324 4522 1423 4575 qua
1454 4505 1783 4573 judicaturus
1814 4514 1889 4557 est
1922 4522 2010 4558 or-
2035 4512 2088 4573 D
2112 4508 2278 4562 ritati.
2302 4508 2371 4560 Et
2398 4506 2625 4561 recitata
2655 4505 2782 4558 mihi
2828 4503 3167 4573 expositione
3213 4502 3492 4573 explicita,
3527 4498 3551 4537 ἀ
3580 4500 3688 4554 sub-

423 4599 533 4653 bem
554 4601 607 4652 in
638 4600 744 4652 viro
766 4612 913 4667 quem
934 4595 1141 4656 statuit,
1166 4593 1319 4661 fidem
1342 4595 1575 4662 prcebens
1606 4594 1856 4659 omnibus,
1884 4612 2003 4649 sus-

421 4694 588 4747 citans
628 4708 743 4746 eum
788 4708 819 4742 α
849 4688 1063 4742 mortuis
1107 4684 1263 4757 (Act.
1310 4700 1438 4749 xvn,
1472 4684 1563 4749 30,
1597 4685 1726 4751 ⁵51).
1759 4685 1883 4741 "me
1924 4696 2009 4742 est

2110 4598 2301 4668 scripsi
2329 4613 2450 4652 meo
2481 4595 2704 4650 arbitrio
2734 4602 2789 4648 et
2816 4594 3111 4647 voluntate.

2180 4688 2452 4757 Eugenius
2497 4698 2519 4724 ⁸
2565 4684 3067 4756 Disphiladelpbeus
3111 4680 3689 4737 Tessarescazdecatites

1594 4793 2133 4856 CASTIGATIONES
2174 4800 2260 4853 ET
2298 4795 2526 4853 NOTAE.

492 4907 519 4935 ι
558 4896 734 4951 Locus
763 4894 971 4961 integer
989 4889 1172 4945 Grmce
1197 4888 1270 4944 ita
1293 4884 1513 4961 eﬁertur
1530 4902 1542 4936 :
1562 4884 1715 4961 ’Υπὲρ
1736 4886 1803 4942 ὧν
1824 4888 1885 4949 δὴ
1915 4896 2003 4945 καὶ

418 4974 509 5028 τήν
529 4954 902 5030 «maxumam:
917 4967 1001 5017 καὶ
1029 4961 1209 5033 [forte,
1228 4954 1394 5038 ἕατάλ
1418 4954 1823 5038 ᾀναφορὰνῃθεοῦ,
1855 4965 2001 5038 πᾳρᾶ

418 5025 590 5097 «deus
611 5038 822 5107 δῦχεται
850 5044 940 5107 τῆς
971 5025 1203 5107 κτῖσεωςῇ.
1228 5028 1349 5107 γει.
1373 5025 1583 5107 interi);
1606 5044 1617 5077 :
1654 5025 1828 5107 Quare
1845 5025 2000 5107 etiam

417 5098 791 5165 udoralioriém,
816 5105 877 5157 ob
899 5120 1011 5156 eam
1035 5118 1149 5172 qua:
1175 5102 1231 5153 in
1274 5098 1440 5172 Deum
1485 5098 1707 5172 refertur
1742 5098 2002 5154 habitudi-

418 5193 564 5239 nem,
596 5175 659 5227 ab
689 5177 925 5227 universa
956 5170 1189 5225 creatura
1230 5170 1462 5239 suscipit.
1484 5170 1779 5239 AGALDAND.

490 5246 516 5284 δ
554 5236 770 5307 Graece,
807 5242 1029 5302 Ῥούδιος
1071 5245 1321 5304 Ἰκονιγοῦ,
1370 5236 1573 5291 Πιιάὶιω
1622 5236 1840 5292 Iconici.
1882 5239 1992 5305 AL,

418 5314 621 5376 Βούδιος
657 5306 913 5378 Ἰωνικοῦ,
962 5313 1154 5366 Badius
1196 5311 1394 5363 Junici.
1435 5306 1702 5362 Caeterum
1740 5317 1864 5363 ante
1898 5311 1994 5364 ista

415 5388 576 5441 verba
607 5386 825 5455 ponitur
844 5386 958 5439 hrcc
985 5383 1293 5453 cpigraphe,
1327 5382 1361 5433 l.
1388 5394 1465 5455 αλ
1493 5394 1612 5448 pag.
1644 5378 1780 5431 1210
1812 5396 1824 5431 :
1856 5379 1994 5435 Sub-

412 5448 624 5532 scrion
645 5472 819 5532 eorum
849 5457 932 5527 qui
955 5448 1149 5525 decepti
1173 5448 1701 5532 Ῑιιρνιιηιιηϐλιιίέιηιξτ

491 5520 530 5565 ε’
702 5527 784 5583 διὰ
805 5520 1648 5599 '“anxiamperllesycltium1.Sic
1674 5520 1995 5599 item__paulo

454 5605 539 5654 ost
566 5598 854 5668 leg.ipxout
884 5589 1154 5668 iii"text'u,
1182 5589 1468 5664 Hesychius
1515 5589 1854 5660 Cerdanepii,
1896 5607 1996 5661 pro

413 5613 539 5725 Eum
568 5613 670 5666 leg.
696 5613 854 5668 prout
884 5616 935 5651 in
987 5613 1154 5660 textu,
1182 5613 1259 5647 ne

466 5666 1259 5793 δέἐξίιεειξῖέεί,τειτιλεξλςςέκιςε

918 5745 987 5793 cti

542 5738 767 5794 Additur
792 5739 844 5792 in
874 5734 1037 5805 Actis,
1062 5752 1182 5806 pag.
1218 5734 1367 5798 ηιι,
1396 5734 1549 5806 οἰκείᾳ
1571 5752 1664 5803 μου
1690 5734 1854 5807 χειρὶ,
1878 5749 1997 5802 pro—

2105 4892 2222 4961 pria
2244 4906 2357 4943 mea
2380 4902 2710 4961 manu,‘qu:c
2747 4886 2965 4961 quidem
2998 4886 3200 4961 librarii
3211 4885 3407 4961 potius
3433 4898 3589 4961 quam
3620 4882 3689 4934 in-

2103 4953 2356 5030 terpretis
2410 4953 2635 5030 incuria
2664 4958 3024 5030 praetermissa
3077 4953 3423 5030 crediderim.
3478 4953 3684 5030 Rursus.

2102 5025 2227 5086 ante
2282 5031 2506 5084 verbum
2554 5028 2851 5094 subscripsi,
2897 5043 2994 5095 pro
3040 5028 3284 5096 explicita
3326 5025 3612 5094 legendum
3647 5030 3689 5072 ct

2137 5102 2293 5155 lacita
2323 5109 2381 5154 ut
2410 5101 2462 5152 in
2507 5097 2753 5166 sequenti
2786 5096 3198 5166 subscriptione.
3233 5096 3424 5166 Gnece
3470 5105 3687 5160 namque

2137 5119 2293 5155 tacua
2323 5119 2381 5154 υι
2410 5119 2462 5152 Ill
2507 5119 2753 5166 sequenti
2786 5119 3198 5166 SUUSUI'IPUUIIC.
3233 5119 3424 5151 URUCC
3470 5119 3501 5148 ιΙ

2100 5119 2331 5226 iiabetur
2358 5169 2662 5236 utrobique,
2692 5171 2777 5241 nati
2805 5169 3064 5241 ᾀρεᾳᾲσης
3092 5188 3194 5241 μοι.
3226 5164 3506 5241 Cinnano.

2177 5191 2331 5225 DBLUI‘
2358 5191 2662 5236 ιιιΓυυιιιυυ,
2692 5191 2777 5221 και
2805 5191 3064 5241 aptam;
3132 5191 3194 5222 οι.
3226 5191 3506 5219 UALLABU.

2177 5252 2199 5279 ο
2222 5241 2298 5294 ita
2327 5249 2510 5309 vetera
2546 5238 2871 5309 exemplaria
2904 5236 3063 5309 Marii
3089 5191 3407 5309 “creatoris
3438 5244 3495 5290 et
3524 5233 3685 5309 ilicet

2106 5312 2281 5381 paulo,
2290 5317 2413 5381 post
2434 5300 2720 5381 Editiones
2738 5306 2939 5381 Graeca:
2960 5316 3015 5361 et
3043 5305 3244 5381 Latium
3268 5307 3474 5360 habent
3494 5300 3685 5381 simpli-3

2100 5377 2236 5437 citer
2263 5377 2659 5448 Philadelphius
2690 5377 2926 5448 {quibus
2963 5378 3303 5432 consentiunt
3341 5377 3685 5448 manuscriptt

2102 5452 2315 5506 codices
2339 5445 2676 5503 bibliotheca:
2706 5447 2884 5514 Regi-ae
2911 5454 2967 5501 et
3008 5456 3191 5501 vetera
3232 5445 3565 5514 exemplaria
3601 5457 3686 5493 au-

2102 5522 2264 5589 tiquae
2298 5520 2560 5573 versionis
2589 5518 2799 5589 concilii
2837 5516 3109 5589 Ephesiui.
3141 5516 3284 5589 At_in
3314 5517 3546 5589 antiqua
3567 5527 3685 5589 conj

2102 5584 2208 5647 cil'ii
2249 5588 2701 5645 Chalcedonensis
2741 5584 3183 5657 interpretatione
3219 5586 3409 5641 Latina
3451 5592 3504 5657 et
3533 5584 3613 5657 hic
3636 5584 3685 5631 et

2101 5662 2262 5732 paulo
2291 5671 2411 5732 post
2432 5660 2625 5732 legitur
2643 5656 3312 5732 secuiidteghiludelpltim:
3341 5656 3501 5732 quod.
3522 5656 3683 5707 osten-

2099 5725 2175 5786 dit
2206 5725 2361 5787 istam
2391 5725 2674 5785 lectionem
2712 5728 2864 5783 Marii
2905 5725 3220 5784 Mercatoris
3243 5742 3358 5783 esse
3389 5725 3680 5791 antiquam.
