3978 6188
279 338 377 395 881

1137 332 1519 389 COLLECTIO
1557 331 1768 387 PRIMA
1807 329 2332 390 EXCERPTORUM
2373 331 2707 388 NESTORII.

3462 337 3573 393 882

279 448 477 519 agnovi
514 463 638 503 eum
668 446 816 501 omni
844 444 1041 499 familia
1082 460 1266 499 veram
1306 444 1466 498 fidem
1517 443 1868 509 orthodoxim,
1903 448 1946 503 A
1976 458 2174 513 rogans
2196 446 2591 501 sanctissimum
2605 445 2912 516 episcopum
2926 445 3572 518 Theophanium,accessi

278 550 335 597 et
357 540 542 609 rogavi
581 538 977 594 sanctissimum
1025 538 1338 607 episcopum
1369 534 1796 607 Theophanium,
1825 542 1881 589 et

280 633 485 688 accessi
514 630 583 686 ad
603 620 998 686 sanctissimam
1023 638 1077 684 et
1104 629 1423 685 catholicam
1457 628 1786 693 Ecclesiam;
1827 634 1884 681 et

280 721 681 776 anathematizo
709 736 925 776 omnem
965 719 1233 783 haeresim,
1263 728 1319 774 et
1365 719 1599 774 maxime
1626 718 1882 773 Tessare-

280 812 764 877 scedeeatitarum,
790 820 845 867 et
867 827 962 867 eos
981 811 1073 881 qui
1104 826 1209 865 nou
1242 810 1443 866 faciunt
1469 818 1713 864 sanctum
1742 808 1884 863 diem

281 904 505 961 Pascha:
528 904 685 974 juxta
734 912 974 959 sanctam
1011 911 1066 958 et
1103 903 1420 958 catholicam
1452 908 1506 956 et
1534 900 1884 971 apostolicam

280 995 599 1050 Ecclesiam.
625 994 692 1048 Et
713 996 949 1049 assentio
970 1009 1090 1048 eum
1118 995 1263 1048 omni
1293 992 1492 1047 familia
1508 992 1885 1062 suprascriptze

282 1087 608 1156 expositioni
656 1096 817 1142 recta:
848 1085 989 1141 fidei.
1032 1087 1101 1142 Et
1125 1088 1250 1156 juro
1280 1103 1378 1157 per
1414 1096 1657 1141 sanetam
1687 1093 1743 1140 et
1782 1086 1885 1140 ho-

281 1179 534 1233 mousion
566 1178 905 1244 Trinitatem,
932 1188 987 1234 et
1007 1180 1266 1249 pietatem
1288 1188 1343 1234 et
1368 1179 1647 1233 victoriam
1686 1176 1889 1232 Christi

285 1270 586 1324 amantium
641 1271 945 1340 principum
993 1271 1073 1325 Fl.
1121 1270 1409 1326 Theodosii
1450 1278 1505 1325 et
1542 1270 1622 1324 ΡΙ.
1649 1268 1891 1323 Valenti-

286 1363 433 1416 niani
456 1370 843 1432 perpetuorum
873 1362 1254 1431 Augustorum.
1271 1362 1329 1417 Si
1359 1363 1489 1432 quid
1510 1370 1689 1417 autem
1710 1378 1778 1416 ex
1804 1362 1889 1415 his

285 1451 707 1517 labefactavero,
733 1452 1022 1521 subjacebo
1048 1468 1169 1508 cum
1192 1454 1337 1508 omni
1369 1453 1567 1506 familia
1597 1453 1773 1521 legum
1802 1466 1890 1505 se-

286 1543 527 1598 veritati.
546 1543 795 1598 Recitata
829 1544 958 1597 mihi
981 1551 1035 1598 et
1055 1544 1251 1614 placita
1281 1544 1638 1613 expositione,
1662 1542 1891 1597 subscri-

290 1636 372 1706 psi
402 1651 565 1689 manu
590 1650 729 1689 mea.

358 1724 647 1780 Faustinus
667 1726 838 1780 laicus
861 1724 1363 1796 Disphiladelpheus
1396 1725 1889 1782 Tessaresemdcea-

1983 534 2048 589 ad
2076 536 2396 591 catholicam
2424 536 2736 603 Eeelesiam,
2754 539 3211 595 anathematizans
3231 557 3447 596 onmem
3466 542 3574 595 lue-

1982 626 2143 681 resim
2167 635 2223 682 et
2242 628 2476 682 maxime
2503 627 3186 686 Tessarescazdeeatitarum
3202 671 3218 696 ,
3238 632 3291 687 in
3312 648 3417 702 qua
3448 640 3575 687 ante

1984 718 2250 784 errabam,
2276 728 2331 772 et
2350 734 2447 773 eos
2469 719 2561 787 qui
2588 736 2694 774 non
2716 719 2916 775 faciunt
2937 733 3179 779 sanetum
3201 723 3341 779 diem
3360 725 3576 779 Pascha:

1979 807 2134 877 juxta
2154 824 2364 863 morem
2386 810 2829 865 orthodoxorum.
2864 811 2930 864 Et
2960 815 3181 869 recitata
3210 817 3339 870 mihi
3362 819 3576 884 exposi-

1987 898 2154 964 tione,
2181 896 2357 968 juravi
2383 914 2479 969 per
2499 900 2804 955 venerabile
2825 899 3199 970 jusjurandum
3228 906 3575 959 sanctissime

1989 989 2284 1055 Trinitatis,
2310 997 2366 1044 et
2388 1006 2485 1059 per
2505 991 2786 1046 victoriam
2808 1000 2864 1046 et
2883 993 3109 1047 salutem
3131 994 3467 1049 dominorum
3497 995 3575 1051 ΡΙ.

1990 1081 2278 1136 Theodosii
2311 1088 2365 1137 et
2404 1080 2483 1135 Fl.
2510 1082 2869 1138 Valentiniani
2905 1093 3287 1155 perpetuorum
3315 1089 3580 1157 Augusto.

1991 1187 2139 1238 rum,
2180 1173 2309 1227 nihil
2346 1188 2434 1227 me
2480 1189 2546 1228 ex
2583 1174 2956 1245 suprascriptis
3002 1176 3468 1233 labelaetaturum.
3514 1177 3583 1233 Et

1991 1263 2153 1319 credo
2174 1281 2297 1319 cum
2318 1266 2463 1320 omni
2480 1265 2699 1331 familia,
2720 1276 2775 1323 et
2798 1269 3015 1338 placent
3035 1270 3163 1323 mihi
3187 1273 3363 1325 omnia
3394 1287 3585 1340 supra-

1988 1355 2205 1424 scripta.
2230 1355 2620 1428 Polyehronius
2649 1367 2921 1414 mutuatus
2947 1375 3066 1413 sum
3094 1361 3582 1432 manum(Esycii).

2060 1446 2372 1502 Eustathius
2394 1447 2631 1504 Marcelli
2664 1462 2684 1488 ε
2712 1450 3126 1522 Philadelpheus
3154 1453 3360 1507 aurifex
3390 1453 3584 1507 Tessa-

1989 1540 2513 1596 resczedecatitarum
2537 1583 2551 1607 ,
2591 1545 2788 1612 agnovi
2835 1544 3246 1613 orthodoxiam;
3298 1556 3349 1601 et
3387 1560 3587 1615 rogans

1989 1633 2389 1688 sanctissimum
2422 1632 2829 1703 Theophanium
2855 1636 3166 1706 episcopum
3185 1678 3199 1701 ,
3232 1638 3432 1692 accessi
3462 1654 3585 1693 meo

1991 1723 2215 1779 arbitrio
2244 1731 2298 1779 et
2326 1724 2604 1779 voluntate
2633 1726 2700 1780 a'l
2729 1728 3121 1782 sanctissimam
3160 1728 3252 1783 Dei
3285 1737 3339 1782 et
3358 1731 3585 1784 catholi-

286 1817 386 1870 tita
415 1818 609 1885 agnovi
638 1832 818 1872 veram
846 1818 1002 1873 fidem
1039 1819 1391 1885 orthodoxim,
1416 1828 1473 1874 et
1500 1819 1685 1888 rogavi
1722 1833 1883 1872 sane-
1918 1830 1959 1885 η
1991 1831 2110 1870 eam
2132 1824 2187 1870 et
2207 1815 2631 1872 orthodoxorum
2652 1816 2969 1883 Ecclesiam,
2994 1820 3450 1875 analhematizans
3470 1816 3588 1874 om-

286 1909 589 1963 ctissimum
636 1910 947 1981 epise0pum
997 1910 1427 1981 Theophanium,
1478 1921 1533 1967 et
1579 1913 1779 1967 accessi
1824 1911 1893 1965 ad

285 2000 684 2055 sanctissimam
707 2011 763 2055 et
791 2002 1114 2056 catholicam
1145 2002 1473 2068 Ecclesium;
1496 2010 1551 2058 et
1579 2003 1897 2058 anathema-

286 2090 399 2144 tizo
420 2106 636 2145 omnem
660 2090 927 2157 lueresim,
958 2102 1013 2147 et
1034 2093 1267 2147 maxime
1295 2094 1895 2148 Tessarescmdecatita-

286 2197 410 2236 rum
435 2221 451 2245 ,
481 2182 533 2235 in
556 2197 661 2251 qua
687 2190 813 2238 ante
836 2185 1104 2239 errabam.
1135 2184 1202 2238 Et
1240 2187 1477 2240 assentio
1515 2184 1894 2255 suprascriptze

287 2275 620 2343 expositioni
652 2284 814 2329 rectm
838 2275 979 2340 fidei,
1006 2277 1469 2332 anathematizans
1497 2278 1658 2333 etiam
1684 2293 1779 2331 eos
1802 2277 1894 2345 qui

287 2380 400 2418 non
425 2365 625 2419 faciunt
644 2374 890 2421 sanctum
907 2366 1048 2422 diem
1066 2366 1285 2422 Pascha:
1300 2368 1451 2437 juxta
1467 2384 1673 2425 morem
1696 2375 1899 2423 sancta:

285 2456 573 2511 catholica:
611 2456 885 2513 Ecclesize.
914 2458 980 2511 Et
1000 2458 1125 2527 juro
1156 2475 1253 2530 per
1289 2469 1532 2515 sanetam
1573 2461 1897 2516 homousion

290 2544 633 2612 Trinitatem,
665 2556 721 2601 et
760 2564 858 2618 per
885 2550 1143 2618 pietatem
1190 2559 1246 2605 et
1275 2550 1555 2605 victoriam
1593 2551 1897 2621 principum

291 2635 358 2689 ΡΙ
414 2637 700 2693 Theodosii
724 2649 777 2693 et
801 2640 878 2693 ΡΙ.
905 2640 1268 2694 Valentiniani
1297 2650 1682 2710 perpetuorum
1713 2642 1895 2710 Augu-

287 2737 523 2782 storum.
548 2728 605 2783 Si
632 2729 761 2798 quid
781 2741 959 2784 autem
984 2747 1050 2786 ex
1072 2731 1155 2786 his
1176 2731 1591 2796 labefactavero,
1609 2731 1899 2800 subjacebo

289 2819 477 2886 legum
540 2820 835 2874 severitati.
906 2820 975 2874 Et
1032 2820 1257 2875 recitata
1315 2822 1443 2874 mihi
1510 2822 1896 2890 expositione;

293 2910 507 2965 accessi
563 2927 686 2968 eum
752 2912 899 2967 omni
963 2912 1206 2980 familia,
1264 2921 1321 2968 et
1382 2914 1673 2983 subscripsi
1736 2930 1899 2969 manu

291 3017 442 3056 mea.

377 3094 643 3150 Damalius
683 3104 737 3151 et
761 3097 1066 3151 Alexander
1094 3113 1191 3168 per
1216 3114 1435 3154 manum
1465 3109 1488 3137 ι
1520 3099 1775 3170 Euprepii
1806 3099 1898 3156 lilii

1995 1923 2120 1962 nem
2148 1907 2415 1972 haeresim,
2449 1916 2504 1963 et
2533 1909 2764 1964 maxime
2801 1909 3501 1977 Tessaresezedecatitarum,
3533 1918 3590 1967 et

1996 2002 2092 2054 eos
2119 1999 2211 2068 qui
2234 2015 2342 2053 non
2371 1999 2572 2056 faciunt
2599 2009 2842 2055 sanctum
2871 2002 3013 2056 diem
3044 2000 3261 2057 Pascha:
3285 2002 3438 2070 juxta
3466 2019 3586 2057 mo--

1996 2106 2110 2145 rem
2132 2090 2577 2145 orthodoxormn.
2594 2091 2662 2144 Et
2677 2092 2853 2161 juravi
2872 2108 2969 2162 per
2986 2102 3226 2148 sanctam
3249 2093 3584 2160 Trinitatem,

1997 2190 2052 2236 et
2072 2196 2170 2250 per
2189 2182 2447 2250 pietatem
2468 2180 2666 2237 Christi
2690 2184 2982 2238 amantium
3005 2185 3303 2255 principum
3326 2184 3403 2241 ΡΙ.
3422 2186 3607 2240 ΤΙιθοε

1997 2271 2133 2325 dosii
2156 2279 2211 2326 et
2230 2271 2309 2325 ΡΙ.
2344 2272 2705 2327 Valentiniani
2731 2282 3115 2344 perpetuorum
3132 2275 3511 2343 Augustorum,
3543 2276 3589 2335 si

1997 2364 2125 2431 quid
2164 2379 2231 2418 ex
2271 2366 2649 2435 suprascriptis
2695 2366 3089 2422 labefactavero
3113 2410 3128 2433 ,
3173 2367 3451 2437 subjaecre
3503 2385 3590 2425 me

1999 2456 2175 2524 legum
2201 2457 2495 2511 severitati.
2522 2457 2588 2511 Et
2608 2458 2897 2527 subscripsi
2928 2474 3092 2513 manu
3110 2474 3251 2513 mea.

2071 2547 2098 2584 ἀ
2141 2546 2391 2619 Eutytius
2422 2549 2921 2619 Disphiladelpheus
2956 2550 3151 2619 agnovi
3181 2550 3589 2617 orthodoxiam;

1998 2647 2054 2694 et
2073 2652 2272 2707 rogans
2293 2640 2687 2694 sanctissimum
2717 2641 3027 2709 episcopum
3053 2629 3478 2711 Theophanium,
3504 2658 3593 2697 ac-

2000 2730 2139 2785 cessi
2174 2746 2297 2784 mco
2328 2731 2551 2784 arbitrio
2581 2738 2637 2784 et
2663 2731 2939 2786 voluntate
2968 2730 3036 2785 ad
3073 2732 3466 2787 sanctissimam
3498 2733 3593 2788 Dei

1999 2828 2055 2874 et
2082 2821 2405 2876 catholicam
2434 2809 2491 2875 et
2511 2821 2864 2877 orthodoxam
2894 2822 3209 2887 Eeelesiam,
3235 2825 3594 2879 anathemati-

2000 2924 2131 2963 zans
2158 2926 2375 2964 omnem
2399 2911 2646 2965 haeresim
2667 2953 2680 2975 ,
2712 2921 2768 2966 et
2795 2913 3028 2968 maxime
3055 2915 3596 2970 Tessarescmdecati-

2001 3010 2199 3067 tarum,
2233 3008 2287 3056 et
2315 3018 2409 3057 eos
2436 3002 2528 3071 qui
2559 3018 2667 3057 non
2695 3002 2898 3064 faciunt
2932 3013 3177 3059 sanetum
3205 3006 3347 3060 diem
3376 3004 3596 3061 Pascha:

1996 3094 2150 3164 juxta
2179 3111 2387 3150 morem
2434 3095 2878 3151 orthodoxorum.
2911 3095 2978 3150 Et
3005 3095 3182 3165 juravi
3229 3113 3327 3167 per
3353 3106 3596 3153 sanctam

287 3184 571 3239 Theodori
626 3187 1047 3242 reverentissimi
1092 3188 1305 3243 diaconi
1347 3191 1662 3258 agnovimus
1708 3190 1896 3245 ortho—
1921 3192 1966 3254 (ζ
2002 3185 2339 3251 Trinitatem,
2364 3197 2419 3241 et
2442 3202 2540 3256 per
2568 3187 2821 3256 pietatem
2844 3185 3042 3242 Christi
3072 3189 3364 3242 amantium
3392 3190 3594 3259 princi-

283 3276 537 3342 doxiam,
561 3285 615 3331 et
634 3279 939 3346 rogavimus
959 3280 1355 3334 sanctissimum
1379 3282 1688 3351 episcopum
1720 3282 1900 3338 Theo-

286 3367 579 3438 phanium,
626 3376 681 3423 et
722 3370 1046 3424 accessimus
1090 3369 1158 3424 ad
1205 3371 1528 3427 catholicam
1578 3371 1897 3438 Ecclesium,

291 3458 825 3515 anathematizantes
865 3475 1081 3515 onmem
1110 3460 1377 3527 haeresim,
1408 3469 1465 3515 et
1490 3463 1724 3517 maxime
1769 3463 1902 3518 Tes-

284 3550 901 3617 sarescazdceatitarum,
947 3552 1001 3605 in
1049 3566 1156 3620 qua
1186 3560 1313 3606 ante
1339 3552 1682 3616 errabamus,
1716 3561 1771 3609 et
1808 3570 1904 3611 eos

288 3642 395 3711 qui
418 3657 526 3696 non
556 3641 760 3697 faciunt
787 3651 1037 3698 sanctum
1081 3643 1225 3698 diem
1275 3642 1490 3699 Paschae
1513 3644 1667 3713 juxta
1696 3660 1903 3698 morem

292 3733 750 3789 orthodoxorum.
786 3733 851 3787 Et
874 3736 1097 3789 recitata
1128 3735 1283 3789 nobis
1312 3735 1669 3804 expositione,
1696 3733 1904 3802 juravi-

288 3840 423 3880 mus
442 3841 540 3895 per
566 3826 876 3880 venerabile
893 3824 1267 3894 jusjurandum
1297 3827 1648 3881 sanctissimae
1673 3827 1906 3881 Trinita-

291 3918 392 3980 tis,
410 3924 465 3969 et
484 3932 579 3986 per
598 3916 880 3971 victoriam
906 3924 961 3970 et
984 3917 1212 3971 salutem
1234 3916 1575 3971 dominorum
1598 3926 1903 3971 nostrorum

288 4008 384 4063 ΡΙ.
416 4006 700 4061 Theodosii
724 4014 779 4060 et
802 4005 883 4059 ΡΙ.
918 4005 1280 4061 Valentiniani
1311 4016 1694 4076 perpetuorum
1726 4006 1907 4075 Augu-

290 4109 510 4156 storum
543 4099 672 4153 nihil
713 4114 778 4153 ex
820 4099 1199 4167 suprascriptis
1234 4098 1669 4155 label‘aetaturos.
1694 4099 1762 4153 Et
1789 4115 1907 4154 crc-

291 4189 497 4243 deutes
530 4204 652 4243 cum
681 4188 896 4242 familiis
926 4189 1125 4243 nostris
1153 4189 1581 4259 subscripsimus.

378 4279 458 4333 ΡΙ.
510 4279 935 4352 Nymphidianus
991 4280 1489 4351 Disphiladelpheus
1555 4282 1908 4337 scholasticus

297 4370 560 4426 omnibus
589 4370 930 4439 dogmatibus
959 4379 1014 4426 et
1042 4371 1281 4426 moribus
1312 4370 1909 4428 Tessaresczedecatita-

294 4478 450 4527 rum,
482 4463 573 4532 qui
597 4478 703 4518 non
735 4462 1026 4518 admittunt
1059 4463 1311 4531 dogmata
1341 4464 1785 4528 orthodoxorum,
1818 4481 1908 4520 re-

2000 3292 2129 3346 pum
2171 3277 2251 3331 ΡΙ.
2296 3277 2587 3335 Theodosii
2631 3286 2686 3332 et
2712 3277 2794 3331 ΡΙ.
2830 3278 3185 3333 Valentiniani
3216 3290 3596 3350 perpetuorum

2003 3368 2395 3437 Augustorum,
2440 3369 2488 3424 si
2534 3368 2661 3437 quid
2693 3384 2759 3423 ex
2788 3369 2871 3423 his
2899 3371 3275 3440 suprascriptis
3303 3369 3596 3424 labefacta-

2001 3476 2152 3525 vero,
2185 3460 2465 3529 subjacere
2494 3476 2582 3515 me
2623 3460 2801 3529 legum
2853 3461 3146 3516 severitati.
3197 3461 3265 3514 Et
3309 3462 3598 3532 subscripsi

2001 3567 2165 3605 manu
2190 3566 2329 3605 mea.

2076 3642 2413 3698 Stratonicus
2441 3641 2653 3696 Emonii
2682 3640 3095 3711 Philadelpheus
3117 3642 3601 3698 Tessaresezedeea-

2005 3736 2132 3793 tites
2173 3736 2369 3803 agnovi
2409 3733 2821 3800 orthodoxiam;
2867 3743 2923 3789 et
2974 3750 3173 3803 rogans
3204 3736 3597 3789 sanctissimum

2006 3826 2319 3895 episcopum
2346 3824 2776 3893 Theophanium,
2802 3825 3003 3879 accessi
3027 3825 3092 3878 ad
3113 3833 3352 3879 sanetam
3383 3825 3477 3878 Dei
3506 3840 3599 3879 ca-

2007 3916 2260 3971 tholicam
2307 3921 2363 3970 et
2401 3915 2759 3984 apostolicam
2795 3913 3113 3981 Ecclesiam,
3142 3916 3600 3970 anathematizans

2006 4020 2222 4061 omnem
2246 4005 2510 4069 lueresim,
2539 4012 2593 4059 et
2623 4004 2854 4059 maxime
2892 4004 3598 4069 Tessarescmdecatitarum,

2006 4106 2062 4153 et
2088 4112 2184 4152 eos
2229 4097 2321 4166 qui
2351 4113 2456 4152 non
2499 4096 2700 4151 faciunt
2729 4104 2972 4151 sanctum
3005 4096 3145 4151 diem
3194 4094 3413 4150 Pascha:
3448 4095 3601 4163 juxta

2008 4205 2215 4245 morem
2246 4189 2692 4244 orthodoxorum.
2716 4188 2783 4242 Et
2812 4189 2989 4257 juravi
3018 4204 3115 4258 per
3142 4198 3385 4243 sanctam
3425 4189 3602 4242 Trini-

2007 4290 2195 4347 tatem,
2228 4291 2283 4336 et
2310 4298 2407 4352 per
2437 4283 2695 4351 pietatem
2722 4279 2920 4335 Christi
2969 4282 3262 4335 amantium
3302 4282 3601 4351 principum

2010 4372 2088 4427 ΡΙ.
2125 4372 2413 4427 Theodosii
2443 4382 2498 4425 et
2526 4372 2603 4425 ΡΙ.
2629 4372 2989 4426 Valentiniani
3018 4380 3399 4443 perpetuorum
3417 4374 3599 4442 Augu-

2009 4473 2215 4519 storum
2235 4502 2249 4527 ,
2292 4463 2337 4516 si
2370 4462 2498 4531 quid
2526 4462 2593 4517 de
2621 4463 2997 4533 suprascriptis
3034 4463 3445 4528 labefactavero,
3477 4466 3603 4519 sub-

299 4552 519 4616 nuntio,
553 4560 608 4606 et
630 4554 891 4622 proliteor
911 4554 1307 4607 communicare
1338 4553 1462 4608 lidei
1484 4554 1907 4610 orthodoxorum
1936 4568 1984 4626 ι)
2006 4556 2188 4626 jacere
2218 4571 2304 4609 me
2335 4555 2511 4623 legum
2541 4556 2837 4610 severitati.
2880 4555 2947 4610 Et
2986 4556 3276 4625 subscripsi
3305 4572 3403 4627 per
3429 4572 3602 4625 nepo-

297 4643 362 4697 in
383 4642 634 4697 omnibus
662 4648 718 4696 et
747 4658 869 4697 eam
898 4642 1204 4697 admittere.

378 4731 774 4803 Polyehronius
801 4733 1014 4787 Tatiani
1035 4740 1091 4787 et
1119 4731 1531 4804 Philadelpheus
1563 4751 1662 4805 per
1681 4751 1899 4790 manum

296 4823 385 4879 Fl.
419 4824 579 4896 Esyci
600 4824 627 4862 δ
648 4825 973 4879 Cerdaliheli
996 4824 1363 4895 Philadelphei
1390 4829 1626 4894 curialis,
1652 4836 1898 4898 propter-

297 4933 372 4972 ea
414 4917 560 4986 quod
598 4917 745 4971 tarde
792 4918 1104 4981 scriberem,
1161 4918 1356 4986 agnovi
1403 4920 1814 4982 orthodoxiam;
1847 4928 1903 4974 et

2013 4655 2118 4700 tem
2141 4660 2321 4699 meum
2350 4645 2733 4713 Alexandrum,
2774 4656 3062 4717 propterea
3091 4647 3235 4716 quod
3264 4648 3470 4703 litteras
3503 4664 3601 4702 ne-

2005 4739 2218 4793 scirem.

2078 4829 2451 4886 Theodoretus
2471 4837 2525 4883 et
2544 4829 2849 4885 Alexander
2872 4838 2927 4885 et
2969 4840 2993 4867 °
3023 4828 3435 4900 Philadelpheus
3471 4831 3601 4885 sub-

2007 4921 2318 4990 scripsimus
2347 4936 2444 4990 per
2465 4936 2627 4975 unum
2650 4936 2718 4977 ex
2744 4920 2901 4975 nobis
2942 4919 3321 4987 Alexandrum,
3350 4929 3405 4975 et
3439 4936 3604 4990 agno-

1488 5030 2038 5088 CASTIGATIUNES
2078 5033 2164 5087 ET
2200 5034 2431 5090 ΝΟΤᾸΕ.

297 5124 442 5179 Vide
474 5132 622 5178 tomo
669 5123 847 5193 primo
884 5138 1038 5193 novae
1079 5122 1412 5178 collectionis
1439 5121 1801 5193 Conciliorum
1844 5138 1897 5192 p.

303 5197 330 5249 1
352 5195 448 5248 Ι57
474 5202 529 5249 et
555 5191 705 5263 seqq.
746 5193 873 5249 llzcc
904 5191 1274 5261 Philadelphia
1305 5194 1402 5246 fuit
1447 5194 1502 5246 in
1533 5192 1717 5263 Lydia.
1751 5191 1902 5247 Alte-

300 5266 438 5327 rius,
464 5280 581 5333 qua:
601 5264 764 5318 fuitin
787 5265 1003 5330 Arabia,
1027 5264 1271 5317 meminit
1294 5262 1607 5317 Ammianus
1634 5262 1903 5317 Marcelli-

304 5352 410 5391 nus
434 5335 526 5389 lib.
554 5351 661 5389 xrv.
696 5334 892 5390 waz.

381 5417 407 5443 ι
440 5406 589 5459 Hanc
620 5405 907 5460 lectionem
946 5403 1267 5459 conﬁrmant
1300 5402 1515 5473 codices
1552 5404 1901 5473 manuscripti

302 5478 544 5546 autiquze
563 5476 828 5531 versionis
845 5475 1061 5531 concilii
1093 5474 1362 5546 Ephesini.
1394 5472 1591 5546 Verum
1621 5476 1673 5527 in
1703 5472 1904 5530 Gneeis

304 5542 710 5617 exemplaribus
749 5555 805 5601 et
849 5547 903 5601 in
960 5542 1191 5602 concilio
1230 5542 1657 5600 Chalcedonensi
1708 5545 1904 5613 legitur

306 5617 570 5684 Eutrapii.
606 5617 801 5671 BxLuz.

381 5690 407 5728 δ
433 5683 558 5742 llaec
586 5696 666 5741 est
706 5687 866 5742 lectio
895 5694 1137 5742 veterum
1168 5684 1552 5753 exemplarium
1582 5684 1736 5739 Marii
1760 5683 1901 5737 Mer-

314 5760 533 5813 catoris.
564 5757 728 5813 Vetus
747 5757 924 5815 versio
946 5756 1155 5812 concilii
1187 5754 1439 5821 Ephesiui
1463 5754 1671 5810 Cerdali
1700 5754 1903 5823 simpli-

2006 5132 2159 5193 citer.
2192 5122 2249 5176 In
2271 5100 2794 5193 ΟΙιειΙοειΙοίιθηεί,ἐι
2816 5124 3079 5179 Daniheli.
3106 5124 3382 5182 Editiones
3405 5127 3605 5182 habent

2008 5192 2337 5248 Cerdunenii.
2372 5194 2569 5248 waz.

2081 5274 2104 5303 ε
2143 5264 2201 5317 ln
2230 5264 2424 5338 Graee_o_
2441 5272 2522 5338 est
2539 5264 2949 5338 Mamaea
2968 5307 2981 5330 ,
3013 5266 3166 5338 quod
3186 5266 3455 5338 auditores
3486 5282 3604 5338 ver-

2006 5342 2209 5405 terunt,
2231 5352 2322 5403 per
2354 5333 2773 5405 Philadelphum.
2810 5333 2947 5405 Male
2980 5337 3262 5405 concilium
3312 5336 3608 5391 Chalcedo-

2006 5419 2173 5458 nense
2200 5402 2289 5458 hic
2316 5419 2532 5472 quoque
2555 5402 2719 5459 habet
2746 5404 2986 5457 secundm
3016 5402 3417 5473 Philadelphiw,
3440 5407 3603 5459 item-

2012 5490 2117 5543 que
2141 5476 2194 5527 in
2215 5475 2609 5543 subscriptione
2634 5474 2827 5529 Juliani
2851 5474 2986 5543 infra
3017 5488 3138 5541 pag.
3168 5474 3286 5528 199.
3321 5476 3518 5531 fueuz.

2084 5542 2108 5580 ἀ
2140 5543 2235 5617 _Gr.
2294 5542 2572 5617 Ερτύχιφς,
2606 5542 3173 5617 Eutychii.GA_LLANo.

2084 5569 2108 5580 “
2141 5569 2235 5597 Ul'.
2295 5569 2421 5598 ιυτν
2450 5569 2572 5615 νιος,
2606 5569 2867 5617 nutycmt.
2900 5569 3173 5599 ‘JALLADU-

2083 5614 2266 5686 °_Leg.
2312 5569 2719 5686 Philadelphus,
2763 5623 2823 5671 ut
2870 5616 2923 5669 in
2967 5614 3089 5670 Act.
3139 5615 3232 5670 cit.
3281 5629 3401 5685 pag.
3448 5612 3608 5678 ΗΠ,

2007 5684 2315 5758 Φιλάδε)φος.
2347 5683 2616 5740 CxLLAxD.
