3978 6188
260 342 371 406 885

1125 344 1504 401 εοιωςετιο
1545 345 1757 400 PRIMA
1802 343 2320 401 EXCERPTORUM
2361 341 2691 400 NESTORII.

3428 342 3539 406 8ὕῦ

262 461 544 519 lentiniani
574 469 957 533 perpetuorum
984 461 1368 531 Augustorum,
1411 463 1457 517 si
1501 462 1628 532 quid
1654 461 1721 516 de
1765 462 1849 515 his
1877 467 1921 522 Α
1954 463 2115 515 etiam
2134 460 2267 515 infra
2298 461 2497 529 scripta
2517 465 2662 523 sunt,
2694 472 2789 511 eos
2815 456 3093 525 subjacere
3115 459 3395 513 sententize
3415 475 3536 515 san-

259 556 678 623 labei‘actavero,
712 554 989 623 subiacere
1016 571 1103 610 me
1133 556 1307 623 legum
1335 556 1629 610 severitati.

334 647 520 701 Zenon
547 656 573 683 ι
602 646 668 702 de
714 647 987 702 territorio
1013 646 1201 715 Sagari
1230 657 1387 717 poeta
1418 647 1849 704 Tessarescaade-

258 740 548 794 catitarum
578 740 864 805 haereseos,
888 741 1081 807 agnovi
1102 756 1284 794 veram
1309 740 1463 795 ﬁdem
1486 741 1847 805 orthodoxize;

258 838 317 883 et
336 845 537 898 rogans
572 831 966 885 sanctissimum
992 833 1305 902 episcopum
1344 831 1751 902 Theophanium
1796 840 1852 887 et

259 922 755 976 reverentissimum
801 922 1246 993 chorepiscopum
1291 922 1549 979 Jacobum
1600 932 1656 978 et
1694 939 1850 979 reve-

264 1012 637 1066 rentissimum
692 1014 1068 1083 presbyterum
1106 1022 1162 1068 et
1196 1014 1620 1084 dispensatorem
1661 1012 1846 1068 Chari-

258 1101 424 1169 sium,
450 1103 647 1157 accessi
688 1102 756 1157 ad
792 1104 1179 1159 sanctissimam
1219 1113 1274 1159 et
1311 1105 1631 1161 catholicam
1664 1104 1852 1159 Eccle-

257 1192 419 1257 siam,
470 1193 929 1248 anathematizans
974 1209 1191 1249 omnem
1218 1196 1487 1257 haeresim,
1519 1203 1576 1250 et
1614 1196 1849 1250 maxime

258 1279 976 1349 Tessaresczedecatitarum,
1010 1286 1062 1339 in
1089 1302 1195 1355 qua
1216 1294 1342 1341 ante
1375 1288 1638 1342 errabam.
1670 1287 1736 1341 Et
1764 1303 1850 1342 as-

254 1372 439 1426 sentio
457 1370 486 1410 δ
514 1376 891 1443 superscripta:
913 1376 1236 1444 expositioni
1251 1377 1695 1443 orthodoxorum,
1720 1394 1849 1433 anas

258 1462 618 1518 thematizaus
638 1480 733 1519 eos
747 1466 840 1532 qui
860 1482 969 1520 non
989 1465 1189 1521 faciunt
1207 1479 1450 1523 sanctum
1469 1470 1610 1524 diem
1632 1469 1849 1526 Pascha:

252 1551 415 1620 juxta
436 1568 643 1608 morem
671 1557 947 1612 catholica)
967 1556 1237 1613 Ecclesiae.
1262 1558 1329 1613 Et
1345 1560 1469 1629 jure
1494 1577 1591 1631 per
1609 1572 1848 1618 sanctam

258 1653 318 1699 et
352 1645 675 1700 homousion
704 1646 1040 1713 Trinitatem,
1074 1658 1130 1704 et
1158 1651 1440 1706 victoriam
1482 1653 1589 1706 DD.
1623 1653 1731 1707 NN.
1764 1655 1843 1709 Fl.

260 1732 555 1790 Theodosii
586 1746 641 1791 et
673 1738 751 1791 Fl.
786 1738 1144 1794 Valentiniani
1167 1752 1551 1811 perpetuorum
1598 1754 1851 1813 augusto-

1949 560 2050 607 ctae
2070 559 2126 606 et
2148 552 2429 606 mundana:
2454 550 2671 622 synodi;
2694 558 2753 603 ut
2778 550 2847 603 sit
2868 550 3209 619 perspicuum
3226 552 3534 621 episcopum

1949 642 2162 711 quidem
2176 643 2408 697 alienum
2425 643 2659 695 futurum
2675 641 2990 710 episcopatu
3003 650 3059 694 et
3080 640 3194 695 fore
3209 641 3532 710 depositum;

1948 734 2205 788 clericum
2223 750 2348 789 vero
2370 734 2525 789 simili
2547 734 2710 789 modo
2730 750 2761 787 a
2789 734 3042 789 clericatu
3067 737 3532 803 summovendum;

1949 825 1994 879 si
2023 840 2153 879 vero
2182 825 2351 880 laicus
2371 827 2460 888 sit,
2493 835 2546 880 et
2564 841 2691 881 eum
2718 825 2835 882 fore
2864 827 3174 894 anathema,
3208 828 3346 883 sicut
3372 844 3533 898 supra

1949 914 2150 969 dictum
2180 924 2281 971 est.

2556 1006 2946 1060 EXCERPTA.

1953 1106 1976 1134 ο
2022 1096 2104 1151 Ex
2140 1097 2270 1151 libro
2316 1098 2477 1167 ipsius
2530 1098 2784 1160 Nestorii.
2824 1117 2888 1153 ex
2922 1101 3261 1167 quaternione
3309 1117 3419 1164 xvr,
3470 1103 3536 1156 de

2630 1170 2887 1240 dogmate.

2020 1278 2245 1343 Quoties
2270 1278 2430 1347 igitur
2456 1286 2641 1334 sancta
2674 1280 2953 1350 Scriptura
2986 1281 3192 1334 dictura
3221 1288 3304 1335 est
3330 1282 3415 1335 vel
3444 1296 3537 1350 ge-

1950 1370 2286 1424 nerationem
2324 1369 2526 1425 Christi
2563 1386 2631 1424 ex
2679 1371 2837 1425 beata
2878 1371 3097 1439 Virgine
3138 1372 3220 1427 vel
3269 1379 3533 1431 mortem.

1949 1474 2214 1527 nusquam
2236 1459 2402 1513 Deum
2424 1460 2572 1525 dicit,
2594 1460 2690 1515 sed
2718 1471 2812 1515 aut
2839 1460 3111 1516 Christum
3132 1469 3225 1516 aut
3242 1461 3422 1517 Jesum
3445 1472 3537 1516 aut

1951 1548 2269 1614 Dominum;
2299 1550 2555 1618 quoniam
2585 1550 2699 1605 bzec
2726 1552 2830 1605 tria
2865 1561 3087 1609 naturas
3115 1553 3354 1608 indicant
3380 1553 3535 1617 duas.

1951 1639 2113 1693 modo
2136 1640 2297 1705 hanc,
2327 1641 2490 1696 modo
2517 1642 2684 1709 illam,
2716 1643 2876 1698 modo
2907 1652 3207 1713 utramque.
3235 1644 3329 1699 Est
3356 1654 3537 1699 autem

1951 1731 2059 1784 tale
2088 1732 2231 1799 quod
2271 1732 2411 1786 dico.
2436 1732 2659 1798 Quoties
2688 1735 2842 1789 nobis
2881 1736 3283 1803 generationem
3317 1751 3384 1790 ex
3416 1736 3537 1790 Vir-

260 1840 407 1878 rum.
441 1824 499 1879 Si
527 1828 657 1894 quid
689 1836 870 1883 autem
896 1830 963 1884 de
1005 1832 1380 1902 suprascriptis
1418 1833 1813 1891 labefactavero
1832 1875 1852 1899 ι
1882 1834 1925 1892 Β
1952 1822 2075 1887 εἰπε
2102 1821 2377 1892 Scriptura
2406 1832 2817 1890 commemorata
2857 1824 2982 1895 (ἰυίά
3024 1825 3192 1879 die“?
3220 1825 3366 1879 Μίδίτ
3399 1824 3538 1879 De“

259 1917 555 1986 subjacebo
592 1919 769 1987 legum
806 1923 1099 1976 severitati.
1126 1922 1276 1979 Hanc
1300 1941 1515 1978 manum
1538 1926 1587 1980 ei
1610 1942 1852 1981 commo—

257 2006 384 2061 davi
403 2007 617 2061 Flavius
639 2007 924 2076 Palladius,
951 2012 1093 2080 quod
1112 2028 1347 2081 praesens
1376 2014 1581 2069 litteras
1605 2002 1849 2071 nesciret.

337 2097 435 2152 His
456 2099 615 2167 igitur
651 2102 907 2168 recitatis,
939 2103 1178 2158 decrevit
1196 2115 1384 2160 sancta
1412 2107 1651 2178 synodus
1693 2109 1852 2161 aliam

261 2189 428 2245 ﬁdem
456 2192 587 2246 nulli
630 2192 791 2248 licere
834 2193 1076 2263 proferre
1106 2196 1189 2251 vel
1217 2198 1558 2253 conscribere
1587 2200 1669 2253 vel
1709 2215 1855 2254 com-

259 2296 494 2351 ponere,
524 2292 720 2351 praeter
767 2286 912 2339 illam
956 2300 1076 2354 qua:
1129 2291 1422 2344 constituta
1468 2299 1551 2344 est
1581 2307 1612 2345 a
1659 2294 1858 2348 sanctis

262 2372 519 2429 Patribus
580 2377 674 2444 qui
741 2376 914 2432 Nicma
972 2379 1025 2433 in
1080 2390 1268 2435 sancto
1328 2381 1528 2450 Spiritu
1589 2398 1859 2439 convene-

262 2472 398 2518 runt
445 2482 457 2517 :
498 2465 619 2521 illos
673 2482 803 2523 vero
847 2470 940 2537 qui
994 2472 1227 2526 audeant
1270 2472 1431 2527 ﬁdem
1488 2475 1717 2529 alienam
1773 2477 1857 2531 vel

262 2572 599 2626 componere
644 2561 730 2615 vel
791 2563 1034 2632 proferre
1087 2566 1391 2620 volentibus
1432 2574 1750 2622 convertere
1790 2569 1857 2623 ad

262 2648 600 2716 agnitionem
650 2655 886 2708 veritatis
931 2670 999 2709 ex
1044 2658 1384 2724 paganismo,
1419 2658 1531 2712 sive
1569 2674 1635 2712 ex
1678 2659 1860 2713 Judai-

262 2753 411 2803 smo,
435 2741 548 2795 sive
568 2756 635 2796 ex
658 2743 969 2811 aliqualibct
992 2746 1203 2811 bzeresi,
1227 2763 1339 2812 eos,
1364 2748 1476 2802 sive
1498 2749 1735 2818 episcopi
1755 2750 1860 2803 sint

265 2840 368 2884 aut
394 2831 597 2899 clerici,
615 2834 821 2891 alienos
841 2852 959 2891 esse
979 2839 1261 2908 episcopos
1281 2841 1610 2909 episcopatu,
1635 2841 1861 2897 clericos

265 2924 562 2992 clericatu;
593 2928 639 2981 si
682 2943 811 2982 vero
839 2930 962 2985 laici
1006 2931 1131 2997 sint,
1165 2933 1452 2987 anathema
1500 2948 1638 2988 esse.
1686 2932 1859 2988 Simili

265 3016 438 3071 modo
465 3018 510 3072 si
558 3020 651 3086 qui
679 3020 1003 3090 deprehensi
1046 3023 1255 3087 forent,
1301 3025 1416 3079 sive
1452 3026 1715 3096 episcopi,
1747 3026 1860 3080 sive

264 3106 476 3173 clerici,
503 3110 587 3163 vel
618 3111 758 3175 laici,
796 3114 880 3167 vel
910 3113 1191 3168 credentes
1220 3114 1305 3168 vel
1334 3114 1592 3170 docentes
1637 3131 1699 3169 ea
1740 3130 1859 3183 qua:

1954 1910 2152 1965 Filium
2169 1929 2320 1966 suum
2344 1912 2486 1984 (Gal.
2519 1931 2589 1981 iv,
2614 1914 2691 1986 4).
2724 1916 2839 1971 Non
2861 1916 2989 1970 dicit
3022 1934 3034 1969 :
3060 1914 3206 1970 Misit
3234 1916 3373 1971 Deus
3411 1917 3540 1971 Ver-

1955 1999 2090 2055 bum.
2116 2002 2223 2057 Sed
2242 2004 2411 2057 utitur
2434 2019 2500 2058 eo
2520 2006 2739 2059 nomine
2758 2007 2903 2075 quod
2924 2015 3143 2060 naturas
3164 2007 3366 2062 indicat
3384 2008 3536 2062 duas.

1955 2092 2089 2158 Quia
2115 2094 2257 2146 enim
2287 2093 2453 2149 Filius
2478 2095 2643 2150 homo
2672 2104 2755 2149 est
2776 2104 2831 2150 et
2860 2096 3019 2162 Deus,
3044 2097 3191 2163 dicit,
3222 2096 3368 2151 Misit
3399 2096 3541 2151 Deus

1956 2181 2152 2237 Filium
2172 2201 2318 2238 suain
2350 2187 2543 2256 factum
2569 2204 2634 2239 ea:
2661 2187 2906 2250 muliere;
2937 2194 2993 2240 ut
3014 2188 3059 2241 si
3080 2189 3313 2243 audieris
3341 2190 3542 2243 factum

1956 2289 2027 2330 ex
2045 2276 2287 2340 muliere,
2318 2276 2518 2346 pudeat
2546 2277 2709 2331 etiam
2730 2292 2926 2332 nomen
2955 2279 3190 2347 positum
3219 2279 3362 2347 quod
3386 2287 3543 2332 natu-

1957 2381 2046 2419 ras
2076 2366 2277 2421 indicat
2296 2367 2447 2432 duas,
2472 2375 2531 2421 ut
2552 2369 2899 2436 generatione
2917 2368 3133 2437 quidem
3157 2384 3225 2423 ex
3246 2370 3401 2422 beata
3421 2368 3544 2423 Vir-

1958 2457 2082 2524 gine
2122 2456 2313 2511 Filium
2354 2472 2535 2512 voces.
2579 2457 2771 2512 Filium
2820 2458 2961 2512 enim
3001 2459 3211 2529 peperit
3250 2460 3342 2514 Dei
3382 2459 3543 2527 Virgo

1957 2549 2314 2623 Χριστοτόκος.
2356 2546 2620 2614 Quoniam
2652 2565 2777 2604 vero
2810 2550 2977 2605 Filius
3006 2552 3101 2606 Dei
3140 2552 3335 2620 duplex
3366 2560 3448 2605 est
3488 2552 3541 2605 in

1960 2639 2185 2705 naturis,
2210 2636 2236 2675 ἀ
2260 2656 2367 2694 non
2393 2642 2605 2709 peperit
2623 2642 2840 2709 quidem
2863 2641 3055 2695 Filium
3076 2642 3192 2704 Dei,
3221 2642 3313 2696 sed
3340 2661 3348 2707 ι
3373 2642 3545 2711 eperit

1960 2732 2233 2787 hominem
2260 2733 2353 2801 qui
2388 2741 2469 2787 est
2497 2732 2638 2787 ﬁlius
2665 2742 2886 2804 propter
2918 2734 3264 2802 conjunctum
3294 2732 3505 2787 Filium.

2318 2888 2566 2961 Ejusdem
2603 2908 2668 2945 ea:
2703 2892 3036 2962 quaternione
3074 2907 3183 2945 xxx.

2030 3023 2167 3079 Vide
2193 3025 2320 3093 quid
2355 3026 2582 3093 accidat,
2617 3027 2888 3082 hteretice.
2934 3026 3051 3082 Non
3091 3027 3305 3082 invideo
3345 3043 3539 3083 nomen

1962 3116 2168 3183 Virgini
2217 3119 2561 3191 Χριστοτόκῳ.
2604 3118 2802 3173 Fateor
2855 3119 2999 3174 enim
3036 3119 3386 3173 reverendam
3427 3136 3546 3175 esse

262 3197 471 3265 scripta
499 3208 624 3253 sunt
652 3201 704 3254 in
726 3205 1061 3271 expositione
1083 3219 1201 3272 quae
1222 3219 1254 3257 a
1276 3204 1522 3259 Charisio
1544 3206 1861 3276 presbytero
1889 3206 1932 3266 C
1965 3221 2085 3261 eam
2104 3221 2223 3275 qute
2256 3216 2279 3244 ε
2301 3209 2610 3277 conceperit
2635 3208 2822 3273 Deum,
2853 3223 2951 3278 per
2975 3223 3135 3277 quam
3157 3209 3426 3262 transferit
3448 3209 3547 3263 Do-
3571 3211 3576 3215 ’

262 3286 480 3356 prolata
518 3297 602 3343 est
648 3291 714 3345 de
753 3292 1119 3347 incarnatione
1158 3294 1414 3362 unigeniti
1442 3293 1562 3348 Filii
1613 3295 1734 3359 Dei,
1768 3302 1863 3349 aut

264 3387 421 3436 certe
467 3382 727 3438 scelerata
774 3395 829 3439 et
855 3400 1110 3455 perversa
1156 3384 1390 3440 Nestorii
1434 3386 1711 3454 dogmata,
1745 3402 1861 3456 qua:

1966 3299 2143 3352 minus
2172 3299 2432 3363 omnium,
2460 3314 2559 3369 per
2596 3314 2754 3368 quam
2782 3298 3001 3368 iustitia:
3036 3299 3120 3353 sol
3156 3299 3422 3363 illuxerit;
3452 3298 3547 3352 sed

1965 3387 2176 3459 porro‘
2210 3390 2453 3461 suspicor
2488 3391 2753 3461 plausum.
2794 3390 3077 3458 Quomodo
3115 3391 3220 3446 hoc
3256 3390 3402 3460 quod
3437 3389 3546 3444 dixi

1439 3535 1981 3596 CASTIGATIONES
2020 3541 2110 3595 ET
2145 3542 2370 3598 NOTAE.

345 3664 373 3727 fl
402 3653 477 3707 lta
507 3654 885 3727 codicesMarii
916 3656 1244 3722 Mercatoris,
1270 3658 1371 3711 nisi
1400 3656 1546 3727 quod
1567 3656 1859 3727 Vaticanus

264 3726 434 3780 habet
478 3728 681 3795 poet/ia.
725 3725 781 3779 In
813 3725 999 3781 Graeco
1019 3734 1102 3781 est
1127 3730 1277 3793 ποθε,
1309 3724 1456 3782 nullo
1485 3743 1661 3782 sensu.
1694 3724 1773 3778 Ex
1795 3743 1858 3782 ea

265 3805 453 3849 tamen
477 3805 568 3849 aut
587 3796 745 3866 simili
768 3797 1001 3851 lectione
1028 3806 1148 3852 orta
1181 3807 1263 3852 est
1292 3814 1393 3853 vox
1416 3813 1578 3866 quam
1602 3796 1859 3851 exhibent

264 3866 597 3934 exemplaria
635 3865 968 3936 Mercatoris.
1002 3867 1060 3920 In
1083 3870 1309 3936 antiqua
1358 3865 1605 3922 versione
1646 3869 1857 3922 concilii

263 3936 522 4003 Ephesini
552 3953 603 4005 p.
632 3934 753 4002 555,
789 3936 1031 3991 Pillzatw.
1065 3934 1247 3992 Codex
1269 3937 1472 3994 Justelli
1492 3954 1522 3992 a
1544 3936 1758 3992 Labheo
1783 3938 1860 3993 ci-

263 4014 417 4059 tatus
462 4007 514 4059 in
565 4007 803 4073 margine
836 4020 957 4075 pag.
1004 4006 1106 4060 688
1136 4010 1269 4063 tomi
1299 4010 1445 4064 tertii
1473 4007 1856 4074 Conciliorum,

261 4078 430 4147 potia.
462 4075 664 4130 Auctor
690 4077 923 4147 antiqua:
946 4079 1206 4133 versionis
1219 4080 1428 4136 concilii
1456 4077 1862 4133 Chalcedonen-

262 4146 346 4217 s_is
368 4147 616 4217 utebatur
644 4146 831 4202 codice
865 4148 917 4200 in
946 4163 1055 4217 quo
1097 4150 1226 4202 nihil
1260 4148 1559 4205 istiusmodi
1588 4150 1853 4203 exstabat.

262 4215 435 4295 {orte
462 4216 742 4295 legendum
792 4226 874 4295 est
916 4215 1258 4295 ningdémg.
1283 4221 1379 4295 _I_)e
1408 4235 1515 4288 qua
1561 4234 1696 4295 voce
1734 4219 1857 4273 vide

264 4285 503 4358 Marcum
534 4288 624 4358 lib.
650 4304 685 4340 ιι
711 4287 777 4341 de
805 4285 1104 4343 Concordia
1129 4306 1249 4358 cap.
1277 4290 1344 4343 i3
1367 4285 1631 4358 extremo.
1655 4288 1852 4343 BALUZ.

261 4388 341 4399 ——
367 4356 423 4409 In
448 4373 547 4412 ms.
571 4356 798 4434 Justelli,
824 4358 887 4434 (hie
908 4361 1162 4413 territorio
1182 4356 1502 4430 Acaripotia.
1520 4357 1636 4424 Gr.,
1656 4363 1856 4434 χωρίου

260 4435 487 4499 Σαγόρου
516 4431 663 4491 πύθε,
686 4429 784 4482 sic.
817 4427 1090 4483 GALLAND.
1343 4427 1351 4430 “

341 4503 367 4536 υ
399 4496 514 4553 Gr..
542 4504 983 4553 ποονενοααιιένη.
1019 4497 1407 4553 nra’scrinlw.G

341 4508 367 4536 υ
399 4508 514 4562 (in,
542 4508 983 4576 προγεγραμμένη,
1017 4508 1639 4569 pra’scriplw.UALLANn.

341 4578 365 4607 ε
402 4566 497 4640 Hic
525 4568 711 4640 incipit
748 4570 887 4638 apud
924 4558 1243 4640 Garnerium
1274 4571 1443 4640 prima
1475 4578 1852 4640 excerptornm

259 4635 501 4711 Nestorii
529 4635 820 4711 collectio}
853 4641 937 4693 cui
968 4640 1034 4693 ab
1073 4635 1548 4711 eodem—Camerio
1576 4635 1855 4711 prmmitti-

260 4715 359 4779 tur
387 4707 681 4779 admonitio
712 4723 942 4777 sequens
988 4728 1001 4762 :
1034 4728 1054 4759 ‹
1092 4708 1432 4779 Prmponitur
1459 4707 1853 4767 hinc—collectio

1966 3661 2155 3713 eodem
2204 3675 2325 3714 cum
2380 3660 2498 3714 aliis
2551 3658 2816 3730 Operibus
2866 3659 3082 3725 codice;
3135 3659 3545 3730 deinde,_quia

1963 3744 2072 3801 non
2100 3730 2310 3801 diversa
2350 3740 2433 3783 est
2473 3745 2537 3784 ac
2565 3744 2754 3801 eorum
2795 3728 3227 3801 Lat_'mit;gs,qnm
3262 3745 3321 3801 se
3348 3728 3548 3787 Mai-ius

1963 3800 2187 3853 verbum
2210 3799 2276 3853 ad
2301 3801 2523 3853 verbum
2543 3799 2769 3852 vertisse
2788 3800 2856 3852 de
2876 3798 3062 3852 Gnaeo
3087 3800 3139 3851 in
3161 3798 3407 3851 Latinum
3428 3815 3545 3854 ser-

1964 3884 2178 3937 monem
2204 3877 2433 3923 testatur
2458 3869 2510 3922 in
2538 3867 2851 3937 prmfatione
2877 3868 2944 3921 ad
2964 3867 3253 3922 Sermones
3284 3866 3537 3922 Nestorii.

1965 3936 2114 3993 Adde
2137 3939 2281 4007 quod
2310 3936 2679 4009 antiquissima
2714 3945 2795 3992 est
2828 3938 3024 4009 versio.
3070 3938 3184 4009 D_uo
3206 3944 3401 4009 tamen
3422 3938 3548 4009 huic

1963 4006 2202 4090 epinioni
2243 4006 2501 4090 pugnant.
2544 4009 2783 4090 Alterum
2815 4008 2958 4090 quod
3003 4006 3352 4090 in-Operibus
3389 4007 3547 4090 indu-

1962 4076 2188 4134 bitatum
2246 4076 2567 4135 habentibus
2624 4076 2972 4147 interpretem
3032 4076 3381 4131 Mercatorem
3436 4079 3543 4132 alia

1961 4150 2032 4204 sit
2074 4166 2232 4221 quam
2283 4152 2335 4204 in
2379 4151 2483 4205 isto
2528 4148 3113 4221 earu_m(_lem__Nes_t_orii
3152 4147 3543 4221 sententiarum

1960 4216 2155 4274 versio.
2201 4219 2470 4283 Alterum,
2524 4219 2668 4289 quod
2703 4216 3293 4289 CyriliusiAlexandriic
3322 4216 3542 4271 easdem

1962 4292 2256 4344 sententias
2280 4287 2569 4343 Latinitate
2597 4287 2824 4341 donatas
2844 4287 3136 4342 Caelestino
3160 4287 3357 4341 scribat
3374 4328 3389 4351 ,
3416 4304 3543 4358 qua:

1961 4377 2173 4432 quoque,
2188 4370 2432 4432 quantum
2444 4358 3005 4432 quidemperaliosﬁeri
3022 4360 3160 4428 potui
3167 4366 3201 4420 t,
3219 4358 3303 4432 qui
3315 4358 3545 4432 Alexan-

1960 4426 2091 4483 dria}
2126 4426 2263 4493 sunt,
2309 4426 2494 4482 Latine
2531 4428 2677 4481 reddi
2716 4426 2909 4482 curavi.
2944 4426 3141 4483 Verum
3181 4426 3374 4482 accidit
3424 4442 3537 4481 non

1960 4515 2083 4553 raro
2108 4510 2165 4551 ut
2186 4500 2304 4552 aliis
2329 4497 2811 4566 temporibusidem
2835 4506 3022 4553 auctor
3038 4497 3254 4552 easdem
3278 4498 3547 4551 sermonis

1960 4569 2183 4647 alicujus
2205 4575 2491 4647 περικοπὰς
2523 4568 2843 4647 aliis_verbis
2872 4568 3156 4647 exprimat,
3180 4566 3384 4647 deinde
3411 4582 3539 4621 cer-

1958 4646 2070 4692 tum
2123 4647 2223 4703 est,
2272 4638 2371 4693 'aut
2405 4640 2597 4694 saltem
2649 4638 2808 4704 longe
2856 4638 3382 4706 probabilissimum,
3415 4651 3541 4706 ver-7

1959 4710 2166 4764 sionem
2192 4725 2312 4779 qua:
2346 4716 2522 4764 exstat
2564 4725 2631 4763 ex
2661 4708 2809 4779 Actis
2836 4704 3036 4779 Graecis
3058 4707 3270 4779 concilii
3293 4704 3546 4779 Ephesini

262 4777 386 4831 aliis
408 4777 614 4851 duobus
641 4763 864 4851 propter
893 4780 1151 4851 temporis
1189 4763 1593 4851 erdinempqno
1611 4763 1856 4851 reliquas
1886 4763 1933 4823 D
1958 4763 2472 4851 elaboratamfuisse
2496 4787 2658 4847 atque
2680 4778 2815 4833 adeo
2837 4778 2904 4832 ab
2930 4777 3286 4851 Alexandrina
3306 4763 3540 4828 differre.

265 4847 521 4919 praecedit
536 4864 555 4919 ;_
573 4864 693 4919 cum
725 4850 868 4903 enim
902 4847 1066 4918 ipsius
1087 4850 1288 4903 mentio
1310 4849 1402 4904 ﬁat
1425 4851 1477 4903 in
1502 4847 1701 4905 litteris
1720 4847 1856 4919 quas

261 4917 499 4988 Cyrillns
526 4917 671 4971 dedit
704 4920 759 4972 in
788 4917 948 4973 causa
967 4920 1209 4988 Nestorii
1238 4920 1304 4973 ad
1333 4928 1576 4975 sanctum
1603 4917 1853 4975 leesti-

262 4987 415 5061 rium,
442 4988 529 5041 ubi
560 4988 637 5043 sic
662 4989 893 5043 habetur
912 5008 923 5041 :
940 4987 1053 5052 Quo
1081 4992 1333 5044 sanctitas
1358 5000 1463 5055 tua,
1485 5000 1602 5061 tam
1628 5008 1741 5061 qua:
1767 4993 1855 5046 ille

257 5058 401 5131 dicit
424 5066 474 5131 et
504 5061 659 5127 sapit,
678 5076 837 5131 quam
860 5075 974 5131 qua:
1012 5060 1145 5124 beati
1173 5070 1223 5112 et
1259 5062 1436 5131 magni
1476 5058 1661 5114 Patres
1690 5065 1854 5117 nostri

260 5128 612 5201 tradiderunt,
637 5128 777 5183 clare
806 5128 1106 5201 perspiciat,
1142 5128 1451 5201 misitcinos
1481 5132 1707 5201 capitum
1734 5148 1853 5185 sen-

260 5200 452 5271 tentias
482 5201 798 5271 continentes
830 5201 868 5271 (ι
897 5199 1033 5271 part.
1067 5217 1211 5271 eone.
1237 5199 1373 5271 Eph.
1398 5217 1513 5269 cap.
1546 5199 1637 5268 ⁷14)
1659 5218 1672 5265 ;
1697 5217 1849 5256 cum-

259 5284 373 5339 que
395 5268 533 5322 data:
562 5270 667 5323 sint
694 5268 1040 5324 littene'ann.
1070 5270 1191 5330 450,
1221 5268 1319 5323 sub
1346 5268 1552 5323 initium
1575 5272 1735 5335 veris,
1764 5287 1851 5326 ne-

259 5354 418 5393 cesse
446 5346 529 5393 est
555 5341 930 5395 collectionem
967 5340 1160 5395 factam
1199 5356 1316 5395 esse
1344 5341 1443 5394 sub
1484 5340 1691 5394 initium
1722 5343 1850 5396 anni

257 5409 386 5481 έδο,
419 5417 476 5464 et
515 5410 750 5479 quidem,
785 5418 844 5464 ut
883 5412 1093 5480 opinor,
1138 5410 1190 5463 in
1229 5410 1434 5481 synodo
1481 5411 1849 5466 Alexandrinae

258 5479 518 5535 Ecclesia:
545 5489 670 5535 ante
690 5479 1162 5550 Quadragesimam
1185 5479 1389 5543 coacta,
1415 5481 1557 5536 unde
1586 5483 1744 5535 missa
1766 5489 1850 5536 est

256 5550 495 5621 secunda
518 5550 584 5603 ad
610 5550 914 5605 Nestorium
936 5550 1219 5606 monitoria
1243 5553 1467 5621 epistola
1487 5569 1500 5618 ;
1523 5567 1847 5620 quamquam

257 5620 465 5692 aliquid
506 5621 1054 5692 scrupuliiremanere
1084 5628 1280 5692 potest,
1324 5623 1415 5677 sed
1446 5623 1498 5676 in
1530 5622 1841 5691 pnelatione

254 5691 437 5746 tertia:
467 5691 703 5746 tolletur.
747 5691 1018 5761 lnterpres
1056 5691 1201 5746 credi
1248 5700 1429 5761 potest
1456 5692 1654 5746 Marius
1699 5692 1839 5746 Mer-

256 5772 433 5829 cator,
475 5762 728 5831 primum,
777 5763 903 5831 quia
940 5761 1283 5833 reperiuntur
1324 5764 1437 5818 haec
1485 5770 1735 5835 excerpta
1784 5763 1838 5818 in

1959 4849 2118 4904 Visus
2162 4858 2244 4904 est
2282 4848 2501 4905 Grzccus
2537 4845 2719 4902 textus
2762 4847 3116 4917 opponendus
3167 4845 3545 4917 Latituevcr-

1957 4920 2116 4985 sioni,
2147 4928 2207 4973 ut
2234 4920 2349 4990 ipsa
2373 4928 2525 4973 tanto
2556 4918 2762 4990 ﬁdeiior
2788 4914 3090 4987 appareret,
3122 4923 3325 4990 quanto
3364 4914 3541 4990 since-

1955 4990 2069 5044 rior
2102 4984 2271 5058 atque
2304 4990 2615 5058 simplicior.
2656 4984 3097 5058 Visum'quoque
3135 4984 3202 5039 ad
3249 4984 3544 5058 marginem

1955 5054 2324 5114 annotandum
2355 5054 2462 5129 quo
2491 5076 2565 5130 ex
2586 5074 2751 5130 opere
2772 5054 3293 5130 Nestorii’mpizgnai
3315 5054 3423 5109 sint
3450 5069 3543 5106 ac—

1954 5138 2143 5199 ceptte,
2188 5126 2390 5199 quibus
2410 5130 2529 5183 aliis
2556 5126 2780 5182 in’locis
2808 5126 3136 5199 adhibitam;
3173 5126 3327 5181 Emr.

2025 5199 2051 5237 ά
2093 5198 2416 5254 Particulam
2446 5199 2745 5267 negativam
2770 5198 3019 5267 rejiciunt
3048 5198 3299 5252 Baluzius
3338 5202 3392 5250 et
3424 5201 3549 5265 post

1953 5284 2074 5324 eum
2097 5268 2429 5323 Gallandius.
2456 5270 2610 5323 Ευιτ.

2029 5348 2051 5375 ε
2080 5339 2261 5393 Secnti
2286 5340 2373 5395 hic
2393 5356 2576 5394 sumus
2603 5338 2877 5408 exemplar
2904 5337 3304 5392 Bellovacense.
3328 5335 3462 5408 Nam
3491 5335 3545 5388 in

1950 5409 2211 5464 Vaticano
2241 5411 2436 5480 legitur
2457 5411 2671 5480 peperit.
2699 5405 3012 5480 ln'coiicilio
3038 5405 3465 5462 Chalcedonensi
3491 5411 3546 5458 ct

1950 5480 2003 5534 in
2033 5481 2280 5534 versione
2308 5478 2533 5541 Peltani,
2566 5480 2807 5549 suscepit.
2842 5478 3040 5531 BALUZ.

2027 5549 2045 5588 ί
2078 5551 2135 5604 ld
2165 5558 2285 5603 est:
2324 5571 2340 5601 σ
2372 5550 2477 5604 Sed
2507 5547 2751 5619 suspicor
2788 5565 2886 5603 vos
2924 5548 3049 5619 mihi
3096 5547 3388 5619 plaudere,
3433 5564 3540 5602 non

1950 5627 2130 5674 tamen
2157 5621 2316 5688 plane
2338 5628 2573 5674 mentem
2602 5616 2779 5673 ineant
2800 5616 3181 5688 percipientes.
3226 5616 3363 5688 Quid
3396 5618 3542 5688 enim

1948 5685 2254 5759 exprimere
2287 5691 2429 5745 volui
2460 5691 2625 5743 verbo
2661 5685 2965 5752 transierit?
2995 5688 3107 5743 Hoc
3128 5687 3384 5759 audiatis.
3409 5685 3543 5759 _Nou

1945 5756 2075 5828 dii],
2100 5768 2238 5815 etc.»
2266 5760 2323 5816 In
2354 5760 2542 5817 Grzeco
2572 5767 2691 5815 est:
2726 5760 2870 5815 υὸὼν
2902 5757 3183 5816 ὑποπτεύω
3209 5758 3296 5812 τὸν
3328 5756 3545 5832 κρότον·
