3978 6188
457 313 564 369 887

964 321 1154 378 MAR"
1194 322 1633 380 MERCATORIS
1670 323 2020 383 TRANSLA'I

2136 329 2239 386 ll-ZS
2279 329 2637 390 VARIORUM
2675 334 3205 397 OPUSCULORUM.

3628 341 3732 402 838

459 431 762 486 transierit?
788 432 903 487 Non
934 433 1044 490 dixi
1068 439 1332 492 transierit
1351 453 1448 508 pro
1484 452 1550 493 eo
1578 438 1724 506 quod
1752 446 1835 494 est
1858 448 2036 494 natus.
2071 450 2114 504 Α
2147 451 2422 509 naturam;
2464 455 2516 500 et
2552 446 2799 502 habitavit
2834 451 2891 504 in
2922 451 3091 516 nobis,
3149 463 3201 507 et
3243 455 3464 512 uidimus
3508 459 3726 530 gloriam

457 515 641 588 Neque
683 523 826 576 enim
876 532 984 578 tam
1030 528 1140 582 cito
1190 544 1438 583 meorum
1477 535 1692 597 egomet
1735 529 2044 584 obliviscor.

460 605 734 665 Trausisse
756 611 922 667 Deum
945 631 1042 684 per
1062 617 1334 686 Virginem
1355 621 1692 695 Χριστοτὸκον
1715 636 1745 674 a
1767 619 2042 690 Scriptura

454 701 745 768 perdoctus
785 720 935 772 sum;
968 717 994 745 ⁸
1019 717 1228 776 natum,
1262 728 1368 766 non
1398 712 1623 766 edoctus
1658 728 1796 766 sum.

527 789 662 845 Item
680 803 798 863 post
816 796 942 850 alia.
971 799 1246 870 Nusquam
1275 802 1454 856 divina
1480 801 1756 872 Scriptura
1785 804 1954 858 Deum
1973 819 2042 860 cx

451 880 673 949 Virgine
710 889 1036 961 Χριστοτόκῳ
1074 893 1266 946 asserit
1306 901 1508 960 natum,
1543 894 1637 948 sed
1664 893 1846 949 Jesum
1883 893 2040 950 Chri-

453 983 619 1036 stum,
660 974 874 1043 Filium,
922 980 1226 1035 Dominum.
1269 982 1396 1038 Haec
1439 999 1627 1038 omnes
1664 984 2038 1041 eouliteamur.

455 1064 583 1130 Qum
604 1069 749 1122 enim
775 1069 959 1126 docuit
985 1073 1164 1128 divina
1192 1074 1468 1144 Scriptura
1489 1077 1580 1145 qui
1611 1092 1719 1132 non
1743 1078 1923 1131 statim
1951 1093 2042 1133 ac-

452 1157 602 1224 cipit,
635 1159 799 1213 miser
825 1169 906 1215 est
935 1181 947 1215 :
993 1163 1180 1234 Surge,
1215 1175 1264 1218 et
1291 1167 1466 1236 accipe
1504 1183 1715 1236 prterunt
1745 1177 1795 1221 et
1823 1177 2039 1222 matrem

453 1249 562 1318 cjus
594 1250 808 1320 (Matth.
841 1270 894 1318 ιι,
931 1255 1040 1324 15).
1079 1256 1201 1311 Hzec
1244 1259 1558 1325 angelorum
1589 1275 1695 1312 vox
1737 1267 1838 1324 est,
1875 1261 2039 1315 immo

455 1350 563 1394 tua.
597 1342 844 1399 Fortasse
873 1350 1276 1415 generationem
1305 1351 1472 1419 ipsius
1499 1350 1527 1388 ι)
1558 1360 1781 1406 noverat
1809 1354 2038 1408 archan-

450 1430 602 1496 gelus
635 1450 647 1485 :
691 1433 860 1506 Surge
895 1445 944 1490 et
984 1439 1157 1508 accipe
1194 1457 1406 1510 puerum
1445 1450 1494 1494 et
1521 1452 1737 1496 matrem
1764 1445 1894 1514 ejus.
1921 1445 2038 1501 Non

453 1522 590 1578 dixit
615 1543 627 1577 :
661 1525 846 1598 Surge,
872 1538 922 1582 et
949 1533 1124 1602 accipe
1143 1530 1308 1587 Deum
1335 1543 1386 1596 et
1413 1544 1628 1588 matrem
1655 1536 1796 1606 ejus.,

802 1658 1054 1732 Ejusdem
1091 1681 1157 1718 ea:
1191 1669 1525 1736 quaternione
1564 1685 1672 1722 xxx.

2148 536 2308 605 ipsius
2339 536 2474 592 Filii.
2507 538 2624 593 Non
2654 540 2790 595 dixit
2818 559 2830 594 :
2873 541 3106 598 Vidimus
3139 551 3526 617 generationem
3557 551 3722 607 Verbi.

2647 672 2730 729 Ex
2767 678 3102 747 quaternione
3138 695 3225 734 xv.

2214 804 2291 858 Ita
2319 805 2476 863 etiam
2509 805 2778 864 Christum
2802 813 3098 867 secundum
3119 830 3336 872 carnem
3357 828 3585 890 propter
3601 838 3726 879 con-

2136 895 2470 964 junctionem
2490 914 2653 968 quam
2679 901 2979 958 habetcum
3001 905 3111 960 Deo
3132 905 3327 973 Verbo,
3355 910 3523 967 Deum
3555 919 3721 970 nomi-

2143 1003 2351 1052 namus,
2380 989 2613 1045 scientes
2649 1007 2769 1047 esse
2809 993 3078 1049 hominem
3121 998 3214 1065 qui
3251 1011 3496 1069 apparet.
3533 1015 3558 1042 ⁸
3592 1007 3720 1062 Audi

2145 1087 2368 1146 utraque
2406 1079 2627 1135 Paulum
2667 1084 3047 1152 praedicantem
3087 1104 3100 1139 :
3143 1088 3232 1144 Ea:
3270 1091 3490 1159 Judaeis,
3534 1097 3718 1167 inquit,

2142 1166 2399 1222 Christum
2427 1173 2708 1227 secundum
2741 1191 2967 1240 carnem,
2992 1180 3078 1249 qui
3105 1190 3183 1234 est
3201 1197 3361 1252 supra
3389 1202 3567 1241 omnes

2143 1256 2318 1324 (Rom.
2342 1276 2417 1324 ix,
2443 1258 2516 1330 5).
2545 1260 2697 1319 Prius
2725 1265 3000 1322 hominem
3027 1270 3337 1337 conﬁtetur,
3369 1275 3566 1334 deinde
3593 1296 3718 1336 con-

2135 1348 2416 1418 junctione
2451 1353 2518 1407 ad
2547 1354 2714 1410 Deum
2739 1357 2871 1412 dicit
2898 1360 3067 1416 Deum
3091 1378 3213 1418 eum
3251 1367 3343 1435 qui
3382 1383 3628 1439 apparet,
3656 1391 3720 1430 ne

2140 1441 2259 1508 quis
2279 1439 2738 1500 Christianitatem
2765 1447 2999 1505 hominis
3027 1461 3179 1522 putet
3199 1469 3318 1511 esse
3342 1459 3644 1516 cultricem.

2495 1571 2745 1643 Ejusdem
2763 1593 2828 1630 ea:
2848 1581 3181 1649 quaternione
3201 1593 3360 1640 um.

2209 1701 2314 1758 Sed
2341 1706 2792 1773 quemadmodum
2817 1711 3123 1771 dicebamus
3144 1717 3312 1774 Deum
3339 1725 3580 1780 omnium
3602 1729 3716 1798 opi-

521 1789 656 1854 Quid
680 1791 841 1859 igitur
867 1794 1210 1852 dicebamus?
1240 1798 1326 1854 Ne
1348 1803 1528 1855 timeas
1557 1805 1786 1874 accipere
1805 1804 2034 1860 Mariam
2065 1822 2109 1882 B
2138 1791 2294 1888 (ἔφη)
2325 1802 2381 1850 ει
2409 1797 2576 1888 Peum
2610 1799 2795 1856 M059"
2829 1822 2840 1856 ³
2876 1803 3043 1861 Deum
3075 1811 3232 1876 εηίηιο
3275 1813 3466 1883 inqu“:
3501 1823 3647 1888 Ροεαί
3673 1834 3719 1878 τε

451 1883 722 1951 ronjugem
757 1893 927 1950 tuam;
964 1889 1101 1958 quod
1131 1892 1266 1944 enim
1295 1893 1350 1946 in
1378 1911 1439 1946 ea
1462 1903 1642 1948 natum
1663 1905 1738 1949 est
1767 1898 1902 1964 (sive
1932 1914 2032 1952 na-

445 1979 560 2025 tum
590 1974 704 2027 sive
739 1973 937 2030 factum
968 1979 1279 2047 dixerimus,
1312 1985 1492 2038 sensui
1523 1987 1650 2039 nihil
1672 1988 1873 2058 nocet),
1897 1991 2035 2062 quod

445 2065 583 2116 enim
620 2065 674 2117 in
700 2083 762 2119 ea
790 2077 969 2122 natum
999 2080 1092 2138 est,
1118 2091 1184 2126 ea:
1213 2074 1414 2144 Spiritu
1445 2088 1627 2132 sancto
1649 2089 1726 2133 est
1755 2079 1966 2152 (Matth.
1992 2100 2029 2150 ι,

445 2157 556 2225 ‘20).
591 2159 648 2214 Si
685 2161 979 2218 dixerimus
1021 2168 1165 2234 quod
1209 2168 1349 2226 Deus
1382 2169 1612 2227 Verbum
1640 2184 1822 2229 natum
1867 2185 1950 2232 est
1979 2179 2032 2233 in

443 2266 624 2305 carne.
656 2250 748 2308 Est
769 2255 910 2308 enim
943 2257 1084 2311 aliud
1115 2259 1273 2314 simul
1302 2277 1422 2317 esse
1445 2280 1567 2318 cum
1588 2276 1861 2333 nascente,
1887 2270 2031 2326 aliud

443 2340 772 2405 nasci.Quod
789 2347 927 2400 enim
947 2349 1001 2400 in
1021 2365 1083 2402 ea
1104 2361 1282 2404 natum
1298 2361 1392 2418 est,
1417 2371 1482 2408 ex
1497 2356 1697 2426 Spiritu
1719 2371 1899 2414 sancto
1919 2371 2030 2427 est;

443 2432 546 2487 hoc
560 2441 658 2496 est,
675 2433 907 2504 Spiritus
923 2447 1140 2494 sanctus
1154 2444 1358 2498 creavit
1378 2445 1430 2499 id
1445 2447 1586 2514 quod
1611 2457 1694 2503 est
1708 2450 1761 2503 in
1779 2466 1862 2504 ea.
1879 2451 2033 2508 Vide-

441 2532 564 2576 runt
581 2524 741 2591 igitur
752 2525 1154 2599 Patres,utpote
1169 2532 1401 2588 scientes
1414 2551 1471 2589 sa
1479 2544 1718 2592 notarum
1737 2538 2032 2610 seriptura-

444 2630 578 2678 rum,
598 2617 741 2684 quod
761 2619 806 2672 si
821 2635 942 2673 eum
971 2622 1064 2689 qui
1094 2622 1400 2698 incarnatus
1421 2633 1503 2680 est
1518 2635 1699 2681 natum
1714 2629 2024 2696 dixerimus,

442 2704 743 2760 invenietur
764 2708 906 2763 Deus
925 2709 1158 2764 Verbum
1186 2722 1432 2766 creatura
1462 2715 1692 2784 Spiritus
1719 2720 1910 2782 sancti,
1936 2731 2030 2775 aut

439 2796 575 2851 duos
590 2808 770 2868 patres
792 2801 1011 2860 habens.
1029 2802 1085 2856 Si
1107 2820 1235 2858 vero
1249 2806 1444 2860 factum
1462 2808 1770 2874 dixerimus,
1790 2811 2027 2866 invenie-

441 2897 526 2940 tur
549 2889 689 2942 Deus
704 2889 938 2944 Verbum
967 2903 988 2932 ο
1011 2902 1258 2949 creatura
1281 2895 1510 2966 Spiritus
1529 2901 1720 2954 sancti.
1740 2901 2024 2969 Fugientes

442 2978 604 3044 igitur
630 2983 996 3049 generationis
1023 2983 1336 3051 dictionem,
1368 2988 1620 3044 dixerunt
1647 2991 1719 3046 ita
1759 3010 1771 3045 :
1811 2992 1911 3058 Qui
1937 2996 2026 3049 de-

437 3069 637 3123 scendit
655 3083 864 3142 propter
885 3084 1118 3130 nostram
1134 3078 1352 3133 salutem
1371 3088 1422 3133 et
1440 3081 1740 3137 incarnatus
1760 3095 1854 3138 est.
1887 3085 2024 3152 Quid

437 3168 518 3214 cst
554 3162 905 3218 incarnatus?
939 3183 1044 3220 non
1073 3183 1364 3225 conversus
1392 3186 1422 3224 a
1453 3171 1660 3228 Deitate
1687 3175 1741 3228 in
1779 3192 2016 3231 carnem.
2051 3190 2092 3249 ρ

439 3251 594 3316 Quod
608 3253 858 3308 dixerunt
873 3258 1173 3311 incarnatus
1189 3276 1254 3313 ea:
1270 3259 1471 3328 Spiritu
1490 3271 1689 3327 sancto,
1707 3266 1876 3319 secuti
1897 3275 2022 3320 sunt

439 3344 845 3411 evangelistam.
875 3346 1006 3400 Nam
1033 3364 1155 3402 cum
1185 3351 1514 3417 evangelista
1538 3355 1773 3410 venisset
1801 3356 1853 3409 in
1879 3359 2022 3412 ἐναν-

434 3438 709 3512 ορώπησιν,
739 3436 872 3505 fugit
892 3441 1293 3507 generationem
1315 3443 1383 3496 de
1404 3443 1581 3499 Verbo
1607 3445 1804 3509 dicere,
1820 3457 1874 3503 et
1887 3449 2022 3504 dixit

436 3526 881 3582 incarnationem.
916 3531 1053 3586 Audi
1078 3533 1164 3586 ubi
1199 3550 1211 3586 :
1239 3532 1308 3586 Et
1336 3534 1558 3590 Verbum
1579 3554 1699 3592 caro
1731 3542 1926 3610 factum
1946 3551 2022 3597 est

436 3617 616 3681 (Joan.
659 3635 695 3682 ι,
727 3618 838 3686 ib).
868 3619 985 3676 Non
1014 3621 1150 3676 dixit
1166 3623 1397 3678 Verbum
1430 3640 1527 3694 per
1550 3642 1768 3682 carnem
1793 3628 2014 3684 factum.

435 3707 535 3764 Ubi
565 3710 708 3764 enim
749 3717 842 3765 aut
877 3713 1107 3782 apostoli
1149 3721 1240 3768 aut
1277 3716 1618 3784 evangelistaa
1658 3719 1778 3773 Filii
1815 3720 2019 3776 faciunt

429 3802 782 3864 mentionem,
823 3818 929 3857 non
955 3803 1139 3858 dicunt
1180 3813 1362 3859 natum
1395 3822 1462 3861 ex
1503 3809 1744 3864 muliere.
1783 3809 2016 3867 Advorte

428 3906 610 3960 quieso
642 3893 731 3948 ubi
760 3892 944 3948 dicunt
973 3909 1167 3949 nomen
1206 3894 1354 3962 Filii;
1383 3905 1439 3951 et
1461 3899 1604 3965 quod
1631 3908 1813 3954 natum
1844 3909 1927 3955 est
1948 3917 2013 3956 ex

427 3987 672 4051 muliere,
705 3989 890 4044 dicunt
917 3998 1131 4054 natum;
1165 3991 1252 4044 ubi
1281 4006 1411 4045 vero
1437 3991 1597 4045 Verbi
1624 3992 1826 4046 faciunt
1863 4008 2014 4048 men-

426 4077 650 4144 tionem,
680 4095 839 4133 nemo
869 4081 1030 4133 audet
1059 4081 1238 4135 dicere
1265 4081 1669 4149 generationem
1704 4097 1800 4152 per
1827 4085 2015 4137 huma-

427 4169 670 4225 nitatem.
701 4169 729 4207 ά
760 4171 894 4226 Audi
947 4171 1162 4225 beatum
1191 4170 1455 4226 Joannem
1483 4173 1861 4240 evangelistam
1889 4190 2010 4229 cum

425 4261 662 4316 venisset
695 4263 762 4316 ad
804 4263 1032 4318 Verbum
1062 4271 1117 4318 et
1146 4265 1516 4341 ἐνανθρώπησιν
1543 4262 1690 4332 ejus;
1723 4264 1846 4318 audi
1883 4266 2012 4333 quid

425 4352 569 4405 dicat
601 4371 613 4404 :
656 4353 876 4407 Verbum
922 4372 1042 4409 caro
1089 4358 1284 4426 factum
1322 4366 1417 4420 est,
1451 4355 1554 4410 hoc
1588 4363 1689 4421 est,
1723 4358 2012 4426 assumpsit

425 4457 671 4508 carnem;
700 4453 748 4496 et
772 4443 1021 4498 habitarit
1046 4448 1098 4498 in
1124 4448 1289 4511 nobis,
1312 4447 1416 4501 hoc
1444 4453 1545 4511 est,
1574 4453 1813 4500 nostram
1837 4447 2008 4503 induit

2138 1883 2348 1940 Pharao
2379 1887 2574 1955 (Exod.
2602 1906 2696 1956 vn,
2723 1893 2810 1964 1);
2843 1903 2898 1950 et
2927 1896 3093 1952 lilium
3122 1900 3237 1965 Dei,
3262 1903 3431 1961 Filius
3453 1883 3609 1975 enim,
3632 1914 3713 1967 in-

2135 1976 2268 2044 quit,
2293 1979 2660 2050 primogenitus
2689 1984 2816 2038 mihi
2839 1983 3043 2053 Israel;
3070 1997 3125 2044 et
3153 1996 3608 2060 quemadmodum
3633 2003 3711 2058 di-

2135 2067 2306 2124 cimus
2330 2069 2589 2125 christum
2630 2071 2758 2128 Saul
2795 2093 2807 2131 :
2853 2075 2980 2131 Non
3020 2083 3174 2146 enim,
3218 2084 3408 2153 inquit,
3459 2089 3712 2160 imponam

2132 2175 2343 2213 manum
2370 2179 2538 2216 meam
2572 2181 2726 2236 super
2751 2168 2938 2238 ipsum,
2971 2173 3107 2242 quod
3143 2173 3162 2213 τ
3204 2177 3425 2232 christus
3459 2181 3708 2241 Dominus

2132 2259 2210 2303 est
2243 2250 2284 2320 (l
2309 2251 2436 2323 Reg.
2468 2270 2616 2319 xxiv,
2652 2257 2735 2327 7);
2775 2260 3023 2316 similiter
3047 2271 3102 2317 et
3129 2263 3325 2337 Cyrum
3358 2287 3372 2321 :
3408 2270 3541 2326 Haec
3568 2276 3710 2340 dicit,

2133 2344 2330 2413 inquit,
2373 2346 2626 2405 Dominus
2666 2353 2857 2409 christo
2899 2373 3012 2413 meo
3049 2357 3184 2430 Cyro
3229 2362 3362 2432 (Isa.
3394 2383 3520 2432 nv,
3546 2370 3630 2439 1);
3659 2381 3709 2426 et

2134 2436 2485 2508 Babylonium
2523 2453 2766 2499 sanctum
2798 2464 2812 2500 :
2843 2446 2958 2519 Ego
3007 2453 3176 2517 enim,
3228 2454 3430 2525 inquit,
3473 2436 3708 2530 prtecipio

2131 2527 2257 2595 ipsis
2278 2532 2638 2602 scnctiﬁcatis,
2662 2544 2712 2588 et
2755 2554 2848 2609 ego
2888 2539 3019 2594 duco
3057 2543 3193 2612 ipsos
3217 2544 3351 2615 (Isa.
3381 2527 3490 2612 xm,
3524 2527 3706 2618 5);vita

2129 2619 2357 2677 dicimus
2385 2632 2440 2678 et
2467 2625 2751 2681 Dominum
2778 2627 3048 2686 Christum
3079 2642 3133 2689 et
3161 2635 3328 2690 Deum
3357 2646 3413 2693 et
3440 2638 3628 2694 Filium
3653 2653 3707 2696 et

2129 2723 2404 2782 sanctum;
2454 2717 2549 2773 sed
2593 2723 2902 2777 communio
2941 2724 3159 2792 quidem
3192 2737 3216 2775 ε
3246 2730 3488 2784 omnium
3527 2728 3708 2792 similis

2129 2814 2230 2872 est,
2259 2807 2489 2876 dignitas
2519 2824 2647 2866 vero
2685 2829 2792 2868 non
2829 2816 3036 2870 eadem.

2510 2921 2761 2994 Ejusdem
2780 2942 2845 2979 ea:
2864 2930 3200 2999 quaternione
3228 2947 3316 2985 xv.

2200 3029 2317 3085 Hoc
2356 3041 2526 3087 autem
2550 3037 2733 3090 sentite
2763 3039 2818 3090 in
2858 3037 2998 3094 vobis
3017 3043 3153 3112 quod
3171 3054 3220 3097 et
3247 3045 3301 3098 in
3332 3043 3538 3101 Christo
3564 3048 3699 3112 Iesu,

2126 3126 2212 3195 qui
2232 3141 2345 3178 cum
2368 3127 2421 3179 in
2445 3129 2615 3197 forma
2636 3127 2733 3182 Dei
2754 3140 2902 3195 esset,
2927 3149 2981 3186 se
3009 3135 3296 3190 exinanwit
3323 3139 3544 3208 formam
3579 3142 3702 3195 sen-i

2127 3216 2382 3285 accipiens
2407 3215 2661 3288 (Philipp.
2690 3236 2745 3282 ιι,
2781 3217 2918 3290 5-7).
2948 3221 3062 3275 Non
3093 3224 3260 3278 dicit:
3285 3225 3402 3280 Hoc
3441 3232 3624 3282 sentite
3654 3232 3703 3283 in

2124 3303 2262 3357 vobis
2291 3306 2426 3375 quod
2445 3316 2495 3359 et
2513 3309 2568 3360 in
2590 3307 2700 3363 Deo
2731 3309 2917 3378 Verbo,
2948 3313 3084 3383 quod
3105 3331 3218 3368 cum
3237 3318 3291 3369 in
3321 3320 3490 3388 [emta
3514 3318 3608 3373 Dei
3627 3337 3702 3374 es-

2121 3403 2218 3456 set,
2266 3397 2487 3465 formam
2525 3399 2656 3451 servi
2697 3403 2911 3471 accepit.
2957 3401 3064 3456 Sed
3099 3419 3222 3457 cum
3257 3404 3398 3460 dicat
3439 3405 3703 3463 Christum

2123 3487 2276 3552 quasi
2313 3487 2540 3542 duarum
2578 3499 2890 3546 naturarum
2928 3496 3363 3565 appellationem,
3403 3502 3520 3556 sine
3565 3505 3702 3573 peri-

2124 3577 2244 3632 culo
2274 3593 2395 3633 eum
2421 3588 2476 3634 et
2497 3579 2723 3636 formam
2747 3585 2889 3639 servi
2916 3600 3079 3654 quam
3105 3589 3314 3659 accepit
3340 3598 3396 3644 et
3420 3591 3586 3648 Deum
3616 3610 3702 3649 no-

2124 3668 2365 3734 minavit,
2399 3686 2521 3725 eum
2553 3687 2616 3726 ea
2653 3673 2769 3727 sine
2796 3675 3021 3743 peccato
3055 3678 3267 3734 dicatur
3296 3680 3366 3737 de
3393 3690 3698 3740 naturarum

2124 3760 2320 3829 duplici
2351 3771 2407 3816 et
2441 3765 2728 3833 separabili
2763 3767 2993 3823 ratione.

2479 3881 2725 3953 Ejusdem
2762 3901 2827 3939 ex
2863 3889 3197 3958 quaternione
3223 3907 3332 3944 va.

2194 3992 2263 4046 Ut
2284 3995 2337 4046 iu
2366 3997 2592 4060 nomine,
2619 3997 2810 4066 inquit,
2833 3998 2959 4053 Jesu
2986 4018 3137 4055 omne
3166 4020 3300 4074 genu
3335 4005 3574 4067 ﬂectatur
3601 4022 3695 4060 ca-

2116 4087 2319 4139 lestium
2356 4095 2404 4140 et
2434 4097 2751 4144 terrenarum
2780 4101 2830 4144 et
2866 4093 3207 4163 infernarum,
3239 4105 3289 4149 et
3319 4098 3484 4150 omnis
3521 4097 3694 4168 lingua

2115 4177 2422 4246 confiteatur
2459 4180 2581 4249 quia
2611 4179 2866 4236 Dominus
2893 4182 3044 4238 Jesus
3073 4183 3306 4240 Christus
3333 4188 3392 4240 in
3421 4187 3590 4258 gloria
3622 4197 3697 4242 est

2115 4271 2211 4324 Dei
2235 4269 2412 4325 Patris
2436 4271 2622 4340 (Ibid.,
2641 4273 2727 4335 10,
2754 4274 2862 4345 11).
2889 4275 3117 4346 Pmpter
3145 4278 3291 4332 illum
3321 4279 3412 4349 qui
3442 4281 3691 4349 portavit,

2112 4375 2234 4414 eum
2253 4361 2344 4429 qui
2366 4371 2611 4432 portatus
2639 4372 2722 4418 est
2750 4366 2904 4430 colo;
2938 4376 3161 4460 proptq
3187 4369 3507 4424 invisibilem
3532 4386 3691 4424 vene-

2111 4469 2202 4507 ror
2233 4469 2354 4509 eum
2383 4456 2476 4524 qui
2513 4465 2735 4526 apparet
2773 4475 2786 4511 :
2820 4456 3214 4527 numquam'ab
3255 4476 3322 4515 eo
3355 4461 3447 4530 qui
3476 4469 3693 4532 apparet

1597 4603 2137 4662 CASTIGATIONES
2181 4608 2268 4664 ET
2305 4609 2535 4665 ΝΟΤᾸΕ.

422 4721 532 4775 πῶς
558 4717 617 4770 τὸ
648 4715 923 4789 Προσῆλθεν
958 4713 1188 4770 ἐνοήσατε
1211 4727 1224 4773 ς
1371 4709 1566 4784 εἴρηταί
1587 4734 1677 4796 μοι
1701 4714 1760 4796 “cf:
1781 4716 2008 4796 ξῙρορῆλ-
2042 4719 2086 4773 υ
2113 4719 2288 4796 rapio:
2313 4722 2530 4796 ‘loa'ivvnc
2561 4718 2586 4774 ὁ
2627 4721 2992 4796 εὖᾳγγελιστής
3029 4723 3181 4796 neti».
3209 4727 3280 4782 si;
3305 4724 3392 4778 τὸν
3408 4724 3589 4796 Λόγον
3614 4728 3696 4781 καὶ

421 4788 499 4839 οεν
548 4788 660 4841 ἀντὶ
689 4782 796 4841 ’τοῦ
825 4786 1228 4855 Ἐγεννήθη-Εἰς.
1264 4782 1500 4855 ῌειὶιρῐιιι·
1539 4782 1680 4850 apud
1710 4782 2004 4847 Ball'lzium,

419 4871 578 4924 quem
608 4851 1230 4936 sequitur.Gallandinus“:
1265 4851 1372 4932 Sed
1410 4869 1562 4920 porro
1593 4855 1825 4921 suspicor
1852 4854 2006 4936 plau-

416 4922 530 4978 sum
576 4922 830 4998 quomodo
859 4927 953 4977 hoc
991 4923 1126 4994 quod
1167 4922 1275 4975 diri
1321 4938 1634 4976 τιιΑΝειειιιτ
1684 4926 2000 4992 acceperitis.

420 4994 542 5049 Non
729 5006 833 5074 etc.
859 4995 1013 5048 Eon.
1075 5071 1082 5074 _
1297 5060 1332 5074 η
1376 5063 1407 5074 η
1501 5062 1535 5074 η
1755 5032 1768 5044 ·

490 5077 512 5100 ι·
562 5065 828 5126 Baluzius.
873 5077 926 5119 et
967 5071 1089 5133 post
1130 5079 1252 5116 eum
1292 5060 1622 5135 Gallandius,
1669 5073 1849 5117 uatum
1892 5064 2001 5135 [ve«

419 5151 473 5204 ro
519 5133 682 5188 Deum
703 5153 767 5188 ex
817 5137 932 5204 ipsa
969 5130 1246 5204 numquam
1301 5130 1500 5203 didici].
1549 5131 1840 5203 Nusquam,
1892 5130 1996 5188 etc.

420 5203 710 5329 hbﬁidcm
739 5274 1021 5329 clarissimi
1051 5274 1171 5337 viri,
1199 5282 1448 5326 nor-erant
1469 5273 1786 5343 archangeli,
1807 5289 2003 5328 conso-

414 5346 628 5398 nantius
663 5343 889 5421 Cnseo,
921 5347 996 5400 Τά
1025 5349 1156 5400 κατά
1189 5351 1278 5404 τήν
1307 5347 1538 5416 γέννησιν
1564 5344 1750 5421 ᾔδεσαν
1787 5346 1831 5397 οἱ
1859 5347 2002 5419 ἁρχ-

429 5417 629 5467 Ξσν-έελοι.
663 5417 815 5467 Ευιτ.

411 5417 629 5490 (cristas.
663 5415 815 5469 EDIT.
1317 5415 1336 5496 ί.
1569 5415 1579 5421 ’
1893 5415 1902 5419 ⁷
1955 5415 1964 5416 ί

439 5555 446 5556 ί
488 5497 509 5524 ο
533 5486 608 5539 lta
639 5488 800 5540 etiam
837 5487 996 5556 paulo
1022 5493 1162 5556 post.
1195 5485 1302 5540 Sed
1325 5501 1374 5538 iu
1407 5485 1509 5538 hoc
1545 5484 1664 5539 loco
1694 5485 1867 5539 codex
1888 5483 1997 5539 Va-

409 5555 620 5611 ticanus
647 5557 807 5610 habet
841 5555 934 5608 aut
967 5556 1014 5609 F
1014 5555 1154 5611 ilius.
1187 5556 1384 5609 Bswz.

481 5625 505 5663 δ
537 5625 706 5698 Supra
731 5627 931 5680 laudati
959 5627 1188 5690 codices,
1205 5627 1367 5698 (Audi,
1393 5624 1569 5698 beatus
1590 5625 1820 5679 Joannes
1840 5643 1994 5698 evan-

407 5697 591 5766 gelista
615 5694 734 5750 cum
763 5699 976 5750 uenisset
1006 5699 1060 5767 in
1089 5696 1314 5749 Verbum
1345 5694 1436 5765 [et]
1459 5698 1837 5767 ἐνκνθρῴπησιν
1858 5697 1989 5764 ejus,

407 5750 529 5820 audi
559 5769 680 5826 quid
701 5768 857 5833 dicat,
891 5775 992 5821 etc.
1026 5766 1271 5821 (ir-mcum
1303 5750 1826 5835 cie.b;.~iar,"'m-u-
1857 5750 1994 5835 ὀδμα-

2113 4790 2204 4846 τήν
2233 4791 2606 4862 ἑνανθρὼπησιν
2643 4790 2818 4864 oui-robii,
2853 4790 3085 4864 ἄκουσον
3099 4790 3181 4846 oio?
3203 4816 3372 4864 φησιν.
3407 4792 3564 4848 Ent‘r.

2185 4867 2208 4894 ο
2231 4857 2308 4912 Ita
2339 4857 2437 4913 nos
2476 4860 2879 4914 emendavimus
2906 4877 3009 4929 ope
3046 4857 3228 4915 Grieci'
3255 4870 3435 4916 textus
3463 4873 3518 4918 et
3559 4865 3697 4919 anti-

2109 4930 2520 5005 quze_ver_s_ionis
2545 4930 3043 5005 coneiliiEphesini
3077 4947 3248 5005 :_nam
3277 4933 3329 4986 in
3366 4936 3694 5005 exemplari-

2109 4997 2386 5072 busMarii
2419 4999 2734 5072 Mercatoris
2763 4997 2957 5072 legitur
2994 5001 3352 5072 Auditumque.
3384 5001 3442 5056 In
3466 4997 3696 5060 co'ncilio

2106 5065 2550 5157 Chalnedonensi,
2592 5065 2963 5157 Audi-(tuque;
3000 5071 3132 5126 Vide
3178 5065 3375 5126 novam
3419 5075 3698 5130 collectio-

2108 5152 2229 5207 nem
2258 5136 2627 5193 Conciliorum
2648 5155 2702 5207 p.
2731 5136 2886 5193 1145.
2923 5141 3121 5194 ΒΑιιιῑ.

2182 5204 2201 5243 ί
2226 5207 2353 5282 Leg.
2380 5209 2598 5262 christus
2623 5204 2851 5282 Domini,
2877 5218 2939 5282 ut
2953 5211 3153 5282 habent
3165 5210 3320 5282 Vulg.
3337 5221 3391 5268 et
3412 5211 3575 5268 LXX.
3591 5213 3699 5269 Ne-

2144 5292 2209 5355 ne
2248 5279 2406 5355 aliter
2447 5295 2595 5355 sane
2616 5279 2760 5355 Acta
2789 5281 3004 5355 concilii
3047 5279 3319 5355 Ephesini,
3351 5292 3453 5337 aet.
3490 5284 3541 5348 1,
3569 5299 3692 5355 pag.

2144 5293 2209 5329 ue
2248 5293 2406 5332 aliter
2447 5295 2575 5332 sane
2616 5293 2746 5333 Acta
2789 5293 3004 5334 concilii
3047 5293 3319 5349 Ephesum,
3351 5293 3453 5337 aet.

2105 5293 2260 5409 (11067,
2295 5349 2381 5403 ubi
2411 5351 2524 5403 htee
2551 5348 2868 5403 Nestorium
2902 5350 3169 5419 leguntur.
3194 5350 3472 5407 GALLAND.

2177 5427 2200 5463 Β
2233 5418 2489 5482 Quamvis
2519 5419 2801 5486 legendum
2842 5420 2931 5474 hic
2971 5436 3088 5474 esse
3129 5423 3393 5476 nominum
3436 5432 3697 5479 moneant

2106 5494 2280 5540 textus
2319 5487 2536 5542 Gnecus
2578 5490 2913 5563 etAantiquaA
2938 5490 3366 5563 ve_rsio_coneilii
3409 5492 3689 5563 Ephesiui,

2105 5558 2232 5628 nihil
2264 5567 2470 5613 mutare
2513 5559 2800 5622 voluimus,
2826 5560 2948 5628 quia
2991 5560 3104 5614 haec
3135 5561 3297 5615 lectio
3326 5558 3584 5617 constans
3612 5572 3700 5618 est

2105 5627 2156 5697 i_u
2180 5627 2387 5682 duobus
2408 5630 2805 5697 exemplaribus
2831 5627 2982 5683 Marii
3006 5630 3318 5685 Mercatoris
3347 5641 3400 5686 et
3427 5635 3478 5688 in
3507 5634 3700 5689 codice

2099 5695 2315 5751 Juliano
2371 5695 2633 5753 versionis
2680 5702 2914 5770 antiqum
2953 5701 3164 5754 concilii
3212 5700 3693 5759 ChalccdoucnSIS.

2104 5767 2301 5821 B.u.t'z.
