3978 6188
204 329 315 386 889

1065 332 1446 393 COLLEC'NO
1484 337 1696 394 PRIMA
1736 337 2253 398 EXCERPTORUM
2290 342 2630 403 NESTORII.

3370 356 3479 413 890

201 443 349 497 Dens
367 449 667 511 separatur.
686 439 814 499 Ideo
833 457 934 499 nec
953 458 1054 514 ego
1075 446 1337 502 honorem
1351 464 1565 519 separo.
1591 451 1795 520 Separo
1823 451 1875 509 Α
1898 451 1976 504 vit
2001 461 2249 509 mortem.
2275 456 2456 511 Adoro
2480 473 2611 514 vero
2644 474 2768 514 eum
2796 476 2919 517 cum
2947 463 3177 532 Deitate,
3217 467 3373 535 quasi
3398 468 3482 524 (ἰῆς

199 542 447 600 naturas,
477 533 573 588 sed
602 550 762 588 unam
790 533 928 589 facio
950 538 1372 593 venerationem.

389 645 637 716 Ejusdem
655 662 723 699 ea:
742 648 1079 716 quaternione
1108 665 1237 715 xvn,
1270 650 1334 704 de
1356 651 1612 722 dogmate.

281 758 412 812 Erat
439 758 655 827 quidem
689 758 829 813 Deus
856 758 1090 815 Verbum
1121 770 1175 816 et
1213 771 1339 819 ante
1371 765 1796 821 incarnationem

197 849 376 904 Filius
411 858 467 904 et
501 850 642 905 Deus
680 865 801 905 cum
840 850 1021 907 Patre.
1053 852 1292 924 Sumpsit
1320 871 1451 911 vero
1492 858 1796 920 novissimis

198 941 542 1009 temporibus
561 942 702 996 servi
725 941 973 998 formam.
992 944 1097 1000 Sed
1118 962 1239 1001 cum
1261 949 1330 1003 sit
1349 958 1404 1004 et
1427 957 1584 1005 antea
1609 951 1792 1016 Filius,

198 1041 265 1087 et
295 1033 370 1086 ita
395 1042 618 1087 vocetur
635 1042 757 1103 post
788 1037 1230 1105 assumptionem,
1256 1056 1362 1095 non
1384 1049 1566 1111 potest
1604 1044 1787 1097 vocari

197 1122 409 1178 divisus
441 1123 637 1190 Filius,
670 1140 737 1179 ne
764 1124 900 1181 duos
930 1125 1067 1183 ﬁlios
1098 1131 1503 1186 constituamus.
1537 1133 1642 1189 Sed
1669 1135 1795 1203 quia

197 1213 283 1267 illi
314 1212 634 1282 coniunctus
662 1223 747 1271 est
773 1218 864 1285 qni
895 1226 1010 1271 erat
1037 1235 1067 1272 a
1096 1221 1361 1291 principio
1398 1222 1582 1289 Filius,
1622 1234 1648 1262 ι
1677 1226 1797 1293 qui-

198 1319 317 1372 que
342 1305 443 1374 ipsi
470 1306 788 1375 conjunctus
810 1317 911 1373 est,
947 1325 1056 1365 non
1085 1320 1264 1380 potest
1297 1315 1590 1369 secundum
1618 1316 1795 1385 digni-

201 1404 375 1450 tatem
397 1396 651 1465 iilietatis,
675 1400 782 1463 aio,
801 1416 908 1454 non
930 1402 1223 1457 secundum
1243 1413 1480 1459 naturas.
1504 1405 1794 1477 Propterea

200 1485 352 1540 Dens
380 1486 612 1543 Verbum
653 1489 961 1543 nominatur
1002 1490 1267 1559 Christus,
1311 1495 1436 1563 quia
1476 1496 1639 1551 habet
1666 1514 1796 1552 con-

199 1573 540 1643 iunctionem
568 1594 691 1633 cmn
717 1577 933 1635 Christo
961 1590 1296 1651 perpetuam.

573 1706 822 1779 Ejusdem
871 1727 937 1765 ea:
972 1715 1309 1783 quaternione
1345 1731 1435 1769 xv.

282 1816 309 1853 δ
350 1816 687 1873 lnconfusam
728 1820 888 1890 igitur
919 1836 1195 1878 servemus
1223 1833 1535 1881 naturarum
1563 1829 1791 1899 conjun-
1826 1811 1869 1871 Β

202 1908 481 1971 ctionem,
522 1906 875 1965 confiteamur
912 1922 935 1950 ο
973 1912 1027 1966 in
1068 1914 1285 1970 homine
1322 1916 1512 1981 Deum,
1559 1920 1796 1978 colamus

202 1997 443 2065 quadam
477 1998 656 2053 divina
697 2001 1077 2070 conjunctione
1115 2021 1238 2061 cum
1280 2007 1392 2063 Deo
1436 2012 1796 2082 omnipotenti

202 2089 610 2146 coadorandum
638 2093 933 2149 hominem.

609 2182 849 2254 Ejusdem
869 2204 934 2241 ea:
960 2192 1297 2259 quuternione
1326 2208 1398 2248 vx.

274 2293 630 2351 Considerate
650 2304 705 2352 et
731 2298 859 2366 quid
886 2298 969 2353 his
988 2300 1247 2357 continuo
1277 2302 1574 2360 inferatur:
1605 2306 1675 2363 Ut
1698 2312 1796 2365 mi-

200 2387 449 2447 sericors.
474 2387 665 2455 inquit,
695 2389 845 2458 fieret
870 2397 921 2443 et
941 2390 1116 2459 ﬁdelis
1144 2396 1380 2465 pontifex
1400 2396 1469 2448 ad
1492 2397 1675 2465 Deum,
1710 2403 1797 2473 qui

200 2477 261 2528 in
294 2493 355 2530 eo
380 2476 516 2547 quod
550 2493 731 2547 passus
764 2487 839 2532 est
874 2480 985 2549 ipse
1012 2490 1256 2549 tentatus,
1295 2495 1475 2555 potens
1503 2499 1582 2542 est
1604 2490 1681 2543 illi
1709 2494 1794 2563 qui

204 2575 438 2619 tentatur
473 2566 717 2620 auxiliari
748 2566 907 2639 (Heb.
946 2586 1002 2637 ιι,
1036 2570 1261 2643 17,18).
1294 2573 1435 2643 Ergo
1474 2580 1566 2646 qui
1604 2595 1795 2649 passus

203 2664 310 2720 est,
342 2655 583 2724 pontifex
621 2658 944 2714 misericors.
990 2659 1249 2719 Passihile
1287 2675 1466 2721 autem
1510 2673 1789 2744 templum,

201 2763 317 2802 non
346 2747 587 2805 viviﬁcus
614 2751 799 2820 templi
827 2751 944 2820 ejus
962 2754 1106 2822 quod
1135 2768 1348 2824 passum
1375 2768 1458 2814 est
1485 2761 1649 2820 Deus.

564 2886 815 2958 Ejusdem
848 2907 913 2944 ea:
941 2893 1275 2962 quaternione
1302 2912 1428 2950 xvn.

277 2997 351 3053 Ut
377 2999 574 3066 sciatis,
605 3002 789 3073 inquit,
818 3012 1018 3072 quanta
1051 3015 1168 3060 erat
1195 3008 1503 3078 conjunctio
1534 3013 1792 3071 Divinita-

202 3092 292 3156 tis,
324 3108 442 3147 cum
464 3093 625 3148 etiam
655 3094 707 3147 iii
749 3094 952 3151 infante
979 3113 1106 3153 caro
1136 3099 1410 3158 Dominica
1452 3118 1784 3163 cerneretur.

200 3181 337 3238 Erat
357 3186 499 3238 cnim
528 3185 668 3241 idem
690 3186 862 3243 infans
889 3197 945 3243 et
972 3189 1188 3255 infantis
1210 3194 1485 3251 Dominus.
1513 3197 1792 3259 Laudastis
1819 3181 1865 3244 α

202 3289 429 3337 vocem;
460 3275 551 3329 sed
581 3278 748 3332 nolite
788 3292 908 3333 eam
938 3296 1126 3349 parum
1155 3285 1369 3341 curiose
1409 3287 1644 3345 laudare.
1672 3292 1791 3350 Dixi

202 3365 349 3421 enim
372 3367 517 3435 quod
545 3368 686 3424 idem
711 3380 829 3426 erat
858 3372 1034 3429 infans
1062 3383 1117 3430 et
1144 3376 1419 3435 habitator
1444 3381 1681 3439 infantis.

625 3503 873 3575 Ejusdem
896 3524 961 3561 ea:
983 3511 1321 3579 quaternione
1343 3528 1361 3567 ι

273 3613 601 3673 Communes
629 3619 770 3674 enim
793 3630 919 3676 sunt
940 3622 1216 3680 Trinitatis
1237 3628 1578 3696 operationes
1600 3638 1654 3685 et
1676 3638 1792 3687 tan-

202 3713 321 3759 tum
361 3708 671 3765 substantiis
715 3712 1031 3769 dividendae.
1069 3715 1339 3785 Unigeniti
1370 3736 1495 3775 vero
1534 3723 1791 3791 praeclara

202 3797 375 3865 gloria
405 3800 692 3869 aliquando
726 3802 871 3858 Patri
911 3807 1216 3874 assignatur
1246 3827 1257 3862 :
1292 3809 1390 3863 Est
1408 3813 1562 3875 enim,
1599 3814 1788 3882 inquit,

201 3889 369 3942 Pater
409 3908 548 3944 meus
593 3895 678 3964 qui
720 3895 976 3965 clariﬁcat
1015 3914 1095 3951 me
1140 3898 1325 3968 (Joan.
1362 3917 1470 3966 vni,
1512 3903 1644 3975 34);
1691 3905 1791 3958 ali-

200 3981 422 4050 quando
463 3981 703 4052 Spiritui,
743 3985 972 4057 Spiritus
998 3990 1153 4052 enim,
1199 3990 1387 4059 inquit,
1421 3995 1648 4049 veritatis
1685 3997 1795 4051 cla-

199 4071 433 4140 riﬁcabit
476 4089 558 4126 me
592 4072 771 4144 (Joan.
804 4091 910 4139 XVI,
942 4075 1050 4148 14),
1093 4078 1382 4147 aliquando
1410 4080 1608 4138 Christi
1633 4094 1792 4155 pote-

199 4161 352 4217 stati.

565 4254 815 4327 Ejusdem
859 4275 924 4312 ea:
960 4262 1298 4331 quaternione
1348 4279 1455 4318 xvi.

276 4365 375 4423 llic
399 4376 483 4421 est
509 4368 600 4435 qui
628 4368 788 4424 dicit:
827 4368 982 4437 Deus,
1016 4370 1156 4425 Deus
1183 4389 1343 4438 meus,
1373 4383 1429 4427 ut
1455 4376 1580 4447 quid
1606 4394 1685 4431 me
1707 4378 1797 4434 de-

201 4458 455 4530 reliquisti
486 4457 699 4541 (Matth.
726 4464 890 4526 xxvii,
917 4460 1047 4532 46)?
1072 4462 1171 4517 llic
1197 4471 1283 4517 est
1310 4464 1401 4534 qui
1431 4466 1593 4521 tridui
1614 4478 1797 4536 gusta-

1895 542 2032 597 vina:
2060 547 2397 601 auctoritatis
2424 561 2856 619 cooperatorem.

1966 632 2037 687 Et
2072 646 2187 706 post
2218 638 2344 691 alia.
2382 637 2612 709 Propter
2641 642 2791 697 illum
2818 644 2908 712 qui
2935 647 3197 715 portavit,
3226 664 3349 704 eum
3385 648 3481 721 qui

1894 734 2141 795 portatus
2162 736 2246 781 cst
2281 729 2420 793 colo,
2445 738 2500 784 et
2521 739 2744 800 prapter
2761 734 3032 787 occultum
3060 753 3293 792 veneror
3314 754 3484 809 appa-

1894 824 2124 871 rentem.
2153 816 2453 887 Numquam
2473 821 2540 874 ab
2565 837 2632 874 eo
2652 822 2744 890 qui
2764 833 2989 892 apparet
3016 825 3157 882 Deus
3177 838 3478 898 separatur.

1894 906 2021 962 Ideo
2051 924 2152 963 nec
2173 923 2273 977 ego
2303 911 2370 964 ab
2399 926 2465 965 eo
2492 912 2755 967 honorem
2781 929 2993 982 separo.
3013 916 3217 986 Separo
3240 929 3480 985 naturas,

1895 998 1991 1051 sed
2018 1014 2179 1052 unam
2210 998 2346 1054 facio
2373 1002 2797 1057 venerationem.
2830 1003 2947 1059 Non
2980 1015 3064 1059 est
3091 1008 3232 1062 Deus
3254 1010 3365 1078 ipse
3386 1027 3485 1080 per

1895 1103 1975 1152 se,
2006 1090 2099 1157 qui
2126 1097 2209 1143 est
2238 1088 2393 1145 fictus
2421 1106 2489 1145 ex
2527 1091 2763 1162 Spiritu;
2797 1110 2903 1149 non
2935 1096 3077 1150 Deus
3111 1098 3226 1166 ipse
3265 1116 3364 1169 per
3400 1117 3480 1168 se,

1895 1180 1988 1249 qui
2015 1188 2097 1235 est
2133 1182 2376 1250 sepultus
2419 1183 2474 1237 in
2513 1193 2888 1241 monumento.
2931 1187 3062 1242 Nam
3111 1191 3155 1243 si
3199 1192 3272 1245 ita
3317 1203 3479 1255 esset.

1896 1286 2139 1326 essemus
2160 1281 2309 1327 certe
2329 1274 2610 1329 hominum
2631 1285 3075 1346 mortuorumque
3101 1281 3351 1336 cultores.
3377 1283 3484 1338 Sed

1896 1362 2021 1431 quia
2050 1363 2104 1415 in
2134 1371 2409 1433 assumpto
2444 1365 2587 1422 Deus
2626 1373 2727 1432 est,
2772 1383 2841 1421 ex
2881 1384 2946 1423 eo
2976 1370 3067 1438 qui
3108 1374 3396 1442 assumpsit
3440 1375 3485 1430 is

1896 1451 1988 1520 qui
2016 1461 2320 1522 assumptus
2343 1462 2444 1521 est,
2473 1456 2627 1524 quasi
2658 1459 2952 1513 assumenti
2980 1460 3314 1529 conjunctus,
3344 1480 3485 1517 nun-

1896 1550 2124 1611 cupatur
2150 1543 2311 1598 Dens.

1897 1675 2146 1749 Ejusdem
2184 1696 2250 1733 ex
2285 1681 2620 1751 quaternione
2669 1681 2815 1734 tertio
2853 1682 2905 1734 in
2946 1682 3229 1749 hazrelit‘is,
3272 1702 3384 1738 cum
3420 1688 3487 1739 de

2462 1748 2666 1821 Spiritu
2706 1751 2895 1803 diceret

1969 1880 2249 1948 Quomodo
2285 1884 2427 1937 enim
2476 1883 2545 1938 sit
2589 1899 2797 1945 servus,
2828 1885 3012 1956 inquit,
3045 1887 3135 1953 qui
3184 1902 3302 1941 Cum
3347 1887 3483 1942 Filio

1897 1981 2155 2042 operatur
2179 1981 2233 2027 et
2261 1972 2420 2027 Patre
2437 1976 2459 2028 ?
2476 1974 2541 2027 Et
2562 1975 2607 2029 si
2628 1976 2748 2043 quis
2776 1977 3016 2045 requirat
3043 1992 3206 2045 opera
3230 1978 3481 2047 Spiritus,

1896 2064 2135 2118 inveniet
2155 2080 2216 2119 ea
2248 2081 2355 2118 non
2384 2065 2638 2119 distantia
2660 2067 2913 2135 operibus
2940 2066 3113 2121 Patris
3133 2076 3187 2122 et
3215 2069 3350 2133 Filii,
3376 2087 3484 2124 non

1896 2155 2017 2223 quia
2044 2171 2149 2208 una
2188 2155 2372 2210 Deitas
2401 2156 2689 2218 dividatur,
2731 2156 2979 2225 sed'quia
3007 2158 3186 2211 divina
3209 2159 3484 2229 Scriptura

1897 2259 1961 2299 ea
1991 2259 2111 2314 qua:
2149 2251 2273 2297 sunt
2310 2246 2465 2299 unius
2494 2244 2705 2298 virtutis
2732 2242 2757 2281 ά
2788 2245 3006 2313 singulis
3035 2246 3345 2302 substantiis
3371 2249 3485 2303 dis-

1893 2336 2111 2406 pertiat,
2149 2344 2207 2389 ut
2236 2335 2514 2390 Trinitatis
2548 2337 2842 2391 similitudo
2883 2354 2948 2392 ex
2989 2340 3321 2408 temporibus
3350 2356 3483 2409 ope-

1895 2443 2013 2482 rum
2036 2428 2280 2496 cmperit.
2301 2428 2442 2481 Deus
2473 2427 2695 2482 Verbum
2717 2430 2911 2501 factum
2930 2439 3006 2483 est
3028 2447 3148 2483 caro
3169 2440 3217 2483 et
3238 2430 3487 2484 habitavit

1893 2518 1949 2571 in
1979 2517 2123 2571 nobis
2154 2517 2331 2587 (Joan.
2358 2535 2394 2582 ι,
2427 2517 2532 2585 14).
2556 2517 2850 2573 Considerc
2871 2520 2972 2573 sibi
2998 2519 3122 2573 fecit
3146 2529 3480 2589 assumptum

1893 2609 2168 2665 hominem
2208 2609 2367 2664 Pater
2404 2609 2616 2681 (ΕρΙιεδ.
2649 2629 2704 2672 ιι,
2738 2610 2813 2681 6).
2846 2611 2993 2665 Dixit
3028 2613 3171 2666 cnim
3218 2611 3473 2666 Dominus

1893 2699 2120 2755 Domino
2158 2717 2286 2765 meo,
2314 2701 2434 2755 sede
2474 2702 2544 2754 ad
2586 2701 2852 2756 dexteram
2886 2719 3051 2755 meum
3093 2701 3207 2774 (Ps.
3252 2718 3358 2766 cux,
3400 2701 3479 2773 1).

1896 2788 2023 2859 Ejus
2049 2791 2140 2859 qui
2171 2799 2477 2859 assumptus
2504 2798 2587 2845 est
2618 2792 2842 2859 gloriam
2870 2790 3183 2846 elarifieavit
3205 2791 3434 2861 Spiritus
3466 2810 3479 2845 :

1897 2878 2116 2944 Quando
2146 2882 2283 2934 enim
2312 2882 2504 2934 venerit
2534 2880 2762 2951 Spiritus
2791 2874 3038 2945 veritatis,
3072 2883 3182 2952 ipse
3210 2898 3289 2935 me
3319 2882 3483 2935 clari-

1892 2971 2069 3043 ficabit
2099 2972 2277 3042 (Joan.
2309 2988 2418 3037 xvr,
2445 2970 2553 3041 14).

2283 3124 2530 3197 Ejusdem
2558 3144 2622 3181 ea:
2649 3128 2988 3198 quaternione
3014 3145 3086 3188 vs.

1966 3279 2101 3335 Cum
2128 3279 2195 3335 de
2222 3279 2438 3335 Christo
2468 3279 2672 3334 diceret
2699 3279 2845 3350 quod
2883 3280 3076 3334 missus
3104 3288 3248 3335 esset
3278 3280 3487 3336 denun-

1893 3374 2032 3428 tiare
2057 3373 2282 3441 captivis
2308 3372 2680 3427 remissionem
2714 3371 2863 3442 (Luc.
2902 3388 2973 3435 iv,
3010 3370 3120 3441 l8),
3151 3373 3305 3440 quasi
3340 3372 3486 3441 Apo-

1892 3466 2064 3522 stolus
2093 3463 2295 3519 addidit
2313 3465 2418 3519 hoc
2443 3465 2603 3519 etiam
2634 3472 2688 3519 et
2714 3464 2887 3518 dixit:
2914 3464 3019 3518 Hie
3065 3467 3149 3536 qui
3197 3464 3367 3535 ﬁdelis
3402 3467 3484 3536 fa-

1894 3566 2005 3612 ctus
2038 3566 2113 3611 est
2144 3559 2379 3628 pontifex
2408 3556 2593 3627 (Hebr.
2626 3574 2680 3621 n,
2708 3557 2816 3624 l7).
2851 3556 3047 3611 Factus
3076 3565 3159 3612 est
3198 3558 3341 3612 enim
3369 3558 3481 3622 hic,

1893 3665 2001 3703 non
2028 3657 2289 3718 perpetuo
2318 3657 2477 3702 antea
2499 3647 2692 3702 fuerat.
2718 3649 2816 3701 llic
2833 3650 2927 3717 qui
2950 3650 3206 3718 paulatim
3230 3651 3281 3703 in
3302 3651 3485 3719 ponti-

1894 3740 2008 3793 ticis
2037 3736 2281 3807 profecit,
2312 3738 2585 3803 haeretiee,
2614 3738 2948 3804 dignitatem.
2988 3739 3124 3791 Audi
3154 3755 3344 3793 vocem
3383 3740 3483 3794 tibi

1892 3830 1997 3885 hoc
2025 3828 2325 3885 evidentius
2360 3828 2752 3883 declamantem
2790 3846 2802 3881 :
2838 3828 2939 3892 Qui
2966 3831 3021 3883 in
3050 3828 3248 3892 diebus,
3289 3831 3482 3899 inquit.

1894 3921 2064 3974 carnis
2092 3935 2201 3973 sua:
2232 3934 2403 3989 preces
2435 3918 2934 3989 supplicationesque
2962 3919 3031 3970 ad
3062 3935 3176 3972 eum
3199 3920 3286 3989 qui
3314 3927 3485 3987 posset

1892 4010 2040 4064 illum
2066 4008 2266 4063 salvum
2292 4026 2323 4061 α
2344 4018 2508 4063 morte
2535 4010 2725 4079 facere,
2752 4024 2865 4061 cum
2894 4007 3118 4062 clamore
3137 4007 3307 4061 valido
3328 4018 3378 4060 et
3405 4007 3486 4060 la-

1896 4107 2085 4177 erymis
2115 4105 2374 4173 oﬁ'erens;
2409 4113 2459 4157 et
2487 4102 2760 4157 exauditus
2791 4119 2885 4172 pro
2914 4118 3009 4154 sua
3044 4101 3341 4164 reverentia,
3372 4101 3487 4171 qui-

1896 4197 2009 4251 dem
2033 4213 2148 4250 cum
2185 4204 2317 4249 esset
2347 4193 2536 4259 Filius,
2572 4194 2753 4247 didicit
2791 4210 2857 4246 ea:
2896 4191 3000 4245 illis
3041 4207 3157 4262 qua:
3198 4207 3380 4260 passus
3408 4200 3486 4245 est

1902 4289 2264 4352 obedientiam;
2294 4297 2345 4341 et
2372 4294 2777 4349 consummatus,
2818 4286 2987 4354 factus
3018 4294 3094 4337 est
3125 4283 3360 4337 omnibus
3389 4284 3484 4338 οὺο

1899 4377 2291 4449 temperantibus
2320 4377 2419 4429 sibi
2440 4392 2597 4427 causa
2618 4373 2801 4427 salutis
2823 4381 3030 4426 wterna:
3055 4371 3243 4443 (Hebr.
3265 4388 3317 4435 v,
3345 4370 3484 4441 7-9).

1898 4471 2314 4537 Consummatur
2340 4475 2520 4521 autem
2551 4465 2603 4519 id
2631 4464 2776 4533 quod
2822 4463 3077 4534 paulatim
3109 4462 3338 4534 proficit,
3377 4463 3487 4516 hm-

1378 4576 1925 4639 CASTIGATIONES
1967 4582 2055 4636 ET
2095 4580 2301 4635 NOTAE

282 4672 308 4700 ⁸
335 4662 454 4738 Non
484 4664 647 4719 habet
672 4666 835 4738 verba
867 4669 1053 4738 quique
1073 4667 1173 4737 ipsi
1194 4668 1495 4738 conjunctus
1523 4680 1600 4724 est
1630 4672 1792 4727 Batu-

202 4735 342 4797 zius,
366 4734 457 4803 qui
480 4751 607 4788 mox
633 4735 697 4806 ad
720 4734 906 4806 vocem
928 4734 1161 4806 ﬁlietatis
1183 4734 1361 4791 subdit
1388 4741 1633 4795 notulam
1659 4761 1671 4796 :
1697 4744 1794 4798 Hic

202 4806 362 4877 Locus
390 4812 473 4877 est
498 4805 753 4877 mutilus.
773 4805 906 4877 Vide
945 4808 1220 4877 antiquam
1247 4810 1550 4865 versionem
1579 4814 1795 4868 concilii

204 4875 491 4945 Ephesini,
532 4888 655 4945 pag.
688 4875 809 4929 474,
844 4876 999 4930 Εοιτ.

281 4944 307 4982 b
338 4945 487 4998 Alius
510 4944 741 4999 Nestorii
766 4946 917 5001 locus
939 4947 1061 5003 huic
1088 4948 1278 5002 similis
1304 4957 1481 5003 exstat
1502 4951 1553 5005 in
1583 4952 1796 5010 actione

204 5016 398 5113 quinta
439 5016 654 5069 concilii
694 5015 1072 5113 Late‘ranensis
1088 5019 1208 5113 Jsub
1248 5020 1481 5074 Martino
1512 5037 1671 5113 palpa,
1705 5024 1797 5113 tibi

205 5104 218 5113 .
248 5087 664 5113 ξηέο..-ιοη..ι-νιι-ιρ
693 5102 752 5113 Α..
797 5088 809 5113 .'
850 5103 903 5113 nun
929 5103 1075 5113 ---νη
1125 5106 1146 5113 ι.
1176 5106 1311 5113 μνη.-
1339 5093 1540 5113 --,2μ-ξι
1585 5105 1594 5113 .
1616 5096 1695 5113 “id
1720 5111 1730 5113 μ
1750 5110 1769 5113 _-

203 5085 409 5173 (ἷξοίῐιιιὶ
425 5094 752 5173 sumptns‘eq:
774 5085 903 5173 libro
925 5089 1147 5173 secundo
1169 5106 1312 5160 quem
1334 5085 1797 5173 scripsitpipba:

204 5157 327 5209 nius
358 5155 610 5224 Myeseos.
644 5162 698 5208 et
723 5156 775 5208 in
801 5158 1013 5210 actione
1043 5155 1387 5226 itcm'quarta
1411 5155 1626 5215 concilii
1656 5155 1795 5217 sexti

203 5226 549 5289 mculnenici,
569 5226 658 5278 ubi
678 5234 888 5279 veteres
918 5227 1183 5283 editiones
1222 5238 1346 5282 ante
1372 5229 1668 5285 Romanam
1697 5233 1793 5286 ha-

204 5294 358 5370 bent_
368 5292 709 5370 Epiphanius
727 5295 779 5370 bl
788 5312 955 5370 yseus.
991 5297 1115 5370 Haec
1143 5300 1303 5353 lectio
1332 5300 1540 5354 initium
1569 5303 1798 5370 sumpsit

205 5365 265 5419 in
294 5365 533 5436 editi_one
561 5364 799 5427 Merlini,’
822 5367 913 5436 qui
942 5383 1064 5422 cum
1094 5368 1147 5421 in
1170 5370 1337 5424 veteri
1369 5371 1504 5423 libro
1540 5364 1791 5426 Bellova-

204 5436 389 5512 censis
411 5433 665 5489 Ecclesiae
685 5450 791 5503 quo
821 5433 885 5499 is,
916 5445 973 5490 ut
994 5453 1135 5512 reor,
1160 5440 1427 5500 utebatur,
1452 5440 1669 5512 legisset
1689 5444 1798 5512 epi-

206 5509 332 5578 fans
363 5522 479 5578 mq;
518 5522 703 5578 eseos,
736 5514 1051 5574 careretque
1080 5509 1265 5563 Cneeo
1301 5518 1469 5565 textu.
1506 5509 1796 5567 lectionem

204 5576 609 5632 Consarcinavit
645 5592 803 5644 quam
836 5584 1045 5631 veteres
1085 5578 1348 5633 editiones
1374 5581 1650 5635 exhibent.
1684 5582 1796 5636 Ro-

204 5648 357 5703 mani
394 5663 493 5715 pro
528 5664 672 5719 quem
697 5648 904 5719 scripsit
947 5647 1268 5719 Epiphanius
1306 5648 1515 5716 Myseus
1544 5666 1799 5719 reposue-

208 5727 339 5771 runt
365 5734 510 5797 quem
539 5717 812 5797 inscripsit
822 5717 1128 5797 praclarum
1156 5720 1513 5797 initiationem.
1540 5717 1621 5797 Ex;
1650 5729 1797 5776 textu

204 5786 596 5862 porro'Gneco
623 5786 835 5843 concilii
873 5789 1009 5841 sexti
1048 5789 1319 5844 emendari
1364 5799 1546 5860 potest
1583 5790 1801 5848 Crmcus

1821 4681 1872 4739 D
1896 4682 2073 4729 textus
2096 4671 2307 4727 concilii
2338 4668 2733 4723 Lateranensis.
2767 4668 2966 4722 B.u.uz.

1976 4756 1997 4781 ε
2023 4742 2113 4797 Sic
2135 4740 2536 4796 emendavimus
2564 4755 2783 4809 pravam
2813 4738 2995 4791 Balnz.
3019 4737 3146 4792 edit.
3162 4738 3483 4809 lectionem.

1898 4816 1953 4868 in
1993 4814 2268 4867 hominem.
2310 4809 2427 4875 Gr.,
2471 4810 2506 4863 Ι.
2547 4807 2621 4876 6.,
2667 4811 2754 4866 τὸν
2799 4812 2849 4863 ἰν
2878 4809 3125 4883 ἀνθρώπῳ
3148 4807 3297 4864 Θεὸν.
3339 4807 3485 4862 Cat.-

1901 4900 2059 4941 LAND.

1973 4952 1999 4990 ά
2031 4951 2148 5017 Gr.,
2191 4950 2297 5007 καθ’
2331 4952 2547 5008 ἑκάστην
2590 4950 2896 5011 ὑπόστασιν,
2928 4946 3147 5017 singulis
3188 4948 3486 5017 hypostasi-

1902 5026 2012 5078 bus.
2046 5014 2143 5079 Sic
2165 5022 2326 5099 paulo
2356 5030 2480 5099 ante
2510 5022 2561 5073 in
2591 5020 2655 5074 iis
2693 5034 2811 5087 ane
2850 5035 2915 5071 ex
2948 5014 3281 5099 quatgrnione
3309 5033 3327 5070 ι
3354 5014 3488 5099 affe-

1902 5102 2114 5154 rnntnr,
2154 5084 2316 5145 vertit
2355 5091 2640 5154 Mercator,
2674 5084 2724 5142 et
2763 5084 2970 5143 tantum
3001 5086 3321 5140 substantiis.
3364 5084 3485 5150 Gr.,

1899 5170 1985 5219 καὶ
2007 5165 2179 5236 μόναις
2203 5164 2547 5236 ὐπρστᾴᾳεσιι,
2579 5170 2628 5236 gl
2656 5160 2781 5213 solis
2810 5159 3172 5236 subsistentiis.
3205 5156 3493 5226 Repetitur

1902 5225 2170 5289 hie'locns
2210 5248 2238 5285 a
2268 5231 2490 5297 Cyrillo,
2523 5229 2683 5294 infra,
2716 5244 2834 5297 pag,
2865 5228 2987 5281 249..
3021 5225 3205 5281 Gneca
3236 5225 3365 5281 vero
3393 5241 3488 5281 ex~

1902 5312 2049 5380 stant
2090 5312 2223 5380 tom.
2254 5298 2327 5355 lll
2350 5301 2516 5380 Cone.
2550 5314 2669 5380 pag.
2712 5298 2868 5380 1581'.
2896 5299 3021 5351 Mox
3067 5298 3127 5380 in
3146 5306 3317 5380 textu,
3356 5310 3488 5380 pag.

1904 5374 2061 5445 1069,
2097 5377 2179 5429 καί
2206 5395 2291 5445 μοι
2320 5374 2504 5445 σκόπει
2532 5373 2591 5427 τὸ
2618 5370 2795 5445 ῥ’μοιογ
2837 5371 2951 5435 (τῆς
2979 5368 3207 5445 τρεᾲδος)
3233 5369 3286 5422 ἐκ
3312 5373 3412 5422 τῶν
3440 5368 3492 5419 ἓν

1903 5444 2068 5517 {mox
2098 5437 2281 5517 καιρῷν
2303 5444 2594 5515 ἀρξάμενον.
2612 5437 2736 5517 Yet.
2764 5437 3021 5517 interpr.,'
3042 5437 3153 5490 Hoc
3171 5450 3492 5517 rerum‘esse,

1904 5511 1979 5567 e125
1996 5515 2058 5566 iis
2086 5511 2322 5583 operibus
2336 5511 2576 5581 spe—ctare
2604 5512 2740 5583 licet,
2767 5526 2881 5583 qua;
2910 5511 2961 5561 in
2987 5518 3211 5577 tempore
3238 5512 3355 5558 sunt
3380 5520 3495 5557 sus—

1905 5592 2070 5653 cepta.
2104 5580 2379 5654 Caeterum
2400 5598 2503 5634 vox
2524 5580 2810 5654 suanm-g5
2834 5580 3144 5654 abpuctore
3162 5584 3495 5654 nostro_pa_s-

1902 5642 2002 5706 siu'n
2026 5653 2264 5706 redditur
2282 5650 2588 5711 substantia.
2618 5666 2737 5719 qua:
2761 5648 3053 5720 Cyrilliano
3083 5644 3363 5720 interpreti
3387 5642 3498 5719 ple-

1901 5738 2055 5790 rmnq
2063 5738 2128 5775 ue
2140 5717 2756 5794 dicitursubsistentia,et
2769 5717 3169 5794 nonnumquam
3184 5717 3495 5794 [spy/astans.

1901 5786 2055 5860 Quod
2075 5792 2293 5863 quidem
2315 5792 2481 5846 semel
2502 5791 2589 5847 hic
2612 5791 2889 5847 monuisse
2909 5786 3156 5845 sufficiat.
3181 5786 3455 5839 GALLAND.
