3978 6188
547 341 645 395 θοι
1073 335 1263 393 MARII
1306 331 1747 388 MEPCATORIS
1786 326 2763 386 TRANSLATlONES-VABlliRUM
2799 324 3324 425 OPUSCULORDM.
3676 334 3759 394 δρα

552 459 736 513 retice.
772 467 794 496 ι
830 457 903 509 De
930 470 1037 523 quo
1065 454 1226 507 etiam
1256 460 1311 506 et
1336 451 1575 506 Joannes
1604 452 1658 504 in
1689 450 1994 517 Evangeliis
2022 449 2134 503 cla-
2168 454 2215 507 Α
2617 443 2869 514 Ejusdem
2898 459 2964 496 ea:
2991 445 3324 514 quaternione
3344 459 3443 499 xvi.

550 558 662 601 mat
688 567 699 601 :
720 547 869 600 Iesus
889 544 1189 616 proﬁciebat
1205 552 1357 596 actate
1374 552 1424 596 et
1444 544 1702 613 sapientia
1721 551 1771 595 et
1792 542 1962 612 gratia
1981 539 2129 610 (Luc.
2311 535 2379 588 Et
2406 543 2584 589 tamen
2603 575 2618 600 ,
2650 536 2846 605 inquit,
2875 534 2921 586 si
2951 541 3122 587 totum
3153 549 3349 587 novum
3375 542 3616 590 scrutatus
3636 539 3763 597 fueris

549 653 604 696 ιι.
626 636 735 705 5'2).
760 635 963 700 Quibus
985 646 1221 700 congrue
1241 634 1403 685 etiam
1426 631 1620 685 Paulus
1639 631 1823 685 dicens
1846 648 1859 683 :
1886 630 2136 684 Consum-
2240 626 2667 687 Testamentum,
2701 638 2965 692 nusquam
2994 624 3047 677 in
3088 639 3156 678 eo
3184 624 3421 678 invenias
3445 633 3646 680 mortem
3678 629 3764 684 Deo

550 738 737 786 matus.
766 725 954 795 inquit,
982 727 1145 795 factus
1170 733 1245 777 est
1265 722 1726 794 obtemperantibus
1748 721 1843 776 sibi
1865 739 2022 775 causa
2055 739 2138 774 sa-
2238 719 2565 787 assignatam
2585 755 2601 781 ,
2633 715 2731 772 sed
2759 724 2853 769 aut
2884 713 3118 779 Christo,
3151 725 3243 769 aut
3270 714 3423 782 Filio,
3452 724 3537 771 aut
3560 717 3761 775 Domino.

547 818 668 870 lutis
690 825 913 879 (sternte,
940 814 1227 884 appellatus
1250 831 1282 866 a
1304 812 1412 866 Deo
1434 814 1669 883 pontifex
1690 811 1972 866 secundum
1993 811 2136 865 ordi-
2237 809 2372 863 Nam
2409 806 2656 861 Christus
2695 814 2751 861 et
2779 806 2945 860 Filius
2974 815 3030 859 et
3057 806 3316 860 Dominus
3337 847 3353 872 ,
3384 823 3499 862 cum
3523 808 3583 862 de
3606 806 3764 876 Unigc-

548 923 663 958 nem
692 903 1067 957 Melchisedech
1101 903 1288 974 (Hebr.
1320 920 1373 963 ν,
1407 901 1460 964 9,
1488 902 1596 973 10).
2245 899 2355 953 nito
2381 914 2411 951 a
2454 906 2641 953 sancta
2672 896 2947 965 Scriptura
2976 895 3190 960 dicitur,
3236 905 3448 951 naturas
3473 897 3593 951 duas
3616 907 3763 953 osten-

618 994 689 1048 Et
726 1005 840 1066 post
878 994 1002 1047 alia.
1036 992 1302 1056 Pontifex,
1334 995 1518 1064 inquit,
1551 1002 1796 1047 vocatur.
1837 990 1948 1045 Cur
1976 993 2138 1060 igitur
2238 991 2348 1055 dit;
2380 1001 2435 1045 et
2469 988 2758 1057 aliquando
2804 987 3068 1054 signiﬁcat
3096 987 3381 1051 Deitatem,
3413 989 3668 1057 aliquando
3685 992 3765 1045 bu-

547 1087 756 1141 diversa
777 1087 942 1140 sentis
964 1084 1299 1139 Paulo?(‘.ur
1321 1085 1700 1155 impassibilem
1720 1085 1886 1138 Deum
1903 1084 2133 1139 Verbum
2239 1082 2590 1142 manitatem,
2641 1078 2932 1150 aliquando
2978 1086 3285 1149 utrumque.
3337 1079 3405 1133 Ut
3449 1098 3559 1136 cum
3609 1081 3767 1140 Paulus

548 1192 778 1246 corpore
804 1184 1022 1231 terreno
1060 1176 1446 1242 commiscens,
1488 1176 1792 1245 passibilem
1822 1174 2133 1244 pontiﬁcem
2238 1176 2479 1233 scribens
2500 1173 2758 1244 prmdicat
2791 1190 2803 1225 :
2837 1171 2966 1225 Cum
2989 1173 3188 1226 inimici
3220 1190 3467 1239 essemus,
3502 1178 3767 1233 reconciliati

548 1266 722 1321 facis?
2239 1282 2413 1319 sumus
2441 1263 2552 1317 Deo
2580 1281 2671 1334 per
2690 1274 2904 1317 mortem
2928 1261 3054 1320 Filii
3075 1264 3186 1334 ejus
3216 1263 3393 1333 (Rom.
3411 1282 3459 1324 v,
3492 1264 3589 1333 l0),
3615 1267 3769 1321 huma-

930 1337 1177 1408 Ejusdem
1204 1354 1269 1390 ex
1296 1340 1632 1407 quaternione
1661 1354 1752 1391 vn.
2240 1355 2464 1408 nitatem
2493 1370 2501 1407 ε

2240 1355 2464 1408 nitatem
2493 1352 2755 1420 signiﬁcat
2777 1352 2918 1406 Filii.
2948 1351 3117 1407 Porro
3139 1370 3259 1408 cum
3283 1354 3422 1408 idem
3447 1355 3578 1410 dicat
3610 1358 3665 1411 ad
3690 1358 3772 1413 lle-

624 1449 791 1512 Unde,
829 1452 1037 1521 fratres,
1060 1458 1255 1502 sancite
1280 1450 1558 1501 uocationis
1594 1450 1808 1501 caelestis
1837 1451 2133 1519 participes,
2240 1444 2416 1499 bneos
2448 1462 2460 1496 :
2494 1443 2635 1496 Deus
2670 1444 2871 1497 locutus
2900 1453 2976 1497 est
3003 1442 3150 1497 nobis
3193 1446 3249 1497 in
3279 1443 3451 1509 Filio,
3479 1464 3562 1515 per
3584 1464 3705 1517 quem
3735 1459 3774 1503 et

550 1541 869 1594 considerate
899 1542 1184 1612 apostolum
1201 1551 1250 1594 et
1270 1543 1563 1611 pontificem
1583 1543 1922 1613 confessionis
1948 1554 2139 1599 nostra:
2240 1535 2432 1590 δωεῑιια
2463 1536 2584 1606 fec“
2631 1534 2817 1602 ("ebr-
2862 1552 2899 1602 ι,
2941 1535 2997 1605 2)
3024 1575 3040 1599 ν
3074 1537 3339 1591 Πθίιδῐεω
3381 1537 3495 1592 Filii
3538 1540 3771 1608 signiﬁcat.

548 1630 723 1685 Jesum
744 1631 947 1701 ﬁdelem
976 1634 1023 1685 ei
1051 1634 1134 1702 qui
1162 1634 1281 1705 fecit
1310 1635 1476 1702 ipsum
1508 1632 1692 1699 (Hebr.
1726 1648 1801 1696 ni,
1832 1633 1883 1698 i,
1915 1633 1991 1704 2).
2241 1628 2425 1697 Neque
2455 1628 2598 1682 enim
2621 1643 2749 1682 caro
2778 1628 2904 1682 fecit
2924 1630 3139 1695 saecula,
3163 1645 3282 1699 qua:
3304 1638 3427 1700 post
3448 1632 3602 1686 multa
3618 1636 3775 1689 secula

619 1721 690 1775 Et
731 1733 845 1792 post
876 1722 997 1774 alia.
1032 1722 1164 1775 Cum
1195 1724 1264 1776 sit
1295 1724 1454 1790 igitur
1483 1723 1637 1775 nobis
1666 1722 1753 1776 hic
1780 1722 1926 1776 solus
1956 1722 2137 1791 ponti-
2242 1720 2383 1775 facta
2415 1728 2515 1775 est.

548 1810 657 1877 fex,
690 1812 984 1866 condolens
1024 1813 1136 1865 sive
1165 1820 1423 1878 cognatus
1452 1821 1506 1864 et
1543 1810 1744 1876 ﬁrmus,
1787 1812 1854 1865 de
1889 1813 2006 1879 ejus
2034 1812 2135 1865 ﬁde
2170 1825 2213 1882 Β
2312 1812 2380 1865 Et
2408 1822 2523 1883 post
2550 1814 2678 1866 alia.
2718 1812 2836 1868 Non
2865 1814 3046 1869 Deitas
3075 1813 3296 1869 fratrem
3319 1816 3505 1869 habuit
3530 1815 3774 1879 Iacobum;

550 1917 814 1970 nusquam
854 1902 1214 1971 depellamini.
1260 1901 1378 1969 Ipse
1407 1901 1549 1954 enim
1580 1902 1735 1954 nobis
1776 1916 1843 1954 ex
1872 1901 2134 1970 promissa
2237 1919 2339 1957 nec
2358 1904 2453 1957 Dei
2482 1903 2643 1957 Verbi
2672 1903 3049 1958 denuntiamus
3072 1913 3323 1973 mortem,
3348 1907 3661 1961 Dominicum
3678 1924 3778 1962 san-

548 1994 927 2048 benedictione
970 2007 1038 2045 ex
1066 1993 1269 2045 semine
1309 1992 1534 2044 Abrahae
1563 1992 1756 2045 missus
1784 1999 1867 2045 est
1889 2030 1903 2055 ,
1950 2000 2138 2061 utpote
2238 1995 2454 2063 guinem
2477 2004 2533 2049 et
2559 2011 2757 2065 corpus
2785 1996 3169 2051 manducantes

550 2100 649 2154 pro
678 2099 735 2137 se
778 2092 833 2137 et
861 2099 958 2139 suo
1004 2096 1200 2150 genere
1232 2082 1474 2150 corporis
1521 2082 1841 2136 sacriﬁcium
1883 2081 2133 2136 offerens.
2587 2086 2839 2157 Ejusdem
2867 2105 2933 2141 ea:
2970 2090 3309 2159 quaternione
3337 2107 3485 2145 xxm.

550 2174 853 2228 Notandum
883 2174 1025 2242 quod
1056 2171 1378 2227 conﬁteatur
1400 2188 1613 2226 omnem
1638 2173 1946 2241 pontiﬁcem
1969 2172 2138 2226 sacri-
2311 2177 2499 2240 Video,
2531 2180 2731 2250 inquit,
2773 2180 3029 2249 populum
3060 2191 3304 2235 nostrum
3330 2183 3528 2238 habere
3555 2184 3777 2251 ingentem

554 2266 674 2319 licio
714 2266 985 2333 indigere;
1030 2273 1085 2319 et
1121 2281 1243 2319 cum
1273 2266 1506 2333 excipiat
1534 2265 1805 2318 Christum
1849 2266 2001 2333 quasi
2032 2280 2140 2319 non
2240 2269 2601 2324 reverentiam
2632 2278 2684 2323 et
2710 2270 3145 2326 ardentissimam
3185 2274 3464 2342 pietatem,
3496 2276 3581 2329 sed
3607 2276 3652 2328 in
3671 2275 3776 2342 dog-

551 2359 905 2425 indigentem,
939 2358 991 2411 in
1040 2358 1142 2422 his,
1174 2358 1364 2425 inquit,
1397 2372 1519 2410 eum
1566 2373 1665 2426 pro
1709 2373 1768 2412 se
1811 2356 2005 2411 offerre
2032 2356 2058 2395 δ
2087 2363 2143 2410 et
2241 2366 2386 2413 mate
2415 2368 2437 2395 ο
2464 2361 2771 2432 Θεογνωσίας
2793 2361 3093 2428 ignorantia
3124 2363 3251 2417 labi.
3283 2363 3339 2417 Id
3369 2373 3544 2419 autem
3570 2381 3663 2419 non
3686 2381 3778 2419 esse

552 2464 738 2517 gerere
767 2448 1107 2502 sacriﬁcium.
2240 2451 2447 2505 crimen
2476 2452 2660 2522 populi
2681 2493 2697 2517 ,
2746 2452 2873 2518 sed,
2923 2461 2983 2506 ut
3007 2453 3235 2509 honeste
3261 2454 3505 2511 dicamus
3524 2497 3537 2521 ,
3578 2473 3669 2511 non
3701 2458 3777 2509 ha-

948 2536 1193 2608 Ejusdem
1224 2554 1288 2590 ex
1316 2538 1649 2607 quaternione
1673 2552 1743 2589 iv.
2241 2540 2420 2595 buisse
2449 2550 2596 2596 retro
2617 2543 2866 2597 doctores
2891 2550 3100 2613 tempus
3121 2555 3373 2601 accurate
3403 2548 3546 2606 vobis
3576 2550 3779 2617 dogmata

623 2626 814 2685 Audite
862 2631 1021 2698 igitur
1068 2639 1122 2683 et
1167 2630 1309 2683 dicta
1353 2630 1635 2697 diligenter
1682 2628 1929 2701 inspicite
1980 2647 1992 2683 :
2042 2628 2143 2694 Qui
2241 2631 2666 2687 demonstrandi.

553 2723 834 2777 manducet
855 2763 869 2786 ,
901 2722 1091 2789 inquit,
1125 2737 1331 2773 carnem
1371 2736 1536 2772 meam
1574 2717 1756 2790 (Joan.
1785 2737 1857 2785 vt,
1887 2719 1995 2791 56).
2028 2720 2142 2775 Me-
2248 2722 2267 2762 ι
2298 2725 2433 2779 Ecce
2460 2725 2542 2778 hic
2578 2726 2735 2795 plane
2762 2727 3036 2796 conﬁtetur
3062 2729 3320 2783 neminem
3354 2738 3481 2784 ante
3507 2747 3559 2785 se
3581 2730 3693 2785 talia
3714 2746 3782 2801 po-

553 2823 736 2869 mento
782 2812 927 2882 quod
954 2814 1022 2866 de
1069 2828 1230 2866 carne
1258 2812 1497 2866 dicamus
1520 2853 1535 2877 ,
1582 2820 1637 2865 et
1664 2812 1807 2880 quod
1840 2829 1945 2867 non
1985 2828 2015 2865 a
2056 2828 2143 2868 me
2313 2818 2433 2887 pulo
2468 2818 2798 2888 praedicasse.

553 2905 730 2958 Carnis
754 2917 948 2956 nomen
981 2901 1214 2970 ﬁngitur,
1243 2917 1311 2955 ne
1339 2902 1642 2955 videarillis
1664 2901 1827 2957 falsus
1853 2904 2136 2972 interpres.
2243 2919 2269 2957 ι
2306 2907 2534 2979 Cyrillus
2563 2909 2848 2978 episcopus
2876 2908 3212 2965 Alexandria:
3250 2911 3559 2983 subscripsi.

558 2993 658 3057 Qui
698 2993 1006 3059 manducet,
1039 2993 1228 3060 inquit,
1259 3008 1465 3044 carnem
1493 3009 1659 3046 meam
1689 3001 1739 3046 et
1777 2991 1901 3046 bibit
1928 2996 2143 3064 sangui-
2241 3000 2499 3055 Arcadius
2528 3000 2812 3070 episcopus
2841 3008 2896 3055 et
2941 3002 3150 3069 legatus
3177 3002 3320 3058 sedis
3345 3004 3643 3074 apostolica
3676 3004 3779 3058 sub-

556 3100 671 3137 nem
699 3099 885 3136 meum.
918 3081 1182 3151 Nlunquid
1212 3082 1346 3136 dixit
1378 3100 1389 3133 :
1433 3080 1532 3148 Qui
1562 3083 1851 3137 manducat
1876 3084 2140 3139 Deitatem
2310 3089 2520 3159 scripsi.

554 3193 764 3238 meam,
796 3187 850 3231 et
888 3176 981 3243 qui
1010 3176 1142 3229 bibit
1172 3175 1433 3229 Deitatem
1476 3179 1686 3229 meam?
1717 3174 1817 3239 Qui
1858 3178 2141 3232 manducat
2169 3190 2214 3251 ρ
2243 3179 2515 3234 Juvenalis
2540 3179 2824 3249 episcopus
2850 3179 3306 3254 Jerosolymorum
3336 3187 3637 3256 subscripsi.

554 3283 761 3319 carnem
781 3283 964 3331 meam,
989 3276 1039 3317 et
1058 3266 1143 3336 qui
1160 3265 1285 3318 bibit
1307 3267 1608 3336 sanguinem
1629 3284 1815 3334 meum,
1843 3269 1899 3322 in
1920 3286 1999 3322 me
2024 3286 2138 3322 ma—
2240 3268 2518 3338 Projectus
2562 3271 2849 3341 episcopus
2895 3272 3102 3341 legatus
3151 3276 3293 3330 sedis
3342 3279 3640 3334 apostolica:
3679 3277 3782 3332 sub-

554 3367 658 3419 net,
689 3367 739 3410 et
762 3375 853 3427 ego
881 3360 933 3410 in
964 3359 1096 3427 ipso.
2307 3362 2518 3431 scripsi.

622 3446 694 3500 Et
732 3457 845 3516 post
884 3448 1010 3500 alia.
1054 3447 1159 3502 Sed
1189 3448 1255 3502 ad
1298 3459 1320 3487 ο
1352 3453 1675 3522 προκείμενον
1704 3451 1998 3504 veniamus.
2033 3448 2134 3514 Qui
2239 3449 2517 3522 Philippus
2544 3451 2829 3522 presbyter
2867 3452 3009 3509 sedis
3037 3455 3345 3525 apostolica:
3374 3464 3433 3512 et
3470 3458 3660 3527 legatus
3686 3457 3783 3513 sub-

550 3538 831 3593 manducat
859 3553 1064 3591 carnem
1088 3555 1272 3603 meam,
1304 3550 1352 3593 et
1381 3539 1505 3593 bibit
1524 3543 1828 3612 sanguinem
1865 3558 2050 3606 meum,
2078 3544 2133 3595 in
2308 3543 2519 3613 scripsi.

549 3647 631 3684 me
654 3638 862 3692 manet,
894 3638 943 3682 et
965 3647 1057 3699 ego
1085 3631 1140 3683 in
1178 3632 1309 3700 ipso.
1351 3630 1677 3686 Mementote
1703 3632 1848 3700 quod
1876 3632 1943 3686 de
1970 3648 2134 3688 carne
2238 3635 2447 3689 Firmus
2474 3635 2755 3705 cpiscopus
2782 3635 3042 3692 Cassarea:
3068 3637 3375 3707 subscripsi.

549 3721 788 3775 dicamus
817 3738 829 3772 :
860 3719 1007 3774 Sicut
1036 3722 1175 3773 misit
1212 3738 1293 3775 me
1320 3724 1459 3775 rivus
1488 3718 1659 3776 Pater
1680 3723 1866 3793 (Ibid,
1891 3723 2003 3791 58),
2047 3739 2132 3778 me
2238 3724 2550 3780 Theodotus
2569 3726 2853 3796 episcopus
2874 3726 3099 3797 Ancyra:
3124 3728 3436 3797 subscripsi.

548 3811 641 3880 qui
669 3825 924 3880 appareo.
956 3809 1064 3865 Sed
1089 3809 1317 3865 fortasse
1346 3827 1446 3880 ego
1475 3829 1581 3866 non
1611 3823 1756 3868 recte
1786 3814 2128 3882 interpretor.
2237 3816 2567 3871 Berenianus
2612 3821 2896 3888 episcopus
2934 3817 3262 3888 Pergeorutu
3305 3821 3657 3891 metropoleos
3680 3819 3781 3873 sub-

548 3900 835 3956 Videamus
859 3917 927 3957 ex
956 3903 1038 3956 his
1065 3917 1185 3971 quae
1206 3915 1520 3971 sequuntur.
1555 3905 1702 3959 Sicut
1732 3906 1873 3959 misit
1896 3923 1976 3959 me
1996 3907 2131 3959 virus
2313 3908 2503 3977 scripsi
2533 3923 2631 3977 per
2657 3907 3001 3964 Timotheum
3030 3910 3362 3979 episcopum.

547 3993 727 4047 Pater.
759 3993 853 4047 llle
894 3994 1023 4048 dicit
1043 3994 1115 4048 de
1142 3995 1377 4059 Deitate,
1421 4010 1522 4064 ego
1550 3997 1618 4049 de
1663 3998 2014 4051 humanitate.
2046 3996 2134 4050 Vi-
2236 3996 2469 4053 Severus
2493 4000 2778 4069 episcopus
2805 3999 3134 4071 Synnandon
3162 4001 3476 4072 subscripsi.

546 4084 767 4139 deamus
787 4085 877 4154 qui
906 4084 977 4139 sit
1004 4100 1202 4155 pravus
1226 4086 1510 4154 interpres.
1544 4086 1691 4140 Sicut
1718 4088 1858 4140 misit
1886 4104 1967 4140 me
1993 4089 2131 4142 uiuus
2237 4090 2526 4159 Perigenes
2548 4093 2833 4163 episcopus
2850 4092 3097 4149 Corinthi
3125 4096 3435 4165 subscripsi.

546 4174 726 4229 Pater.
758 4173 784 4212 ἀ
809 4175 1103 4230 Ηῖετειὶευε
1130 4176 1262 4230 dicit
1288 4176 1431 4245 quod
1462 4175 1724 4230 Deitatem
1754 4177 1840 4230 hic
1867 4177 2012 4230 misit
2044 4193 2131 4233 me
2234 4183 2445 4239 Iconius
2473 4185 2761 4256 episcopus
2788 4185 3036 4242 Cortines
3063 4185 3253 4241 Cretes
3280 4188 3593 4258 subscripsi.

544 4266 714 4321 Deum
744 4267 995 4323 Verbum.
1030 4269 1180 4326 Sicut
1217 4272 1358 4325 misit
1384 4287 1465 4324 me
1489 4272 1628 4323 uiuus
1658 4269 1835 4334 Pater,
1878 4270 2030 4338 juxta
2066 4271 2131 4324 ila
2236 4277 2467 4331 Mennon
2498 4278 2784 4347 episcopus
2813 4277 3011 4348 Ephesi
3038 4280 3349 4348 subscripsi.

546 4358 646 4422 los,
686 4368 737 4411 et
771 4377 863 4429 ego
904 4364 1012 4415 vivo
1041 4361 1182 4416 Deus
1211 4362 1445 4417 Verbum
1483 4373 1691 4433 propter
1729 4362 1960 4417 Patrem.
1992 4362 2129 4429 Quid
2238 4368 2472 4437 Reginus
2500 4369 2783 4439 episcopus
2810 4368 3143 4425 Constantia:
3166 4368 3395 4439 Cyprius
3421 4371 3714 4440 subscripsi.

546 4453 769 4520 postea?
793 4449 893 4513 Qui
930 4455 1209 4507 manducet
1230 4473 1327 4518 me,
1369 4465 1420 4509 et
1450 4456 1539 4509 ille
1565 4457 1709 4509 vicet.
1741 4454 1878 4520 Quid
1906 4455 2130 4509 mandu—
2236 4456 2462 4514 Aeacius
2490 4460 2773 4529 episcOpus
2808 4463 3170 4519 Melitinensis
3202 4464 3529 4529 subscripsi.

546 4544 766 4597 camus?
795 4543 1076 4609 Deitatem,
1107 4560 1175 4598 an
1204 4547 1463 4600 carnem?
2238 4549 2506 4605 Palladius
2528 4552 2811 4622 episcopus
2830 4552 3059 4606 Amasis:
3087 4552 3393 4621 subscripsi.

1715 4635 2168 4691 CASTIGATION
2178 4639 2261 4693 ES
2301 4640 2386 4693 ΕΤ
2427 4640 2655 4695 NOTAE.

616 4736 643 4765 ι
684 4726 773 4802 Sic
812 4728 941 4802 item
968 4726 1174 4802 Graeca,
1216 4726 1253 4802 l_.
1287 4728 1521 4802 c.,_mpt
1549 4723 1607 4780 οὗ
1645 4729 1999 4802 ξεαὶ-Ίωὰννῃς.
2034 4728 2131 4783 llic
2162 4732 2206 4789 Ι)
2234 4747 2320 4802 [ηρ
2348 4732 2534 4786 vivens
2575 4730 2753 4795 Pater,
2786 4738 2841 4785 et
2869 4746 2969 4802 ego
3010 4733 3150 4787 Deus
3176 4731 3421 4802 Verbum,
3443 4748 3567 4784 vum
3600 4737 3787 4802 propter

544 4800 805 4870 memoria
829 4799 1011 4869 lapsus
1037 4797 1335 4852 Nestorius.
1363 4795 1550 4851 Exstat
1572 4797 1714 4851 enim
1737 4798 1887 4852 locus
1918 4798 2043 4853 Luc.
2070 4815 2126 4863 ιι,
2234 4800 2467 4855 Patrem.
2502 4802 2703 4855 Deinde
2743 4801 2888 4870 quod
2904 4795 3044 4857 'mox
3082 4803 3324 4870 sequitur
3354 4820 3366 4853 :
3401 4800 3505 4865 Qui
3548 4795 3787 4870 mandarat

2440 4874 2544 4907 inca
2571 4872 2697 4907 ..ὅσιοι
2750 4868 2885 4907 ἢιιῖδ
2940 4889 3121 4907 alumen
3161 4868 3596 4907 imnnt‘nnnmnc.
3624 4868 3787 4907 “irini-

546 4866 630 4938 52.
664 4866 936 4924 Cauni).

614 4937 641 4977 δ
665 4938 1211 5011 ιίῠτθτὶἱᾷιγροιιιβιω
1236 4935 1819 5011 mendum_.nS_c_ripserit
1846 4937 2117 4993 Mercator.

2233 4889 2331 4935 me,
2357 4880 2406 4924 et
2433 4874 2544 4942 ipse
2571 4872 2717 4925 vivet.
2750 4866 2908 4938 Quid,
2939 4889 3140 4942 quaeso,
3161 4866 3596 4927 manducamus?
3620 4868 3765 4926 Divini

2232 4949 2490 5006 tatemne,
2524 4957 2590 4994 an
2611 4941 3036 4995 humanitatem?
3073 4963 3090 4994 ι
3124 4942 3398 4997 (hunc.
3758 5008 3765 5011 _

542 5017 594 5093 et
632 5027 833 5081 genere.
878 5006 1083 5074 Cia—tea,
1118 5008 1155 5093 Ιἰ
1185 5024 1268 5070 c.,
1310 5021 1433 5093 pag:
1476 5006 1631 5093 ill-ﬂ,
1681 5009 1728 5061 ἐν
1757 5011 1959 5093 raptori
1998 5011 2113 5093 ὐςιτέ)

2258 5082 2269 5093 ⁸
2309 5023 2333 5050 ο
2369 5011 2533 5093 Vetus
2560 5013 2840 5093 interpres
2879 5013 3068 5082 synodi
3108 5012 3394 5093 “Ephgsinte
3420 5012 3585 5093 vertit
3615 5008 3785 5093 pietatis

542 5077 730 5155 ymo
776 5105 924 5153 φησιν
945 5080 1263 5155 Δτινροσςθέιιθειν
1288 5120 1302 5139 ,
1345 5081 1429 5131 καὶ
1468 5084 1555 5133 τοῦ
1600 5086 1895 5152 συγγενοῦς.
1929 5077 2110 5155 θνᾳίαῦ

2234 5082 2639 5155 ἄρθηταηνεωε
2667 5077 2933 5155 interpres
2967 5077 3181 5138 concilii
3223 5077 3698 5142 Chalcedonensis,
3725 5077 3788 5130 di-

542 5147 662 5202 Vet.
691 5147 909 5221 interp..
936 5147 1039 5204 llic
1061 5147 1170 5222 tam
1186 5165 1280 5219 pro
1300 5164 1520 5222 sequam
1540 5164 1633 5222 p50
1661 5147 1879 5219 cognato
1909 5149 2007 5203 sibi
2039 5167 2130 5222 ge-
2230 5147 2365 5207 vivite
2391 5153 2638 5206 scientiis.
2676 5147 2950 5206 cum».

541 5216 1005 5292 neresacrificium
1030 5216 1271 5273 obtulisse
1294 5216 1846 5292 απῑὴπαιζϐλῃᾷκι).
2040 5216 2058 5222 ⁷
2311 5222 2331 5261 ι
2364 5222 2488 5277 Haec
2538 5224 2697 5276 verba
2738 5230 2862 5276 sunt
2910 5222 3055 5275 Petri
3098 5222 3399 5292 presbyteri
3440 5216 3787 5292 Alexandrini,

615 5300 638 5329 ε
669 5289 724 5342 Μ
752 5289 849 5355 θεέ,
878 5292 1195 5355 institutum,
1227 5299 1617 5359 argumentum.
1654 5290 1899 5345 Baluzius
1922 5298 1978 5344 et
2001 5305 2125 5344 eum
2235 5293 2356 5347 ideo
2399 5308 2464 5345 ue
2493 5292 2793 5345 divellenda
2825 5292 3034 5346 fuerant
3062 5289 3515 5363 asupcrioribus.
3547 5291 3729 5344 Bswz.

615 5370 755 5414 :utus
779 5361 1111 5414 Callandius.
1143 5364 1509 5414 nrocimcnum.
1542 5360 1699 5414 Eorr.
2309 5372 2334 5409 ε
2360 5309 2503 5414 ίληῑε
2538 5363 2634 5414 has
2673 5362 3093 5414 subscriptiones
3120 5362 3313 5414 legitur
3341 5363 3394 5414 in
3430 5360 3579 5414 Actis
3606 5354 3787 5413 concilii

540 5370 755 5432 secutus
779 5361 1111 5426 Gallandius,
1143 5356 1509 5432 procimenum.
1542 5360 1699 5415 Eorr.
1745 5431 1748 5432 ν
1956 5430 1965 5432 _
2238 5431 2252 5432 ί
2309 5372 2334 5409 ε
2366 5356 2503 5416 Ante
2538 5363 2634 5417 has
2673 5362 3093 5432 subscriptiones
3120 5356 3313 5431 legitur
3341 5363 3394 5415 in
3430 5360 3579 5414 Actis
3606 5356 3787 5413 concilii

612 5429 637 5466 ἀ
669 5430 843 5487 Locus
868 5434 1106 5499 hiulcus,
1139 5429 1209 5486 ad
1235 5430 1419 5486 Gratca
1446 5441 1699 5492 exactus,
1740 5431 1811 5484 ita
1840 5430 2131 5485 restituen-
2235 5431 2509 5501 Ephesini,
2536 5441 2639 5485 act.
2670 5431 2718 5491 l,
2750 5429 3037 5500 pag—1077
3071 5450 3082 5484 :
3117 5429 3385 5486 Sententia
3414 5431 3732 5501 depositionis
3764 5440 3789 5476 ο

539 5500 658 5575 dus.
690 5502 779 5555 Sic
806 5503 947 5556 enim
979 5504 1202 5572 legimus
1225 5544 1239 5567 ,
1272 5502 1307 5555 Ι.
1356 5518 1403 5557 c.
1440 5520 1453 5554 :
1488 5504 1633 5575 Λέγει
1660 5505 1745 5556 καί
1782 5502 1807 5556 ὁ
1840 5503 2123 5575 «ipsi-iube,
2233 5499 2415 5575 sancta
2455 5502 2653 5575 synodo
2693 5511 2889 5575 contra
2922 5501 3222 5575 Nestorium
3259 5504 3395 5575 tota.
3440 5499 3707 5575 (ἔμμεν.
3732 5524 3792 5575 τ-

538 5569 767 5649 Ἐνταῦθα
778 5579 867 5633 τήν
886 5569 1110 5649 etimne:
1136 5569 1594 5649 λέγει”ᾼπὲστειῖἰ
1620 5594 1702 5649 p._t_.
1719 5576 1865 5649 φησξ,
1896 5569 1982 5628 ίτόν
2005 5574 2109 5649 Qui:

2234 5572 2349 5649 Non
2395 5569 2663 5649 habentur
2689 5572 3112 5649 subscriptiones
3135 5573 3276 5642 apud
3305 5571 3617 5649 Garnerium
3639 5609 3652 5632 ,
3680 5569 3788 5649 qui.

540 5645 696 5724 chose
711 5667 760 5724 νεῖ
772 5667 836 5724 fr.
854 5653 900 5724 λς
926 5645 981 5699 Id
1005 5640 1319 5724 est,ex'vet.
1338 5646 1565 5724 _int_erp.:
1598 5640 1628 5694 «⁷
1646 5640 1940 5724 Ιιειὲτᾳιὶευοδ
1962 5643 2127 5724 etiam
2233 5644 2502 5724 ptisupra
2532 5642 2819 5724 diximus;
2843 5640 3202 5724 nihiluexnhac
3229 5642 3418 5716 synodi
3446 5640 3657 5696 actione
3680 5648 3793 5708 pro-

539 5712 699 5769 dicit:
724 5715 1065 5785 Divinitatem
1092 5717 1179 5770 hic
1200 5712 1697 5785 exprimitjsensus
1724 5714 1976 5785 esthenim
1998 5731 2010 5764 :
2031 5712 2127 5785 Μί-
2233 5712 2336 5767 fert
2364 5712 2465 5768 nisi
2494 5720 2745 5783 excerpta
2774 5712 3026 5769 Nestorii.
3050 5714 3205 5769 Enn.

539 5786 609 5841 sit
638 5801 724 5841 me
770 5785 936 5841 Deum
966 5784 1200 5842 Verbum
1219 5826 1233 5852 ,
1264 5783 1557 5841 secundum
1599 5784 1720 5839 illos
1752 5801 1765 5834 :
1796 5783 1947 5838 Sicut
1984 5783 2129 5839 misit
