3978 6188
158 292 265 351 897

968 290 1347 349 COLIECTIO
1385 290 1702 349 SECUNDA
1746 291 2258 350 EXChRPTOl’tUM
2302 294 2642 351 NESTURII.

3345 310 3465 370 898.

314 409 3433 441 mw

1194 508 1793 582 COLLECTIO
1872 509 2410 597 SECUNDA,

1311 640 1456 702 Cujus
1482 641 1561 690 hic
1581 642 1707 704 apud
1735 640 2058 690 Mercatorem
2084 641 2258 691 titulus
2281 655 2294 690 :

154 752 252 812 De
277 750 543 813 diversis
572 751 862 815 Nestorii
898 750 1079 813 libris
1113 750 1206 810 vel
1254 749 1624 838 tractatibus
1666 745 2110 838 It‘gccerpfadab
2148 748 2432 827 episcopo
2474 751 2715 831 Cyrillo
2763 759 3077 838 capitula,
3111 781 3196 823 ex
3230 765 3445 829 amco

1186 850 1223 888 α
1251 829 1429 889 nobis
1482 828 1765 891 Nestorii
1800 828 1867 888 in
1899 828 2187 887 Latinum
2215 845 2412 888 versa.

229 1097 282 1152 ‘I.
332 1097 406 1151 De
430 1097 604 1152 codice
630 1095 894 1165 confecto,
923 1094 1261 1166 qualernione
1289 1106 1432 1144 xxvr.
1468 1088 1615 1142 Inter
1642 1101 1750 1138 cce-
1778 1084 1828 1144 A
1856 1081 2053 1136 Christi
2115 1087 2371 1154 potentiae
2422 1090 2756 1160 assignatur,
2811 1097 2952 1150 sicut
2998 1101 3257 1169 scriptum
3317 1115 3398 1161 est
3429 1124 3444 1159 :

153 1201 268 1243 tera
293 1206 312 1243 :
344 1187 570 1258 Oportet
600 1201 759 1241 nosse
780 1200 909 1251 nos;
942 1184 1103 1239 modo
1134 1184 1277 1238 enim
1304 1182 1459 1235 venio
1482 1181 1535 1233 in
1564 1193 1749 1233 recor-

151 1282 432 1334 dationem
460 1278 672 1334 concilii
703 1277 899 1333 Nicmui
920 1317 935 1342 ,
967 1276 1113 1345 quod
1144 1290 1404 1344 nusquam
1446 1289 1635 1328 ausum
1666 1279 1749 1326 est

150 1373 340 1427 dicere
364 1370 489 1440 quia
522 1370 753 1425 Verbum
779 1370 919 1424 Deus
949 1378 1133 1422 natum
1174 1378 1257 1421 est
1296 1382 1362 1421 ex
1393 1366 1598 1434 virgine
1632 1364 1747 1417 Ma-

150 1462 270 1525 ria;
302 1463 375 1516 ait
404 1462 546 1517 enim
576 1480 589 1515 :
620 1461 884 1515 Credimus
913 1462 964 1514 in
996 1477 1153 1513 unum
1181 1458 1391 1512 Patrem
1419 1460 1746 1528 omnipoten-

152 1566 278 1617 tent,
307 1564 360 1608 et
385 1555 437 1607 in
464 1571 621 1607 unum
662 1553 936 1608 Dominum
956 1551 1134 1605 Jesum
1162 1549 1440 1605 Christum.
1474 1549 1749 1603 Altendite

151 1645 279 1714 quia
313 1645 462 1716 prius
482 1660 600 1699 cum
624 1644 889 1714 posuisset
908 1643 1199 1709 Christum,
1229 1642 1372 1711 quod
1403 1640 1630 1695 duarum
1651 1655 1749 1693 na-

155 1747 400 1791 turarum
423 1736 857 1805 conjunctimnem
886 1735 1239 1801 demonstrat,
1278 1750 1383 1789 non
1412 1733 1664 1789 dixerunt
1692 1734 1745 1787 in

155 1846 321 1883 unum
355 1829 520 1885 Dcttm
554 1828 820 1895 Verbum,
852 1830 947 1884 sed
989 1836 1312 1898 acceperunt
1341 1842 1570 1893 nomen,
1601 1826 1747 1895 quod

152 1922 484 1990 signiﬁcaret
515 1931 831 1991 utrumque,
864 1930 921 1975 ut
952 1938 1057 1976 non
1084 1919 1591 1982 subdesccmleudo,
1622 1934 1747 1974 cum

151 2014 307 2068 audis
336 2023 594 2073 mortem,
628 2011 731 2067 ulla
765 2014 1000 2067 novitate
1031 2012 1291 2075 turbcris,
1323 2020 1379 2065 ct
1423 2027 1545 2066 cum
1568 2011 1746 2067 cruci-

154 2104 323 2158 ﬁxum
354 2114 409 2158 et
438 2105 737 2173 sepultum,
787 2114 1055 2173 tamquam
1090 2104 1296 2159 Deitatc
1333 2105 1432 2157 ista
1476 2103 1743 2173 patiente,

154 2212 264 2249 non
314 2194 613 2250 vulnereris
661 2195 865 2249 auditu.
914 2195 1114 2250 Dcimlc
1160 2196 1453 2260 videamus,
1496 2196 1623 2264 quid
1671 2196 1746 2251 illi

153 2286 484 2355 suhjnngnnt
517 2302 529 2339 τ
580 2286 847 2341 Credimus
879 2296 929 2341 et
974 2288 1027 2341 in
1074 2303 1233 2340 unum
1262 2285 1539 2340 Dominum
1566 2285 1745 2340 Jesum

154 2376 419 2431 Christum
440 2378 775 2448 unigenitum,
799 2379 883 2448 qui
913 2377 976 2430 de
999 2375 1106 2431 Deo
1137 2376 1298 2430 Patre
1317 2387 1468 2430 natus
1495 2386 1591 2439 est,
1616 2393 1744 2429 con-

1852 1170 2116 1227 Exeuntes
2144 1177 2501 1246 prwdicabant
2541 1181 2763 1237 Verbum
2786 1185 2971 1258 ubique
3011 1188 3237 1246 Domino
3261 1211 3449 1265 coepe-

1852 1273 2033 1327 rante,
2083 1275 2133 1319 et
2193 1266 2413 1323 Verbum
2465 1273 2844 1342 con/irritante,
2888 1283 3314 1342 consequentibus
3362 1302 3447 1338 eos

1849 1355 2013 1424 signis

1925 1443 1975 1498 5.
2004 1444 2136 1500 Item
2161 1448 2212 1500 in
2229 1452 2566 1519 quaternione
2578 1464 2757 1509 octavo
2779 1456 2842 1509 de
2856 1457 3006 1513 dictis
3034 1459 3289 1530 Epistula:
3308 1462 3450 1535 Apo-

1849 1536 1969 1589 stoli
1993 1536 2062 1588 ad
2093 1536 2363 1594 Ilebrreos.
2396 1541 2641 1611 Apostoli
2658 1548 2801 1600 enim
2817 1565 3014 1604 nomen
3038 1553 3090 1605 in
3115 1552 3330 1609 Christo
3346 1571 3447 1610 au-

1849 1625 2080 1692 dientes,
2136 1627 2306 1683 Deum
2340 1630 2576 1686 Verbum
2610 1636 2751 1689 male
2787 1637 3116 1707 intelligunt,
3141 1644 3448 1712 apostolum

1851 1732 1986 1772 esse.
2019 1718 2149 1774 Item
2173 1721 2414 1790 legentes
2442 1725 2712 1794 pontiﬁcis
2753 1731 3094 1799 vocabulum,
3128 1734 3297 1789 Detmt
3326 1751 3448 1791 esse

1850 1806 2212 1877 imaginantur
2256 1814 2587 1883 pontiﬁcem,
2628 1820 2763 1874 mira
2804 1821 3105 1892 dementia;
3139 1828 3258 1895 quis
3300 1831 3444 1886 enim

1850 1902 2079 1970 apostoli
2101 1903 2336 1959 ofﬁciunt
2366 1907 2606 1975 audiens,
2634 1927 2740 1965 non
2770 1913 2951 1967 statim
2974 1916 3151 1971 videat
3172 1918 3442 1977 hominem

1849 1991 2389 2063 dentonstrari?Quis
2414 1995 2607 2055 summi
2638 2004 2936 2060 sacerdotis
2970 2023 3167 2064 nomen
3196 2013 3441 2081 audiens,

1850 2084 2152 2142 Divinitatis
2179 2098 2423 2144 naturam
2453 2093 2519 2147 ad
2532 2094 2829 2150 sacerdotis
2868 2099 3223 2156 ministerium
3255 2109 3445 2161 vocet?

1849 2176 1905 2231 Si
1928 2178 2070 2232 enim
2087 2179 2229 2234 Deus
2250 2182 2491 2249 pontifex
2522 2192 2623 2248 est,
2648 2187 2768 2255 quis
2781 2189 2884 2242 erit
2911 2192 3002 2259 qui
3017 2192 3194 2249 ofﬁcio
3207 2197 3323 2264 ejus
3344 2199 3442 2253 de-

1847 2266 1971 2321 beat
2013 2269 2153 2323 coli?
2175 2269 2232 2324 Si
2272 2272 2414 2327 Deus
2454 2275 2735 2332 oblaturus
2763 2287 2845 2333 est
2873 2283 3139 2338 sacrilicia
3168 2294 3440 2357 tamquam

1848 2358 2111 2427 pontifex,
2145 2362 2322 2416 nullus
2351 2364 2455 2418 erit
2483 2366 2568 2419 cui
2598 2366 2897 2424 oﬁ‘erantur
2925 2372 3100 2438 Deus;
3126 2376 3253 2444 quid
3297 2381 3440 2433 enim

149 2460 532 2523 substantivum
571 2467 752 2532 Patri,
783 2470 868 2539 qui
890 2479 1099 2539 propter
1131 2484 1223 2522 nos
1253 2468 1545 2532 descendit,
1582 2478 1630 2521 et
1659 2469 1738 2521 in-

1851 2448 2068 2517 dignmn
2093 2449 2203 2519 jam
2236 2453 2524 2511 Divinitate
2547 2465 2655 2525 est,
2682 2460 2727 2513 si
2761 2467 3032 2530 tamquam
3062 2466 3286 2523 inferior
3306 2470 3443 2526 olfe-

150 2571 403 2616 carnatus
430 2570 506 2615 est
534 2562 596 2614 dc
619 2560 818 2629 Spiritu
840 2572 1039 2615 sancto.
1065 2559 1181 2614 Non
1204 2560 1472 2624 dixerunt,
1504 2561 1628 2628 quia
1653 2576 1745 2613 na-

152 2662 243 2707 tus
264 2662 350 2707 est
377 2652 443 2707 de
464 2651 665 2722 Spiritu
685 2660 891 2706 sancto.
918 2651 1078 2706 Vides
1104 2651 1553 2720 quetnadmmlum
1574 2652 1744 2706 inter-

150 2754 440 2815 pretentur
466 2744 962 2809 subdcsccndcndo,
994 2744 1117 2813 quia
1148 2744 1430 2808 dixerunt,
1472 2745 1742 2800 hominem

152 2837 376 2892 factum.
419 2835 598 2902 llunc,
630 2836 909 2905 inquiunt,
958 2836 1186 2891 dicimus
1233 2837 1602 2903 iucttrnatum,
1635 2853 1743 2892 non

152 2928 569 2982 mutabilitatem
611 2926 665 2981 in
711 2942 874 2982 carne
918 2927 1244 2997 suscipiente
1290 2927 1469 2982 divina
1521 2938 1740 2992 natura,

150 3019 249 3074 sed
280 3018 754 3085 iuhabitationem,
785 3034 945 3088 quam
986 3019 1152 3089 gessit
1180 3019 1233 3075 in
1272 3019 1491 3075 homine
1519 3019 1744 3074 demon-

150 3118 408 3165 strantes.

221 3200 277 3254 2.
322 3200 389 3254 Et
417 3210 531 3270 post
555 3202 821 3273 aliquanta
851 3202 904 3255 in
930 3200 1126 3255 eodem.
1152 3199 1269 3256 Hoc
1289 3200 1538 3267 retinete,
1554 3202 1739 3273 inquit,

147 3290 409 3359 quoniam
440 3290 911 3359 praetennittentes
931 3290 1111 3344 dicere
1138 3309 1150 3342 :
1178 3289 1444 3344 Credimus
1479 3292 1532 3344 in
1576 3290 1738 3345 Deum

159 3377 386 3432 Verbum
410 3376 602 3432 Filium
626 3380 738 3449 ejus
765 3380 1111 3451 unigenitum,
1146 3380 1397 3434 dixerunt
1429 3398 1441 3433 :
1475 3379 1741 3434 Credimus

143 3472 205 3524 in
235 3486 397 3523 unum
427 3467 707 3523 Dominum
736 3468 913 3523 Jesum
955 3468 1217 3522 Christum
1267 3470 1739 3524 consubstantirum

145 3561 325 3627 Patri,
352 3561 517 3616 Deum
539 3580 709 3616 rerum
732 3563 794 3617 de
823 3562 933 3616 Deo
956 3579 1092 3623 vero,
1120 3579 1210 3633 per
1228 3579 1375 3633 quem
1401 3565 1573 3616 omnia
1599 3566 1739 3635 facta

142 3664 288 3719 sunt,
321 3656 407 3725 qui
436 3664 647 3725 propter
674 3672 766 3709 nos
796 3655 1026 3708 homines
1054 3663 1103 3707 et
1144 3664 1377 3707 nostram
1404 3653 1621 3707 salutem
1648 3654 1739 3706 de-

142 3746 365 3810 scendit,
398 3758 550 3816 atque
571 3747 877 3799 incarnatus
906 3755 981 3799 est
1010 3744 1072 3798 de
1102 3744 1304 3815 Spiritu
1327 3754 1508 3798 sancto
1530 3761 1594 3798 ea:
1617 3743 1735 3797 Ma-

1849 2548 1934 2594 rat
1958 2542 2218 2598 sacriﬁcia
2248 2547 2546 2614 superiori?

1917 2631 1987 2685 Et
2034 2632 2341 2706 subjungit:
2379 2636 2527 2693 Unde
2574 2639 2736 2708 igitur
2771 2643 2859 2698 'eis
2907 2645 3048 2700 Deus
3088 2651 3440 2719 appellandus

1846 2723 2089 2793 pontifex
2121 2726 2264 2780 visus
2290 2738 2401 2792 est,
2443 2730 2535 2798 qui
2577 2730 2797 2801 [Baluz.
2826 2736 2988 2807 quia]
3020 2740 3314 2808 sacriﬁcio,
3348 2760 3438 2798 se-

1846 2817 2079 2871 cundum
2108 2819 2404 2874 sacerdotii
2434 2822 2624 2888 ritum,
2667 2824 2735 2878 ad
2758 2837 3075 2895 provectum
3113 2847 3269 2886 suum
3317 2852 3437 2889 om-

1847 2905 1974 2978 nino
1996 2923 2103 2961 non
2135 2908 2365 2976 indiget;
2400 2923 2673 2980 perpetua:
2701 2915 2900 2984 quippe
2930 2932 3211 2985 possessor
3238 2931 3321 2978 est
3349 2925 3437 2978 Di-

1842 2996 2084 3051 vinitatis
2109 3014 2121 3049 :
2147 2996 2232 3051 Ea:
2253 2999 2543 3055 hominibus
2567 3019 2747 3073 nempe
2777 3005 2969 3061 electus
2993 3018 3146 3081 atque
3171 3024 3439 3085 susceptus

1844 3090 2083 3158 pontifex
2119 3105 2215 3159 pro
2256 3090 2548 3146 hominibus
2574 3095 2907 3149 constituitur
2934 3100 3074 3169 apud
3112 3100 3301 3170 Deum,
3327 3114 3433 3160 etc.

1845 3178 2004 3249 (Heb.
2036 3196 2088 3243 ν,
2124 3180 2201 3247 ι).

1914 3269 1965 3322 6.
1999 3268 2069 3322 Et
2090 3271 2396 3344 subjungit:
2424 3271 2548 3327 Non
2571 3277 2800 3346 angelos,
2847 3278 3045 3347 inquit,
3072 3282 3432 3352 apprehendit,

1840 3360 1932 3412 sed
1971 3377 2143 3415 semen
2186 3361 2410 3418 Abrahu:
2445 3363 2622 3435 (Heb.
2656 3383 2722 3432 ιι,
2758 3367 2823 3420 16
2851 3368 2891 3439 ).
2924 3369 3192 3439 Numquid
3248 3388 3434 3431 semen

1841 3450 2070 3506 Abrahae
2099 3462 2181 3507 est
2209 3454 2424 3510 Deitas?
2454 3457 2648 3513 Audite
2677 3473 3100 3531 consequentem
3142 3466 3305 3521 etiam
3335 3483 3433 3523 vo-

1840 3557 2002 3596 cem:
2040 3544 2188 3599 Unde
2235 3547 2406 3601 debuit
2438 3567 2530 3619 per
2573 3554 2749 3605 omnia
2791 3555 3042 3623 fratribus
3089 3558 3276 3612 similis
3315 3560 3434 3629 ﬁeri

1843 3632 2038 3703 (.Ibid.,
2068 3636 2179 3705 i7).
2211 3637 2480 3706 Numquid
2512 3640 2747 3693 Deitati?
2770 3640 2916 3707 Quos
2945 3646 3088 3697 enim
3130 3647 3271 3701 Deus
3296 3648 3431 3703 Ver-

1837 3725 1964 3779 bum
1995 3727 2196 3781 habere
2225 3731 2398 3797 potuit
2426 3730 2618 3784 fratres
2639 3732 2839 3786 similes
2868 3735 2988 3788 sui?
3019 3736 3431 3806 Respice’etiam

140 3839 227 3890 ria
268 3836 507 3907 Virgine,
538 3847 586 3890 et
611 3838 762 3891 homo
803 3839 970 3907 factus
1002 3844 1096 3888 est.
1137 3834 1409 3903 Nusquam
1449 3834 1729 3899 dixerunt,

1847 3818 1981 3885 quod
2009 3818 2093 3872 his
2112 3819 2265 3873 dictis
2294 3820 2600 3888 adjungitur
2632 3841 2643 3875 :
2681 3823 2749 3876 Ut
2793 3827 3084 3880 misericors
3116 3831 3263 3897 fieret
3281 3842 3331 3884 et
3358 3835 3429 3901 ﬁ-

139 3936 303 3979 natus
326 3935 422 3979 est.
447 3924 573 3992 Cur,
607 3927 893 3995 putamus?
924 3924 993 3979 Ut
1020 3941 1125 3980 non
1148 3926 1281 3981 duas
1309 3926 1618 3980 nativitates
1647 3924 1732 3978 in-

139 4018 496 4072 troducerent
524 4019 768 4073 Deitatis.

212 4112 265 4165 5.
310 4110 447 4165 Item
486 4113 540 4166 in
581 4113 760 4167 eodem
799 4122 914 4183 post
946 4113 1235 4185 aliquanta.
1281 4113 1480 4169 Volcns
1530 4113 1732 4183 liquido

135 4204 542 4268 demonstrare,
562 4205 703 4274 quod
723 4220 846 4259 cmn
869 4204 987 4259 Filii
1016 4221 1210 4260 nomen
1231 4206 1466 4275 ponitur,
1494 4222 1600 4259 non
1623 4222 1735 4260 om-

137 4294 366 4349 nimodo
397 4296 618 4349 verbum
648 4295 777 4348 illml
806 4295 1102 4364 signiﬁcet,
1135 4296 1279 4364 quod
1310 4296 1451 4350 Deus
1488 4305 1605 4362 est,
1637 4296 1730 4351 sed

136 4395 420 4453 tamquam
466 4400 753 4440 connuune
800 4402 994 4439 nomen
1046 4385 1438 4440 introducatur.
1472 4385 1561 4441 Sic
1588 4387 1731 4441 enim

136 4478 419 4547 Scriptura
448 4477 577 4532 dicit
615 4496 627 4530 ε
663 4477 806 4531 Misit
836 4477 975 4533 Deus
1006 4476 1203 4531 Filium
1246 4495 1395 4531 suum
1442 4481 1637 4549 factum
1667 4496 1732 4533 ex

136 4568 374 4631 muliere,
409 4568 603 4637 factum
624 4565 715 4619 sub
739 4567 847 4637 lege
871 4566 1014 4638 (Cal.
1048 4584 1117 4632 tv,
1148 4566 1223 4635 4).
1246 4566 1342 4621 llic
1362 4567 1575 4635 quidem
1599 4568 1731 4622 duas

135 4658 476 4713 demonstrat
501 4666 751 4724 naturas;
784 4658 927 4727 quod
955 4666 1132 4711 autem
1158 4666 1362 4711 tantum
1385 4658 1526 4713 circa
1557 4659 1731 4712 homi-

137 4766 264 4806 nem
313 4750 558 4818 contigit,
591 4759 775 4803 narrat
801 4768 813 4802 :
838 4750 992 4818 exige
1031 4757 1178 4804 certe
1199 4765 1228 4803 a
1250 4751 1589 4804 contentiosa
1610 4750 1731 4819 quis

130 4843 238 4897 sub
258 4841 378 4909 lege
407 4841 475 4894 sit
504 4840 694 4903 factus,
727 4839 961 4894 Verbum
991 4841 1168 4895 Deus?
1197 4856 1555 4910 nequaquam.

126 4918 135 4933 ’
205 4932 263 4985 4.
308 4931 441 4985 Item
468 4949 534 4985 ea:
560 4930 735 4985 codice
761 4932 943 4997 altero,
968 4933 1021 4985 in
1043 4934 1382 5002 quaternione
1419 4935 1609 5003 primo,
1635 4950 1730 4987 cu-

117 5026 217 5099 jus
245 5024 453 5077 initium
480 5024 585 5076 tale
603 5033 717 5077 est:
742 5022 931 5078 Adhuc
954 5024 1105 5077 vobis
1131 5024 1296 5076 nmlta
1321 5024 1497 5078 habeo
1526 5024 1723 5078 dicere.

123 5116 203 5172 Et
227 5126 346 5187 post
370 5117 658 5187 aliquanta.
674 5115 785 5169 Illic
806 5113 1075 5184 Unigeniti
1097 5114 1415 5183 gloriﬁcatio
1440 5115 1726 5183 aliquando

1836 3909 1964 3963 delis
1986 3913 2224 3982 pontifex
2249 3913 2319 3965 ad
2339 3912 2534 3977 Deum,
2564 3916 2616 3967 in
2656 3932 2715 3968 eo
2742 3918 2879 3969 enim
2908 3920 2962 3970 in
3005 3936 3103 3989 quo
3143 3938 3324 3990 passus
3352 3934 3430 3976 est

1833 4009 1883 4054 et
1910 4002 2020 4072 ipse
2055 4012 2313 4070 tentatus,
2337 4014 2505 4075 potest
2527 4016 2575 4059 et
2612 4007 2690 4060 his
2722 4009 2807 4078 qui
2848 4018 3115 4065 tentantur
3168 4016 3423 4069 auailium

1834 4094 1973 4163 ferre
2002 4092 2200 4164 (Ibid.,
2228 4094 2338 4166 18).
2371 4096 2473 4162 Qui
2505 4098 2665 4165 igitur
2692 4116 2884 4169 passus
2911 4108 3011 4167 est,
3038 4102 3125 4156 ille
3146 4111 3228 4157 est
3247 4106 3429 4173 ponti-

1832 4183 1922 4237 fex
1948 4185 2285 4253 misericors;
2315 4190 2568 4257 passibile
2597 4199 2774 4245 autem
2800 4193 3054 4262 templum
3078 4202 3177 4258 est,
3199 4210 3306 4249 non
3334 4197 3424 4252 hic

1832 4278 1924 4345 qui
1949 4278 2068 4347 ejus
2088 4278 2387 4335 viviﬁcator
2408 4290 2520 4346 est,
2554 4283 2713 4336 Deus.
2747 4283 2943 4338 Semen
2973 4285 3202 4340 Abralne
3231 4288 3274 4341 is
3307 4298 3419 4355 est,

1831 4369 1923 4437 qui
1972 4369 2082 4422 heri
2104 4379 2208 4433 est,
2241 4380 2291 4423 et
2328 4372 2481 4425 hodie
2506 4372 2664 4440 (Heb.
2700 4389 2811 4434 xm,
2840 4373 2917 4444 8),
2952 4376 3243 4431 secundum
3272 4376 3421 4434 Pauli

1833 4459 2063 4528 apostoli
2092 4475 2314 4526 vocem;
2344 4477 2451 4515 non
2483 4462 2572 4515 ille
2600 4464 2689 4530 qui
2719 4464 2853 4517 dixit
2886 4483 2898 4517 :
2929 4466 3219 4538 Antequam
3252 4469 3422 4525 Abra-

1832 4550 1951 4603 ham
1979 4558 2128 4615 esset,
2172 4568 2265 4620 ego
2294 4568 2407 4605 sum
2440 4552 2625 4624 (Joan.
2657 4571 2767 4620 VIII,
2802 4553 2926 4626 58).
2962 4556 3162 4614 Similis
3187 4560 3275 4615 hic
3311 4561 3422 4617 fra-

1830 4641 2001 4696 tribus
2030 4656 2128 4711 per
2168 4643 2347 4696 omnia
2367 4684 2381 4709 ,
2414 4644 2504 4712 qui
2536 4646 2783 4701 humanae
2830 4648 3023 4702 anitntc
3071 4652 3422 4721 corporisque

1831 4734 2069 4803 suscepit
2097 4734 2488 4790 fraternitatem
2532 4736 2727 4809 (Iiebr.
2756 4756 2819 4804 ιι,
2856 4738 2992 4810 l7),
3048 4757 3155 4796 non
3194 4742 3283 4796 ille
3328 4744 3419 4811 qui

1829 4826 1964 4881 dixit
1983 4845 1994 4879 :
2016 4824 2116 4890 Qui
2131 4844 2213 4881 me
2234 4828 2387 4893 videt,
2403 4830 2537 4883 videt
2552 4841 2602 4884 et
2618 4830 2831 4886 Patrem
2849 4850 3015 4887 meum
3030 4834 3208 4905 (Joan.
3224 4836 3414 4905 x1v,9).

1904 4917 1952 4971 7.
1997 4916 2130 4971 Item
2152 4920 2206 4971 in
2241 4923 2581 4990 quaternione
2602 4922 2800 4976 decimo
2834 4940 2991 4989 nono,
3018 4941 3135 4977 cum
3161 4927 3293 4977 velut
3324 4925 3421 4978 ad-

1827 5025 1999 5063 versus
2029 5010 2209 5063 Arium
2238 5011 2450 5064 diceret.
2478 5011 2545 5064 Et
2584 5013 2669 5066 isti
2698 5014 2943 5081 quidem,
2970 5017 3185 5070 tametsi
3214 5016 3419 5084 majore

1829 5109 2053 5172 paterna
2082 5103 2292 5157 Deitate
2315 5103 2547 5157 Verbum
2569 5105 2737 5159 Deum
2761 5107 3025 5161 minorem
3046 5107 3293 5169 delirent,
3308 5125 3417 5164 non

122 5208 353 5277 quidem
396 5204 545 5260 Patri
599 5206 906 5275 deputatur,
939 5207 1077 5261 sicut
1117 5214 1200 5260 est
1238 5206 1363 5259 illud
1397 5224 1409 5258 ε
1449 5204 1613 5259 Pater
1649 5215 1726 5259 εει
1753 5190 1805 5250 D
1832 5203 2009 5249 tamen
2040 5195 2308 5249 novellum
2336 5195 2591 5249 fatentur.
2617 5196 2681 5250 lli
2705 5207 2885 5252 autem
2911 5213 3034 5253 eum
3056 5199 3218 5253 etiam
3246 5200 3418 5256 beata:

124 5315 309 5362 meus,
352 5298 439 5370 qui
477 5315 558 5352 me
584 5297 844 5368 gloriﬁcut
871 5295 1068 5367 (Joan.
1117 5313 1240 5361 vm,
1274 5294 1408 5366 54);
1434 5296 1722 5365 aliquando

122 5406 264 5445 vero
292 5390 518 5461 Spiritui
546 5389 870 5459 deputatur;
899 5390 975 5444 ait
998 5391 1142 5444 enim
1170 5408 1182 5443 :
1214 5390 1442 5460 Spiritus
1480 5390 1715 5443 veritatis

121 5483 211 5555 qui
228 5499 314 5536 me
330 5480 648 5554 gloriﬁcabit
670 5479 848 5553 (Joan.
877 5497 984 5545 xw,
1012 5480 1133 5552 15);
1160 5496 1565 5549 nonnumquam
1589 5496 1717 5535 vero

1832 5286 2014 5342 Maria:
2042 5287 2332 5342 secundum
2362 5296 2417 5342 et
2445 5289 2801 5358 posteriorem
2825 5306 2945 5345 esse
2968 5292 3337 5361 pronuntiant,
3362 5300 3418 5347 et

1829 5382 2179 5451 temporalem
2196 5391 2423 5437 matrem
2440 5382 2631 5451 opiﬁce
2654 5384 2916 5452 majorem
2929 5384 3216 5439 Divinitate
3241 5386 3419 5440 consi-

1825 5484 1991 5545 gnant
2006 5485 2053 5542 0;
2068 5476 2363 5546 quinimmo
2380 5492 2479 5532 nec
2493 5484 2720 5531 matrem
2737 5475 2935 5533 Christi
2947 5492 3066 5533 esse
3081 5477 3381 5533 concedunt
3398 5493 3415 5545 ;

1307 5616 1757 5673 CAS'flGATlON
1767 5616 1847 5671 ES
1889 5617 1973 5671 ΕΤ
2012 5615 2236 5673 NUTIE.

194 5754 223 5785 ⁸
251 5745 439 5804 Codex
473 5745 533 5801 Β.
566 5747 713 5818 legit,
746 5748 921 5820 api/Sci
943 5756 1228 5820 temporum
1257 5748 1516 5805 divinitati
1555 5751 1885 5822 consignant.
1921 5748 2078 5803 Eutr.
