3978 6188
1029 289 1220 349 MAR“
1263 281 1707 344 MERCATORIS
1742 277 2320 338 TRANSLA'I‘IONES
2362 277 2721 335 VAIlIORUM
2757 275 3289 334 OPDSCDLORUM.

3712 273 3806 329 900

536 413 584 465 sl
605 412 749 462 enim
776 421 886 459 non
911 399 1145 456 hominis
1173 404 1393 457 natura,
1433 394 1526 448 sed
1561 393 1704 448 Deus
1733 391 1967 446 Verbum
2008 395 2128 444 erat
2157 393 2199 448 A
2230 387 2360 448 lum,
2393 388 2594 457 absque
2625 388 2865 457 periculo
2889 403 3013 442 eum
3035 395 3091 442 et
3110 387 3252 440 servi
3273 385 3502 440 formam
3529 384 3805 454 accepisse,

508 485 700 570 quem
746 498 835 551 illa
884 492 1156 563 pariebat;
1187 503 1308 557 qua:
1343 486 1586 556 peperit,
1629 495 1970 551 nequaquam
2010 479 2130 570 ejus

2231 487 2286 532 et
2315 479 2482 533 Deum
2511 487 2783 548 nuncupat
2811 476 3374 546 irreprehensiblliter,
3398 476 3483 529 his
3508 475 3811 546 divisisque

493 651 498 654 _
540 566 713 646 mater
731 588 824 656 qui
847 593 1003 639 natus
1023 591 1106 636 est
1127 580 1412 634 invenitur.
1428 574 1712 642 Quomodo
1734 574 1877 627 enim
1901 570 1992 624 lict
2016 569 2132 638 ejus
2231 569 2297 630 ad
2326 578 2574 623 naturam
2604 569 2872 639 duplicem
2903 568 3309 636 signiﬁcandam
3338 566 3612 621 dicuntur.

541 683 718 750 aliqua
740 685 913 733 mater
935 675 1027 743 qui
1049 690 1078 727 a
1109 681 1296 726 natura
1323 668 1597 738 genitricis
1618 674 1701 720 est
1722 663 1957 718 alienus?
1978 660 2133 727 Quod

539 772 584 828 si
614 785 740 825 vera
764 776 937 822 mater
957 766 1023 819 ab
1046 765 1108 818 iis
1137 761 1458 831 appellatur,
1492 759 1655 811 homo
1684 768 1816 822 ergo
1839 753 1931 822 qui
1953 752 2131 806 editus

547 878 653 916 non
667 857 970 914 Divinitatis
993 865 1019 892 ι
1040 863 1252 916 natura,
1275 859 1358 904 est
1385 848 1646 917 siquidem
1670 845 1945 914 praprium
1961 842 2136 897 omnis

544 961 628 1008 est
649 951 834 1007 matris
855 945 1357 1005 consubstantivum
1378 940 1592 994 sibimet
1620 951 1827 1007 parere.
1863 933 2004 1001 Ergo
2027 947 2135 986 non

545 1045 648 1098 erit
676 1050 867 1103 mater,
899 1055 1017 1109 qua:
1043 1032 1541 1092 consubstantivum
1567 1030 1668 1084 sibi
1705 1028 1926 1082 minime
1967 1040 2134 1095 pepe-

548 1136 647 1199 rit;
679 1148 799 1201 quze
825 1139 996 1184 mater
1034 1128 1159 1197 quia
1200 1127 1268 1179 ab
1297 1125 1382 1178 his
1421 1123 1635 1182 dicitur,
1666 1134 1787 1174 eum
1828 1117 1918 1186 qui
1949 1131 2140 1170 secun-

551 1225 678 1279 dum
709 1220 1062 1277 substantiam
1091 1217 1189 1271 fuit
1219 1215 1315 1288 [Β.
1349 1214 1431 1268 sui
1461 1211 1644 1283 esset]
1684 1209 1890 1273 similis,
1934 1209 2136 1275 genuit.

549 1315 678 1382 Quis
707 1322 886 1367 autem
914 1311 1206 1365 secundum
1224 1306 1575 1362 substantiam
1597 1304 1715 1372 ejus
1731 1303 1834 1356 erit
1853 1301 2074 1355 similis?
2095 1299 2144 1354 ls

549 1407 666 1460 sine
690 1405 858 1460 dubio
887 1403 977 1472 qui
1007 1401 1237 1470 Spiritus
1265 1397 1435 1452 sancti
1465 1397 1682 1466 opilicio
1729 1394 1952 1448 exstitit.
1992 1390 2144 1455 Quod

549 1500 687 1551 enim
725 1499 779 1550 in
825 1512 885 1548 ea
925 1503 1103 1546 natum
1132 1499 1234 1556 est,
1282 1489 1454 1558 inquit
1481 1486 1786 1556 Scriptura,
1827 1484 1889 1536 de
1942 1482 2142 1553 Spiritu

550 1597 730 1642 sancto
760 1596 866 1650 est,
896 1601 1017 1639 cum
1046 1601 1152 1652 quo
1187 1581 1553 1636 indesinenter
1579 1587 1697 1632 erat
1725 1577 1959 1631 Verbum
2001 1575 2146 1630 Deus

555 1675 760 1748 [Baluz.
778 1691 878 1727 om.
901 1673 1134 1726 Verbum
1150 1668 1576 1740 Deus].Verbum
1592 1667 1735 1720 Deus
1755 1680 1861 1718 non
1877 1671 1959 1718 est
1989 1671 2146 1716 natus

2309 660 2392 713 10.
2428 659 2497 713 Et
2516 670 2631 730 post
2660 664 2829 730 plura,
2862 661 2915 714 in
2943 660 3120 714 eodem
3161 658 3310 712 libro.
3336 657 3533 711 Nostra
3561 657 3702 710 enim
3729 673 3814 711 na-

2237 763 2353 808 tura
2377 770 2474 823 pro
2503 755 2658 808 nobis
2679 753 2988 823 interpellat
3014 753 3067 805 in
3088 751 3288 806 Christi
3320 767 3418 805 usu
3443 758 3713 819 tanquam
3730 766 3813 803 vo-

2235 846 2334 900 stis
2360 845 2671 908 constituta,
2705 845 3044 913 inculpabilis
3089 843 3321 911 originis.
3349 857 3460 897 sua:
3503 841 3813 896 defensioni-

2237 935 2338 990 bus
2368 936 2564 1000 nitens,
2597 943 2653 989 et
2679 936 2806 1003 quia
2832 933 2860 972 ά
2883 934 3014 989 illud
3042 943 3323 1004 peccatum
3340 974 3356 998 ,
3395 933 3489 1002 qui
3519 934 3668 1002 prior
3695 934 3816 1000 lign-

2237 1037 2385 1095 ratus
2399 1036 2500 1092 est,
2515 1029 2684 1082 totius
2703 1029 2917 1097 generis
2937 1027 3143 1082 exstitit
3161 1043 3344 1091 causa,
3357 1028 3487 1082 huic
3503 1027 3816 1094 suscipiendi

2239 1119 2494 1184 hominis,
2514 1133 2547 1172 ο
2568 1119 2754 1184 homo,
2777 1119 2991 1174 occasio
3012 1117 3130 1182 fuit,
3157 1128 3216 1172 ut
3242 1135 3340 1188 per
3359 1133 3576 1173 carnem
3597 1118 3819 1172 destrue~

2239 1219 2390 1265 retur
2418 1211 2694 1281 corruptio
2743 1226 2860 1280 quae
2903 1227 3002 1280 per
3039 1227 3261 1266 carnem
3299 1211 3617 1279 contigerat.
3663 1209 3820 1278 Hujus

2242 1305 2419 1358 carnis
2448 1310 2550 1368 est,
2577 1320 2683 1357 non
2709 1302 3033 1368 Divinitatis,
3058 1303 3164 1357 diei
3196 1303 3367 1357 tertia:
3395 1303 3689 1371 sepultura.
3713 1301 3816 1356 Hu—

2239 1393 2327 1460 jus
2355 1395 2520 1463 pedes
2545 1394 2748 1448 detenti
2778 1402 2903 1448 sunt
2941 1393 3138 1458 clavis;
3185 1393 3326 1447 hanc
3364 1403 3586 1447 sanctus
3603 1391 3819 1462 Spiritus

2245 1486 2298 1539 in
2329 1495 2484 1539 utero
2517 1483 2789 1554 ﬁguravit,
2813 1485 2881 1539 de
2908 1485 3012 1540 hac
3043 1484 3301 1539 Dominus
3329 1485 3392 1537 ad
3425 1482 3677 1538 Jud:cos:
3710 1482 3822 1537 Sot-

2245 1577 2375 1640 rite,
2409 1575 2640 1638 dicebat,
2676 1575 2918 1644 templum
2945 1575 3070 1636 hoc,
3101 1583 3150 1628 et
3171 1576 3226 1627 in
3266 1573 3437 1628 triduo
3459 1572 3720 1626 suscitabo
3757 1575 3820 1626 il-

2247 1665 2336 1718 lud
2363 1665 2541 1734 (Jaan.
2573 1682 2628 1731 ιι,
2658 1663 2767 1735 19).
2797 1664 3064 1734 Numquid
3091 1678 3192 1732 ego
3239 1663 3506 1732 duplicem
3544 1662 3820 1729 quemdam

553 1743 620 1820 ex
637 1764 819 1830 Maria,
842 1764 934 1818 sed
967 1764 1020 1815 in
1051 1763 1142 1816 illo
1172 1760 1262 1830 qui
1285 1775 1352 1814 ex
1373 1774 1435 1812 ea
1469 1766 1624 1811 natus
1669 1771 1908 1809 manens.
1926 1753 2042 1806 Non
2071 1768 2139 1806 ex
2174 1758 2213 1813 Β
2242 1755 2512 1810 Christum
2541 1758 2690 1810 solus
2713 1755 2944 1826 appello,
2977 1762 3032 1810 et
3059 1771 3168 1808 non
3199 1743 3570 1821 semetipsum,
3601 1759 3660 1806 et
3698 1760 3822 1805 tem-

553 1855 771 1923 Virgine
801 1854 1007 1908 initium
1036 1846 1458 1914 habens,sedil|i
1473 1848 1563 1916 qni
1581 1844 1870 1900 crescendo
1882 1858 2143 1912 permen-

556 1963 641 2000 ses
653 1945 909 2015 paulatim
927 1940 1322 2011 compositusin
1340 1948 1492 1993 utero
1512 1936 1742 2004 Virginis
1769 1942 1852 1988 est
1872 1934 2143 2003 insepara-

555 2034 737 2090 hiliter
747 2034 892 2088 omni
907 2041 1147 2101 tempore
1163 2030 1416 2084 sociatus.
1437 2027 1593 2081 Aliud
1614 2034 1696 2081 est
1724 2035 1903 2079 autem
1926 2024 2105 2078 dicere
2130 2041 2142 2077 :

560 2126 588 2166 δ
612 2127 704 2181 Ille
733 2127 825 2196 qui
866 2132 1026 2178 natus
1067 2130 1150 2177 est
1189 2128 1530 2184 commanet;
1562 2127 1617 2172 et
1647 2115 1821 2179 aliud,
1868 2116 2015 2169 illum
2056 2116 2149 2184 qui

560 2228 688 2272 nato
715 2223 1050 2279 cammanet,
1084 2216 1227 2268 hunc
1251 2228 1369 2267 esse
1393 2211 1516 2279 qui,
1550 2217 1608 2265 ut
1645 2216 1973 2272 nasceretur,
1997 2221 2151 2263 men-

567 2309 707 2364 sium
737 2309 786 2363 ei
817 2323 953 2376 opus
979 2305 1166 2360 fuisset
1186 2302 1475 2358 curriculo.

631 2399 683 2452 8.
714 2398 844 2451 Item
873 2414 938 2450 ea:
962 2397 1066 2449 alia
1098 2402 1346 2455 tractatu,
1379 2391 1718 2462 quaternione
1751 2388 1947 2442 decima
1973 2386 2150 2447 quinto

569 2489 666 2564 [Β.
691 2490 932 2560 vigesima
954 2487 985 2556 ζ.
1012 2484 1194 2550 Hunc,
1225 2484 1423 2555 inquit,
1450 2481 1631 2534 Jesum
1663 2479 1942 2534 suscitavit
1981 2477 2146 2540 Deus,

565 2594 675 2634 non
706 2585 788 2631 est
816 2585 1060 2630 mortuus
1090 2573 1233 2626 Deus
1253 2611 1268 2635 ,
1311 2570 1406 2625 sed
1447 2569 1742 2624 suscitavit.
1794 2567 2148 2636 Apollinaris,

567 2669 692 2724 audi
741 2665 885 2720 Petri
928 2663 1160 2734 apostoli
1196 2663 1336 2716 dicta
1361 2701 1374 2726 ,
1407 2659 1615 2713 audiet
1661 2668 1719 2712 tu
1764 2658 1815 2710 in
1858 2656 1955 2728 [Β.
1989 2671 2152 2743 ριιιη]

568 2757 866 2829 Apollinari
915 2754 1162 2823 impietas
1208 2751 1422 2804 Ariana.
1467 2749 1620 2803 Hunc
1664 2746 1846 2802 Jesum
1881 2745 2156 2800 suscitavit

569 2849 712 2902 Deus
745 2848 882 2917 (Act.
915 2861 966 2908 x,
1000 2842 1110 2912 40),
1137 2842 1230 2910 qui
1258 2841 1483 2894 visibilis
1511 2840 1681 2893 oculis
1711 2838 1988 2908 apparuit;
2015 2838 2158 2892 hunc

569 2939 663 3008 qui
691 2938 835 3004 ligno
857 2932 1145 2989 crucilixus
1167 2931 1265 3004 [Β.
1292 2927 1566 3001 conlisus]
1593 2937 1708 2995 est;
1732 2928 1876 2982 hunc
1895 2929 1986 2996 qui
2010 2927 2157 2981 Tho-

571 3045 673 3086 mxe
693 3031 939 3100 palpatus
962 3034 1042 3081 est
1062 3025 1328 3089 manibus,
1354 3023 1445 3091 qui
1473 3021 1541 3076 ad
1563 3036 1687 3075 eum
1711 3021 1962 3075 clamavit
1988 3037 2000 3072 :
2027 3018 2158 3072 Pal-

2247 1849 2392 1917 plum
2421 1847 2680 1912 solubile,
2714 1855 2770 1900 et
2807 1847 2975 1900 Deum
3019 1860 3080 1900 se
3128 1852 3396 1914 nuncupat
3440 1844 3822 1898 suscitantem?

2247 1937 2401 2004 Quod
2421 1939 2467 1993 si
2489 1938 2630 1992 Deus
2649 1947 2766 1992 erat
2784 1938 2875 2006 qui
2891 1937 3222 2002 solvebatur,
3245 1951 3279 1991 ο
3299 1936 3516 2000 Ariane,
3543 1934 3685 2004 quod
3705 1949 3822 1987 sane

2247 2029 2303 2084 in
2331 2028 2448 2096 ejus
2475 2037 2637 2098 caput
2661 2038 2684 2066 ε
2710 2027 3166 2098 blasphemiarum
3193 2033 3558 2087 convertatur,
3583 2033 3823 2095 aportue-

2247 2128 2332 2174 rat
2358 2121 2538 2175 dicere
2570 2138 2582 2172 :
2615 2120 2820 2174 Solvite
2841 2119 3010 2173 Deum
3040 2118 3222 2180 istum,
3249 2126 3304 2170 et
3332 2117 3382 2170 in
3408 2116 3587 2170 triduo
3610 2114 3820 2170 suscita-

2249 2213 2424 2277 bitur;
2472 2212 2517 2266 si
2556 2219 2801 2266 mortuus
2837 2220 2921 2264 est
2961 2209 3130 2273 Deus,
3160 2209 3204 2262 si
3229 2207 3519 2277 scpultune
3555 2205 3825 2260 mandatus

2250 2311 2351 2367 est,
2385 2304 2544 2358 inane
2573 2301 2704 2356 illud
2737 2303 2790 2355 in
2820 2300 3112 2368 Evangelia
3140 2299 3379 2355 dictum:
3425 2297 3565 2362 Quid
3590 2315 3672 2351 me
3697 2314 3824 2369 (μω-

2251 2395 2366 2448 ritis
2387 2393 2646 2456 accidere,
2686 2393 2944 2446 hominem
2979 2391 3065 2462 qui
3113 2407 3285 2444 rerum
3313 2389 3513 2443 locutus
3542 2405 3656 2441 sum
3696 2387 3826 2441 vobis

2255 2485 2433 2554 (Joan.
2467 2502 2577 2549 vni,
2602 2484 2738 2553 40)?
2768 2483 2918 2538 Nunc
2965 2490 3145 2536 autem
3171 2483 3248 2534 ait
3279 2499 3291 2534 :
3327 2478 3468 2544 Quid
3497 2497 3580 2534 me
3605 2481 3827 2550 qum-itis

2254 2578 2513 2641 occidere,
2543 2577 2828 2638 hominem,
2859 2579 3006 2648 cujus
3036 2577 3198 2646 capiti
3217 2575 3398 2646 spinea
3427 2591 3622 2628 corona
3654 2589 3828 2644 supcr-

2255 2670 2426 2739 posita
2467 2676 2576 2730 est;
2607 2666 2879 2720 hominem
2920 2665 3012 2735 qui
3050 2665 3218 2720 dicit:
3251 2663 3391 2718 Deus
3414 2705 3429 2728 ,
3479 2661 3619 2717 Deus
3659 2679 3827 2727 meus,

2254 2777 2412 2831 quare
2440 2758 2756 2829 dereliquisti
2786 2775 2865 2812 me
2897 2757 2914 2822 (
2933 2755 3124 2810 Matth.
3171 2773 3335 2819 xxv",
3362 2755 3451 2824 46)
3475 2757 3498 2808 ?
3526 2765 3583 2809 et
3611 2756 3701 2825 qui
3737 2756 3829 2808 tri-

2254 2849 2486 2903 duanam
2513 2850 2764 2903 sustinuit
2807 2857 3056 2902 mortem.
3091 2846 3268 2901 Adora
3309 2857 3488 2901 autem
3531 2846 3674 2900 hunc
3718 2862 3830 2900 cum

2258 2941 2489 3002 Deitate,
2522 2950 2797 3009 tamquam
2832 2941 3024 2995 divina:
3054 2940 3427 3010 cooperarium
3454 2941 3798 2994 auctoritatis.

2335 3030 2418 3084 ll.
2462 3031 2596 3086 Item
2640 3039 2756 3102 post
2802 3031 3074 3103 aliquanta
3111 3032 3166 3084 in
3213 3030 3408 3084 eodem.
3453 3027 3615 3092 Cnlo,
3658 3031 3828 3100 inquit,

572 3132 694 3194 pate
712 3131 762 3176 et
791 3121 954 3174 videte
982 3118 1066 3192 [Β.
1091 3117 1265 3188 Palpa
1292 3125 1341 3169 et
1368 3112 1523 3186 vide],
1547 3115 1668 3186 quia
1699 3114 1914 3184 spiritus
1944 3129 2155 3165 carnem

2263 3137 2418 3189 eum,
2468 3131 2740 3190 tamquam
2783 3122 3172 3190 omnipotentis
3220 3121 3502 3188 imaginem
3537 3138 3550 3172 :
3580 3119 3837 3173 Exultat-it

573 3223 623 3268 et
652 3230 768 3267 ossa
797 3229 900 3265 non
927 3209 1098 3274 habet,
1131 3209 1266 3261 sicut
1287 3223 1368 3260 me
1388 3206 1569 3260 videtis
1589 3203 1778 3258 habere
1801 3204 1819 3274 (
1844 3203 1971 3257 Luc.
2002 3219 2157 3269 ΗΝ,

576 3303 667 3374 39)
691 3321 706 3369 ;
739 3312 794 3357 et
821 3303 904 3356 his
931 3301 1087 3354 dictis
1115 3298 1410 3366 discipulus
1437 3295 1683 3359 credens,
1709 3295 2034 3365 palpatoque
2071 3309 2158 3360 eo,

577 3398 647 3452 de
684 3395 862 3450 carnis
889 3408 1008 3460 quae
1045 3389 1298 3446 cruciﬁxa
1325 3396 1408 3443 est
1436 3389 1830 3442 resurrectione
1858 3387 2057 3441 certior
2084 3387 2163 3441 fa-

579 3495 735 3548 ctus,
786 3482 1151 3537 mirandorum
1191 3478 1527 3546 glorilicabat
1571 3475 1820 3546 opiﬁcem
1849 3477 2049 3542 Deum,
2083 3477 2161 3532 di-

582 3593 711 3634 cens
737 3595 750 3630 :
779 3575 1033 3630 Dominus
1065 3589 1203 3626 meus
1247 3579 1296 3624 et
1328 3569 1468 3623 Deus
1492 3585 1630 3622 meus
1677 3567 1866 3640 (Jaan.
1897 3586 1993 3632 xx,
2021 3568 2121 3638 28)
2147 3585 2162 3636 ;

582 3687 691 3725 non
721 3671 904 3754 ytique
935 3665 1063 3720 illud
1089 3664 1232 3733 quod
1263 3663 1576 3734 palpaverat
1605 3663 1882 3732 appellans
1910 3662 2100 3717 Deum.

652 3760 703 3813 9.
723 3751 865 3812 Item
887 3759 940 3811 in
961 3758 1299 3829 quaternioue
1319 3755 1560 3825 vigesimo
1585 3770 1740 3807 uana.
1773 3763 1793 3792 ε
1826 3751 2023 3808 Paulus
2046 3770 2168 3807 nar-

583 3858 669 3906 rat
707 3858 763 3905 et
787 3850 1119 3903 incarnatam
1160 3844 1484 3910 essentiam,
1527 3851 1581 3898 et
1622 3843 1911 3898 incarnata:
1946 3843 2169 3898 Deitatis

583 3951 707 4016 post
736 3943 1032 3997 unitionem
1067 3937 1660 3994 incommutabilitatem
1690 3945 2015 4001 manentem,
2039 3953 2168 4007 pro-

581 4044 703 4106 pter
727 4032 870 4102 quod
892 4038 947 4085 et
987 4031 1227 4085 scribens
1267 4029 1467 4082 clamat
1499 4046 1511 4079 :
1546 4027 1662 4081 Hoc
1700 4028 1886 4080 sentite
1923 4029 1977 4080 in
2031 4025 2168 4081 vobis

583 4127 720 4201 quod
758 4135 807 4179 et
837 4127 889 4178 in
917 4122 1122 4177 Christo
1149 4120 1294 4184 Jesu,
1322 4121 1408 4193 qui
1450 4137 1567 4172 cum
1596 4121 1650 4172 in
1681 4122 1850 4189 forma
1895 4119 1992 4172 Dei
2040 4130 2171 4174 esset

584 4219 913 4280 constitutus,
945 4218 1167 4286 formam
1193 4213 1324 4267 servi
1347 4211 1546 4281 accepit
1577 4209 1840 4280 (Philipp.
1870 4227 1923 4275 ll,
1958 4209 2032 4281 5).
2066 4211 2171 4268 Sed

587 4311 864 4378 accipiens
893 4307 1183 4377 Apostolus
1232 4320 1426 4359 nomen
1457 4305 1561 4357 hoc
1589 4304 1731 4371 quod
1762 4311 1871 4368 est,
1904 4302 2170 4372 Christus,

590 4407 862 4466 tamquam
891 4398 1117 4451 duarum
1157 4404 1470 4450 naturarum
1499 4392 1910 4463 signil’icativum
1941 4400 2175 4453 vocabu-

2263 3230 2378 3267 eum
2407 3213 2567 3274 Deus,
2599 3222 2650 3267 et
2677 3213 2888 3266 donavit
2928 3213 3006 3265 illi
3036 3228 3223 3265 nomen
3251 3212 3386 3276 quod
3405 3221 3481 3264 est
3519 3227 3673 3281 super
3699 3227 3836 3263 omne

2263 3320 2467 3367 nomen,
2493 3312 2546 3355 ut
2568 3304 2620 3356 in
2645 3303 2851 3356 nomine
2868 3300 2994 3354 Iesu
3021 3298 3213 3354 Christi
3244 3317 3393 3354 omne
3416 3317 3550 3370 genu
3581 3300 3830 3368 ﬂectatur,

2265 3396 2566 3457 caelestium,
2600 3395 2919 3448 terrestrium
2949 3401 2996 3445 et
3027 3393 3369 3460 infernarum,
3401 3401 3452 3445 et
3478 3393 3645 3446 omnis
3671 3391 3834 3459 lingua

2265 3488 2577 3556 confiteatur
2621 3487 2743 3556 quia
2777 3483 3032 3538 Dominus
3057 3481 3212 3537 Iesus
3241 3485 3294 3536 in
3322 3484 3492 3554 gloria
3525 3493 3601 3536 est
3623 3482 3718 3535 Dei
3739 3481 3838 3534 Pa—

2268 3579 2360 3632 tris
2385 3577 2637 3649 (Philipp.
2671 3592 2725 3641 n,
2757 3573 2846 3642 9);
2870 3582 3093 3644 propter
3121 3582 3380 3636 utentem,
3415 3573 3468 3627 id
3497 3590 3604 3642 quo
3635 3573 3719 3626 ille
3747 3572 3840 3624 uti«

2269 3679 2355 3726 tur
2374 3670 2572 3735 adoro;
2603 3677 2822 3739 propter
2842 3669 3101 3722 latentem
3122 3667 3244 3721 colo
3271 3665 3415 3736 quod
3440 3666 3572 3720 foris
3601 3674 3762 3735 patet,
3786 3674 3835 3717 et

2269 3765 2322 3819 in
2350 3780 2415 3819 eo
2435 3764 2525 3834 qui
2547 3761 2917 3831 inseparabilis
2941 3769 3148 3814 estnon
3177 3774 3369 3827 separo
3397 3758 3734 3826 dignitatem,
3756 3768 3842 3809 seu

2269 3872 2461 3927 separo
2489 3862 2724 3916 naturas,
2744 3861 2800 3907 et
2820 3850 3088 3919 conjungo
3115 3849 3491 3903 reverentiam.
3509 3848 3627 3903 Non
3647 3861 3742 3917 per
3767 3859 3845 3898 se-

2271 3949 2444 4017 ipsum
2473 3945 2617 3999 Deus
2645 3951 2729 3998 est
2765 3941 2910 4012 quod
2940 3939 3308 4009 depositurum
3355 3937 3494 4008 [_Bal.
3529 3931 3842 4006 depositum]

2271 4045 2354 4093 est
2374 4037 2427 4090 in
2448 4035 2728 4104 sepulcro;
2752 4032 2828 4087 sic
2846 4031 2989 4085 enim
3012 4045 3255 4084 essemus
3274 4029 3525 4090 hominis,
3551 4035 3606 4082 et
3628 4025 3844 4081 hominis

2271 4129 2502 4191 mortui,
2535 4125 2802 4181 manifesti
2841 4123 3096 4178 cultores.
3127 4121 3234 4176 Sed
3262 4121 3516 4192 quoniam
3545 4121 3600 4174 in
3649 4135 3843 4173 assum-

2273 4229 2367 4292 pto
2397 4220 2538 4274 Deus
2559 4233 2624 4271 ex
2653 4224 2960 4270 assumente
2986 4214 3078 4282 qui
3121 4221 3427 4281 assumptus
3455 4218 3540 4265 est
3587 4220 3846 4278 tamquam

2275 4327 2344 4367 ex
2363 4316 2667 4365 assumente
2714 4305 2797 4377 [Β.
2845 4314 3114 4372 tamquam
3144 4300 3486 4372 assumentis]
3539 4301 3848 4370 conjunctus

2277 4402 2576 4475 appellatur
2604 4399 2764 4463 Deus,
2788 4405 3074 4466 prapterea
3099 4402 3154 4449 et
3182 4393 3449 4448 cruciﬁxa:
3470 4393 3651 4447 carnis
3673 4393 3852 4446 daemo-

1755 4509 2212 4576 CASTIGATION
2223 4523 2301 4578 ES
2344 4517 2431 4572 ET
2471 4513 2676 4569 ΝΟΤΛΕ

660 4614 687 4641 ιι
726 4603 1018 4680 Habebant
1050 4602 1336 4680 divinitatis
1378 4609 1506 4680 nata
1545 4603 1906 4680 vetereslibri
1935 4609 2169 4680 :__quibus
2201 4618 2245 4673 1)
2273 4607 2708 4680 blasphemiarum
2729 4618 2974 4680 venenum
2997 4598 3553 4680 eﬂ'underet.‘llilarius
3573 4597 3855 4680 Pictavien-

589 4674 1120 4797 assentiEBaluzius,
1166 4671 1264 4725 nisi
1293 4671 1437 4739 quod
1481 4673 1872 4727 emendandum
1921 4671 2169 4733 diuinitas

590 4755 761 4797 nutat.
833 4762 938 4797 υιτ.

590 4755 761 4817 putat.
786 4745 938 4817 Enn.

663 4816 688 4854 δ
729 4817 787 4870 Β.
823 4815 912 4869 Illi
934 4815 1019 4886 qui
1055 4821 1210 4886 natus
1237 4819 1313 4864 est
1352 4828 1710 4877 commanere;
1733 4823 1783 4868 et
1814 4815 1990 4880 aliud,
2023 4819 2171 4874 illum

587 4888 675 4970 qui
701 4897 823 4968 nato
845 4883 1151 4970 coniuratiet,
1176 4883 1309 4963 hunc
1329 4887 1572 4970 esse'qui,
1596 4893 1652 4937 ut
1681 4896 2001 4953 nasceretur,
2027 4907 2173 4944 meu-

587 4953 722 5012 sium
747 4959 792 5011 ei
821 4973 947 5026 opus
959 4957 1128 5026 fuisse
1149 4953 1422 5026 curriculo.
1449 4953 1602 5009 Enrr.

666 5040 688 5068 ο
731 5022 910 5080 Baluz.
944 5022 1010 5080 In
1036 5022 1522 5094 principia,_inquit,
1549 5034 1658 5078 erat
1696 5024 1936 5087 Verbum,
1962 5037 2012 5081 et
2043 5029 2172 5084 Ver-

589 5096 709 5152 bum
727 5107 840 5150 erat
858 5098 998 5167 apud
1020 5091 1212 5156 Deum,
1227 5101 1278 5145 et
1299 5091 1436 5167 Deus
1465 5104 1576 5148 erat
1615 5095 1850 5150 Verbum.
1883 5096 2169 5160 Quaereba-

590 5176 675 5221 tur
693 5169 828 5221 enim
847 5163 961 5238 qua:
981 5168 1300 5239 primacsset
1318 5163 1608 5239 substantia
1631 5169 1920 5221 existentia:
1941 5186 2056 5239 qua:
2081 5171 2173 5225 ho-

590 5239 777 5291 minem
807 5235 986 5310 gessit.
1029 5235 1222 5289 Paulus
1244 5243 1415 5288 autem
1433 5253 1497 5289 ea:
1518 5236 1626 5307 lege
1655 5238 1790 5308 quod
1811 5235 2026 5310 contigit
2049 5257 2176 5295 nar-

590 5317 694 5370 rat,
711 5306 818 5361 etc.
845 5306 995 5361 Emr.

663 5378 692 5417 εί
732 5378 789 5430 Β.
825 5377 972 5432 Sicut
1000 5375 1088 5430 ille
1109 5375 1177 5428 ad
1204 5385 1488 5446 peccatum.
1516 5375 1670 5430 Enr'r.

663 5459 688 5487 ο
727 5449 973 5503 Baluzius
993 5445 1212 5516 corrigit
1240 5445 1633 5517 blasphemiam,
1662 5447 1806 5514 quod
1831 5457 2011 5502 tamen
2037 5447 2177 5502 indi-

590 5535 719 5590 gere
737 5529 891 5590 putat
912 5519 1264 5590 anno_tati0n_e
1293 5519 1540 5590 sequenti
1566 5536 1578 5570 :
1619 5537 1636 5568 ‹
1681 5517 2094 5590 Blasphemium,
2121 5517 2172 5590 id

591 5586 675 5648 est
689 5586 1024 5658 blasphemia.
1041 5587 1282 5658 Epistola
1295 5587 1670 5656 episcoporum
1687 5586 1874 5658 synddi
1896 5586 2174 5643 Sardicen-

591 5664 665 5719 sis
701 5663 765 5716 ad
793 5659 988 5715 Julium
1017 5675 1212 5729 papam
1242 5660 1291 5712 in
1322 5660 1680 5712 vetustissimo
1701 5659 1884 5714 codice
1907 5659 2176 5713 Saxonico

592 5735 926 5788 bibliothecae
962 5731 1284 5785 Colberlina:
1318 5747 1330 5781 :
1362 5729 1464 5781 Aut
1492 5741 1628 5782 certe
1682 5745 1892 5799 serpens
1939 5729 2176 5784 diabolus

2273 4683 2346 4738 sis
2388 4667 2443 4732 in
2487 4677 2623 4728 libro
2653 4681 2840 4728 contra
2880 4667 3253 4725 Constantium
3290 4669 3424 4735 Aug.
3465 4671 3580 4738 jam
3606 4668 3716 4721 vita
3747 4667 3854 4738 Inn-

2275 4761 2422 4805 ctum
2457 4765 2470 4799 :
2508 4742 2856 4798 Orientalium
2890 4743 2946 4793 in
2981 4740 3220 4795 Seleucia
3259 4739 3517 4810 synodum
3546 4741 3747 4810 reperi,
3779 4737 3852 4786 ubi

2275 4829 2479 4874 tantum
2505 4814 2942 4884 blasphemiarum
2965 4819 3046 4884 est
3075 4808 3335 4884 quantum
3355 4808 3669 4884 Constantia
3699 4809 3854 4884 place-

2276 4893 2382 4945 bat.
2408 4877 2660 4956 .Epistala
2701 4882 2981 4956 leestini
3008 4877 3157 4956 papa:
3182 4881 3267 4956 _ad
3295 4879 3600 4956 Nestorium
3619 4880 3695 4956 _in
3721 4877 3852 4956 anti-

2276 4976 2383 5032 qua
2414 4946 2662 5032 versione
2699 4953 2908 5032 concilii
2942 4946 3195 5032 Ephesini
3226 4966 3277 5018 p.
3316 4947 3458 5032 Hii;
3498 4948 3667 5032 [inde
3693 4946 3782 5026 tibi
3810 4949 3856 4997 in

2282 5017 2376 5083 has
2414 5026 2722 5098 quiestianes
2754 5022 2912 5098 Acerba
2936 5017 3164 5098 dirigere
3210 5017 3338 5092 quas
3378 5021 3448 5098 sit
3493 5017 3858 5098 blasphemiam

2282 5089 2538 5170 cogitasse
2559 5097 2582 5148 Ρ
2602 5093 2900 5170 Concilium
2930 5089 3365 5170 Chalcedoneuse
3413 5091 3474 5170 in.
3512 5089 3722 5170 decima
3777 5100 3857 5138 ac—

2282 5157 2476 5238 tione;
2508 5183 2603 5238 pro
2632 5164 2767 5238 male
2788 5161 3240 5238 blasphemiarum.
3274 5159 3364 5214 Sic
3388 5160 3532 5214 enim
3563 5157 3668 5238 legi
3699 5157 3858 5238 inco-

2282 5240 2400 5294 dice
2432 5226 2720 5290 Parisiensi
2744 5226 2915 5302 nuper
2944 5231 3247 5302 monuimus
3285 5247 3382 5302 pro
3411 5245 3477 5282 eo
3505 5229 3654 5302 quod
3676 5226 3859 5280 editio-

2284 5325 2380 5364 nes
2417 5308 2617 5361 habent
2671 5297 3122 5372 blasphemiarum.
3171 5297 3469 5372 Concilium
3505 5297 3861 5372 Laterancnsc

2283 5378 2497 5432 Martini
2529 5391 2679 5444 papae
2721 5370 2933 5444 actione
2961 5370 2994 5423 4
3033 5388 3045 5424 :
3083 5387 3199 5444 _non
3237 5371 3410 5439 utique
3455 5370 3862 5444 pertimescente:

2284 5436 2654 5518 blasphemiam
2691 5461 2789 5517 qua
2830 5443 3039 5518 dicitur.
3082 5441 3160 5494 lta
3185 5436 3356 5518 _ve_tus
3393 5436 3567 5518 codex
3617 5436 3864 5518 biecit}an

2288 5506 2852 5577 [lellbvacensis,'culn
2883 5513 3145 5565 editiones
3185 5511 3450 5574 habeant,
3494 5506 3865 5577 blasphemiam

2282 5589 2405 5642 dum
2437 5589 2648 5641 dicitur.
2682 5576 2814 5639 Vide
2841 5583 3013 5636 virum
3045 5580 3462 5634 eruditissimum
3486 5577 3741 5631 Carolum
3766 5576 3864 5628 Dn—

2283 5659 2537 5713 lresnium
2560 5655 2818 5723 Cangium
2840 5653 2892 5706 in
2924 5651 3361 5723 annotationilms
3380 5649 3448 5703 ad
3471 5649 3685 5702 Annam
3713 5644 3864 5699 Com-

2285 5743 2478 5783 uenam
2501 5742 2552 5795 p.
2588 5717 2711 5790 553',
2743 5733 2798 5779 et
2827 5723 2883 5777 in
2911 5720 3201 5776 Glossario.
3234 5739 3252 5772 ι
3281 5717 3436 5774 Eutr.
