3960 6184
174 300 277 357 901

968 287 1351 346 COLLECTIO
1388 286 1710 345 SECUNDA
1749 274 2264 346 EXCERPTOEUM
2303 288 2645 349 NESTORﬂ.

3355 284 3465 345 9οξ

168 422 275 462 nes
298 401 620 460 vocabulum
647 400 1105 473 perhorrescunt,
1134 402 1407 459 cruciﬁxze
1445 402 1596 457 carni
1637 416 1769 456 con-
1796 414 1849 467 Α
1874 416 1987 458 cate
2013 422 2079 459 ex
2104 423 2165 461 eo
2193 422 2401 473 omnes,
2440 406 2538 461 hoc
2562 416 2644 462 est
2665 407 2805 462 enim
2845 421 3032 479 corpus
3070 421 3238 463 meum
3269 406 3313 479 (ι
3344 408 3470 465 Cor.
3508 470 3528 483 .

162 496 437 566 junctum,
463 511 573 549 non
595 503 776 549 autem
802 510 1144 565 compassum
1165 496 1402 550 scientes
1429 494 1625 558 Deum;
1650 492 1772 546 ideo

168 599 232 644 et
254 588 420 657 judex
446 595 709 641 venturus
730 595 815 640 est
854 586 957 642 iste
996 587 1091 655 qui
1121 586 1345 641 visibilis
1376 585 1593 655 paruit;
1636 599 1773 653 quo-

169 682 324 736 niam
351 679 711 748 omnipotenti
750 678 1098 748 coniungitur
1124 678 1339 733 Deitati.

250 771 339 825 12.
381 770 516 824 Item
548 780 665 840 post
696 770 861 823 multa
889 771 1102 825 ibidem.
1147 770 1264 824 Non
1306 768 1531 824 Deitatis
1561 766 1770 841 [Balatu

169 859 417 931 Deitas],
456 861 656 932 inquit,
698 859 961 915 Jacobum
989 861 1177 915 habuit
1219 859 1480 924 fratrem,
1531 874 1634 913 nec
1680 858 1775 912 Dei

170 950 346 1008 Verbi
373 960 606 1005 mortem
633 966 735 1004 nos
764 951 1144 1004 annuntiamus
1161 991 1177 1015 ,
1201 964 1324 1004 cum
1351 949 1631 1004 Dominico
1650 964 1775 1003 cor-

171 1060 314 1113 pore
363 1051 420 1098 et
447 1043 711 1109 sanguine
748 1042 1055 1111 pascimur:
1092 1051 1120 1079 ⁸
1159 1041 1338 1095 divina
1385 1047 1578 1094 natura
1606 1040 1775 1094 sacri-

174 1133 361 1189 ﬁcium
383 1133 627 1203 suscipit,
660 1148 770 1187 non
802 1133 918 1201 ipsa
945 1132 1001 1185 in
1021 1130 1284 1186 sacriﬁcio
1314 1130 1639 1184 immolatur.

253 1225 341 1278 15.
385 1224 521 1278 Item
551 1233 778 1277 tractatu
801 1224 909 1276 alia
930 1224 1173 1276 adversus
1190 1224 1413 1276 Arianos
1439 1222 1779 1293 quaternisue

174 1320 398 1372 decimo.
440 1316 572 1384 Quis
602 1331 746 1370 nunc
774 1315 1120 1384 benignitatis
1149 1324 1257 1368 tam
1288 1314 1607 1367 immensum
1636 1313 1780 1381 aspi-

173 1413 286 1468 ciat
318 1411 538 1481 pelagus
555 1447 571 1471 .
617 1414 864 1462 naturam
890 1422 1012 1461 cum
1042 1423 1141 1461 suo
1166 1404 1360 1474 Opiﬁce
1385 1404 1774 1469 dominantem,

184 1510 245 1556 et
275 1500 621 1569 conjunctam
648 1497 851 1551 homini
883 1496 1176 1559 Deitatem,
1222 1494 1354 1548 nihil
1379 1495 1494 1549 sine
1522 1495 1626 1548 hoc
1651 1492 1781 1565 [Ba-

176 1595 286 1646 lus.
321 1589 444 1662 hac]
466 1590 780 1659 iubentem,
817 1588 1022 1641 nullum
1059 1587 1263 1656 absque
1292 1587 1396 1640 isto
1421 1585 1774 1655 judicantem,

177 1698 305 1737 cum
326 1697 393 1736 eo
421 1682 665 1735 vivorum
688 1693 873 1733 curam
906 1678 962 1731 in
990 1693 1196 1731 summa
1226 1676 1558 1747 providentia
1580 1690 1777 1744 geren-

178 1782 315 1839 tem,
342 1780 399 1828 et
428 1787 551 1827 cum
572 1771 692 1840 ipso
719 1778 963 1824 mortuos
982 1769 1330 1824 suscitantem
1356 1766 1420 1820 η

252 1863 342 1917 ﬂ.
387 1863 519 1917 Item
548 1863 780 1933 ejusdem
818 1862 875 1915 in
904 1871 1128 1915 tractatu
1177 1861 1283 1914 alio
1312 1859 1524 1923 codicis,
1560 1868 1771 1929 quater-

176 1961 339 2014 nione
363 1961 574 2030 quinto,
610 1958 672 2011 de
717 1957 1008 2028 Scriptura
1039 1963 1237 2009 sancta:
1274 1954 1419 2019 loco,
1447 1951 1534 2006 ubi
1556 1953 1670 2005 ait:
1712 1950 1773 2005 Si

177 2052 484 2105 recordatus
514 2052 673 2121 {ueris
694 2048 832 2121 quod
860 2047 1013 2101 habet
1040 2050 1205 2119 frater
1224 2057 1337 2101 tuus
1368 2045 1566 2117 aliquid
1593 2045 1776 2098 adver-

176 2158 299 2195 sum
319 2152 366 2195 te
396 2140 611 2211 (Matth.
643 2157 697 2204 v,
721 2139 834 2209 25).
863 2136 963 2202 Qui
997 2139 1299 2203 manducat,
1319 2138 1511 2205 inquit,
1542 2151 1770 2189 carnem.

177 2232 508 2286 Mementote
553 2231 621 2285 de
661 2246 823 2285 carne
868 2244 988 2285 esse
1010 2270 1025 2295 ,
1066 2228 1211 2297 quod
1236 2228 1436 2283 dictum
1472 2235 1590 2281 est:
1626 2225 1775 2280 Sicut

178 2324 327 2379 misit
353 2340 433 2376 me
464 2323 599 2375 vivus
622 2320 783 2374 Pater
805 2319 988 2391 (Joan.
1015 2336 1088 2383 v1,
1122 2317 1240 2387 55),
1274 2318 1365 2389 qui
1387 2317 1609 2371 visibilis
1633 2330 1772 2370 sum.

179 2416 293 2471 Sed
324 2413 461 2469 forte
491 2429 658 2484 prave
688 2413 1018 2481 interpretor
1056 2411 1257 2465 dictum
1283 2427 1295 2461 :
1327 2423 1457 2477 ergo
1484 2408 1551 2462 de
1580 2420 1773 2462 conse-

176 2507 471 2580 quentibus
507 2505 808 2559 audiamus.
850 2503 1000 2558 Sicut
1041 2518 1120 2555 me
1156 2503 1299 2554 misit
1330 2502 1468 2554 virus
1515 2498 1695 2563 Pater,
1726 2507 1776 2551 et

173 2617 281 2672 ego
304 2601 413 2653 vivo
438 2615 530 2669 per
566 2596 782 2650 Patrem
817 2593 1006 2667 (Ibid.,
1033 2610 1079 2647 υ.
1110 2591 1230 2662 58);
1264 2592 1353 2645 ille
1383 2592 1470 2645 hic
1508 2590 1773 2644 Deitatem

174 2689 464 2757 intelligit,
495 2702 596 2757 ego
630 2687 903 2741 hominem
931 2685 1073 2739 dico.
1114 2682 1402 2736 Videamus
1428 2682 1549 2750 quis
1576 2689 1658 2734 est
1685 2695 1775 2734 sa-

174 2798 286 2837 nus
317 2780 526 2852 [Βιιιιιι.
559 2776 792 2849 saevus]
824 2778 1127 2846 interpres:
1169 2774 1318 2830 Sicut
1354 2776 1494 2828 misit
1526 2790 1607 2826 me
1638 2775 1776 2832 vivus

175 2872 381 2935 Pater;
412 2870 497 2925 hic
522 2869 654 2924 dicit
693 2868 975 2923 haereticus
1017 2866 1366 2920 'Divinitatem
1414 2864 1631 2917 missam
1655 2901 1669 2927 ,
1717 2878 1777 2917 se

174 2960 426 3033 proﬁteri
455 2960 625 3013 Deum
652 2958 888 3012 Verbum
922 2957 1103 3011 dicere
1127 2974 1140 3008 :
1184 2955 1334 3011 Sicut
1363 2955 1504 3008 misit
1530 2970 1610 3007 me
1638 2954 1774 3007 vivus

174 3054 366 3113 Pater.
408 3052 550 3120 Ergo
576 3059 631 3106 et
670 3052 775 3105 hoc
814 3049 1107 3104 secundum
1138 3049 1284 3117 ipsos
1326 3048 1402 3100 ita
1442 3047 1545 3101 erit
1574 3045 1774 3099 intelli-

1876 513 1950 562 ιι.
1981 496 2096 569 εδ).
2137 497 2316 565 Quare
2342 514 2452 554 non
2479 499 2652 553 dixit:
2685 498 2800 554 Hoc
2829 498 3035 571 [Balus.
3068 498 3203 572 haec]
3234 506 3317 555 est
3344 485 3495 557 Dei-3

1874 599 1965 646 tas
1985 607 2103 646 mea
2120 633 2134 657 ,
2166 607 2287 662 qua:
2324 609 2425 663 pro
2453 592 2609 647 nobis
2635 590 2845 665 [Batuz.
2872 591 3045 663 vobis]
3068 593 3475 661 confringetan

1875 679 1945 736 Et
1988 683 2183 737 itermn
2230 691 2503 751 sumptum
2543 682 2765 737 calicem
2803 684 3119 752 porrigens,
3162 699 3269 738 non
3297 685 3472 739 dixit:

1876 771 2004 828 [huc
2034 773 2219 827 Deitas
2247 788 2365 827 mea
2385 815 2399 840 ,
2428 788 2547 842 qua:
2574 789 2673 843 pro
2696 774 2851 828 vobis
2876 773 3180 829 eﬁundetur
3215 776 3268 829 in
3292 776 3480 832 remis-

1876 864 2087 918 sionem
2117 874 2492 932 peccatorum;
2521 863 2612 918 sed
2643 865 2747 919 hoc
2780 866 2951 931 magis
2977 884 2989 917 :
3022 864 3126 918 Hic
3153 874 3232 919 est
3258 868 3477 939 sanguis

1876 968 2040 1018 meus,
2064 954 2152 1022 qui
2179 970 2273 1021 pro
2307 954 2450 1008 vobis
2480 953 2776 1021 e/fundetur
2811 954 2866 1005 in
2906 957 3263 1009 remissionem
3292 974 3478 1027 pecca-

1878 1053 2047 1098 torum
2070 1042 2286 1115 (Matth.
2326 1060 2484 1106 xxvi,
2514 1043 2630 1112 28).
2673 1042 2876 1112 Separa
2921 1054 3201 1111 naturam,
3233 1048 3329 1101 sed
3356 1049 3477 1101 uni—

1878 1135 2084 1189 tionem
2114 1134 2415 1203 conjunge;
2448 1134 2640 1187 Filium
2665 1134 2760 1188 Dei
2781 1135 3052 1189 Christum
3077 1135 3356 1199 conﬁtere,
3380 1138 3477 1191 sed

1878 1224 2070 1279 Filium
2099 1225 2399 1295 duplicem,
2432 1225 2704 1279 hominem
2735 1234 2790 1280 et
2817 1226 3015 1291 Deum,
3049 1236 3110 1281 ut
3152 1229 3331 1296 passio
3352 1230 3477 1297 qui-

1878 1314 2001 1369 dem
2023 1316 2269 1369 humanze
2291 1316 2580 1385 deputetur
2601 1324 2833 1381 natura};
2865 1319 3131 1387 passionis
3162 1335 3291 1374 vero
3321 1321 3480 1374 abso-

1879 1405 2040 1471 lutio,
2073 1422 2194 1476 qua:
2220 1408 2273 1461 in
2304 1408 2523 1463 homine
2550 1409 2641 1476 qui
2670 1424 2860 1477 passus
2889 1418 2973 1464 est
3000 1410 3141 1465 facta
3170 1419 3283 1477 est,
3314 1412 3481 1466 solius

1879 1498 1949 1552 sit
1978 1498 2221 1553 Deitatis.

1951 1589 2037 1645 16.
2071 1590 2204 1645 Item
2229 1591 2356 1645 alibi
2378 1592 2432 1645 in
2455 1598 2790 1664 quaternione
2809 1612 2945 1648 nono
2967 1594 3213 1647 adversus
3238 1593 3473 1648 Iudwos-

1878 1681 2224 1752 Separantes,
2254 1684 2439 1754 inquit,
2483 1685 2755 1755 propriam
2804 1694 3114 1739 naturarum
3162 1686 3475 1754 dignitatem

1806 1775 1856 1835 Β
1882 1771 2278 1840 conjunctionis
2306 1774 2482 1827 mnus.

1949 1864 2039 1917 17.
2072 1862 2204 1918 Item
2232 1882 2299 1919 ea:
2342 1866 2447 1919 alio
2497 1875 2722 1919 tractatu
2765 1869 2821 1921 in
2860 1869 3197 1939 quaternione
3234 1870 3477 1939 vigesimo

1877 1957 2077 2026 quinto.
2111 1954 2405 2025 Propterea
2452 1958 2574 2012 volo
2617 1972 2714 2012 vos
2753 1968 2942 2014 cautos
2972 1959 3180 2025 favere,
3212 1960 3298 2015 vel
3327 1960 3480 2030 plau-

1875 2048 2025 2101 dere.
2059 2046 2260 2101 Divisio
2293 2064 2401 2101 non
2429 2056 2511 2102 est
2550 2048 2862 2118 conjunctio
2892 2049 3135 2115 Deitatis,
3169 2065 3344 2118 neque
3372 2066 3478 2119 po-

1876 2138 2078 2202 tentiae,
2104 2152 2224 2191 cum
2249 2137 2412 2192 Filius
2430 2136 2677 2193 Christus
2704 2147 2805 2203 est,
2832 2140 2886 2192 in
2907 2140 2991 2194 his
3019 2141 3210 2195 divisio
3233 2158 3339 2195 non
3363 2149 3477 2206 est;

1877 2228 1930 2281 in
1960 2228 2169 2283 Deitate
2198 2245 2328 2283 vero
2357 2238 2412 2284 et
2439 2230 2772 2285 humanitate
2820 2231 3011 2287 divisio
3054 2240 3136 2287 est
3181 2234 3476 2287 secundum

1876 2318 2020 2387 quod
2062 2326 2145 2373 est
2190 2317 2463 2386 Christus;
2505 2321 2762 2375 indivisus
2810 2330 2894 2375 est
2939 2321 3138 2387 Filius;
3182 2323 3477 2377 secundum
3514 2318 3517 2321 ’

1877 2410 2020 2478 quod
2045 2418 2129 2465 est
2151 2410 2336 2476 Filius,
2357 2412 2613 2466 indivisus
2634 2421 2743 2479 est;
2768 2429 2876 2467 non
2898 2414 3040 2467 enim
3063 2414 3323 2468 habemus
3343 2414 3477 2469 duos

1875 2501 2121 2556 Christos
2149 2509 2204 2556 et
2228 2502 2364 2556 duos
2392 2502 2584 2567 Filios,
2626 2518 2802 2572 neque
2841 2511 2922 2559 est
2964 2504 3103 2573 apud
3145 2520 3244 2559 nos
3272 2505 3478 2574 primus

1875 2592 2120 2647 Christus
2140 2601 2195 2647 et
2218 2594 2513 2660 secundus;
2546 2610 2720 2663 neque
2745 2596 2882 2650 alter
2910 2603 2965 2649 et
2984 2596 3141 2677 alter,
3172 2613 3346 2665 neque
3376 2597 3477 2652 ite-

1876 2700 1997 2739 rum
2026 2685 2161 2739 alter
2188 2684 2373 2751 Filius,
2418 2695 2473 2740 et
2514 2687 2707 2740 iterum
2748 2687 2885 2740 alter
2928 2686 3095 2741 Filius
3138 2706 3151 2740 :
3196 2689 3289 2742 sed
3332 2689 3473 2742 idem

1879 2775 2012 2845 ipse,
2047 2776 2162 2844 ipse
2191 2775 2356 2829 Filius
2385 2784 2469 2831 est
2508 2777 2727 2845 duplex,
2772 2793 2882 2831 non
2921 2776 3199 2845 dignitate,
3239 2779 3335 2832 sed
3374 2795 3475 2832 na-

1877 2874 2016 2919 tura.

1949 2955 2036 3009 18.
2064 2955 2197 3010 Item
2218 2965 2556 3029 quaternione
2577 2974 2719 3023 xxvx,
2749 2959 2900 3029 quasi
2929 2958 3177 3012 adversus
3200 2960 3473 3029 Apollina-

1879 3065 2005 3102 rem.
2034 3047 2375 3113 Reverentia,
2400 3053 2595 3121 inquit,
2628 3051 2852 3104 duaruln
2887 3061 3221 3117 naturarum,
3255 3052 3278 3089 ά
3311 3070 3475 3107 unam

174 3146 456 3215 gendum:
488 3143 557 3195 Et
593 3160 685 3213 ego
714 3141 853 3195 Deus
886 3140 1091 3212 [Baluz.
1124 3138 1244 3208 Dei]
1283 3137 1507 3191 Verbum
1545 3138 1655 3190 rivo
1684 3152 1774 3206 per
1800 3137 1846 3199 C
1880 3140 2213 3209 appellamus
2245 3141 2557 3209 dignitatem
2588 3141 2737 3211 ejus,
2762 3143 2854 3210 qui
2884 3151 3111 3211 utraque
3137 3144 3435 3209 conﬁnxit.

174 3239 418 3293 Patrem.
463 3235 594 3290 Post
622 3238 723 3289 hoc
753 3235 895 3289 enim
925 3234 1137 3287 videtur
1154 3233 1356 3286 dictum
1382 3249 1394 3283 :
1429 3230 1500 3283 Et
1526 3231 1611 3301 qui
1633 3246 1775 3282 man-

174 3332 339 3383 ducat
368 3345 478 3393 me,
518 3338 567 3380 et
597 3327 685 3380 ille
714 3327 848 3379 vivit.
882 3324 1053 3391 Quem
1082 3338 1210 3392 ergo
1240 3321 1661 3376 manducamus?
1690 3319 1776 3373 Di-

174 3420 482 3481 vinitatem,
513 3433 583 3472 an
611 3417 862 3472 carnem?

254 3509 344 3563 15.
388 3508 520 3563 Item
557 3510 613 3562 in
651 3508 987 3580 quaternione
1026 3515 1171 3560 sexto
1211 3505 1440 3576 ejusdem
1469 3505 1525 3557 in
1557 3502 1771 3569 Iudam,

174 3602 427 3656 adversus
457 3601 743 3656 haereticos.
786 3599 1043 3653 Libenter
1068 3599 1157 3651 hic
1178 3598 1245 3651 de
1276 3597 1380 3650 illis
1408 3596 1672 3649 haereticis
1700 3596 1777 3648 in-

172 3704 465 3762 terrogans
509 3693 888 3763 requirebam,
919 3691 1012 3760 qui
1059 3690 1286 3745 Deitatis
1331 3696 1387 3744 et
1427 3688 1777 3743 humanitatis

173 3795 430 3839 naturam
461 3785 514 3839 in
544 3799 705 3837 unam
741 3793 763 3821 α
795 3782 1119 3837 sententiam
1151 3781 1431 3835 miscendo
1459 3787 1776 3847 contempe-

172 3883 328 3941 rant,
361 3876 482 3944 quis
510 3874 598 3931 ille
632 3875 735 3928 hoc
768 3874 886 3927 loco
916 3880 1027 3938 est,
1071 3872 1162 3941 qui
1194 3870 1440 3940 proditur
1468 3878 1523 3923 et
1550 3869 1779 3923 traditur

169 3965 415 4020 Judmis?
445 3964 501 4018 Si
531 3964 673 4017 enim
710 3963 1061 4032 temperatio,
1101 3961 1182 4015 vel
1215 3961 1474 4014 admixtio
1503 3960 1780 4029 utriusque

173 4061 327 4114 facta
358 4066 457 4124 est,
488 4066 668 4111 utrum
698 4072 728 4110 a
759 4055 957 4110 Iudaeis
984 4064 1067 4111 est
1094 4055 1341 4109 tentum?
1363 4054 1444 4107 An
1475 4054 1616 4108 Deus
1647 4053 1780 4107 Ver-

170 4151 353 4205 bum?
380 4165 450 4203 an
483 4148 834 4203 humanitatis
872 4148 1100 4201 natura?
1141 4145 1272 4213 Quis
1301 4145 1511 4200 videtur
1538 4146 1782 4199 occisus?

174 4258 355 4311 cogor
382 4243 525 4297 enim
555 4241 897 4296 inferioribus
917 4241 994 4294 uti
1011 4240 1369 4301 sermonibus,
1402 4245 1461 4292 ut
1493 4236 1585 4292 ﬁat
1609 4239 1784 4293 omni-

173 4336 286 4391 bus
313 4334 462 4403 quod
496 4334 693 4389 dicitur
730 4332 1090 4387 manifestum.
1129 4330 1187 4383 In
1208 4346 1397 4399 quem,
1426 4329 1572 4385 dicas
1600 4330 1780 4399 velim,

177 4443 251 4483 ea
281 4441 403 4494 qum
431 4432 581 4493 gesta
623 4432 784 4490 sunt,
834 4423 1068 4477 cadunt?
1107 4421 1374 4489 Numquid
1415 4423 1468 4474 in
1502 4421 1597 4475 Dei
1626 4426 1783 4474 natu-

1947 3229 2035 3285 19.
2068 3230 2201 3285 Item
2224 3232 2347 3286 alibi
2368 3250 2432 3286 e1:
2452 3234 2558 3286 alio
2589 3241 2836 3297 tractatu,
2858 3235 2914 3287 in
2938 3236 3276 3305 quaternione
3307 3251 3471 3301 xxxn,

1873 3322 2010 3379 idem
2048 3324 2111 3377 de
2156 3322 2359 3377 Christo
2405 3326 2588 3396 inquit.
2637 3325 2714 3378 De
2758 3323 2972 3379 Christo
3003 3324 3209 3397 [Buluz.
3257 3342 3361 3379 om.
3394 3326 3470 3378 Dc

1874 3416 2114 3490 Christo]
2163 3418 2376 3472 tametsi
2426 3418 2669 3473 dicamus
2715 3418 3005 3487 templum,
3054 3418 3147 3471 sed
3197 3418 3468 3471 minimea

1877 3512 2087 3567 Deitate
2112 3511 2432 3581 separabile,
2465 3519 2519 3565 et
2547 3510 2891 3579 conjunclum
2923 3509 3054 3574 Deo,
3088 3517 3259 3563 totam
3300 3510 3474 3579 possi-

1878 3602 2012 3658 dens
2041 3604 2412 3672 operationem
2453 3601 2709 3665 divinam,
2752 3609 2807 3655 et
2848 3616 2990 3655 nunc
3015 3601 3332 3670 coo;.iliccm
3356 3601 3473 3664 Dei,

1879 3702 1934 3747 et
1961 3694 2104 3761 quod
2135 3710 2255 3746 cum
2282 3708 2347 3746 eo
2376 3692 2613 3746 onmium
2644 3692 2967 3744 dominetur.
3238 3725 3264 3748 .

1947 3781 2037 3835 20.
2071 3781 2206 3835 Item
2234 3782 2369 3835 idem
2394 3783 2448 3834 in
2480 3790 2703 3833 tractatu
2735 3781 2858 3843 alio,
2899 3782 2954 3833 in
2984 3780 3039 3833 id
3065 3780 3202 3849 quod
3226 3782 3476 3849 scriptum

1878 3884 1957 3929 εει
1995 3890 2014 3929 .'
2056 3889 2101 3928 SI
2142 3889 2348 3927 HABEBE
2377 3887 2586 3933 Αυουῐῦ
2624 3885 2969 3924 RECOBDATUS
2997 3885 3185 3923 FUERIS
3211 3886 3477 3925 ADVERSUS

1882 3981 2129 4020 FRATREM
2159 3978 2324 4023 ruuu,
2348 3962 2500 4015 veluti
2520 3969 2704 4015 contra
2728 3960 3017 4013 haereticos.
3052 3957 3265 4021 Audite,
3289 3959 3475 4029 inquit,

1882 4055 2036 4111 dictis
2059 4054 2249 4109 intenti
2274 4071 2287 4106 :
2319 4052 2419 4117 Qui
2448 4052 2755 4117 manducat,
2782 4051 2874 4115 ait,
2907 4064 3122 4104 carnem
3145 4064 3338 4103 meam.
3366 4048 3479 4102 Me-

1882 4154 2087 4211 mento,
2111 4144 2364 4214 quoniam
2395 4143 2462 4197 de
2490 4157 2655 4197 carne
2684 4149 2767 4195 est
2785 4140 2929 4208 quod
2968 4140 3182 4194 dicitur.
3211 4139 3479 4208 Numquid

1884 4252 1915 4290 a
1944 4252 2030 4291 me
2050 4236 2229 4290 carnis
2269 4249 2462 4288 nomen
2493 4232 2796 4302 appositum
2822 4240 2920 4293 est,
2953 4238 3011 4284 ut
3044 4246 3132 4284 me
3152 4231 3289 4283 male
3312 4231 3480 4284 inter-

1885 4329 2089 4399 pretari
2136 4326 2466 4395 querantur?
2512 4324 2614 4389 Qui
2660 4322 2965 4386 manducat,
3014 4321 3206 4390 inquit,
3258 4337 3478 4376 carnem

1886 4435 2082 4481 meam,
2114 4426 2170 4472 et
2210 4417 2345 4471 bibit
2391 4414 2704 4482 sanguinem
2751 4428 2952 4466 meum.
2980 4412 3249 4481 Numquid
3297 4414 3476 4481 quiet

175 4535 301 4576 tam
320 4559 337 4583 ,
368 4532 529 4587 quam
556 4526 784 4586 utroque
813 4514 1178 4577 confundens,
1210 4521 1619 4581 contemperare
1641 4530 1779 4582 prm-
1808 4515 1859 4574 1)
1882 4510 2017 4565 bibit
2043 4508 2355 4576 sanguinem
2385 4520 2585 4569 meum,
2608 4504 2661 4557 in
2682 4518 2769 4557 me
2788 4512 2990 4569 manet,
3022 4512 3077 4557 ct
3098 4518 3199 4572 ego
3229 4504 3283 4559 in
3316 4505 3419 4559 eo?

179 4610 392 4664 sumis?
419 4607 562 4676 Ergo
594 4606 827 4661 Verbum
862 4606 1003 4660 Deus
1044 4604 1251 4677 [Baluz.
1278 4602 1394 4673 Dei]
1424 4605 1774 4673 capessibiiis,

180 4700 273 4755 cui
305 4699 437 4752 nihil
460 4710 749 4752 commune
777 4697 830 4750 in
859 4695 1135 4750 occisione
1163 4709 1285 4747 cum
1308 4708 1489 4748 carne.
1531 4692 1611 4746 An
1634 4708 1664 4746 a
1692 4692 1780 4747 Ju-

182 4790 320 4844 daais
349 4790 402 4843 in
430 4789 754 4843 occisionem
796 4788 988 4842 ductus
1019 4787 1135 4841 est?
1166 4784 1236 4839 Ut
1263 4785 1391 4854 quid
1416 4785 1603 4848 etiam,
1636 4792 1776 4839 tem-

181 4879 394 4951 peratis
414 4878 525 4946 jam
559 4878 798 4946 utrisque
828 4877 1063 4941 naturis,
1096 4876 1389 4931 secundum
1421 4883 1506 4937 te,
1539 4874 1779 4944 Scriptu-

182 4988 307 5027 ram
348 4985 520 5039 nuper
547 4968 850 5022 audivimus
876 4969 943 5023 de
971 4969 1169 5023 virtute
1207 4967 1527 5023 sacramenti
1554 4983 1780 5021 narran-

181 5072 325 5126 tem,
354 5076 515 5129 quam
537 5060 795 5114 Dominus
824 5059 1041 5113 tradidit
1070 5058 1347 5127 discipulis
1373 5059 1516 5121 suis,
1558 5059 1778 5113 dicens:

182 5150 331 5217 Quia
356 5152 411 5203 in
438 5166 538 5223 qua
554 5159 704 5204 nocte
724 5148 1044 5213 tradebatur,
1076 5150 1332 5215 accipiens
1352 5164 1557 5218 panem,
1586 5151 1782 5218 gratias

178 5259 368 5315 agens,
401 5242 557 5313 [regit
586 5240 853 5311 discipulis
872 5240 979 5294 suis
1009 5239 1217 5292 dicens:
1246 5238 1480 5306 Accipite
1506 5248 1555 5291 et
1569 5240 1783 5292 mandu-

1955 4599 2042 4654 21.
2079 4598 2211 4652 Item
2236 4614 2301 4651 ea:
2326 4597 2432 4650 alio
2482 4604 2741 4660 tractatu,
2793 4596 3132 4665 quaternione
3178 4611 3321 4648 xxxr.
3367 4594 3482 4649 Hoc

1885 4700 2064 4747 autem
2126 4690 2266 4753 dico,
2312 4696 2373 4742 ut
2420 4686 2694 4751 noveritis,
2744 4700 2907 4754 quam
2955 4685 3391 4754 superexcellens
3426 4691 3483 4737 et

1885 4796 2091 4838 summa
2121 4778 2364 4851 quaedam
2412 4777 2634 4831 Deitatis
2681 4774 2992 4842 conjimctio
3022 4774 3286 4830 existebat
3316 4773 3479 4827 etiam

1886 4875 1942 4929 in
1971 4871 2172 4936 infante
2194 4871 2332 4940 ipso,
2365 4884 2487 4923 cum
2518 4867 2794 4922 Dominica
2826 4882 2953 4919 caro
2976 4866 3325 4934 conspicitur.
3351 4863 3482 4917 Erat

1887 4965 2031 5020 enim
2062 4964 2178 5032 ipse
2208 4970 2265 5016 et
2293 4962 2485 5025 infans,
2519 4967 2574 5014 et
2603 4958 2820 5012 infantis
2849 4958 3012 5029 ipsius
3042 4955 3316 5012 Dominus.
3342 4955 3481 5010 Lau—

1887 5054 2055 5110 dastis
2077 5069 2283 5118 vocem,
2309 5052 2401 5107 sed
2423 5051 2718 5106 indiscusse
2749 5050 2874 5103 nolo
2903 5048 3147 5114 faveatis,
3172 5048 3282 5103 dixi
3304 5048 3477 5103 enim:

1887 5152 2005 5221 Ipse
2032 5156 2148 5203 erat
2168 5146 2371 5211 infans,
2397 5154 2451 5199 et
2479 5142 2697 5197 infantis
2724 5142 3015 5197 habitator.

1960 5241 2094 5296 Item
2132 5256 2198 5293 ea:
2222 5238 2386 5292 altera
2419 5234 2622 5304 codice,
2653 5233 2986 5307 quater-itione
3014 5250 3076 5300 ιι,
3120 5231 3275 5286 veluti
3301 5240 3486 5285 contra

1363 5326 1912 5391 CASTIGATIONES
1952 5334 2036 5387 ET
2076 5330 2305 5387 NO'TJE.

262 5440 292 5466 ⁸⁸
323 5429 383 5482 Β.
418 5426 513 5481 Dei
538 5442 760 5496 namque
788 5433 998 5477 natura.

258 5500 291 5537 δ
314 5499 374 5552 Β.
400 5499 489 5553 hic
517 5492 696 5550 addit}
721 5495 851 5617 Slpes
892 5512 1067 5548 omnes
1096 5495 1190 5547 has
1211 5510 1325 5565 quia
1353 5492 1591 5548 omnibus
1618 5510 1651 5546 a
1674 5497 1791 5618 [or-

258 5571 394 5618 sima
421 5578 471 5618 et
500 5568 719 5618 beniano
794 5566 965 5618 omina
987 5564 1336 5618 aubernantur
1359 5564 1588 5618 Iwretici
1610 5565 1671 5617 de
1707 5566 1791 5618 ili-

188 5571 394 5625 tissimo
421 5578 471 5622 et
500 5568 719 5638 benigno
741 5564 965 5638 Domino
987 5564 1336 5638 gubernantur
1359 5564 1588 5618 [imretici
1610 5564 1793 5638 debili-

190 5649 307 5719 tant
326 5649 478 5763 aéqibte
500 5634 880 5693 convellunt.—
900 5634 1047 5689 lianc
1069 5635 1357 5706 pericopen
1386 5642 1608 5689 revocat
1628 5634 1792 5689 Baiu-

196 5725 327 5763 zms.
439 5727 511 5763 ιτ.

196 5725 327 5764 2108.
358 5725 511 5764 ωιτ.

1966 5436 1988 5463 α
2020 5423 2313 5478 Garnerius
2342 5429 2495 5492 putat
2523 5422 2807 5488 legendum
2836 5418 3188 5492 substantiam
3208 5436 3226 5471 :
3250 5418 3335 5473 cui
3363 5432 3489 5474 c0!)-
3554 5452 3575 5467 .

1890 5496 2114 5565 jecturac
2145 5488 2381 5565 nonnisi
2411 5492 2571 5547 dubie
2601 5492 2824 5565 assenlit
2850 5490 3114 5565 Balnzins.
3149 5488 3303 5565 Eutr.

1894 5558 1989 5688 ἑά
2022 5565 2204 5620 Baluz.
2261 5564 2378 5619 Una
2422 5570 2632 5634 propter
2678 5561 2983 5633 dignitatem
3029 5561 3160 5630 ejus,
3208 5558 3297 5632 qui
3365 5570 3472 5619 etc.

1913 5652 2048 5690 ‘Dl'l'.
