3960 6184
484 5434 499 5446 .
577 5398 707 5458 tem,
727 5399 826 5445 etc.
869 5389 1040 5444 Serm.
1084 5389 1135 5440 5.

551 279 658 335 905

1064 271 1254 328 ιιΑιιιι
1294 262 1731 324 MERCATORIS
1769 256 2339 318 TRANSLATIONES
2378 255 2749 313 VARIORUM
2788 250 3306 310 OPUSCULURL'M.
3646 262 3727 319 ωι

505 354 512 361 ’
551 393 777 447 Arianae
804 401 855 444 et
868 386 925 441 Μ
927 386 1293 441 acedonianos.
1320 382 1668 452 Ampliorem,
1690 378 1875 449 inquit,
1904 376 1960 429 in
1987 374 2143 429 Chri—
2167 378 2222 437 Α
2246 371 2450 442 Spiritu
2478 369 2576 423 Dei
2595 369 2748 439 ejicio
2772 365 3031 420 daemonia
3054 363 3201 433 (Luc.
3224 379 3293 428 xi,
3314 362 3418 433 20);
3436 365 3518 433 qui
3533 366 3629 436 ejus
3645 388 3733 429 car-

553 490 698 537 stum
718 480 962 548 iniuriam
991 476 1380 543 excogitantes,
1404 472 1663 542 Spiritum
1682 476 1927 523 sanctum
1955 480 1985 519 a
2005 464 2143 518 divi—

554 591 625 629 na
661 574 928 628 dissecant
957 578 1176 634 natura,
1209 570 1303 637 qui
1328 567 1443 636 ejus
1472 564 1859 620 humanitatem
1899 558 2146 629 ﬁguravit

555 670 611 722 in
634 675 790 721 utero
817 664 1050 731 Virginis
1077 680 1088 714 :
1121 659 1273 726 Quod
1309 662 1466 725 enim,
1497 658 1669 726 inquit
1696 655 1992 724 Scriptura,
2022 651 2146 705 inde

554 766 734 809 natum
770 763 875 816 est,
921 753 984 806 de
1015 752 1215 823 Spiritu
1256 760 1436 805 sancto
1464 757 1540 803 est
1570 746 1793 818 (Matth.
1819 761 1867 809 ι,
1897 743 2022 813 20);
2052 741 2146 811 qui

553 843 849 899 secundum
883 841 1143 911 justitiam
1183 840 1328 910 quod
1369 840 1653 907 ﬁguratum
1681 842 1765 889 est
1792 831 2144 888 reformavit:

560 934 899 1006 Manifestum
916 936 1074 999 enim,
1108 934 1297 1001 inquit,
1338 934 1393 985 in
1422 947 1594 995 carne,
1618 928 1969 1000 justiﬁcatum
1994 932 2072 978 est
2092 923 2149 977 in

557 1027 759 1097 Spiritu
790 1028 845 1098 (Ι
876 1027 1009 1081 Tim.
1036 1043 1118 1091 ιιι,
1152 1024 1272 1095 16);
1298 1025 1388 1093 qui
1413 1039 1535 1078 eum
1565 1020 1860 1076 terribilem
1888 1024 1942 1072 et
1962 1014 2148 1071 formi-

557 1117 790 1172 dabilem
818 1118 1151 1173 daemonibus
1204 1115 1435 1170 faciebat
1472 1132 1484 1166 :
1523 1112 1635 1183 Ego
1663 1111 1817 1171 enim,
1870 1106 2060 1174 inquit,
2092 1106 2148 1157 in

2248 477 2374 517 nem
2400 460 2661 530 templum
2686 467 2771 513 est
2796 457 3084 511 fabricatus
3107 473 3119 507 :
3153 455 3271 508 Vidi
3291 457 3415 508 enim
3438 455 3663 527 Spiritum,
3677 464 3734 519 in.

2248 555 2385 624 quit,
2409 552 2798 606 descendentem
2820 558 3083 621 tamquam
3127 547 3405 601 columbam
3436 558 3480 602 et
3514 563 3739 610 metientem

2248 662 2403 717 super
2428 660 2545 697 eum
2568 640 2748 713 (Joan.
2771 656 2817 706 ι,
2842 638 2963 711 52);
2986 639 3078 707 qui
3098 639 3147 692 ei
3174 638 3226 691 in
3246 638 3427 692 cmlum
3453 645 3739 701 ascensionem

2250 734 2471 790 donavit
2495 750 2507 786 :
2531 731 2854 802 Prwcipiens
2873 730 3032 794 enim,
3066 728 3238 796 inquit
3271 727 3538 797 Scriptura,
3557 736 3741 801 apostolis

2251 842 2376 898 quos
2404 825 2556 895 elegit
2584 840 2675 894 per
2702 822 2958 893 Spiritum
2988 827 3222 874 sanctum
3240 860 3253 882 .
3298 819 3502 873 elevatus
3533 823 3579 874 in
3609 825 3741 880 calum

2248 926 2326 971 est
2349 916 2484 987 (Act.
2508 931 2554 981 ι,
2577 913 2656 984 2).
2680 913 2797 979 Hic,
2824 912 3062 980 inquam,
3077 910 3323 979 Spiritus,
3346 910 3430 977 qui
3448 918 3542 963 tam
3559 928 3742 982 magnam

2251 1009 2478 1078 gloriam
2504 1006 2747 1072 donavit,
2780 1020 2901 1060 esse
2930 1004 2998 1058 ab
3025 1004 3110 1058 his
3137 1003 3385 1057 asseritur
3409 1018 3612 1067 servus,

565 1218 3741 1253 _________________________.___________—————————

1615 1301 2225 1376 COLLECTIO
2300 1297 2767 1379 TERTIA,

1363 1437 1833 1492 EXCERPTORUM
1869 1434 1951 1484 EX
1984 1431 2197 1482 VARUS
2230 1428 2527 1480 NES'l‘URll
2561 1426 3024 1488 TRACTATIBUS,

1408 1525 1486 1586 S.
1522 1521 1771 1601 Cyrillo
1806 1520 1877 1581 in
1902 1517 2083 1580 libris
2116 1514 2390 1594 quinque
2421 1509 3030 1574 Contradictionum.

636 1774 711 1829 De
732 1771 819 1827 his
838 1769 1073 1838 quinque
1094 1762 1265 1838 sancti
1285 1758 1469 1838 Cvr-illi
1484 1748 2162 1838 Contradictionumnlibri's
2192 1752 2237 1810 Β
2338 1753 2391 1800 5.
2432 1743 2573 1799 Misit
2596 1741 2759 1807 enim,
2786 1741 2972 1812 inquit,
3005 1738 3150 1794 Deus
3194 1738 3379 1793 Filium
3418 1753 3580 1804 suum,
3609 1738 3752 1795 factum

562 1818 1086 1901 ita-scribitjPl—ioliius
1106 1818 1259 1904 (Cod.
1286 1818 1412 1904 169)
1435 1847 1447 1881 :
1474 1828 1760 1904 Lectisunt
1781 1823 1952 1878 sancti
1973 1818 2156 1890 Cyrilli

562 1896 809 1969 adversus
850 1907 1083 1962 Nestorii
1116 1896 1477 1977 blasphemia:
1490 1897 1641 1977 “libri
1670 1896 1909 1977 quinque,
1941 1905 2156 1977 quorum

564 1962 1432 2055 primu—squidemcalumniarum
1480 1962 1715 2049 Nestorii
1763 1962 1936 2033 capita
1983 1962 2158 2055 decem

564 2038 785 2123 refellit;
809 2038 939 2103 alter
960 2046 1143 2123 deinde
1162 2042 1437 2123 tredecim;
1463 2040 1643 2123 tertius
1665 2050 1779 2089 vero
1803 2049 1921 2098 sex;
1943 2038 2158 2103 quartus

565 2112 782 2193 denique
808 2137 870 2173 ac
899 2120 1107 2190 quintus
1129 2112 1321 2184 singuli
1342 2119 1553 2181 septem,
1578 2116 1683 2161 etc.

1201 2264 1285 2319 Ea:
1328 2262 1458 2317 libro
1500 2276 1540 2315 ι.

638 2425 690 2479 1.
732 2423 905 2492 Saepe,
928 2419 1111 2492 inquit,
1146 2416 1267 2471 illos
1294 2412 1518 2482 rogavi:
1554 2409 1689 2463 Num
1725 2406 1993 2462 Deitatem
2022 2401 2157 2457 dici-

571 2517 640 2572 tis
685 2530 755 2570 ex
800 2519 986 2568 sancta
1031 2508 1251 2576 Virgine
1298 2504 1515 2559 natam?
1559 2501 1640 2555 Ad
1669 2500 1785 2554 haec
1810 2498 1977 2552 verba
2013 2494 2159 2549 illico

570 2606 839 2662 resiliunt.
868 2614 968 2658 etc.
1011 2599 1183 2655 Serm.
1214 2596 1266 2650 5.

636 2696 691 2750 2.
740 2695 868 2751 Vide
887 2692 1016 2761 quid
1052 2694 1443 2756 consequatur,
1476 2682 1747 2737 hmretice.
1790 2678 1907 2733 Non
1946 2676 2158 2732 invideo

566 2790 708 2845 hanc
732 2802 922 2842 vocem
949 2782 1147 2837 Christi
1183 2778 1428 2846 genitrici
1467 2775 1704 2843 Virgini,
1736 2781 1832 2827 etc.
1875 2771 2046 2826 Serm.
2091 2767 2150 2822 5.

640 2881 695 2933 5.
740 2877 826 2930 Ita
855 2885 903 2928 et
933 2871 1056 2926 alibi
1100 2870 1227 2924 dicit
1266 2866 1542 2921 :Locutus
1584 2872 1667 2918 est
1703 2862 1857 2916 nobis
1902 2862 1955 2914 in
2000 2860 2156 2925 Filio,

570 2984 734 3039 quem
779 2963 1060 3022 constituit
1104 2959 1372 3016 lneredem
1420 2957 1829 3018 universorum,
1865 2969 1964 3022 per
1999 2967 2157 3021 quem

570 3060 697 3115 fecit
742 3066 797 3113 et
839 3055 1074 3113 stccula:
1118 3052 1209 3123 qui
1253 3065 1376 3104 cum
1418 3048 1489 3104 sit
1516 3046 1770 3118 splendor
1803 3044 2024 3115 gloriae,
2057 3051 2155 3096 etc.

572 3152 742 3206 Serm.
787 3149 837 3202 7.

642 3240 695 3293 ι.
737 3240 795 3294 Si
836 3239 979 3292 Deus
1022 3244 1105 3291 est
1148 3232 1419 3298 Christus,
1466 3230 1663 3301 inquit,
1716 3236 1772 3282 et
1811 3225 2055 3281 Christus
2091 3240 2159 3301 θλ(

572 3332 729 3386 beata
767 3328 936 3382 Maria
966 3335 1047 3381 est
1071 3333 1223 3381 ortus
1245 3365 1261 3392 ,
1312 3339 1411 3379 cur
1447 3291 1612 3390 Virgo
1642 3334 1752 3375 non
1791 3318 1863 3374 sit
1884 3317 1979 3372 Dei
2005 3291 2158 3386 gem.-

574 3421 840 3475 trix?etc.
885 3418 1055 3472 Serm.
1099 3413 1150 3468 5.

647 3510 698 3565 5.
740 3511 816 3564 De
840 3510 999 3563 beato
1025 3505 1234 3561 Joanne
1272 3504 1513 3573 Baptista
1553 3500 1877 3572 praedicatur
1904 3512 1935 3552 a
1962 3496 2163 3552 sanctis

574 3602 797 3671 angelis,
827 3597 1155 3668 implendum
1182 3610 1301 3650 esse
1322 3594 1581 3649 infantem
1602 3592 1806 3662 Spiritu
1836 3589 2163 3656 sancto,ad-

573 3694 677 3748 huc
700 3701 959 3746 ex°utero
990 3688 1177 3743 matris
1204 3702 1333 3751 suae,
1365 3694 1463 3739 etc.
1506 3684 1674 3738 Serm.
1717 3680 1767 3735 5.

646 3782 699 3836 6.
741 3780 961 3836 Gaudeo
990 3779 1163 3845 enim,
1182 3778 1376 3848 inquit.
1405 3782 1640 3830 vestrum
1669 3771 1935 3841 aspiciens
1962 3770 2157 3834 zelum,

572 3882 676 3929 etc.
720 3873 891 3928 Serm.
933 3871 985 3924 5.

647 3964 697 4016 7.
740 3962 849 4016 Nos
892 3969 1072 4014 autem
1121 3964 1338 4028 oportet
1388 3954 1528 4023 quod
1578 3971 1722 4009 nunc
1764 3954 1895 4007 mihi
1932 3952 2079 4008 venit
2107 3952 2162 4006 in

575 4064 813 4109 mentem
844 4053 1124 4107 advertere
1148 4090 1162 4114 ,
1214 4050 1378 4103 etiam
1425 4046 1695 4100 Nieaenam
1735 4045 1997 4115 synodum
2035 4060 2162 4098 nus-

574 4164 736 4217 quam
784 4147 964 4202 dicere
1005 4160 1193 4199 ausam
1237 4145 1406 4197 Demn
1430 4157 1499 4196 ex
1537 4139 1703 4193 Maria
1746 4139 2007 4209 genitum,
2057 4146 2158 4190 etc.

576 4238 747 4293 Serm.
791 4238 842 4291 5.

647 4326 701 4379 8.
742 4326 923 4380 Secuti
952 4334 1078 4379 sunt
1105 4322 1520 4392 evangelistam;
1563 4335 1686 4373 nam
1722 4317 2049 4386 evangelista
2071 4317 2163 4372 ubi

577 4416 645 4469 ad
678 4414 1002 4467 narrandam
1045 4414 1481 4468 humanationem
1502 4410 1764 4479 pervenit,
1795 4408 1973 4463 dicere
1995 4421 2160 4476 gene-

578 4505 845 4560 rationem
875 4503 929 4556 in
956 4503 1067 4556 Deo
1083 4502 1263 4556 Verbo
1286 4502 1502 4566 vitavit,
1541 4515 1605 4554 ac
1624 4499 1801 4569 posuit
1829 4498 2159 4553 incarnatio-

577 4615 720 4665 nem,
755 4607 851 4651 etc.
895 4597 1065 4652 Serm.
1110 4597 1164 4651 5.

649 4689 701 4745 9.
744 4690 945 4744 Tamen
983 4687 1273 4741 Divinitate
1312 4693 1459 4740 certe
1504 4698 1623 4751 qua:
1664 4683 1837 4750 major
1880 4688 1963 4736 est
1990 4682 2163 4750 ipsum

578 4779 678 4837 Dei
696 4780 933 4835 Verbum
961 4777 1233 4834 recentius
1261 4789 1379 4829 esse
1403 4782 1690 4841 nugantur,
1718 4782 1815 4825 etc.
1858 4771 2029 4826 Serm.
2072 4771 2123 4824 5.

650 4871 738 4926 10.
778 4872 897 4925 Dixi
918 4870 1028 4939 jam
1054 4867 1282 4937 saepius:
1313 4864 1372 4921 Si
1402 4864 1523 4934 quis
1547 4865 1687 4918 inter
1718 4878 1811 4917 vos
1849 4862 2159 4931 simplicior,

574 4970 677 5019 etc.
717 4963 889 5020 Serm.
930 4960 981 5016 5.

1188 5069 1275 5124 Ex
1308 5070 1439 5124 libro
1473 5085 1510 5123 ιι

651 5208 703 5264 1.
742 5209 800 5264 Si
828 5208 930 5263 [ide
952 5206 1179 5276 simplici
1205 5206 1487 5275 Deiparam
1515 5205 1783 5273 proferres
1800 5242 1816 5269 ,
1848 5200 1993 5256 nulla
2019 5210 2161 5259 esset

576 5301 720 5371 apud
752 5313 839 5354 me
883 5297 1130 5353 dictionis
1175 5296 1403 5363 invidia,
1441 5294 1592 5350 verbi
1623 5308 1839 5348 sensum
1866 5293 2159 5363 exquiren-

1088 5385 1115 5414 κ

643 5483 699 5539 2.
740 5482 842 5537 Ubi
871 5482 1029 5550 igitur
1055 5496 1221 5537 sacras
1256 5480 1448 5534 litterae
1484 5477 1569 5533 vel
1596 5477 1933 5531 nativitatem
1959 5476 2158 5531 Christi

575 5574 643 5629 de
669 5574 824 5629 beata
842 5571 1061 5640 Virgine
1097 5577 1401 5641 exponunt,
1434 5583 1697 5637 nusquam
1720 5576 1932 5637 ponunt
1958 5567 2150 5626 Deum.

573 5667 666 5723 sed
700 5666 782 5721 vel
801 5662 1090 5730 Christum,
1123 5664 1206 5721 vel
1228 5663 1534 5728 Dominum,
1563 5668 1661 5715 etc.
1704 5659 1878 5715 Serm.
1917 5659 1973 5713 2.

2258 1849 2325 1892 ex
2346 1836 2588 1900 muliere,
2620 1832 2817 1888 factum
2840 1832 2939 1886 sub
2968 1831 3106 1899 lege,
3135 1838 3232 1883 etc.
3275 1829 3436 1884 Serm.
3473 1830 3520 1884 5.

2328 1924 2384 1979 4.
2423 1924 2530 1979 Sed
2550 1924 2689 1979 sicut
2717 1922 2945 1978 dicimus
2968 1922 3139 1976 Deum
3164 1921 3312 1975 illum
3335 1922 3550 1975 omnium
3567 1922 3752 1977 condito-

2256 2031 2391 2082 rem,
2420 2024 2476 2070 et
2502 2015 2670 2070 Deum
2698 2015 2873 2084 ipsum
2896 2012 3121 2079 Mosem,
3152 2021 3251 2066 etc.
3277 2011 3437 2067 Serm.
3474 2012 3521 2066 2.

2333 2105 2383 2162 5.
2423 2106 2518 2161 Dic
2541 2106 2610 2161 de
2629 2114 2939 2160 assumente
2966 2104 3112 2173 quod
3143 2103 3285 2158 Deus
3312 2105 3395 2167 sit,
3424 2114 3513 2157 etc.
3550 2104 3685 2158 Serm.
3712 2104 3751 2158 ἓ.

2330 2200 2382 2253 6.
2425 2199 2551 2254 [deo
2589 2197 2716 2253 volo
2760 2212 2859 2252 vos
2902 2203 3060 2251 caute
3118 2192 3439 2263 ﬁrmiterque
3476 2203 3654 2259 tenere,
3683 2205 3751 2247 ett.

2267 2290 2435 2348 Serm.
2467 2288 2522 2341 2.

2334 2385 2385 2438 7.
2426 2383 2517 2437 Illa
2579 2389 2727 2437 certe
2768 2379 3041 2449 Unigeniti
3082 2378 3397 2448 gloriﬁcatio
3437 2393 3757 2449 nonnumquam

2260 2474 2409 2530 Patri
2429 2474 2732 2539 ascribitur,
2763 2482 2858 2526 etc.
2887 2471 3057 2527 Serm.
3090 2470 3181 2525 10.

2330 2566 2384 2621 8.
2426 2565 2559 2620 Erat
2595 2564 2811 2634 quidem
2850 2563 2939 2617 ille
2978 2563 3121 2616 Deus
3168 2561 3396 2616 Verbum
3420 2598 3433 2623 ,
3478 2560 3613 2614 etiam
3643 2566 3754 2611 ante.

2260 2672 2420 2726 quam
2448 2656 2611 2711 homo
2653 2655 2825 2719 ﬁeret,
2866 2652 3031 2707 Filius
3075 2660 3131 2707 et
3173 2652 3340 2717 Deus,
3390 2658 3441 2705 et
3487 2650 3757 2706 consentiens

2262 2746 2425 2813 Patri,
2449 2758 2546 2801 etc.
2574 2745 2744 2800 Serm.
2775 2744 2828 2797 2.

2332 2836 2385 2892 9.
2427 2836 2500 2893 Ut
2526 2851 2657 2904 ergo
2685 2836 3086 2890 demonstretur
3118 2834 3252 2905 ipsis
3280 2847 3483 2902 quoque
3514 2831 3651 2899 magis
3671 2830 3758 2898 quis

2262 2929 2351 2985 hic
2378 2936 2461 2984 est
2491 2928 2558 2982 ab
2586 2927 2691 2982 illis
2710 2927 2984 2991 adoratus,
3011 2936 3108 2980 etc.
3136 2925 3309 2979 Serm.
3336 2924 3415 2976 ll.

2333 3019 2419 3074 10.
2460 3018 2647 3087 Neque
2673 3032 2805 3072 vero
2844 3017 3070 3086 simplex
3095 3017 3264 3071 homo
3285 3022 3365 3069 est
3399 3013 3625 3077 Christus,
3648 3028 3674 3061 η
3693 3024 3757 3063 ca-

2188 3121 2234 3182 C
2267 3113 2575 3178 lumniator,
2607 3110 2703 3167 sed
2730 3112 2893 3165 homo
2918 3110 3079 3165 simul
3100 3116 3157 3163 et
3180 3109 3340 3173 Deus,
3367 3117 3458 3160 etc.
3489 3105 3631 3160 Serm.
3656 3103 3695 3153 Ἰ.

2334 3205 2423 3259 11.
2462 3204 2709 3261 Veneror
2770 3202 2947 3272 ipsum
3000 3209 3070 3255 ut
3117 3196 3496 3269 omnipotentis
3537 3192 3761 3249 divinitatis

2263 3298 2572 3375 imaginem,
2603 3304 2700 3349 etc.
2726 3292 2897 3349 Serm.
2923 3291 2971 3345 7.

2334 3387 2422 3442 l2.
2462 3386 2581 3441 Non
2610 3393 2694 3441 est
2720 3400 2819 3455 per
2844 3398 2904 3439 se
2922 3383 3062 3437 Deus
3088 3381 3239 3451 quod
3267 3388 3351 3436 est
3376 3380 3428 3435 in
3453 3385 3588 3434 utero
3617 3374 3760 3429 furuu-

2261 3487 2394 3542 tum,
2425 3487 2523 3532 etc.
2550 3476 2721 3532 Serm.
2747 3475 2798 3529 7.

2338 3567 2422 3622 l5.
2464 3566 2572 3622 Sed
2620 3567 2710 3621 hic
2754 3564 3048 3619 secundum
3090 3577 3315 3617 carnem
3350 3566 3584 3629 cognatus
3618 3551 3754 3610 Israel.

2262 3668 2384 3722 etc.,
2416 3658 2504 3712 hic
2530 3655 2823 3712 secundum
2862 3661 3109 3708 naturam
3156 3652 3494 3722 spectabilem
3529 3649 3677 3706 homo.
3700 3642 3760 3695 hic
3856 3672 3857 3679 η

2258 3752 2413 3822 juxta
2459 3749 2610 3805 Pauli
2678 3762 2869 3804 vocem
2917 3754 3077 3800 natus
3138 3760 3208 3799 ex
3257 3744 3455 3798 semine
3500 3737 3656 3802 David,
3691 3748 3760 3788 etc.

2265 3840 2435 3896 Serm.
2467 3838 2522 3893 2.

2868 3903 2955 3958 Ex
2992 3903 3123 3958 libro
3163 3920 3241 3959 ιιι.

2335 4020 2385 4073 1.
2427 4020 2561 4075 Cum
2630 4017 2776 4073 enim
2837 4015 3060 4070 audiunt
3104 4029 3303 4068 nomen
3359 4008 3598 4080 apostoli,
3638 4005 3764 4073 ipsum

2264 4114 2431 4168 Deum
2460 4112 2683 4167 verbum
2712 4109 3014 4177 intelligunt
3043 4107 3366 4177 apostolum,
3395 4113 3485 4157 etc.
3512 4099 3656 4156 Serm.
3675 4102 3714 4150 6.

2335 4203 2389 4256 2.
2431 4201 2547 4256 Non
2573 4202 2794 4269 angelos
2830 4198 3212 4269 apprehendit,
3244 4198 3338 4253 sed
3364 4211 3535 4255 semen
3558 4191 3763 4246 Abraham

2264 4294 2640 4366 apprehendit,
2663 4304 2761 4347 etc.
2796 4291 2966 4347 Serm.
2996 4292 3029 4345 6
3856 4286 3857 4343 ι

2336 4388 2387 4441 5.
2430 4386 2628 4440 Semen
2673 4384 2943 4438 Abraham
2990 4383 3036 4437 is
3082 4388 3164 4436 est
3200 4382 3295 4450 qui
3341 4379 3453 4434 heri
3490 4386 3539 4432 et
3563 4374 3703 4433 hodie,
3728 4376 3766 4420 ut
3856 4400 3857 4403 η

2190 4494 2236 4552 υ
2266 4476 2462 4533 Paulus
2485 4476 2578 4543 ait,
2605 4491 2713 4531 non
2734 4476 2823 4544 qui
2848 4474 2983 4529 dixit
3007 4492 3019 4527 :
3068 4472 3224 4528 Prius
3255 4487 3415 4541 quam
3442 4469 3671 4523 Abraham
3701 4462 3766 4512 fte—

2222 4596 2225 4597 ν
2261 4576 2366 4635 ret,
2392 4580 2493 4635 ego
2514 4582 2653 4628 sum,
2685 4575 2783 4619 etc.
2818 4563 2989 4619 Serm.
3015 4563 3067 4616 6.

2328 4657 2381 4711 4.
2424 4655 2524 4711 Hic
2569 4655 2658 4709 ille
2704 4652 2877 4708 ﬁdelis
2919 4653 3032 4707 Deo
3060 4652 3230 4706 factus
3258 4646 3527 4720 pontifex,
3554 4644 3765 4697 factusest

2257 4750 2422 4815 enim,
2452 4764 2561 4803 non
2582 4747 2648 4801 ab
2675 4754 2880 4801 aeterno
2908 4755 3043 4811 erat,
3067 4756 3163 4798 etc.
3198 4743 3369 4798 Serm.
3401 4740 3449 4793 6.

2330 4839 2381 4895 5.
2422 4839 2557 4894 Cum
2579 4839 2742 4909 igitur
2766 4838 2912 4893 solus
2951 4837 3040 4890 hic
3076 4836 3233 4891 nobis
3263 4836 3333 4889 sit
3370 4829 3589 4903 pontifex
3613 4821 3766 4879 miseri-

2265 4948 2408 4998 cors,
2435 4939 2492 4985 et
2528 4939 2810 4998 cognatus,
2860 4936 2916 4983 et
2961 4928 3177 4993 firmus,
3208 4935 3397 4982 cavete
3416 4940 3482 4979 ne
3502 4924 3563 4977 ab
3586 4919 3680 4988 ejus
3699 4911 3768 4966 fuit

2264 5022 2664 5087 dimoveamini,
2697 5030 2794 5075 etc.
2822 5019 2991 5075 Serm.
3025 5019 3077 5073 6.

2335 5114 2387 5167 6.
2430 5111 2742 5167 Meministis
2767 5119 2945 5165 autem
2965 5124 3183 5179 prorsus
3207 5123 3394 5163 eorum
3422 5119 3533 5176 qua:
3554 5112 3671 5169 saepe
3691 5090 3767 5148 ἀὶιί
3856 5128 3857 5179 ξ

2264 5205 2438 5270 vobis,
2461 5219 2585 5259 cum
2610 5200 2744 5257 duas
2763 5201 2818 5255 in
2839 5200 3055 5256 Christo
3076 5208 3294 5255 naturas
3321 5198 3682 5264 distinguerem,
3702 5195 3769 5237 αι’-

2264 5295 2435 5351 Serm.
2467 5293 2521 5349 2.

2889 5362 2976 5418 Ea;
3011 5362 3141 5418 libro
3171 5379 3238 5417 tv.

2335 5476 2387 5530 1.
2428 5476 2571 5531 Deus
2606 5475 2842 5531 Verbum
2885 5473 3085 5529 factum
3121 5448 3211 5528 est»
3230 5487 3375 5535 caro,
3416 5476 3468 5524 et
3503 5456 3771 5520 habitavitm

2262 5567 2441 5622 nobis.
2467 5566 2663 5621 Secum
2682 5565 2966 5622 considere
2986 5564 3111 5622 fecit
3130 5564 3290 5619 Pater
3310 5566 3615 5631 assumptam
3634 5552 3773 5605 ιιιιηιλ-
3856 5574 3857 5631 1

2263 5659 2507 5728 nitatem,
2534 5668 2634 5715 etc.
2664 5657 2836 5714 Serm.
2862 5658 2913 5713 5.
