3978 6188
221 289 325 347 905

716 278 1097 342 COLLEC'I‘iO
1134 281 1413 353 QUARTA
1457 280 1971 342 εςοειιρτοιιυιι
2017 278 2106 339 EX
2142 276 2621 338 ’tTtACTA'I‘IBUS
2656 272 2992 334 NiiSTOfiIl.

3398 270 3503 332 εοο

285 401 340 455 2.
382 400 556 470 Atque
583 399 979 468 cooperationis
1005 398 1161 468 hujus
1181 396 1401 453 evidens
1419 405 1504 453 est
1522 411 1807 467 argumcn-
1838 403 1888 460 Α
1983 397 2037 453 2.
2070 398 2207 453 Audi
2228 398 2392 453 etiam
2420 396 2563 453 aliud
2586 396 2824 467 ipsorum
2861 389 3247 449 testimonium.
3276 391 3334 446 Si
3358 392 3501 447 enim

220 505 362 563 tum,
394 502 491 549 etc.
517 492 690 548 Serm.
720 490 806 546 10.

288 588 343 641 5.
382 583 660 653 Majorem,
691 582 885 654 inquit,
917 582 968 636 in
1010 583 1185 651 ipsum
1216 590 1489 638 struentes
1532 581 1808 651 injuriam,

217 685 273 731 et
299 675 545 746 spiritum
574 688 604 727 a
633 673 812 728 divina
837 684 1030 727 natura
1059 679 1406 742 separantes,
1437 672 1531 742 qui
1562 672 1813 726 Immanis

216 776 384 822 tatem
412 765 529 835 ejus
557 763 835 828 formavit,
864 774 961 817 etc.
987 762 1158 819 Serm.
1190 764 1242 818 5.

285 857 341 911 4.
384 857 485 924 Qui
526 856 815 911 manducat
861 872 1035 912 meam
1084 873 1324 920 carnem,
1365 864 1418 912 et
1448 858 1585 913 bibit
1630 874 1814 913 meum

213 948 551 1018 sanguinem,
585 949 639 1003 in
667 963 753 1003 me
781 956 991 1013 manet,
1021 956 1076 1003 et
1103 963 1204 1017 ego
1234 950 1286 1003 in
1311 966 1396 1015 eo,
1429 961 1526 1003 etc.
1557 950 1728 1005 Serm.
1760 950 1811 1003 9.

286 1036 341 1093 5.
384 1038 568 1095 Dicam
598 1039 759 1094 etiam
789 1040 931 1094 illius
957 1039 1193 1095 scandali
1214 1042 1397 1107 verba,
1422 1052 1518 1095 etc.
1554 1042 1726 1097 Serm.
1758 1040 1809 1094 9.

286 1127 340 1183 ti,
382 1130 516 1184 Audi
549 1132 711 1185 etiam
753 1132 856 1185 hoc
898 1147 1116 1198 nomen,
1150 1133 1397 1199 Domine,
1431 1130 1719 1205 aliquando
1748 1134 1815 1190 de

216 1216 558 1277 humanitate
579 1218 797 1287 Christi,
822 1216 1111 1293 aliquando
1140 1223 1207 1278 de
1236 1218 1526 1280 Divinitate
1550 1224 1687 1295 ejus,
1718 1226 1817 1279 ali-

212 1311 433 1383 quando
462 1311 528 1365 de
550 1321 779 1383 utroque
804 1314 1057 1383 positum,
1080 1323 1176 1367 etc.
1204 1314 1374 1369 Serm.
1399 1314 1453 1368 2.

290 1404 341 1455 7.
356 1401 465 1457 Cur
474 1410 652 1456 autem
665 1403 847 1469 etiam,
865 1411 921 1458 ut
934 1404 1092 1473 paulo
1103 1413 1227 1459 ante
1238 1405 1605 1469 audiebamus,
1621 1407 1664 1462 si
1678 1416 1818 1463 utra-

210 1501 409 1564 que,ut
421 1502 475 1546 tu
488 1493 743 1561 opinaris,
760 1495 1049 1549 commixta
1064 1497 1471 1561 sunt,Dominus
1485 1506 1815 1561 noster,cum

211 1586 456 1658 mysterii
485 1586 594 1640 vim
609 1585 884 1657 discipulis
904 1587 1160 1652 traderet,
1178 1589 1254 1643 sic
1265 1587 1412 1657 dicit,
1437 1599 1533 1644 etc.
1555 1589 1725 1645 Serm.
1757 1590 1811 1645 8.

854 1677 938 1733 Et
963 1678 1094 1733 libro
1128 1696 1178 1733 v.

1915 492 2313 559 Cognovissent,
2345 505 2637 560 numquam
2664 488 2950 544 Dominum
2991 486 3176 556 gloria:
3218 484 3506 541 cruciﬁxis-

1914 591 2054 646 sent,
2081 592 2178 637 etc.
2205 582 2376 637 Serm.
2401 578 2451 637 5.

1987 674 2040 727 ’5.
2074 672 2228 740 Quod
2250 690 2377 729 cum
2406 676 2508 729 sim
2536 674 2632 730 Dei
2654 674 2855 737 forma,
2888 672 3028 729 servi
3059 671 3287 727 formam
3328 671 3505 737 indui;

1914 764 2061 835 quod
2090 781 2211 820 cum
2259 767 2357 820 sim
2406 766 2551 820 Deus
2594 766 2857 830 Verbum,
2901 766 2953 820 in
2984 781 3145 821 carne
3172 765 3508 835 conspicior;

1915 855 2058 927 quod
2088 871 2210 911 cum
2238 858 2603 913 universitatis
2628 858 2727 913 sim
2756 858 3029 919 Dominus,
3062 873 3347 927 personam
3377 871 3509 927 pau-

1916 948 2060 1016 peris
2082 956 2306 1018 propter
2326 964 2422 1002 vos
2444 948 2619 1013 indui;
2643 948 2787 1020 quod
2809 964 2929 1002 cum
2952 949 3183 1003 esuriam
3207 949 3508 1013 visibiliter,

1916 1040 2278 1095 esurientibus
2304 1042 2481 1097 cibum
2505 1041 2873 1096 subministro.
2912 1039 3082 1093 Serm.
3119 1036 3168 1092 5.

1988 1130 2041 1185 4.
2072 1128 2327 1187 Libenter
2348 1128 2453 1187 hoc
2482 1133 2600 1187 loco
2622 1133 2903 1187 haereticos
2924 1132 3267 1199 interrogem,
3299 1132 3389 1201 qui
3418 1131 3507 1184 Di-

1916 1224 2155 1280 vinitatis
2173 1223 2629 1294 humanitatisque
2648 1231 2893 1278 naturam
2914 1222 2969 1277 in
2990 1236 3148 1277 unam
3166 1221 3509 1277 commiscent

1918 1318 2235 1382 essentiam,
2268 1318 2516 1387 quisnam
2550 1318 2620 1372 sit
2650 1318 2743 1388 qui
2784 1333 2926 1372 nunc
2955 1332 2984 1371 a
3016 1314 3291 1387 proditore
3318 1315 3509 1371 Iudaeis

1916 1408 2167 1473 traditur,
2199 1418 2296 1463 etc.
2327 1408 2499 1463 Serm.
2532 1407 2585 1462 8.

1992 1497 2042 1553 5.
2076 1499 2173 1555 Ilic
2196 1500 2302 1567 ille,
2328 1501 2414 1556 cui
2435 1501 2621 1571 spinea
2642 1515 2841 1556 corona
2865 1499 3244 1571 circumposita
3267 1499 3383 1560 fuit,
3411 1509 3507 1555 etc.

1920 1590 2090 1649 Serm.
2127 1594 2158 1645 ~7

1991 1682 2042 1736 6.
2076 1682 2200 1737 Ideo
2228 1684 2294 1739 de
2322 1684 2521 1739 nostris
2552 1682 2656 1738 illis
2682 1682 2931 1752 primitiis
2959 1696 3081 1737 cum
3108 1691 3294 1749 ageret
3322 1681 3509 1736 beatus

288 1767 339 1820 I.
371 1767 528 1835 Quod
572 1768 625 1823 in
655 1769 937 1824 nativitate
973 1785 1041 1824 ex
1070 1768 1270 1825 Christi
1307 1772 1567 1839 genitrice
1597 1771 1813 1841 Virgine
1844 1769 1890 1828 B
1918 1774 2127 1842 Petrus,
2155 1784 2213 1832 et
2240 1778 2623 1832 cxaltatioucm
2653 1776 2873 1830 visibilis
2892 1783 3097 1829 natura:
3128 1775 3177 1829 vi
3208 1774 3509 1828 Divinitatis

209 1857 398 1913 divina
445 1858 721 1929 Scriptura
770 1867 936 1930 ponat
984 1859 1102 1914 Filii
1150 1876 1368 1926 nomen,
1398 1862 1809 1920 declaravimus.

213 1950 357 2004 Audi
382 1950 494 2019 jam
521 1959 577 2006 et
601 1952 655 2006 in
689 1960 894 2016 morte,
923 1951 1093 2007 sicubi
1125 1952 1340 2007 tandem
1376 1953 1471 2009 Dei
1502 1970 1701 2010 nomen
1732 1964 1816 2011 est

211 2043 473 2111 positum,
507 2051 565 2098 ut
592 2044 903 2114 passibilem
945 2045 1115 2099 Deum
1163 2043 1518 2100 inducamus:
1548 2045 1684 2101 Cum
1712 2048 1815 2102 ini-

211 2135 343 2190 mici
368 2150 624 2203 essemus,
644 2137 834 2208 inquit,
860 2136 1197 2193 reconciliati
1219 2154 1402 2194 sumus
1421 2139 1533 2196 Deo
1552 2156 1651 2211 per
1675 2156 1816 2198 mor-

209 2233 329 2279 tem
356 2225 450 2281 Dei
475 2226 661 2306 Verbi.
698 2227 868 2284 Serm.
900 2225 955 2280 2.

396 2326 533 2334 ———.———

225 2322 393 2331 σι’-η..

540 2326 752 2334 -ο--ο

1305 2402 1899 2481 COLLECTIO
1974 2408 2427 2497 QUARTA

1918 1868 2117 1924 factam
2143 1878 2441 1933 enarraret,
2465 1881 2561 1923 etc.
2598 1869 2767 1923 Serm.
2802 1867 2853 1922 7.

1991 1958 2043 2014 7.
2075 1958 2340 2027 Quoniam
2378 1976 2508 2014 vero
2544 1959 2587 2016 si
2619 1958 2915 2014 dixissent:
2949 1956 3229 2014 Credimus
3261 1956 3313 2012 in
3343 1973 3508 2011 unum

1919 2052 2091 2107 Deum
2120 2051 2380 2115 Verbum;
2415 2051 2647 2105 futurum
2676 2060 2796 2106 erat
2826 2060 2886 2105 ut
2913 2067 3061 2106 mors
3088 2050 3280 2106 divina:
3304 2058 3509 2105 natura:

1921 2145 2267 2211 tribueretur,
2293 2154 2389 2198 etc.
2422 2144 2591 2199 Serm.
2615 2142 2667 2197 5.

852 2531 1179 2584 DIC'I'ORUM
1216 2532 1515 2585 NESTORII
1545 2533 1841 2588 DIVERSIS
1874 2536 1958 2588 EX
1990 2530 2430 2588 ΤιιΑεΤΑΤιΒυε
2464 2534 2606 2587 διγε
2642 2534 2873 2595 ιιιιῐιις,

1133 2645 1284 2720 ane
1320 2646 1388 2707 in
1429 2646 1497 2707 S.
1538 2644 1766 2727 συνηιί
1796 2644 2106 2728 Operibus
2141 2663 2360 2727 sparsa
2393 2653 2565 2706 sunt.

206 2850 299 2911 Ea:
329 2855 457 2913 libro
485 2857 547 2911 de
576 2854 735 2912 Recta
774 2852 904 2912 Fide
932 2857 1002 2911 ad
1041 2856 1385 2912 Theodosium
1420 2857 1802 2929 imperatorem.

1984 2856 2258 2911 Attat/tem.
2292 2852 2345 2906 7.
2375 2850 2704 2907 Communes
2731 2844 2875 2902 enim
2900 2840 3178 2899 Trinrtatis
3204 2855 3327 2899 sunt
3367 2856 3418 2914 ο,
3439 2857 3499 2897 o-

1921 2951 2178 3014 rationes,
2201 2957 2297 3001 etc.
2334 2944 2504 3001 Serm.
2532 2940 2616 2996 I0.

284 2988 383 3094 mf
407 2988 667 3093 Siquiqem
701 2988 814 3059 (qui
844 3006 911 3045 ex
941 2989 1053 3044 Deo
1075 2989 1257 3056 natus)
1285 3004 1444 3094 "5"‘5
1473 2997 1527 3044 et
1547 2989 1808 3045 "minus
1834 3006 1885 3073 ε
1922 2988 2699 3093 ⁸Ἦὲἓῆῖέιιζιῖνέῖέξιιίὶίρᾘιυι·
2726 3030 2776 3084 in
2807 3028 3023 3083 homine
3049 3030 3247 3094 Deum;
3278 3027 3504 3082 Colintus

204 3090 297 3136 est
340 3081 508 3147 filius;
558 3081 646 3136 ille
677 3097 805 3136 vero
837 3082 957 3153 (qui
1000 3096 1067 3136 ex
1114 3080 1361 3151 Virgine)
1408 3083 1683 3152 :cquivoec
1713 3083 1805 3138 Dei

204 3172 382 3227 Filius
407 3172 621 3227 dicitur.
649 3172 717 3226 Et
745 3174 899 3245 paulo
926 3182 1043 3245 post
1065 3175 1251 3229 iterum
1276 3190 1293 3228 :
1323 3173 1518 3244 Utique
1550 3174 1643 3229 Dei
1670 3175 1809 3229 Ver-

202 3264 340 3319 bum
369 3280 477 3318 non
504 3272 588 3319 est
608 3264 791 3328 homo,
823 3265 916 3321 sed
940 3266 1212 3321 hominem
1233 3268 1543 3338 assumpsit,
1569 3266 1811 3338 quando~

201 3358 431 3430 quidem
461 3359 764 3427 unigenitus
784 3358 897 3428 jam
922 3359 1044 3415 inde
1065 3360 1133 3414 ab
1159 3360 1312 3414 initio
1342 3376 1441 3430 per
1462 3375 1540 3426 se,
1569 3360 1663 3415 Dei
1692 3375 1810 3414 om-

201 3453 363 3505 nium
387 3450 594 3529 opilicis
616 3450 780 3505 Filius
800 3460 911 3516 est;
942 3452 1104 3505 homo
1134 3459 1334 3513 autem,
1364 3466 1525 3521 quem
1551 3452 1806 3522 suscepit,

204 3558 339 3596 cum
368 3550 561 3597 natura
591 3542 732 3596 Deus
758 3560 864 3597 non
892 3544 979 3607 sit,
1011 3551 1234 3613 propter
1259 3558 1381 3597 eum
1411 3559 1441 3596 a
1472 3558 1580 3613 quo
1602 3559 1809 3598 assum—

204 3642 341 3703 ptus
371 3640 481 3696 est,
514 3634 605 3703 qui
637 3650 796 3688 verus
827 3634 918 3688 Dei
949 3631 1115 3689 Filius
1153 3640 1263 3694 est,
1310 3633 1501 3689 eodem
1540 3650 1659 3688 cum
1692 3635 1808 3704 ipso

204 3725 434 3779 nomine
464 3723 793 3794 appellatur;
832 3725 973 3779 istud
1004 3741 1132 3779 vero
1176 3744 1188 3778 :
1238 3724 1409 3781 Nemo
1446 3728 1583 3779 norit
1612 3725 1658 3778 F
1664 3727 1809 3780 ilium

202 3818 315 3870 nisi
346 3815 526 3878 Pater,
577 3832 759 3870 verum
805 3826 860 3871 et
906 3819 1203 3873 naturalem
1253 3818 1347 3872 Dei
1395 3817 1569 3872 Patris
1614 3817 1810 3871 Filium

204 3908 482 3973 ostendit;
516 3904 646 3961 illud
671 3924 800 3964 vero
827 3908 1093 3964 Gabriclis
1120 3928 1131 3962 :
1157 3908 1243 3964 Ne
1266 3912 1465 3976 timeas,
1495 3908 1690 3975 Maria,
1723 3911 1807 3963 in-

202 4002 398 4055 renisti
428 4004 567 4055 enim
594 4005 819 4073 gratiam
848 4003 987 4073 apud
1020 4003 1185 4057 Deum
1210 4014 1300 4057 :et
1325 4020 1441 4057 ecce
1466 4004 1724 4074 concipies
1754 4005 1808 4057 in

200 4103 379 4159 utero,
413 4103 463 4147 et
490 4096 660 4164 paries
689 4094 902 4161 Filium,
937 4105 986 4149 et
1027 4095 1228 4151 vocabis
1258 4113 1441 4151 nomen
1464 4097 1575 4167 ejus
1606 4095 1805 4161 Iesum,

200 4184 267 4240 in
299 4185 573 4239 hominem
600 4184 845 4254 quadrat.
882 4184 1032 4241 Serm
1062 4187 1115 4241 5.

299 4319 391 4373 Ea:
418 4322 637 4392 epistola
666 4322 733 4375 ad
761 4339 879 4378 suos
906 4322 1354 4396 Constantiiwpoli
1390 4326 1711 4380 constitutos.

287 4431 483 4502 Populi
511 4449 635 4502 erga
659 4450 744 4488 me
765 4434 999 4489 studium
1022 4452 1126 4491 non
1151 4438 1293 4506 vulgi
1315 4439 1808 4504 acclamationibus,

203 4532 309 4578 etc.
348 4521 521 4577 Serm.
543 4522 593 4575 ‘2.
1156 4538 1161 4539 ί

353 4659 444 4714 Ea:
471 4662 802 4731 responsione
838 4661 907 4714 ad
945 4660 1256 4731 objectiones
1291 4662 1659 4718 Orientalium.

279 4776 560 4830 Anathem.
606 4774 657 4829 l.
694 4774 1026 4844 Interrogavi
1071 4792 1213 4847 saepe
1258 4793 1353 4832 eos
1400 4796 1413 4829 :
1461 4779 1807 4834 Divinitatem

191 4887 267 4928 ma
283 4879 395 4924 tam
424 4867 601 4923 dicitis
629 4883 659 4922 e
684 4868 843 4923 beata
871 4867 1122 4936 Virgine?
1144 4877 1241 4921 etc.
1270 4867 1440 4923 Serm.
1478 4869 1526 4921 7.

274 4959 557 5013 Auct/tem.
590 4960 644 5014 5.
676 4958 792 5015 IIoc
829 4961 1026 5015 sentite
1057 4961 1109 5015 in
1139 4960 1293 5015 vobis
1317 4959 1462 5028 quod
1502 4960 1553 5015 in
1590 4959 1811 5016 Christo

198 5049 322 5107 issu
351 5091 365 5114 ,
397 5050 486 5118 qui
519 5050 572 5105 in
602 5051 773 5106 forma
802 5050 895 5105 Dei
931 5051 1196 5116 existens,
1227 5052 1461 5120 seipsum
1487 5050 1799 5115 exinanivit,

193 5152 295 5197 etc.
334 5139 506 5197 Serm.
548 5142 599 5194 7.

269 5230 344 5285 In
378 5234 543 5286 altera
583 5234 785 5302 exegesi
809 5232 1018 5303 (ΗΜΛ).
1054 5231 1123 5287 Ut
1151 5233 1203 5287 in
1234 5231 1451 5286 nomine
1484 5228 1611 5285 Jesu
1638 5246 1799 5285 omne

197 5337 351 5397 ἔξω]
377 5322 645 5390 ﬂectatur,
676 5335 771 5379 etc.
808 5325 977 5380 Serm.
1011 5325 1062 5377 7.

275 5414 346 5469 In
385 5418 552 5470 altera
583 5415 792 5487 (Ibid).
827 5416 919 5470 Dic
951 5417 1019 5471 de
1046 5433 1113 5471 eo
1141 5416 1233 5488 qui
1262 5414 1525 5485 suscepit,
1554 5416 1700 5484 quod
1734 5417 1806 5471 sit

196 5508 371 5574 Deus,
404 5517 498 5562 etc.
536 5509 706 5564 Serm.
742 5510 796 5563 ‘2.

276 5601 552 5657 Anatlrem.
588 5602 639 5654 4.
674 5599 743 5656 Ut
771 5611 951 5657 autem
974 5602 1149 5672 ipsum
1170 5605 1503 5657 manifestius
1529 5602 1722 5667 dicam,
1749 5611 1805 5656 et

194 5704 285 5753 tta
310 5704 373 5751 ut
400 5709 589 5752 names
608 5693 817 5751 facilius
842 5696 1078 5767 capiant,
1111 5704 1208 5751 etc.
1243 5696 1413 5751 Serm.
1447 5692 1496 5748 5.

498 5790 770 5851 Ρηηοι.
822 5788 1097 5849 XLVIII.

1910 3130 2090 3187 divina
2112 3126 2491 3196 conjunctione
2508 3120 2907 3178 eoadorandum
2931 3120 3220 3173 hominem.
3248 3118 3417 3173 Serm.
3446 3116 3483 3169 2

1987 3220 2265 3275 Anathcm.
2301 3216 2384 3270 l0.
2420 3214 2613 3269 Missm
2645 3220 2727 3267 est
2762 3210 2829 3267 ad
2855 3210 3252 3282 pnudicandum
3279 3209 3504 3279 captivis

1898 3312 2310 3374 «emissionem,
2343 3317 2441 3362 etc.
2476 3307 2645 3361 Serm.
2677 3304 2729 3357 6.

1987 3402 2262 3455 Attat/tem.
2284 3399 2306 3453 I
2325 3400 2338 3451 I
2357 3440 2368 3452 .
2389 3396 2582 3451 Audite
2598 3395 2933 3450 attendentes
2952 3393 3137 3458 verba,
3152 3401 3248 3446 etc.
3266 3390 3435 3446 Serm.
3451 3386 3503 3442 9.

2022 3537 2110 3594 Ea:
2146 3540 2477 3611 responsione
2514 3540 2585 3593 ad
2620 3541 3040 3612 reprehensiones
3076 3542 3399 3599 Theodoreti.

1985 3677 2257 3730 Attat/tem.
2278 3676 2328 3729 (ὅ.
2358 3676 2533 3746 Atque
2554 3678 2689 3732 adeo
2714 3694 2899 3747 passus
2920 3680 3156 3749 pontifex
3182 3680 3509 3742 misericors,

1914 3784 2021 3823 non
2053 3763 2355 3823 vivifieator
2383 3762 2498 3838 ejus
2526 3785 2715 3839 passus
2744 3779 2825 3823 est
2854 3771 3010 3825 Deus.
3036 3771 3098 3824 Et
3122 3771 3287 3825 Deum
3308 3770 3508 3839 Christi

1917 3858 2153 3914 Verbum
2185 3859 2278 3912 Dei
2300 3859 2679 3922 nominaverit,
2712 3859 2899 3927 hisque
2928 3859 3187 3928 adjecerit
3215 3877 3227 3913 :
3264 3859 3390 3914 Iirat
3419 3878 3511 3915 au-

1913 3958 2023 4005 tem
2052 3959 2107 4005 et
2137 3951 2251 4020 ipse
2283 3950 2475 4015 infans,
2508 3957 2563 4004 et
2594 3950 2813 4005 infantis
2850 3951 3126 4004 Iimniuus.

1988 4043 2266 4097 Anatlrem.
2294 4043 2346 4096 ‘J.
2372 4041 2421 4097 Is
2441 4043 2532 4113 qui
2558 4050 2759 4097 tantam
2780 4042 2996 4097 Christo
3016 4041 3242 4112 gloriam
3263 4043 3511 4108 contulit,

1913 4135 2007 4205 qui
2037 4150 2160 4189 eum
2199 4134 2534 4189 daemonibus
2578 4133 2703 4189 fecit
2755 4133 3077 4199 terribilem,
3110 4132 3437 4203 donavitque
3462 4133 3512 4190 ei

1916 4225 1984 4279 ad
2004 4220 2174 4281 cmios
2200 4226 2596 4281 ascensionem.

1988 4317 2262 4370 Anathem.
2292 4316 2374 4369 IO.
2409 4316 2515 4371 Iste
2539 4315 2707 4369 lidelis
2736 4315 2846 4369 Deo
2878 4313 3049 4369 factus
3072 4314 3332 4385 pontifex,
3356 4327 3453 4370 etc.

2130 4452 2218 4506 Ea:
2253 4452 2469 4525 epistola
2504 4451 2577 4505 ad
2611 4451 2857 4513 Acacium
2888 4450 3397 4509 Melitenenscmru-

1988 4586 2157 4640 Deum
2188 4602 2256 4640 ex
2277 4584 2609 4656 Christipara
2635 4585 2853 4653 Virgine
2875 4587 3223 4656 processisse,
3246 4603 3310 4643 ex
3336 4588 3511 4643 divina

1915 4678 2196 4749 Scriptura
2233 4677 2457 4734 edoctus
2485 4693 2601 4733 sum
2629 4695 2641 4730 :
2676 4686 2731 4731 at
2758 4693 2888 4732 vero
2926 4677 3095 4732 Deum
3126 4695 3192 4733 ex
3220 4679 3333 4750 ipsa
3367 4681 3513 4748 geni-

1916 4775 2030 4821 tum
2059 4782 2207 4831 esse,
2240 4767 2295 4823 id
2321 4782 2584 4837 nusquam
2624 4765 2846 4822 edoctus
2882 4782 3020 4822 sum.
3054 4764 3323 4838 Nusquam
3354 4770 3513 4838 igitur

1915 4858 2096 4913 divina
2126 4858 2405 4929 Scriptura
2444 4859 2612 4912 Deum
2652 4874 2717 4913 ex
2761 4857 3093 4928 Christipara
3126 4858 3340 4928 Virgine
3368 4863 3510 4925 geni—

1913 4957 2032 5003 tum
2064 4965 2183 5005 esse
2211 4949 2369 5014 dicit,
2401 4949 2496 5003 sed
2520 4948 2701 5003 Jesum
2733 4948 3036 5013 Christum,
3082 4948 3296 5012 Filium,
3330 4951 3510 5007 [toan-

1920 5059 2068 5097 num.

1990 5135 2285 5206 Propterea
2309 5136 2472 5191 etiam
2497 5136 2639 5191 Deus
2662 5135 2896 5189 Verbum
2919 5134 3227 5191 nominatur
3247 5131 3511 5203 Christus,

1912 5230 2038 5300 quia
2068 5238 2388 5300 perpetuam
2428 5243 2552 5284 cum
2591 5226 2809 5283 Christo
2848 5226 3285 5296 conjunctionem
3330 5229 3512 5284 habet.

1912 5323 2248 5380 Inconl‘usam
2286 5324 2469 5394 itaque
2510 5329 2823 5377 naturarum
2869 5322 3120 5391 copulam
3165 5322 3514 5384 retineamus,

1910 5426 2006 5470 etc.
2044 5414 2203 5488 (Ibid.
2214 5418 2231 5486 )
3510 5399 3523 5412 '

1984 5506 2358 5576 Inseparabilis
2405 5514 2487 5561 est
2533 5505 2675 5561 Deus
2724 5521 2755 5558 a
2803 5503 3018 5561 visibili.
3052 5501 3204 5558 Unde
3251 5505 3512 5559 honorem

1911 5599 2045 5669 ejus,
2076 5600 2167 5671 qui
2195 5615 2305 5656 non
2327 5606 2629 5670 separatur,
2656 5614 2765 5653 non
2790 5613 3016 5670 separo:
3046 5612 3241 5667 separo
3270 5606 3512 5665 naturas.

1911 5692 2004 5748 sed
2034 5692 2303 5762 conjungo
2333 5691 2707 5747 adorationem
2739 5690 2933 5762 (Serm.
2967 5687 3016 5757 7,
3041 5689 3216 5756 ibid.).

3152 5779 3231 5837 99
