3978 6188
275 288 383 347 909

276 378 2108 403 ΜΨ*

1176 279 1491 343 NESTORII
1535 278 2121 340 BLASPHEMIABUM
2162 275 2505 337 CAPITULA
2549 274 2664 333 XII.

620 456 1178 539 NESTORII
1252 450 2282 540 BLASPHEMIARUM
2356 447 2941 533 CAPITULA
3018 448 3236 532 XII.

3461 276 3567 335 9l0

3377 374 3532 390 h—

279 588 525 666 Quibus
549 588 783 649 litteris
817 589 900 649 ad
944 607 1005 649 se
1052 588 1254 650 missis
1305 609 1344 648 a
1387 588 1622 649 sanctis
1664 587 1995 649 Calatino
2036 589 2329 648 Romana:
2361 584 2541 647 urbis
2576 586 2892 666 episcopo,
2924 594 2979 645 et
3011 586 3251 666 Cyrillo
3299 587 3571 649 Alexan-

360 668 548 750 drino
577 668 984 750 contradicit,
1013 677 1067 728 et
1099 667 1646 750 disputationibus
1673 667 2051 730 brevissimi:
2085 666 2540 746 respondendo,
2585 665 2908 727 duodecim
2934 665 3211 745 capitula
3239 667 3406 746 ﬁdei,
3439 686 3571 750 qua!

361 748 444 810 ad
475 767 536 809 se
570 749 759 809 missa
792 748 1065 826 fuerant.
1096 747 1371 826 refellere
1394 748 1655 809 nititur.

434 896 575 948 Nunc
599 896 812 959 episcOpi
835 895 993 959 Cyrilli
1020 897 1177 958 priora
1201 898 1471 960 posuimus,
1496 909 1603 960 quae
1632 894 1841 960 Romana
1869 894 2082 960 Ecclesia
2107 893 2392 953 approbavit
2416 909 2534 944 vero
2554 894 2761 957 judicio;
2800 900 2852 943 et
2890 896 3158 956 posteriora
3179 895 3419 957 Nestorii,

1436 954 1702 1008 ex'Grzet-o
1723 958 1774 1004 in
1803 954 2027 1004 Latinum
2051 962 2259 1016 utraque
2280 970 2439 1007 versa.

1800 1046 2101 1057 _——

547 1097 1024 1138 ANATHEMATISIUS
1062 1097 1251 1136 PRIIUS
1288 1097 1332 1136 S.
1375 1096 1605 1135 CYRILLI.

359 1197 582 1270 Cyrillus
632 1198 764 1251 dixit
801 1213 821 1250 :
850 1196 908 1252 Si
934 1196 1057 1267 quis
1085 1213 1195 1254 non
1235 1194 1523 1252 conﬁtetur
1550 1197 1720 1252 Deum
1767 1212 1885 1273 esse

280 1292 583 1348 secundum
614 1290 895 1345 veritatem
917 1305 1040 1344 eum
1061 1290 1153 1359 qui
1181 1298 1265 1346 est
1291 1288 1626 1351 Emmanuel,
1658 1297 1731 1352 et,
1756 1305 1885 1360 pro-

284 1396 414 1456 pter
440 1386 542 1440 hoc
577 1385 769 1454 ipsum,
804 1383 899 1438 Dei
937 1383 1251 1452 genitricem
1294 1390 1539 1438 sanetam
1579 1381 1884 1451 Virginem;

286 1476 506 1547 peperit
543 1475 685 1529 enim
727 1474 1017 1528 carnaliter
1044 1472 1309 1538 Verbum,
1346 1472 1489 1542 quod
1531 1486 1601 1527 ex
1638 1471 1751 1537 Deo
1782 1480 1884 1538 est,

288 1584 515 1624 carnem
546 1567 744 1635 factum
782 1565 1118 1636 (secundum
1171 1565 1317 1635 quod
1354 1564 1611 1636 scriptum
1660 1571 1741 1619 est
1774 1580 1785 1615 ε
1820 1562 1890 1615 Et

301 1660 526 1715 Verbum
546 1674 667 1711 caro
687 1659 881 1729 factum
912 1665 989 1710 est
1014 1655 1195 1725 (Joan.
1227 1672 1263 1721 ι,
1308 1655 1439 1726 M);
1472 1655 1764 1709 anathema
1794 1654 1885 1709 sit.

700 1785 1180 1825 ANATHIXATISIIUS
1225 1784 1492 1837 assroau.

437 1886 490 1937 In
514 1900 632 1938 mss.
658 1885 924 1935 codicibus.
1303 1882 1358 1931 lu
1384 1881 1524 1932 libris
1548 1882 1717 1933 editis.

370 1970 566 2025 Contra
617 1970 727 2023 Ιιωσ
786 1964 1060 2021 Nestorius
1196 1964 1260 2019 Si
1279 1967 1401 2034 quis
1418 1981 1542 2021 eum
1562 1967 1655 2036 qui
1675 1974 1758 2022 est
1774 1965 1896 2021 Em-

297 2065 438 2119 dixit
460 2082 476 2118 :
501 2063 559 2117 Si
578 2063 699 2132 quis
719 2076 842 2116 eum
863 2060 954 2130 qui
982 2066 1064 2113 est
1133 2057 1349 2112 manuel
1376 2056 1542 2111 Deum
1570 2071 1757 2111 verum
1776 2070 1895 2113 esse

298 2154 624 2208 Emmanuel
639 2153 806 2207 Deum
826 2150 1063 2205 Verbum
1130 2150 1353 2213 dixerit,
1378 2158 1433 2204 et
1460 2165 1567 2204 non
1598 2149 1778 2219 potius
1795 2164 1897 2204 no-

298 2245 658 2308 essedixerit,
684 2252 864 2298 etnon
887 2242 1067 2312 potius
1136 2243 1341 2297 hiscum
1394 2242 1559 2296 Deum
1584 2282 1598 2306 ,
1647 2241 1751 2296 hoc
1789 2249 1895 2306 est,

300 2334 584 2388 nobiseum
614 2333 801 2398 Deum
833 2331 937 2385 hoc
959 2337 1063 2395 est,
1140 2333 1467 2388 inhabitasse
1503 2347 1622 2387 eam
1660 2346 1780 2401 qua:
1806 2347 1897 2387 se-

300 2424 638 2479 inhabitasse
671 2438 791 2478 eam
830 2437 951 2491 qua:
978 2435 1069 2476 se-
1138 2426 1371 2481 cundum
1402 2441 1503 2481 nos
1526 2432 1896 2491 estnaturam.

300 2516 540 2569 cundtun
567 2531 666 2569 nos
690 2523 772 2569 est
798 2521 1065 2578 naturam,
1138 2533 1239 2589 per
1258 2517 1311 2573 id
1336 2516 1482 2587 quod
1502 2517 1685 2572 unitas
1710 2527 1794 2571 est
1810 2532 1905 2572 no-

300 2623 409 2678 -per
455 2607 508 2662 id
553 2606 697 2677 quod
755 2606 938 2661 unitus
982 2612 1070 2659 est

302 2714 501 2753 massae
548 2706 764 2761 nostrm,
796 2711 958 2766 quam
1002 2695 1071 2749 de

300 2790 480 2844 Maria
545 2789 751 2858 virgine
804 2786 1068 2856 suscepit;

303 2891 543 2937 matrem
575 2882 742 2936 etiam
768 2880 864 2935 Dei
885 2878 1069 2944 Verbi,

306 2986 369 3030 et
390 2991 496 3030 non
518 2973 697 3045 potius
707 2973 823 3043 ejus
836 2974 934 3041 qui
956 2970 1077 3027 Em-

312 3070 528 3123 manuel
557 3076 657 3130 est,
698 3076 939 3121 sanctam
965 3066 1078 3121 Vir-

312 3164 495 3231 ginem
526 3161 943 3231 nuncupaverit,
995 3160 1078 3230 ip-

1141 2620 1286 2677 ειη,
1314 2624 1478 2678 quam
1504 2609 1571 2663 de
1598 2607 1765 2663 Maria
1786 2608 1896 2663 vir-

1140 2702 1267 2770 gine
1328 2700 1607 2769 suscepit;
1674 2708 1905 2754 matrem

1138 2794 1305 2847 etiam
1332 2793 1429 2848 Dei
1476 2792 1659 2856 Verbi,
1694 2802 1754 2847 et
1795 2808 1904 2847 non

1144 2885 1325 2955 potius
1347 2884 1465 2954 ejus
1483 2884 1575 2953 qui
1592 2883 1907 2939 Euuuanuel

1145 2985 1247 3041 est,
1269 2976 1686 3047 nuncupaverit;
1708 2976 1908 3046 ipsum-

1138 3084 1253 3138 que
1268 3067 1601 3123 DeiVerbum
1618 3068 1670 3122 in
1686 3082 1908 3123 carnem

1150 3178 1361 3217 versum
1378 3177 1525 3227 esse,
1557 3176 1720 3232 quam
1749 3177 1909 3218 acce-

314 3266 543 3320 sumque
609 3250 776 3305 Deum
842 3250 1077 3305 Verbum

314 3343 518 3400 dixerit
578 3359 792 3398 versum
848 3358 970 3399 esse
1022 3343 1077 3397 iu

315 3452 557 3499 carnem,
590 3452 751 3505 quam
776 3436 983 3505 accepit
1011 3435 1077 3489 ad

317 3527 746 3581 ostentationem
854 3526 1080 3580 Deitatis

317 3633 455 3679 sum.
482 3626 539 3671 ut
567 3618 743 3671 habitu
769 3619 1082 3671 inveniretur

319 3718 377 3761 ut
418 3710 569 3763 homo
600 3708 860 3780 (Philipp.
889 3725 954 3774 ιι,
986 3709 1083 3778 7);

322 3804 613 3858 anathema
641 3803 728 3858 sit.

648 3911 1032 3949 CONTRADICTIO
1070 3912 1214 3949 IlAl’lll
1245 3911 1593 3950 MERCATORIS.

1148 3252 1226 3325 pit
1247 3252 1315 3306 ad
1338 3253 1767 3308 ostentationem
1791 3251 1912 3307 Dei-

1148 3346 1277 3399 tatis
1313 3359 1439 3410 sme,
1476 3352 1534 3398 ut
1558 3342 1738 3397 habitu
1766 3345 1910 3398 inre-

1150 3440 1366 3503 niretur,
1392 3446 1448 3490 ut
1472 3437 1655 3501 homo;
1689 3438 1913 3491 anathe-

1151 3546 1238 3584 ma
1276 3531 1365 3583 sit.

394 4007 450 4061 1.
484 4006 584 4060 liis
605 4008 777 4076 pravis
799 4007 946 4060 dictis
970 4008 1249 4062 catholicus
1272 4009 1580 4063 contradicit
1605 4011 1679 4063 ita
1700 4028 1718 4063 :
1744 4019 1768 4048 ⁸
1791 4006 1917 4064 limo

321 4103 457 4158 dicit
478 4102 597 4167 iste,
629 4110 902 4170 tamquam
934 4102 1073 4156 Deus
1103 4101 1336 4156 Verbum
1366 4118 1472 4157 non
1502 4103 1828 4158 habitaverit
1863 4103 1915 4156 in

319 4195 505 4258 nobis,
535 4192 680 4264 quod
720 4209 749 4246 a
780 4192 868 4263 pio
897 4208 1055 4247 sensu
1093 4193 1226 4247 satis
1253 4194 1486 4249 alienum
1517 4204 1615 4249 est.
1649 4194 1917 4263 Singulari

317 4296 509 4341 autem
536 4285 758 4339 stultitia
774 4292 830 4339 et
845 4285 1119 4354 impietate
1138 4285 1354 4354 plenum
1375 4286 1656 4340 estdicere
1676 4285 1916 4341 Verbum

320 4379 502 4433 Patris
521 4375 833 4431 Emmanuel
864 4392 968 4430 non
993 4391 1140 4441 esse;
1173 4377 1265 4431 sed
1294 4392 1414 4431 eum
1442 4379 1531 4447 qui
1558 4385 1716 4433 natus
1745 4386 1828 4432 est
1852 4393 1919 4433 ex

319 4469 516 4533 Maria,
547 4468 636 4537 qui
684 4465 900 4541 [Βαιιιι.
934 4467 1058 4536 quia
1087 4464 1105 4537 j
1137 4468 1455 4521 inbabitavit
1483 4482 1672 4522 massa:
1720 4473 1919 4522 nostra:

317 4568 594 4623 naturam,
629 4573 790 4627 quam
818 4558 1054 4627 suscepit
1082 4573 1153 4611 ex
1186 4557 1403 4625 Virgine
1436 4576 1447 4610 :
1475 4574 1597 4612 eum
1626 4574 1787 4613 omne
1812 4558 1920 4612 'hu-

1912 1091 1958 1145 Α
1990 1097 2208 1135 manum
2240 1094 2409 1150 genus
2432 1083 2482 1136 in
2506 1082 2845 1137 confessione
2866 1082 3060 1135 haheat
3082 1082 3417 1150 Emmanuel,
3445 1086 3579 1142 sicut

1989 1190 2099 1228 non
2130 1174 2229 1244 ipsi
2278 1173 2562 1239 ﬁnitimus,
2594 1173 2686 1229 sed
2726 1174 2979 1241 magistra
3014 1184 3072 1228 et
3118 1175 3411 1245 interprete
3439 1175 3581 1232 Serio

1988 1274 2146 1337 plura
2189 1265 2415 1338 [Buluz.
2450 1283 2551 1319 om.
2586 1264 2861 1336 Scriptura
2890 1264 2903 1337 ι
2934 1265 3236 1333 didicimus,
3261 1267 3581 1336 significare,

1990 1372 2243 1413 NODISCL‘M
2277 1357 2419 1412 DEL'S
2449 1357 2653 1430 [Belua
2689 1358 2902 1427 Deum].

2062 1448 2115 1501 2.
2151 1449 2401 1515 Rursum,
2426 1450 2571 1519 quod
2593 1449 2935 1519 hociutelligi
2968 1451 3255 1517 debeat,id
3284 1460 3387 1518 est,
3414 1452 3587 1505 uobis-

1994 1558 2107 1594 cum
2125 1540 2285 1606 Deus,
2302 1556 2422 1611 quae
2442 1557 2596 1598 mens
2618 1541 2853 1597 hominis
2874 1542 3145 1612 ambigat?
3164 1543 3330 1598 Deum
3360 1560 3589 1613 namque

1993 1632 2271 1687 nobiscum
2302 1649 2418 1688 esse
2434 1650 2553 1689 cum
2577 1646 2827 1705 optamus
2848 1645 2901 1689 et
2930 1636 3260 1702 invocamus,
3285 1638 3411 1705 quid
3446 1636 3591 1695 aliud

1994 1739 2156 1794 quam
2185 1725 2301 1794 ejus
2331 1727 2584 1795 potentia:
2614 1728 2950 1798 majestatcm
2980 1729 3169 1785 adesse
3197 1732 3442 1801 cupimus
3463 1732 3590 1804 [Ba-

1995 1814 2097 1868 λιιι.
2125 1832 2225 1869 om.
2269 1817 2456 1873 adesse
2485 1819 2787 1889 cupimusI?
2817 1820 2944 1887 Qum
2973 1822 3218 1891 quamvis
3259 1822 3456 1892 ubique
3478 1833 3591 1879 tota

1996 1906 2084 1973 sit,
2118 1917 2172 1963 et
2208 1926 2469 1979 nusquam
2499 1911 2687 1975 divisa,
2716 1920 2892 1967 tamen
2914 1913 3115 1966 auxilio
3145 1913 3261 1981 ejus
3288 1914 3462 1983 juvari
3496 1932 3592 1973 nos

1997 1999 2230 2071 petimus
2266 2009 2325 2054 et
2354 2002 2602 2056 volumus
2639 2014 2695 2057 ut
2740 2004 3019 2059 nobisctun
3044 2004 3133 2070 sit,
3167 2004 3429 2075 adjuvans
3448 2008 3593 2063 scili-

1999 2098 2087 2145 cet
2115 2108 2232 2146 nos.

2071 2182 2124 2236 5.
2165 2180 2331 2251 Igitur
2353 2183 2398 2238 si
2427 2183 2723 2239 secundum
2748 2183 2889 2239 hunc
2915 2185 3209 2255 egregium,
3253 2189 3418 2244 immo
3467 2204 3596 2259 pra~

2002 2287 2126 2326 vum
2166 2274 2499 2342 magistrum,
2552 2274 2692 2329 istud
2744 2274 2836 2330 Dei
2888 2275 3065 2330 \‘erho
3106 2292 3213 2331 non
3244 2280 3520 2348 competit,
3545 2279 3595 2334 id

2003 2371 2104 2430 est,
2132 2373 2189 2419 ut
2211 2365 2279 2420 sit
2307 2365 2449 2434 quod
2473 2366 2756 2421 invocatur
2785 2366 3083 2431 nobiscmn,
3115 2382 3235 2423 cum
3275 2383 3373 2423 sua
3404 2368 3597 2425 viderit

1936 2473 1976 2532 η
2010 2456 2122 2525 ipse
2143 2456 2495 2526 blasphemia.
2529 2456 2637 2513 Sed
2665 2458 2731 2521 si,
2765 2467 2823 2513 nt
2852 2458 2984 2525 vult,
3018 2459 3210 2514 iterum
3255 2459 3355 2515 iste
3382 2470 3467 2516 est
3494 2477 3596 2518 no-

2008 2546 2213 2601 biseum
2261 2547 2347 2603 cui
2386 2546 2702 2604 Emmanuel
2755 2550 3075 2605 vocabulum
3104 2552 3383 2622 competit,
3416 2553 3468 2607 id
3496 2563 3597 2621 est,

2006 2637 2098 2706 qui
2146 2652 2335 2694 massa}
2366 2648 2563 2694 nostra:
2592 2641 2860 2710 primitias
2900 2641 3107 2707 habuit,
3161 2641 3269 2697 duo
3296 2653 3454 2698 erant
3484 2644 3601 2700 sine

2006 2726 2169 2783 dubio
2189 2728 2260 2783 dii
2286 2728 2492 2801 [Balnz.
2514 2748 2616 2785 om.
2640 2731 2757 2803 dii],
2780 2732 3073 2788 secundum
3104 2733 3598 2803 pt'tnlentissimatn,

2009 2819 2174 2875 immo
2220 2820 2658 2877 vecordissimam
2707 2832 2762 2878 et
2814 2823 3184 2894 impiissimam
3233 2826 3602 2884 definitionem

2009 2908 2160 2978 ejus:
2193 2925 2350 2976 unus,
2374 2912 2465 2980 qui
2496 2928 2603 2967 non
2632 2913 2703 2967 sit
2742 2912 3081 2980 Emmanuel,
3113 2915 3161 2969 id
3186 2926 3289 2982 est,
3322 2918 3603 2973 nobiscum

2006 2997 2185 3066 Deus;
2236 3009 2292 3055 et
2334 3002 2489 3068 alter,
2521 3003 2613 3073 qui
2642 3001 2669 3041 δ
2700 3004 2767 3059 ab
2810 3005 2967 3061 annis
2996 3006 3425 3076 quadringentis,
3456 3019 3513 3064 et
3538 3024 3604 3066 eo

2010 3088 2157 3159 quod
2184 3090 2441 3155 excurrit,
2475 3108 2663 3148 recens
2688 3094 2906 3163 quidam
2954 3105 3008 3150 ct
3058 3098 3301 3153 novellus
3332 3099 3473 3155 Deus
3495 3117 3605 3157 cu:-

2011 3181 2153 3253 pcrit
2182 3197 2303 3237 esse
2330 3183 2627 3239 nobiscum.

2084 3274 2135 3328 4.
2181 3274 2339 3330 Addit
2367 3292 2583 3347 quoque
2615 3284 2671 3331 ut
2692 3287 2919 3334 matrem
2948 3278 3040 3335 Dei
3077 3279 3232 3335 Verbi
3256 3281 3300 3337 si
3321 3281 3442 3351 quis
3463 3281 3606 3339 disc-

2016 3369 2086 3422 rit
2113 3383 2322 3423 sacram
2351 3367 2644 3438 Virginem,
2676 3371 2960 3425 anathema
3011 3371 3098 3425 sit.
3154 3371 3350 3428 Verum
3396 3372 3603 3446 [ΒαΙαε.

2016 3460 2284 3534 multum],
2318 3469 2377 3516 ut
2418 3462 2607 3517 volunt
2644 3463 2882 3518 fautores
2909 3463 3043 3533 ejus,
3081 3474 3101 3501 ε
3136 3474 3257 3534 post
3284 3464 3609 3520 admonitio-

2017 3570 2142 3607 nem
2207 3554 2308 3609 iste
2364 3554 2601 3610 correxit
2660 3554 2978 3610 sceleratam
3018 3556 3245 3626 primam
3290 3557 3609 3611 sententiam

2018 3662 2190 3708 suam,
2222 3660 2327 3714 qua
2352 3647 2605 3701 universo
2634 3647 2833 3702 mundo
2858 3648 3168 3703 scandalum
3193 3647 3492 3716 generavit,
3520 3662 3613 3703 ne-

2020 3752 2152 3806 gans
2177 3752 2296 3791 eam
2324 3752 2443 3791 esse
2489 3738 2750 3802 ero-rixas;
2783 3740 2967 3793 dicunt
3008 3739 3170 3805 enim,
3215 3754 3336 3794 cum
3366 3749 3491 3809 post
3520 3739 3612 3796 ad-

1944 3838 1990 3899 ς
2022 3828 2371 3882 monitionem
2403 3827 2602 3881 dixisse
2638 3830 2722 3882 vel
2762 3829 3141 3898 pronuntiaSse
3180 3831 3439 3886 Θεοτὸκον.
3490 3830 3614 3885 Cla-

2025 3917 2129 3971 ruit
2172 3917 2330 3986 igitur
2378 3917 2492 3981 tibi,
2538 3925 2593 3971 et
2644 3926 2767 3971 tunc
2823 3921 3096 3986 quomodo
3145 3919 3357 3979 dixerit.
3385 3930 3439 3975 ct
3471 3938 3614 3978 nunc

2024 4018 2279 4079 quantum
2306 4009 2356 4062 in
2379 4009 2534 4079 pejus
2558 4009 2864 4079 proiecerit.

2097 4101 2147 4156 5.
2191 4102 2307 4157 Non
2335 4117 2483 4171 ergo,
2536 4111 2595 4157 ut
2635 4102 2762 4167 vult,
2796 4101 2889 4156 Dei
2920 4101 3099 4163 Verbi,
3124 4100 3216 4157 sed
3246 4101 3615 4159 Emmanuelis

2025 4201 2107 4247 est
2136 4201 2310 4247 mater
2334 4192 2521 4261 Virgo;
2546 4206 2674 4261 ergo
2700 4191 2993 4248 secundum
3023 4193 3471 4263 sapientissimam
3502 4196 3614 4251 dis-

2026 4286 2358 4355 putationem
2408 4284 2544 4353 ejus.
2589 4285 2732 4338 hunc
2779 4283 2902 4339 ideo
2946 4283 3060 4338 vult
3099 4284 3299 4338 dictum
3327 4287 3613 4351 nobiscum,

2028 4378 2153 4445 quia
2185 4390 2371 4430 massa:
2400 4386 2599 4429 nosttm
2629 4374 2805 4428 unitus
2827 4383 2928 4442 est,
2959 4390 3122 4444 quam
3175 4378 3430 4447 suscepit.
3483 4377 3617 4444 Quid

2029 4466 2208 4530 faciet,
2240 4481 2361 4521 cum
2384 4465 2580 4519 dicitur
2608 4465 2784 4519 Deus?
2807 4465 2833 4500 σι
2858 4481 3032 4534 neque
3053 4467 3196 4521 enim
3218 4467 3478 4522 Emmauu
3504 4478 3623 4523 tan-

2030 4566 2141 4611 tum
2167 4555 2342 4611 dictus
2362 4564 2465 4618 est,
2490 4555 2541 4610 id
2560 4562 2664 4622 est,
2690 4556 3094 4623 nobiscum;sed
3118 4559 3286 4613 etiam
3317 4561 3416 4627 uel,
3441 4561 3494 4616 id
3513 4571 3617 4629 est,

1499 4653 2040 4712 CASTIGATIONES
2082 4655 2169 4709 ET
2207 4653 2436 4712 NOTAE.

401 4759 427 4787 ι
458 4748 681 4805 Videtur
709 4748 974 4804 Mercator
994 4748 1225 4802 Nestorii
1256 4748 1580 4802 sententiam
1605 4748 1917 4818 perindein-

318 4832 375 4877 te
385 4827 672 4890 rpretatus,
686 4836 748 4875 ac
758 4821 807 4873 si
822 4820 1048 4875 dixisset
1067 4818 1469 4890 Emmanuelem
1485 4834 1590 4890 non
1606 4835 1730 4873 esse
1750 4819 1917 4890 Deum

317 4888 586 4956 Verbum,
609 4892 702 4945 sed
725 4906 847 4945 eum
877 4891 968 4959 qui
996 4890 1276 4944 nobiscum
1302 4889 1443 4944 Deus
1466 4888 1665 4943 idcirco
1688 4889 1919 4957 appella-

320 4973 433 5025 tur,
460 4978 566 5016 non
588 4962 711 5030 quia
738 4961 900 5024 Deus,
926 4960 1021 5015 sed
1046 4960 1171 5027 quia
1202 4960 1481 5013 nobiscum
1508 4967 1611 5030 est,
1645 4968 1804 5027 atque
1833 4960 1919 5013 in-

316 5033 590 5089 habitavit
607 5028 905 5087 humanam
947 5038 1186 5083 naturam
1206 5069 1220 5091 ,
1248 5045 1411 5097 quam
1432 5045 1507 5081 ex
1547 5028 1762 5097 Virgine
1799 5046 1920 5083 sus-

314 5104 491 5172 cepit.
514 5102 651 5157 Hinc
686 5103 860 5171 ipsum
882 5100 1395 5172 arguitgmultiplieis
1425 5099 1629 5172 ﬂagitii,
1656 5108 1717 5172 et
1748 5100 1921 5169 primo

2016 4748 2117 4819 sed
2142 4749 2194 4819 in
2220 4749 2453 4817 speciem
2474 4751 2776 4819 suscepisse
2800 4765 3038 4804 carnem.

2096 4818 2122 4856 δ
2141 4818 2279 4874 Hinc
2297 4820 2567 4888 colligitur
2589 4818 2800 4889 tempus
2820 4836 2928 4888 quo
2949 4820 3207 4890 scriptum
3222 4828 3313 4873 est
3333 4819 3436 4890 hoc
3460 4834 3619 4889 opus,

2018 4890 2214 5014 guinto
2245 4890 2451 4945 scilicet
2474 4890 2694 4953 stmulo,
2722 4890 2832 4957 jam
2861 4891 3017 4945 tertia
3044 4889 3160 4944 fere
3186 4898 3341 4959 parte
3369 4889 3626 4945 decurso.

2072 4959 2309 5014 «illinitur
2363 4974 2579 5014 uuouue
2636 4962 2765 5014 satis
2820 4960 3104 5014 manifeste
3161 4960 3402 5014 auctoris
3458 4968 3591 5014 tetas
3613 4998 3626 5014 .

2072 4959 2309 5027 olligitur
2363 4974 2579 5029 quoque
2636 4962 2765 5014 satis
2820 4960 3104 5015 manifeste
3161 4960 3402 5014 auctoris
3458 4968 3628 5021 tetas.

2022 5030 2237 5101 etiamsi
2268 5030 2483 5084 aliunde
2509 5030 2790 5085 evidenter
2821 5046 2880 5085 se
2906 5032 3118 5101 probat.

2103 5111 2124 5137 ε
2157 5100 2365 5169 Saepius
2396 5101 2664 5171 canonice
2692 5110 2818 5156 ante
2846 5100 3135 5157 concilium
3164 5101 3491 5171 Ephesinum
3528 5101 3624 5156 ad—

314 5162 1301 5245 qui-idemimpietatis,rqtiod‘Verbum
1328 5162 1549 5245 negaret
1566 5162 1840 5245 habitasse
1866 5171 1921 5225 in
1954 5162 1998 5221 D
2028 5162 2375 5245 monitusest
2395 5168 2675 5225 Nestorius
2710 5181 2766 5245 ut
2795 5162 3306 5245 beatamiVirgiti-em
3335 5170 3627 5245 confitere-

314 5240 514 5310 tiobis;
543 5240 738 5299 deinde
758 5241 1081 5302 ethnicismi,
1104 5240 1250 5309 quod
1270 5240 1408 5294 duos
1428 5240 1560 5294 deos
1581 5242 1907 5305 admitteret,

315 5329 495 5371 unum
508 5322 785 5376 aeternum,
805 5312 1032 5367 alterum
1055 5310 1401 5380 temporalem
1422 5327 1435 5375 ;
1464 5318 1577 5363 tum
1594 5311 1746 5364 maia:
1767 5310 1909 5374 tidei,

314 5383 474 5456 quod
502 5384 691 5439 eodem
724 5392 967 5456 tempore
1008 5379 1302 5435 affirmaret
1346 5387 1401 5434 et
1431 5389 1652 5456 negaret
1697 5380 1912 5456 beatam

320 5452 600 5524 Virginem
642 5470 762 5509 esse
801 5452 1118 5524 Deiparam;
1167 5459 1354 5524 postea
1371 5452 1910 5524 consensionis-cum

314 5521 682 5581 Satuosateno
701 5526 769 5579 de
791 5523 965 5578 Verbo
993 5538 1098 5575 non
1120 5522 1490 5585 substantiali;
1520 5522 1737 5575 tandem
1761 5521 1913 5589 igno-

314 5596 534 5660 rantiae,
565 5594 728 5663 quod,
780 5608 849 5648 ex
878 5593 1055 5648 verbis
1081 5590 1287 5663 Cyrilli,
1320 5608 1527 5646 carnem
1557 5593 1750 5663 factum
1778 5607 1909 5646 oon-

319 5666 570 5723 cluderet
584 5662 823 5718 Verbum
852 5662 955 5717 dici
980 5664 1031 5717 in
1055 5662 1271 5717 carnem
1294 5678 1536 5726 versum;
1565 5662 1795 5731 denique
1817 5678 1909 5716 so-

321 5738 538 5794 cietatis
566 5750 689 5792 cum
736 5734 1025 5789 Manichaee
1054 5734 1269 5789 volente
1314 5731 1549 5787 Verbum
1579 5748 1685 5787 non
1716 5735 1910 5802 reipsa,

2014 5242 2377 5313 turgentia”
2404 5259 2415 5293 :
2446 5256 2641 5313 nempe
2663 5258 2692 5295 a
2718 5242 2923 5313 Cyrillo
2948 5244 3213 5310 tn'iorﬂius
3240 5243 3512 5313 synodicis
3536 5242 3626 5313 lit-

2014 5258 2102 5294 tur
2124 5258 2377 5296 Θεοτοκσν
2404 5259 2415 5293 :
2446 5258 2641 5311 nempe
2663 5258 2692 5295 a
2718 5258 2759 5295 ιλ
2800 5258 2923 5297 rnto
2948 5258 3213 5310 macrinus
3240 5258 3512 5313 synodich
3537 5258 3623 5295 ιιι-

2014 5312 2180 5377 teris;
2221 5311 2413 5366 deinde
2442 5326 2475 5365 a
2503 5309 2713 5367 Jomme
2753 5258 3115 5377 Kntiocheno,
3148 5327 3473 5381 quamquam
3522 5312 3623 5366 fuit

2015 5382 2173 5436 amici
2202 5382 2380 5451 potius
2407 5382 2727 5448 consilium;
2777 5384 3017 5451 denique
3043 5400 3077 5437 a
3112 5391 3302 5437 saneto
3331 5382 3625 5437 leestino

2015 5460 2341 5521 potestatem
2370 5452 2513 5507 sedis
2540 5468 2653 5507 sua:
2682 5454 3001 5509 adhibente.
3031 5453 3201 5521 Cujus
3238 5452 3626 5508 admonitionis

2015 5521 2109 5574 liat
2138 5524 2341 5577 mentio
2368 5523 2611 5577 divinare
2654 5540 2758 5578 non
2794 5524 2934 5578 licet.

2087 5592 2112 5628 ά
2138 5592 2345 5665 Baiae;
2361 5590 2539 5665 eque
2557 5595 2693 5665 enim
2713 5593 2978 5648 Emmauu
2994 5603 3190 5650 tantum
3211 5595 3384 5650 dictus
3406 5601 3501 5660 est,
3527 5607 3626 5646 non

2013 5663 2170 5718 etiam
2198 5663 2304 5729 hel,
2330 5664 2385 5720 id
2406 5663 2504 5729 est,
2532 5664 2809 5719 nobiscum
2841 5673 2892 5718 et
2922 5665 3085 5721 Deus.
