3978 6188
289 391 397 449 915

287 506 411 574 quis
457 502 510 556 in
557 501 719 556 Verbi
769 500 863 556 Dei
917 516 1050 556 con-

285 593 566 666 iunctione
591 607 710 661 qua!
741 592 807 646 ad
833 607 1052 647 carnem

287 684 430 738 facta
456 691 539 738 est
558 681 624 736 de
655 682 774 735 loco
798 681 850 735 in
873 681 1052 736 locum

285 775 640 829 mutationem
660 773 854 827 divina:
874 788 1052 828 essen-

288 868 377 922 tia:
418 866 614 921 dixerit
657 881 778 920 esse
831 864 1061 929 iactam,

283 956 518 1025 ejusque
580 954 772 1009 divinae
843 962 1049 1009 naturai

283 1063 504 1104 carnem
525 1060 776 1116 capacem
801 1049 1048 1109 esse,aut

279 1138 582 1207 partialiter
610 1136 816 1210 [Belua
849 1135 1048 1206 partili-

283 1231 389 1302 ter]
413 1231 614 1284 unitum
639 1228 808 1293 carni,
834 1234 928 1280 aut
950 1226 1045 1280 ite-

279 1338 402 1377 rum
455 1321 508 1376 in
563 1319 826 1375 inﬁnitum
882 1318 1044 1374 incir-

276 1413 673 1481 cumscriptam
702 1411 895 1465 divina:
947 1425 1042 1462 na:-

275 1511 416 1558 ωιτη
489 1500 862 1557 coextenderit
916 1515 1038 1553 car-

273 1612 424 1659 nem,
438 1594 503 1648 ad
515 1593 834 1663 rapiendum
846 1593 1034 1656 Deum,

271 1686 633 1753 eumdemque
649 1685 823 1753 ipsum
848 1689 1038 1736 natura

273 1775 484 1849 [Baluz.
505 1773 854 1842 eamdemque
867 1772 1039 1842 ipsam

271 1865 545 1937 naturam]
599 1874 654 1921 et
693 1867 861 1920 Deum
897 1864 1039 1918 dicat

1181 385 1494 444 NESTORII
1535 383 2126 443 BLASPIIEMIARIJM
2165 385 2508 443 CAPITULA
2549 385 2662 443 Xll.

1126 502 1504 572 conjunctione
1531 521 1650 575 qua:
1679 504 1745 560 ad
1765 521 1883 560 can-
1913 507 1960 565 Α

1125 610 1248 648 nem
1275 596 1415 652 facta
1443 607 1526 653 est
1553 599 1620 654 de
1660 599 1781 654 loco
1828 599 1884 654 in

1126 684 1304 740 locum
1328 687 1681 743 mutationem
1702 687 1882 742 divina

1120 779 1387 832 sententia
1439 779 1634 835 dixerit
1662 795 1780 835 esse
1809 780 1884 835 fa-

1120 876 1282 934 ctam,
1301 870 1523 940 ejusque
1545 881 1749 926 naturze
1767 889 1874 928 car-

1121 976 1240 1016 nem
1270 978 1522 1033 capacem
1561 978 1682 1018 esse
1721 965 1882 1019 dixe-

1117 1052 1206 1117 rit,
1255 1067 1318 1107 ac
1345 1053 1646 1123 partialiter
1672 1054 1879 1110 auitam

1117 1146 1284 1210 carni,
1317 1152 1406 1199 aut
1437 1145 1632 1202 iterum
1673 1147 1726 1201 in
1755 1147 1875 1202 inii+

1115 1238 1284 1292 nitum
1301 1237 1769 1310 incircumscriptus
1789 1255 1875 1294 na-

1115 1336 1286 1394 turae,
1345 1344 1468 1384 cum
1519 1330 1874 1386 extenderent

1113 1435 1352 1488 carnem,
1382 1421 1750 1490 accipiendum
1778 1421 1874 1477 De-

1113 1526 1235 1574 um,
1292 1510 1647 1581 eamdemque
1695 1513 1870 1582 ipsum

1112 1610 1302 1657 natura
1375 1609 1433 1657 et
1506 1602 1672 1658 Deum
1726 1603 1872 1659 dicat

1111 1701 1167 1748 et
1219 1695 1524 1762 hominem;
1581 1695 1868 1751 anathema

1111 1785 1198 1839 sit.

3468 388 3570 446 9H

2236 518 2714 560 ANATIIEHATISHUS
2751 519 2978 560 τεπτιιέ
3023 520 3068 560 8.
3098 521 3324 562 εῖκιιιι.

2055 618 2281 690 Cyrillus
2310 619 2485 673 dixit:
2513 617 2572 673 Si
2600 617 2721 688 quis
2750 617 2802 672 in
2837 634 2945 674 uno
2971 618 3188 674 Christo
3215 620 3402 675 dividit
3442 622 3567 674 sub-

1981 709 2208 763 stantias
2228 716 2348 778 post
2364 708 2678 772 unitionem,
2697 709 2812 762 sola
2833 724 2925 762 eas
2947 710 3207 765 societate
3222 720 3568 776 connectcns,

1979 799 2275 853 secundum
2314 798 2650 866 dignitatem,
2691 799 3085 865 auctoritatem,
3131 809 3224 854 aut
3251 803 3568 871 potentiam,

1979 897 2034 942 et
2057 905 2166 943 non
2184 889 2356 956 magis
2383 897 2653 944 conventu
2683 889 2750 942 ad
2780 889 3040 944 unitatem
3069 892 3402 959 naturalem;
3433 905 3569 948 ana-

1978 979 2160 1034 thema
2183 979 2272 1034 sit.

2250 1086 2732 1128 ANATBEI'LTISQIUS
2770 1087 2999 1128 TERTIUS
3026 1089 3288 1129 Νεετοιιιῐ.

2109 1183 2166 1232 1ἠ
2190 1196 2305 1232 mss.
2334 1184 2602 1234 codicibus.
2967 1184 3020 1234 ln
3046 1184 3186 1234 libris
3208 1187 3376 1236 editis.

2047 1265 2325 1320 Nestorius
2372 1266 2557 1321 dixit:
2608 1275 2634 1304 ⁸
2678 1267 2737 1322 Si
2877 1266 2937 1322 Si
2982 1268 3105 1336 quis
3141 1284 3249 1322 non
3276 1268 3568 1323 secundum

1973 1357 2096 1424 quis
2125 1372 2234 1412 non
2263 1357 2558 1412 secundum
2599 1372 2731 1412 con-
2808 1356 3244 1425 conjunctionem
3281 1373 3443 1412 unum
3481 1359 3565 1412 di-

1967 1445 2303 1516 junctionem
2331 1463 2497 1502 unum
2535 1447 2734 1503 dixerit
2803 1450 2945 1503 xerit
2989 1449 3280 1514 Christum,
3338 1450 3429 1518 qui
3485 1461 3569 1504 est

1971 1535 2260 1605 Christum,
2309 1539 2403 1607 qui
2449 1546 2532 1594 est
2569 1540 2732 1594 etiam
2804 1541 2968 1594 etiam
3006 1539 3323 1593 Emmanuel
3369 1555 3563 1595 secun-

1971 1626 2308 1696 Emmanuel,
2332 1628 2425 1684 sed
2437 1629 2730 1684 secundum
2801 1630 2928 1685 dum
2947 1639 3226 1685 naturam:
3252 1646 3320 1685 ex
3335 1639 3564 1699 utraque

1969 1729 2236 1788 naturam;
2251 1737 2319 1777 ex
2330 1729 2556 1790 utraque
2567 1722 2728 1776 etiam
2801 1721 2962 1775 etiam
2985 1720 3304 1785 substantia,
3337 1728 3444 1773 tam
3466 1721 3563 1776 Dei

1968 1813 2287 1879 substantia,
2319 1821 2428 1868 tam
2451 1814 2546 1868 Dei
2567 1814 2727 1870 Verbi
2801 1811 2961 1868 Verbi
2984 1828 3144 1881 quam
3174 1813 3338 1866 etiam
3386 1813 3453 1866 ab
3492 1828 3560 1868 eo

1894 1877 1942 1936 Β
1968 1919 2130 1974 quam
2157 1877 2320 1959 etiam
2359 1907 2617 1977 assumpti
2659 1907 2727 1962 ab

269 1969 334 2013 et
380 1959 683 2025 hominem;
751 1956 1040 2012 anathema

272 2050 371 2104 sit.

586 2153 974 2194 CONTRADICTIO
1011 2153 1158 2193 HA1“!
1195 2150 1368 2193 διειιω
1376 2150 1546 2192 τοῑιε.

353 2249 400 2302 ι.
442 2247 827 2304 Contradicitur
873 2266 907 2302 α
960 2247 1259 2302 catholico:
1311 2245 1474 2312 Quasi
1519 2244 1625 2300 hoc
1666 2259 1860 2299 consc-

265 2350 488 2412 quatur,
520 2349 575 2396 et
611 2349 769 2410 cogat
805 2340 1031 2410 intelligi
1061 2348 1120 2394 ut
1146 2339 1190 2394 si
1225 2340 1347 2408 quis
1375 2336 1571 2392 dixerit
1608 2337 1859 2391 substan-

267 2433 477 2489 tialiter
497 2449 615 2489 esse
640 2433 845 2487 unitum
866 2432 1057 2486 Filium
1080 2432 1176 2486 Dei
1205 2446 1394 2484 massa:
1415 2436 1632 2495 nostr-re,
1677 2427 1859 2482 statim

263 2540 396 2580 cum
429 2525 513 2579 illa
542 2525 841 2580 absurditas
861 2532 1088 2594 premat,
1116 2538 1235 2593 qua:
1260 2538 1548 2592 corporum
1569 2536 1721 2574 more
1766 2520 1860 2574 de-

264 2617 626 2671 mntationem
683 2616 797 2682 Dei,
844 2623 898 2670 et
945 2615 1366 2685 protensionem,
1411 2620 1465 2667 et
1504 2612 1858 2667 inclusionem

261 2717 431 2776 cogat
458 2707 638 2773 fateri;
670 2707 763 2763 sed
809 2723 918 2762 non
947 2708 1019 2761 ita
1049 2716 1147 2773 est,
1181 2722 1302 2761 cum
1342 2720 1442 2760 nec
1482 2705 1686 2778 [Baluz.
1728 2703 1853 2756 add.

262 2796 526 2868 hominis]
555 2799 786 2852 humana
809 2799 985 2852 anima
1005 2799 1110 2853 hoc
1139 2798 1190 2851 in
1212 2813 1310 2851 suo
1332 2811 1562 2866 corpore
1587 2796 1852 2866 patiatur:

259 2901 472 2960 quanto
500 2890 666 2960 magis
694 2890 833 2944 istud
861 2889 928 2944 de
948 2889 1127 2944 divina
1156 2896 1348 2944 natura
1373 2888 1594 2944 minime
1621 2888 1857 2944 sentien-

258 2983 397 3038 dum
423 2990 524 3037 cst.

339 3073 394 3128 2.
436 3073 636 3129 Deinde
651 3075 777 3130 dicit
799 3073 1046 3130 eumdem
1067 3070 1338 3130 Christum
1359 3072 1854 3129 naturaliterDeum

258 3175 324 3222 et
351 3165 622 3220 hominem
653 3182 759 3220 non
788 3181 926 3231 esse,
960 3165 1054 3220 sed
1107 3181 1272 3220 unum
1320 3165 1515 3220 Filium
1557 3164 1848 3220 Christum.

256 3258 401 3323 Qum
441 3264 523 3311 est
565 3257 668 3311 ista
705 3256 915 3311 novitas
943 3265 1051 3310 tam
1077 3257 1331 3322 inaudita,
1364 3271 1484 3326 quae
1511 3257 1674 3310 tantis
1701 3255 1853 3326 laby-
1879 3237 1928 3301 Ο

253 3347 431 3400 rinthi
457 3347 852 3414 quodammodo
896 3345 1222 3401 anfractibus
1269 3347 1620 3402 obscuretur?
1675 3344 1849 3400 Unum

252 3439 371 3493 dici
415 3437 604 3491 Filium
632 3437 830 3492 debere
872 3437 1076 3502 deﬁnit,
1118 3445 1172 3492 et
1211 3438 1379 3492 invito
1414 3439 1525 3504 illo,
1557 3439 1722 3494 immo
1741 3439 1853 3494 suf-

252 3528 463 3592 focato,
489 3529 589 3583 hac
601 3527 842 3597 sapidula
864 3528 981 3596 ejus
997 3528 1382 3598 disputatione,
1404 3529 1510 3584 duo
1529 3531 1852 3600 procedunt:-

253 3633 390 3673 nam
431 3618 476 3672 si
513 3616 777 3681 Christus,
827 3633 987 3688 quem
1025 3634 1143 3674 esse
1171 3618 1333 3674 etiam
1362 3618 1675 3675 Emmanuel
1713 3623 1847 3689 vult,

250 3707 361 3762 Dei
383 3707 548 3762 Filius
575 3709 893 3763 naturaliter
914 3725 1018 3764 non
1049 3718 1149 3775 est,
1181 3709 1277 3765 sed
1299 3709 1535 3764 Verbum
1558 3708 1734 3766 Patris
1762 3727 1850 3766 se-

249 3799 496 3854 cundum
518 3807 765 3854 naturam
787 3807 870 3855 est
897 3799 1091 3866 Filius;
1125 3801 1231 3855 duo
1253 3810 1377 3856 sunt
1400 3801 1516 3855 sine
1537 3799 1700 3856 dubio
1729 3801 1849 3857 Filii

249 3893 472 3966 [Balum
498 3910 599 3947 om.
631 3891 793 3964 Filii],
839 3909 979 3948 unus
1007 3901 1197 3947 natura
1227 3892 1434 3966 [Baluz.
1485 3893 1842 3965 naturaliter],

248 3985 402 4040 alter
421 3999 527 4038 non
559 3990 766 4050 natura,
798 3983 894 4038 sed
931 3983 1131 4052 gratia;
1181 3999 1319 4039 unus
1347 3998 1415 4038 ex
1443 3990 1665 4050 aeterno,
1713 3985 1850 4040 alter

248 4091 326 4131 cx
365 4082 646 4144 tempore:
682 4074 788 4129 Sed
814 4091 966 4137 unus,
999 4075 1202 4143 inquit,
1231 4074 1364 4140 ideo,
1407 4075 1528 4147 quia
1556 4073 1736 4131 abillo
1763 4077 1849 4148 qui

248 4176 338 4223 est
354 4173 543 4219 natura
565 4167 792 4220 adscitus
815 4175 890 4219 est
911 4168 963 4219 in
985 4168 1304 4230 societatem,
1325 4183 1413 4222 seu
1433 4169 1848 4239 conjunctionem

249 4257 472 4333 [Baluz.
505 4257 624 4312 add.
658 4259 791 4311 alter
819 4258 881 4311 ab
911 4257 1117 4330 altero].
1142 4257 1296 4325 Quod
1336 4265 1527 4325 totum,
1559 4274 1721 4328 quam
1749 4275 1846 4313 va-

249 4366 413 4416 num,
444 4365 713 4420 quamque
757 4350 980 4421 impium
1027 4351 1118 4412 sit,
1175 4351 1498 4420 quicumque
1553 4352 1848 4408 catholicus

250 4442 394 4509 legit
413 4441 678 4497 advertat.

330 4533 386 4586 5.
428 4531 637 4587 Etenim
661 4533 953 4588 secundum
979 4540 1181 4588 rectam
1211 4540 1265 4587 et
1285 4547 1466 4587 veram
1497 4532 1673 4600 iidem,
1709 4549 1848 4589 unus

1967 2008 2034 2048 co
2073 1993 2337 2060 hominis,
2389 2012 2552 2050 unam
2605 1996 2724 2052 Filii

1964 2099 2066 2139 con
2075 2085 2376 2148 nexionem,
2391 2100 2550 2154 quam
2563 2087 2725 2140 etiam

1965 2191 2110 2233 nunc
2154 2175 2432 2231 inconl‘hse
2484 2183 2722 2243 servant,

1962 2266 2190 2322 minime
2205 2267 2528 2323 conﬁteatur
2544 2283 2558 2333 ;
2589 2282 2722 2323 ana-

2799 1905 3033 1959 hominis
3079 1905 3316 1973 suscepti
3360 1905 3413 1960 in
3454 1921 3559 1959 una

2799 1995 2918 2050 Filii
2973 1997 3350 2062 connexione,
3398 2011 3560 2065 quam

2797 2088 2964 2141 etiam
2993 2104 3136 2142 nunc
3157 2088 3432 2143 inconfuse
3452 2104 3561 2142 εει-ο

2797 2193 3013 2245 vaznus,
3057 2179 3278 2234 minime
3327 2178 3554 2234 conﬁte—

2797 2277 2916 2336 tur;
2948 2270 3235 2325 anathema
3257 2270 3344 2324 sit.

1965 2359 2144 2415 thema
2163 2359 2252 2416 sit.

2277 2492 2661 2533 ςοκτιιλυιοτιο
2698 2492 2733 2531 Il
2742 2493 2843 2532 mu
2884 2490 3237 2532 HERCATOMS.

2031 2610 2431 2664 Contradicitur.
2467 2609 2722 2680 Sequitur
2748 2626 2808 2665 se
2835 2627 3086 2680 prorsus,
3116 2617 3172 2666 et
3196 2625 3490 2681 numquam
3517 2626 3548 2664 a

1959 2703 2178 2773 propria
2217 2703 2448 2772 pessima
2480 2702 2778 2757 intentione
2807 2701 3059 2766 discedit,
3111 2719 3218 2773 qua
3245 2717 3408 2756 unum
3437 2717 3536 2756 na-

1957 2793 2206 2847 turaliter
2234 2792 2428 2848 Filium
2459 2791 2801 2848 introducere
2837 2793 3085 2855 molitur;
3116 2793 3346 2847 alterum
3372 2791 3548 2848 socie-

1955 2891 2069 2938 tate
2096 2883 2474 2954 conjunctum,
2517 2884 2610 2954 qui
2657 2899 2764 2939 non
2809 2883 3150 2946 naturaliter,
3196 2884 3292 2939 sed
3321 2883 3550 2953 positive

1955 2974 2041 3029 vel
2061 2973 2252 3037 Filius,
2284 2975 2369 3029 vel
2405 2975 2547 3029 Deus
2575 2989 2695 3029 esse
2721 2973 2947 3040 dicatur,
2975 2989 3077 3029 nec
3105 2981 3286 3030 tamen
3321 2975 3549 3030 veritate

1954 3064 2024 3120 sit
2051 3063 2258 3137 [Βαιαι.
2285 3063 2410 3118 add.
2434 3062 2617 3135 Deus].

2205 3195 2682 3236 ANATIIEIIATISIUS
2707 3195 2950 3244 οωιιτυε
2985 3195 3027 3237 8.
3069 3195 3294 3237 εγιιιιιι.

2025 3290 2250 3364 Cyrillus
2272 3293 2446 3347 dixit:
2475 3290 2677 3362 Siquis
2720 3289 2931 3346 duabus
2977 3291 3226 3361 personis
3272 3297 3366 3344 aut
3412 3291 3541 3344 sub-

1952 3387 2168 3443 stantiis
2214 3384 2486 3440 discernat
2512 3383 2727 3456 [Βαιυι.
2760 3379 3047 3455 decernat]
3076 3397 3168 3438 eas
3213 3396 3374 3438 voces
3422 3395 3547 3450 qua:

1953 3486 2061 3532 tam
2092 3476 2417 3545 evangelicis
2440 3489 2600 3546 quam
2626 3474 2938 3544 apostolicis
2961 3475 3153 3529 litteris
3172 3474 3536 3535 continentur,

1951 3577 2047 3624 aut
2074 3569 2238 3623 etiam
2269 3583 2361 3624 eas
2382 3582 2503 3638 qua:
2535 3566 2602 3621 de
2628 3565 2844 3621 Christo
2874 3583 2904 3620 a
2933 3568 3132 3622 sanctis
3157 3566 3425 3630 dicuntur,
3456 3564 3547 3619 vel

1951 3663 2021 3718 ab
2049 3663 2166 3731 ipso
2194 3661 2410 3716 Christo
2438 3659 2504 3714 de
2532 3675 2592 3714 se
2620 3660 2766 3728 ipso;
2796 3667 2850 3714 et
2877 3660 3085 3729 aliquas
3112 3659 3328 3728 quidem
3365 3674 3430 3713 ex
3462 3657 3544 3712 his

1950 3760 2225 3821 tamquam
2251 3751 2478 3812 homini,
2503 3756 2704 3819 praeter
2725 3748 2821 3802 Dei
2849 3748 3102 3811 Verbum,
3127 3749 3216 3817 qui
3245 3750 3397 3818 quasi
3422 3763 3547 3817 spe-

1950 3843 2162 3901 cialiter
2189 3842 2413 3909 intelligi
2441 3840 2668 3908 debeat,
2701 3839 3048 3910 applicandas
3099 3839 3414 3902 crediderit;
3445 3837 3544 3890 ali—

1949 3950 2083 4005 quas
2105 3949 2232 3989 vero
2254 3940 2528 4003 tamquam
2557 3931 2670 3987 Deo
2697 3930 2903 4000 dignas,
2935 3929 3038 3985 soli
3057 3927 3234 3982 Verbo
3255 3927 3352 3983 Dei
3373 3925 3546 3981 Patris

1949 4025 2316 4096 deputaverit;
2349 4023 2640 4078 anathema
2669 4023 2758 4077 sit.

2217 4149 2708 4191 ANATHEIIATISIIUS
2733 4147 2975 4197 QUARTUS
3011 4143 3272 4185 Νεετοιιιι.

2084 4243 2142 4295 ln
2165 4258 2279 4296 mss.
2303 4246 2567 4296 codicibus.
2951 4241 3003 4291 in
3031 4242 3168 4290 libris
3188 4240 3348 4290 editis.

2022 4347 2296 4403 Nestorius
2321 4347 2453 4401 dixit
2473 4363 2491 4400 :
2513 4346 2568 4400 Si
2589 4347 2708 4414 quis
2848 4347 2906 4404 Si
2927 4348 3049 4418 quis
3085 4361 3178 4401 cas
3213 4361 3390 4411 voces,
3419 4358 3540 4414 qua:

1950 4457 2044 4501 eas
2095 4456 2255 4495 voces
2303 4455 2422 4509 qua:
2480 4447 2591 4494 tam
2652 4440 2708 4494 in
2777 4447 2890 4496 tam
2931 4440 2986 4495 in
3036 4437 3340 4507 Evangeliis
3378 4451 3539 4505 quam

1952 4530 2275 4598 erangelicis
2299 4544 2459 4597 quam
2485 4535 2707 4598 aposto-
2779 4533 2838 4590 in
2862 4532 3103 4604 epistolis
3135 4529 3446 4601 apostolicis
3473 4528 3539 4582 de

248 4633 340 4678 est
366 4621 532 4678 Filius
553 4623 666 4687 Dei,
699 4624 841 4678 Deus
867 4624 1100 4678 Verbum
1131 4639 1249 4679 cum
1270 4623 1490 4678 homine
1517 4639 1635 4690 suo,
1660 4639 1840 4693 quem,
1872 4602 1926 4662 Ῑ)
1949 4620 2066 4676 licis
2111 4621 2302 4675 litteris
2351 4619 2418 4676 de
2468 4619 2702 4686 Christo,
2775 4602 3021 4688 Christo,
3054 4621 3147 4690 qui
3183 4628 3266 4674 est
3292 4635 3359 4674 ex
3387 4625 3537 4671 utra-

247 4713 479 4783 quando
499 4714 686 4780 voluit,
719 4729 785 4768 ex
808 4714 984 4768 anima
1007 4714 1255 4769 rationali
1277 4720 1332 4768 et
1359 4729 1586 4783 corpore
1610 4729 1740 4770 vero
1781 4730 1845 4770 ac

246 4805 436 4861 solido
456 4807 768 4876 assumpsit;
799 4821 898 4859 nec
923 4805 1142 4870 divisus,
1180 4820 1281 4860 nec
1301 4805 1497 4875 duplex
1530 4813 1632 4872 est,
1671 4814 1730 4860 ut
1757 4807 1846 4863 hic

243 4897 492 4952 somniat
517 4916 528 4949 :
553 4899 646 4952 sed
674 4913 830 4964 unus,
854 4905 907 4952 et
930 4906 987 4951 ut
1015 4897 1088 4950 ita
1114 4896 1306 4962 dicam,
1333 4903 1477 4951 totus
1497 4906 1657 4966 atque
1680 4897 1842 4964 idem,

247 4989 406 5043 Deus
426 4997 482 5042 et
499 4988 682 5055 homo,
709 4988 892 5054 immo,
918 4994 974 5042 ut
1002 4987 1261 5057 signatius
1279 4985 1475 5053 dicam,
1503 4985 1642 5043 Deus
1658 4988 1842 5055 homo,

247 5087 309 5134 et
329 5077 496 5132 homo
519 5077 677 5133 Deus.

1951 4712 2041 4781 qui
2063 4721 2144 4766 est
2170 4726 2238 4765 ex
2265 4717 2492 4779 utraque
2521 4719 2712 4766 natura
2782 4729 2908 4783 que,
2926 4713 3140 4782 scripta:
3155 4718 3296 4774 sunt,
3316 4707 3537 4777 accipiat

1955 4803 2162 4877 [Belum
2187 4821 2290 4860 om.
2326 4802 2558 4875 natura],
2582 4819 2713 4859 con—
2785 4813 3056 4873 tamquam
3090 4801 3158 4857 de
3191 4815 3298 4855 una
3325 4806 3537 4859 natura,

1949 4895 2317 4964 scripttesunt,
2333 4894 2560 4964 accipiat
2574 4900 2712 4948 tam-
2782 4895 2989 4968 ipsique
3024 4895 3119 4949 Dei
3146 4891 3326 4947 Verbo
3367 4896 3537 4944 tenta'

1949 5001 2109 5056 quam
2131 4985 2198 5040 de
2219 5001 2324 5041 una
2344 4993 2554 5051 natura,
2580 4986 2710 5055 ipsi-
2783 4986 3062 5059 passiones
3107 4984 3340 5038 tribuere
3363 5020 3379 5046 .
3427 4990 3539 5035 tam

1951 5092 2058 5147 que
2098 5077 2210 5134 Deo
2253 5076 2434 5134 Verbo
2471 5078 2710 5134 tribuere
2779 5077 3073 5136 secundum
3122 5086 3342 5130 carnem
3378 5088 3538 5147 quam

1411 5211 1963 5271 CASTIGATIONES
2000 5215 2086 5270 ET
2126 5213 2357 5270 ΝΟΤᾸΒ.

326 5332 356 5361 ι
387 5321 592 5379 Vitiosa
622 5323 821 5393 ubique
848 5323 1036 5394 lectio;
1058 5325 1236 5378 minus
1255 5333 1435 5379 tamen
1465 5323 1609 5394 apud
1636 5324 1844 5381 Merca-

248 5404 433 5449 tor'em
463 5412 476 5447 :
507 5394 648 5449 unde
674 5392 836 5463 quam
864 5392 1115 5448 Petavius
1143 5410 1250 5448 non
1281 5392 1605 5460 emenda—vit,
1631 5394 1841 5451 Merca-

251 5466 392 5520 toris
430 5464 630 5520 auxilio
667 5465 1060 5532 qualicumque,
1104 5473 1158 5518 et
1186 5479 1364 5518 rerum
1405 5465 1628 5520 historia
1653 5465 1839 5534 adjuti,

248 5551 558 5606 possumus,
575 5535 691 5606 nisi
736 5534 910 5606 fallor,
943 5535 1238 5606 adverum‘
1251 5542 1307 5606 et
1333 5535 1614 5604 pristinum
1641 5544 1839 5591 statum

251 5603 534 5659 reducere.
565 5604 654 5660 Sic
682 5618 810 5674 ergo
839 5604 1121 5676 legendum
1149 5623 1173 5676 ξ
1187 5603 1262 5676 rSi
1290 5603 1403 5676 quis
1432 5621 1536 5660 non
1559 5607 1847 5665 secundant

251 5675 673 5746 ronjuuctionem
705 5673 868 5746 unum
905 5673 1094 5746 dixerit
1134 5673 1415 5740 Christum,
1446 5677 1531 5746 qui
1569 5685 1646 5729 est
1681 5679 1839 5730 etiam

255 5744 566 5818 Emmanuel
584 5785 599 5807 ,
624 5745 713 5800 sed
732 5744 1011 5818 secundum
1032 5753 1294 5818 naturam,
1317 5755 1366 5798 et
1387 5744 1654 5818 utramque
1681 5749 1841 5804 etiam.

251 5805 622 5881 substantiam,
654 5825 759 5870 tam
806 5814 897 5869 Dei
942 5813 1094 5870 Verbi
1133 5805 1290 5887 quani
1324 5824 1374 5870 et
1402 5805 1654 5885 assum'pti
1683 5820 1749 5874 ab
1777 5839 1835 5878 ea.

1951 5328 2199 5391 hominis,
2229 5330 2286 5381 in
2324 5345 2428 5382 una
2457 5327 2587 5382 Filii
2627 5331 2965 5394 connexione,
2995 5331 3152 5384 etiam
3183 5341 3322 5380 nunc
3353 5326 3537 5394 incon-

1950 5399 2065 5469 fuse
2083 5407 2358 5469 seruatam,
2380 5400 2592 5469 minime
2613 5399 2918 5469 conﬁteatur
2932 5392 2959 5465 ;'
2973 5400 3248 5452 anathema
3268 5397 3352 5450 sit.
3377 5392 3538 5448 Suam

1947 5465 2092 5521 enim
2133 5465 2412 5538 Nestorius
2451 5465 2902 5523 haeresim'tradit
2946 5469 3013 5522 de
3052 5482 3187 5538 pura
3229 5473 3537 5538 naturarum

1945 5540 2211 5610 συναφξξεςε
2235 5537 2575 5610 hominisque
2595 5553 2728 5608 pura
2738 5532 3113 5610 assumptione
3133 5533 3343 5610 morali,
3360 5532 3537 5610 unius-

1943 5621 2051 5677 que
2083 5596 2225 5678 'Filii
2243 5596 2574 5678 dissimulata
2597 5596 3024 5678 'prazdicatione;
3065 5596 3336 5678 simulque
3358 5601 3538 5678 erimi-f

1943 5675 2105 5731 natur
2124 5677 2441 5742 catholicos,
2464 5675 2624 5746 quasi
2643 5677 2894 5733 confundi
2919 5687 3139 5733 naturas
3162 5675 3424 5736 dicerent,
3445 5677 3536 5722 aut

1941 5747 2188 5804 converti
2209 5746 2401 5804 saltem
2421 5756 2544 5823 post
2565 5747 3037 5806 resurrectionem.
