3978 6188
466 337 575 399 925

467 564 629 603 carne
643 563 803 617 quam
817 548 979 601 etiam
995 545 1220 613 Deitate;
1297 547 1383 601 sit.

466 640 749 695 anathema
777 640 864 693 sit.

784 745 1172 785 CONTRADICTIO
1201 746 1346 784 IAN]
1376 744 1547 783 MERCA
1556 744 1726 783 TORl’S.

534 820 562 872 l
620 818 1008 875 Contradicitur
1040 838 1056 874 :
1092 820 1442 890 Consequens
1470 835 1590 875 esse
1620 828 1776 889 putat
1809 828 1867 872 ut
1894 834 2053 874 coar-

463 918 640 964 ctetur
668 911 911 966 conliteri
939 911 1175 966 divinam
1215 922 1463 964 naturam
1491 926 1609 965 esse
1637 911 1978 979 passibilem,
2010 912 2059 965 si

466 1004 585 1071 quis
614 1003 811 1059 dixerit
839 1005 966 1073 quia
994 1003 1159 1060 Filius
1185 1005 1279 1059 Dei
1311 1005 1450 1060 Deus
1479 1019 1670 1074 passus
1707 1012 1790 1058 est
1816 1019 1915 1073 pro
1959 1020 2057 1058 no-

463 1092 579 1159 bis;
611 1110 679 1147 an
709 1095 882 1150 nescit
906 1094 1030 1163 quia
1062 1102 1204 1149 totus
1233 1096 1395 1149 homo
1434 1093 1736 1149 communis
1772 1109 1840 1147 ex
1879 1093 2056 1147 anima

461 1198 518 1241 et
540 1203 786 1258 corpore,
810 1204 929 1243 cum
953 1189 1153 1257 patitur
1172 1189 1223 1241 in
1246 1188 1491 1257 corporis
1509 1195 1697 1241 natura
1720 1186 1922 1260 [Buluz.
1949 1205 2054 1242 sui.

462 1279 516 1334 in
549 1281 790 1349 corporis
817 1279 1061 1352 natura],
1086 1281 1219 1335 nihil
1241 1281 1293 1334 in
1324 1281 1518 1335 anima:
1542 1287 1732 1335 natura
1772 1294 1839 1333 ex
1868 1278 2057 1336 dolore

463 1370 739 1439 patiatur?

532 1461 585 1513 2.
621 1461 842 1527 Deinde,
868 1477 974 1516 non
996 1462 1145 1518 estis
1166 1462 1479 1533 prudentior
1500 1461 1745 1517 Patribus
1764 1462 1816 1516 in
1838 1461 2056 1518 Nicmno

464 1553 694 1608 concilio
734 1554 1070 1619 constitutis,
1118 1555 1210 1623 qui
1242 1554 1401 1609 ﬁdem
1443 1554 1672 1625 symboli
1701 1555 1768 1609 ab
1798 1556 2058 1625 apostolis

464 1643 647 1697 traditi
696 1644 886 1707 nobis,
939 1653 1161 1714 propter
1208 1644 1322 1699 Arii
1369 1644 1720 1715 impietatem,
1762 1661 1880 1715 quae
1927 1654 2057 1703 tunc

464 1742 776 1797 emerserat,
808 1735 967 1790 latius
1008 1744 1358 1805 exponentes,
1409 1736 1483 1790 ita
1530 1737 2050 1806 pronuntiaverunt:

464 1821 749 1892 Credimus,
780 1825 1020 1881 dicentes
1058 1835 1182 1897 post
1220 1828 1315 1883 Dei
1343 1836 1398 1881 et
1426 1826 1601 1882 Patris
1637 1828 2050 1897 confessionem,
2086 1823 2133 1884 Β

464 1924 513 1967 et
540 1917 595 1969 in
622 1932 783 1970 unum
811 1916 1089 1972 Demittunt
1116 1927 1343 1973 nostrum
1370 1918 1547 1973 Iesum
1572 1917 1830 1974 Christum
1858 1920 1904 1973 F
1908 1922 2055 1976 ilium

466 2004 585 2071 Dei,
616 2003 781 2060 Deum
814 2024 985 2061 verum
1017 2009 1080 2061 de
1106 2007 1215 2062 Deo
1244 2026 1380 2074 vero,
1404 2009 1573 2064 lumen
1608 2011 1669 2064 de
1690 2010 1902 2078 lumine,
1925 2030 2053 2067 con-

465 2096 833 2153 substantivum
861 2099 1031 2169 Patri,
1068 2100 1205 2172 quod
1234 2099 1403 2155 erci
1429 2102 1696 2173 ὁμοούσιον
1729 2104 1927 2171 dicunt,
1958 2122 2054 2159 na-

469 2199 592 2254 tum,
640 2208 743 2245 non
783 2195 1004 2263 factum,
1035 2211 1126 2263 per
1152 2211 1299 2266 quem
1328 2196 1503 2249 omnia
1545 2199 1665 2268 fecit
1702 2197 1842 2252 Deus
1872 2199 2050 2265 Pater,

466 2282 550 2352 qui
580 2291 787 2353 propter
828 2300 952 2347 nos,
1002 2294 1051 2338 et
1079 2295 1288 2354 prapter
1327 2298 1557 2341 nostram
1595 2288 1815 2343 salutem
1861 2290 2055 2346 ultimis

469 2374 778 2443 temporibus
807 2374 1068 2429 descendit
1097 2376 1158 2430 de
1186 2377 1349 2443 caelis,
1381 2379 1682 2434 incarnatus
1716 2390 1817 2443 est,
1846 2398 2050 2451 passus,

468 2467 764 2536 cruciﬁxus,
794 2478 1040 2533 mortuus,
1072 2469 1317 2539 sepultus,
1343 2472 1621 2524 resurrexit
1644 2474 1790 2526 tertia
1811 2474 1911 2539 die,
1936 2492 2057 2528 ven-

470 2567 612 2612 turus
625 2560 865 2629 judicare
892 2562 1027 2615 viros
1055 2570 1104 2614 et
1132 2571 1381 2626 mortuos,
1413 2572 1468 2616 et
1493 2563 1717 2632 reliqua.

538 2649 589 2703 5.
615 2648 959 2719 Nequaquam
978 2649 1182 2722 [Boium
1199 2650 1485 2725 Numquid]
1503 2654 1589 2707 isti
1602 2655 1827 2709 alterum
1846 2654 2052 2727 [Baluz.

467 2758 569 2795 om.
595 2740 846 2811 alterum]
874 2740 1055 2795 Jesum
1076 2740 1367 2808 Christum,
1392 2743 1483 2811 qui
1508 2743 1823 2800 Emmanuel
1851 2754 1906 2801 et
1932 2763 2057 2818 pas-

467 2831 637 2885 sibilis
665 2840 839 2897 esset;
871 2832 1100 2886 alterum
1122 2846 1250 2887 vero
1273 2831 1448 2887 Patris
1474 2833 1707 2889 Verbum
1733 2836 2059 2907 impassibile

470 2920 677 2992 [Baluz.
702 2922 1107 2994 impassibilem]
1140 2924 1520 2980 intellexerunt
1545 2943 1557 2978 :
1590 2927 1684 2982 sed
1712 2943 1877 2983 unum
1906 2946 2058 2986 eum-

467 3012 699 3081 demque
728 3012 896 3068 Deum
925 3022 1208 3080 :eternum,
1246 3032 1366 3071 cum
1396 3029 1670 3088 assumpto
1693 3019 1894 3076 ultimis
1922 3028 2058 3077 tem-

468 3104 689 3172 poribus
709 3121 939 3176 corpore
957 3122 1075 3173 suo,
1100 3108 1481 3178 impassibilem
1502 3110 1731 3177 Deitate,
1749 3114 2056 3182 passibilem

468 3207 731 3262 corpore;
762 3195 815 3247 in
846 3211 954 3265 quo
997 3212 1096 3265 pro
1142 3197 1315 3263 nobis,
1348 3204 1400 3251 et
1442 3214 1565 3252 cum
1610 3215 1737 3268 quo,
1786 3209 2058 3272 tamquam
2085 3192 2137 3253 C’
2163 3190 2408 3259 prOHIiSil
2433 3206 2446 3241 ε
2473 3188 2695 3250 Solvite.
2732 3187 2917 3242 dicem

468 3286 707 3354 proprio,
745 3297 1075 3351 nasceretur,
1113 3289 1404 3355 videretur,
1448 3300 1741 3361 pateretur,
1787 3306 1840 3351 et
1878 3313 2055 3352 resur-

466 3384 617 3443 geret
646 3378 798 3431 tertia
827 3378 940 3441 die,
983 3380 1176 3433 iterum
1206 3397 1324 3436 cum
1368 3383 1484 3453 ipso
1528 3393 1784 3442 venturus
1810 3388 1876 3443 de
1906 3390 2056 3445 coelis

464 3467 708 3536 judicare
729 3468 877 3524 vivos
905 3479 960 3523 et
981 3481 1240 3526 mortuos.

730 3575 1206 3617 ANATIIEMATISNUS
1232 3579 1455 3627 QUIXTUS
1483 3581 1527 3621 S.
1566 3583 1788 3622 εγιιιιιι.

536 3672 759 3743 Cyrillus
786 3674 951 3727 dixit:
974 3675 1031 3729 Si
1059 3677 1178 3744 quis
1206 3678 1345 3732 ausit
1372 3678 1554 3734 dicere
1588 3678 1845 3759 ἄνθρωπον
1866 3685 2051 3759 Θεογό-

463 3784 568 3838 ρον,
602 3762 655 3816 id
694 3770 807 3829 est,
839 3765 1111 3820 hominem
1146 3767 1254 3822 Deo
1285 3777 1543 3836 utentem,
1589 3786 1683 3826 seu
1722 3782 2048 3842 portantem,

461 3852 755 3915 Christum,
778 3862 954 3908 etnon
984 3856 1164 3926 potius
1192 3857 1361 3911 Deum
1387 3873 1507 3914 esse
1534 3862 1827 3915 secundum
1855 3864 2057 3918 verita-

463 3949 588 4007 tem,
610 3951 878 4012 tamquam
902 3945 1117 4000 unicum
1144 3945 1357 4011 Filium,
1381 3948 1475 4016 qui
1497 3951 1832 4016 naturaliter,
1858 3966 2051 4008 secun-

460 4034 587 4089 dum
624 4036 768 4105 quod
822 4035 1043 4091 Verbum
1090 4054 1212 4091 caro
1256 4040 1449 4109 factum
1494 4047 1601 4104 est,
1650 4042 2051 4112 participaverit

460 4128 617 4183 nobis
644 4127 891 4183 similiter
918 4143 1080 4182 carne
1101 4135 1155 4182 et
1175 4129 1460 4197 sanguine;
1499 4128 1785 4185 anathema
1814 4131 1900 4185 sit.

734 4258 1212 4297 ANATIIEMATISAIUS
1240 4259 1468 4306 QUINTUS
1504 4259 1769 4298 NESTORH.

588 4354 644 4404 in
669 4368 786 4404 mss.
812 4356 1077 4405 codicibus.
1462 4358 1514 4406 ln
1541 4356 1679 4405 libris
1704 4356 1863 4405 editis.
1921 4393 1928 4399 .

528 4459 802 4515 Nestorius
822 4460 957 4514 dixit
977 4477 993 4513 :
1016 4460 1074 4514 Si
1094 4462 1214 4528 quis
1357 4460 1414 4514 Si
1441 4462 1564 4529 quis
1584 4478 1748 4517 unum
1778 4477 1898 4517 esse
1927 4473 2049 4533 post

991 340 1178 395 IlARll
1218 338 1656 397 MERCATOBIS
1695 339 2276 400 TRANSLATIONES
2315 340 2679 398 vamonuu
2716 340 3217 399 OPUSCULOBUM
3576 345 3662 409 9t6

469 456 753 526 passiones
774 456 1086 520 tentaverit,
1113 463 1219 509 tam
1294 456 1455 510 etiam
1470 456 2056 521 Deitatem;anathema
2088 460 2131 518 Α
2163 471 2329 511 unum
2366 472 2483 512 esse
2522 457 2683 512 audet
2717 457 2917 522 dicere,

2993 456 3299 520 dicere,cum
3308 456 3636 517 sitEmmanuel

2160 565 2279 603 cum
2308 550 2378 603 sit
2407 548 2755 615 Emmanuel;
2786 564 2919 603 ana-
2996 550 3268 604 anathema
3289 551 3366 604 sit.

2157 642 2339 697 thema
2368 642 2456 695 sit.

2478 747 2684 786 CONTRA
2693 746 2870 784 DICTIO
2900 746 3045 783 IMR"
3073 744 3399 784 ωικωτοηιε.

2229 822 2529 878 Cat/saliens
2558 823 2904 878 contradicit:
2930 821 3070 890 Ergo
3098 821 3200 875 duo
3241 829 3373 886 sunt,
3410 820 3662 877 stultissime

2157 926 2212 972 et
2239 916 2575 987 impiissime,
2613 915 2909 970 secundum
2937 922 2991 969 te
3009 955 3024 980 ,
3052 913 3169 967 Filii
3189 912 3379 986 [Belua
3409 929 3497 966 om.
3518 911 3662 982 Filii]:

2158 1024 2313 1073 unus,
2345 1009 2437 1077 qui
2465 1007 2535 1063 sit
2563 1007 2907 1071 naturaliter;
2940 1014 2999 1060 et
3021 1006 3183 1071 alius,
3222 1004 3307 1074 qui
3344 1003 3596 1073 positione;
3622 1011 3665 1058 et

2156 1101 2429 1171 quomodo
2451 1101 2554 1156 hoc
2581 1115 2689 1155 non
2721 1097 2945 1168 impium
2975 1097 3090 1151 est?

2431 1225 2909 1267 ANATHEIATISHUS
2937 1224 3136 1264 SEXTUS
3162 1222 3204 1264 5.
3234 1221 3437 1262 CYMLLI.

2226 1303 2447 1375 Cyrillus
2472 1303 2632 1357 dicit:
2654 1301 2711 1357 Si
2731 1302 2850 1369 quis
2870 1300 3000 1355 dicit
3020 1300 3187 1354 Deum
3205 1298 3287 1352 vel
3308 1296 3557 1352 Dominum
3574 1310 3671 1351 esse

2154 1397 2352 1451 Christi
2384 1396 2614 1451 Verbum
2644 1394 2838 1459 Patris,
2870 1400 2926 1447 et
2953 1407 3061 1447 non
3096 1392 3261 1459 magis
3287 1389 3506 1445 eumdem
3530 1389 3671 1457 ipsum

2155 1487 2440 1544 conﬁtetur
2475 1486 2643 1539 Deum
2677 1490 2733 1539 et
2770 1482 3039 1537 hominem
3076 1481 3247 1546 simul,
3268 1488 3512 1548 tamquam
3529 1476 3675 1533 Verbo

2154 1592 2316 1632 carne
2342 1575 2502 1641 facto,
2525 1573 2820 1630 secundum
2841 1572 3178 1643 Scripturas;
3202 1571 3465 1625 anathema
3484 1568 3557 1623 sit.

2436 1698 2920 1744 ANATIIEIATISIUS
2954 1698 3158 1740 SEXTUS
3194 1696 3438 1737 NESTONI.

3162 1792 3212 1842 In
3232 1791 3362 1841 libris
3383 1788 3511 1839 editis

3058 1897 3117 1953 Si
3145 1896 3262 1965 quis
3279 1901 3393 1965 post
3412 1889 3681 1946 incarnatio-

2988 2005 3115 2044 nem
3144 1989 3307 2042 Deum
3342 1983 3549 2038 Verbum
3573 1980 3680 2034 alte.

2986 2098 3105 2135 rum
3180 2077 3469 2149 quempiam
3528 2079 3685 2143 praeter

2986 2170 3259 2226 Christum
3343 2160 3681 2222 nominaverit;

2995 2275 3017 2304 ο
3049 2262 3193 2317 servi
3218 2275 3344 2315 sane
3380 2256 3580 2311 formam
3602 2251 3684 2305 ini-

2993 2356 3129 2409 tium
3151 2368 3254 2409 non
3276 2351 3461 2405 habere
3479 2360 3582 2401 cum
3600 2343 3687 2396 Deo

2996 2445 3171 2500 Verbo
3188 2486 3205 2510 ,
3233 2452 3287 2498 et
3328 2442 3589 2496 inereatam
3606 2476 3619 2497 ,
3643 2439 3690 2485 ιιι

2988 2540 3103 2610 ipse
3118 2547 3221 2605 est,
3238 2537 3411 2591 dicere
3430 2527 3692 2587 tentaverit,

2988 2638 3043 2685 et
3063 2646 3173 2685 non
3195 2628 3359 2696 magis
3374 2624 3435 2679 ab
3447 2625 3550 2693 ipso
3568 2632 3692 2674 etes.

2988 2733 3098 2780 tam
3160 2723 3471 2780 conﬁteatur
3490 2757 3502 2780 .
3563 2726 3695 2782 quam

2990 2827 3183 2874 natura
3200 2816 3491 2877 Dominum,
3506 2816 3548 2864 et
3568 2805 3693 2861 Cres

2989 2916 3185 2975 torem,
3217 2916 3273 2961 et
3292 2906 3470 2965 Deum,
3493 2912 3630 2970 quam
3654 2901 3693 2947 et

2989 3000 3252 3055 suscitare
3299 2994 3501 3067 prapria
3534 2988 3695 3044 virtute

2989 3090 3270 3162 promisit:
3298 3087 3501 3148 Solvite,
3528 3081 3694 3136 dicens,

2990 3184 3237 3254 templum
3276 3181 3386 3243 hoc,
3419 3186 3466 3231 et
3488 3177 3535 3228 in
3561 3169 3698 3226 triduo

2160 3281 2229 3335 ad
2254 3280 2499 3343 Judatos,
2533 3279 2773 3351 templum
2802 3279 2915 3343 hoc,
2987 3274 3249 3333 suscitabo
3274 3273 3431 3338 illud;
3460 3266 3699 3324 anathema

2158 3381 2209 3425 et
2229 3374 2285 3426 in
2315 3372 2485 3426 triduo
2514 3370 2769 3426 suscitabo
2789 3370 2918 3425 illud
2988 3369 3075 3423 sit.

2160 3465 2339 3535 (Joan.
2378 3483 2446 3531 ιι,
2484 3465 2602 3535 19);
2632 3464 2918 3518 anathema

2156 3557 2246 3610 sit.

2297 1799 2351 1849 In
2376 1811 2490 1848 mss.
2512 1796 2781 1846 codicibus.

2230 1902 2505 1957 Nestorius
2528 1901 2692 1955 dixit:
2714 1898 2771 1955 Si
2795 1898 2915 1967 quis

2155 1995 2184 2035 δ
2266 2002 2391 2066 post
2487 1993 2915 2049 incarnationem

2157 2087 2324 2141 Deum
2387 2084 2622 2139 Verbum
2687 2082 2916 2136 alterum

2156 2177 2463 2246 quempiam
2518 2183 2713 2245 prmter
2760 2172 2916 2228 Chri-

2157 2277 2297 2324 stum
2327 2267 2714 2331 nominaverit,
2746 2265 2915 2321 servi-

2155 2376 2263 2430 que
2324 2360 2554 2415 lormam
2618 2376 2740 2415 cum
2806 2359 2917 2415 Deo

2158 2456 2335 2512 Verbo
2352 2456 2561 2510 initium
2574 2470 2683 2509 non
2695 2453 2914 2520 habere,

2158 2555 2213 2602 et
2233 2548 2374 2602 hanc
2394 2546 2705 2607 increatam.
2724 2552 2783 2599 ut
2803 2544 2917 2614 ipse

2157 2646 2259 2702 est,
2278 2653 2397 2693 esse
2411 2638 2590 2693 dicere
2607 2636 2914 2700 teutaverit,

2158 2738 2213 2786 et
2226 2746 2333 2785 non
2351 2730 2530 2800 potius
2545 2728 2611 2782 ab
2628 2729 2743 2798 ipso
2763 2742 2916 2781 crea-

2157 2829 2267 2876 tam
2284 2820 2625 2887 conﬁteatur,
2641 2827 2918 2888 tamquam

2158 2926 2189 2965 a
2206 2912 2432 2965 naturali
2446 2911 2691 2975 Domino,
2706 2918 2760 2964 et
2774 2925 2920 2965 crea-

2156 3010 2298 3070 tore,
2347 3012 2403 3059 et
2454 3004 2599 3068 Deo,
2651 3017 2812 3071 quam
2862 3010 2918 3057 et

2159 3098 2422 3152 suscitare
2461 3096 2679 3166 propria
2721 3096 2918 3150 virtute

2478 3657 2866 3699 CONTBADICTIO
2896 3657 2963 3695 HA
2971 3656 3040 3695 R11
3070 3651 3429 3695 IBRCATORIS.

2227 3735 2279 3789 i.
2307 3734 2599 3790 Cat/totiens
2621 3732 2947 3788 contradicit.
2966 3731 3270 3787 Stultorum
3295 3723 3627 3783 struthionnm
3645 3715 3703 3768 vi-

2153 3826 2310 3882 detur
2326 3828 2411 3882 hic
2424 3825 2652 3891 sermod,
2667 3827 2756 3895 qui
2770 3824 2911 3881 collo
2927 3834 3081 3879 tenus
3096 3820 3445 3878 absconditos
3458 3832 3513 3871 se
3532 3814 3706 3884 putant.

2153 3928 2210 3972 et
2246 3919 2509 3987 reliquum
2535 3918 2785 3988 periculis
2824 3931 3018 3987 corpus
3058 3922 3363 3985 exponunt.
3410 3908 3571 3965 Unum
3603 3898 3708 3956 dicit

2153 4025 2272 4065 esse
2299 4008 2570 4065 Christum
2587 4050 2602 4074 ,
2633 4017 2689 4064 et
2727 4024 2849 4064 suas
2878 4007 3188 4077 superiores
3216 4001 3511 4059 sententias
3536 3991 3708 4065 impiis-

2152 4100 2314 4155 simas
2339 4115 2446 4155 non
2476 4100 2638 4165 videt,
2664 4100 2772 4154 cito
2793 4098 2989 4153 oblitus
3016 4095 3389 4151 Emmanuelis
3412 4091 3509 4147 sui.

2218 4190 2272 4244 ‘2.
2306 4190 2545 4259 Denique
2573 4206 2603 4244 a
2628 4206 2736 4258 quo
2765 4203 3017 4258 umquam
3045 4187 3271 4253 audivit,
3304 4199 3500 4255 corpus
3530 4172 3714 4235 Domini

2151 4283 2641 4351 consempitemum
2662 4282 2710 4335 ei
2733 4282 2889 4335 esse?
2914 4279 3180 4349 (quamvis
3207 4295 3275 4335 ex
3299 4292 3409 4347 quo
3429 4274 3481 4330 id
3500 4272 3711 4339 dignatus

2150 4382 2233 4427 est
2254 4388 2545 4438 assumere,
2570 4382 2653 4427 est
2674 4371 3013 4441 perpetuum)
3038 4379 3315 4439 tamquam
3338 4365 3484 4438 quod
3502 4370 3579 4419 est
3596 4358 3711 4429 eius.

2150 4474 2478 4519 eoaeternum
2523 4477 2740 4532 quoque
2787 4462 2858 4516 sit
2902 4462 2971 4515 ei.
3028 4459 3243 4515 Utinam
3292 4462 3383 4515 hic
3413 4456 3606 4531 [Balua
3632 4444 3712 4517 sic]

458 4563 578 4626 post
596 4553 1019 4624 assumptionem
1048 4552 1214 4606 homi-
1287 4546 2050 4619 assumptioncmhominisna-
2078 4566 2126 4625 ι)
2151 4564 2364 4625 saperet
2400 4570 2564 4609 unum
2604 4554 2795 4607 Filium
2836 4553 2933 4607 Dei
2972 4553 3140 4607 Deum
3170 4552 3414 4607 Verbum
3452 4542 3713 4604 secundum

458 4647 538 4701 nis
551 4644 864 4699 naturaliter
877 4653 900 4680 ι
916 4642 1009 4696 Dei
1022 4641 1213 4696 Filium
1290 4641 1533 4695 turaliter
1560 4642 1653 4697 Dei
1678 4644 1865 4700 Filium
1889 4647 2052 4700 audet

2157 4648 2455 4718 symbolum
2488 4646 2630 4709 lidei,
2662 4661 2768 4700 una
2789 4660 2909 4700 cum
2933 4652 3208 4715 assumpto
3233 4644 3481 4717 perfecto
3506 4638 3714 4697 homine.

1621 4735 2169 4795 CASTICATIONES
2210 4740 2294 4792 ET
2338 4738 2569 4794 ΝΟΤᾸΞ.

525 4842 551 4870 ιι
581 4829 785 4901 Opinor
822 4830 1083 4899 scriptum
1126 4826 1286 4881 fuisse
1326 4841 1357 4880 a
1402 4825 1669 4891 Nestor-io,
1698 4826 1898 4891 Jesum.
1944 4847 2041 4900 pro

452 4905 551 4958 hac
584 4918 737 4967 voce,
767 4917 957 4978 unum_;
987 4914 1313 4978 quamquam
1345 4904 1595 4978 constare
1623 4906 2042 4978 p_otest_t_itcum:

450 4989 556 5040 que
596 4986 806 5035 sensus,
838 4972 937 5025 etsi
976 4967 1276 5040 retineturt
1300 4967 1463 5021 modo
1502 4967 1764 5040 signiﬁcet
1804 4969 1856 5023 id
1898 4971 2043 5039 quod

451 5038 518 5095 ex
542 5042 906 5110 assumptione
937 5040 1228 5110 hominisa
1256 5038 1369 5093 Deo
1396 5052 1480 5110 ac,
1498 5038 1739 5110 unitione
1767 5038 2043 5110 utriusque

456 5120 658 5166 natura:
700 5108 900 5172 existit,
934 5110 985 5163 id
1027 5119 1128 5170 est,
1170 5108 1505 5169 Emmanuel,
1539 5109 1816 5163 nobiscum
1862 5108 2039 5177 Deus;

452 5181 589 5236 duos
622 5181 766 5235 enim
800 5180 964 5234 Filios
996 5179 1322 5247 intelligetur
1360 5178 1637 5233 Nestorius
1679 5178 2039 5246 introducere,

455 5266 619 5307 unum
654 5259 866 5315 natura,
905 5250 1133 5305 alterum
1174 5249 1366 5318 gratia,
1404 5264 1501 5303 seu
1542 5249 1834 5319 positione,
1878 5260 1935 5306 ut
1966 5252 2043 5307 ait

452 5327 736 5377 Mercator.

521 5398 551 5432 υ
580 5393 697 5447 Non
726 5391 887 5447 crede
918 5405 1072 5446 usum
1095 5390 1258 5446 fuisse
1283 5389 1587 5446 Nestorium
1617 5408 1749 5447 voce
1781 5392 2037 5459 ἰνσαρκὼ-

454 5484 603 5537 etate,
616 5478 734 5533 quze
756 5462 1052 5537 incarnatio
1068 5467 1169 5537 est,
1184 5462 1280 5517 sed
1291 5460 1738 5537 ἔνανθρῳῃήσεως,
1752 5477 1869 5537 quae
1884 5464 2038 5537 quasi

453 5532 849 5599 inhumanatio;
880 5532 1023 5587 illam
1052 5534 1195 5587 enim
1234 5549 1359 5587 raro
1400 5532 1637 5596 adhibet,
1669 5542 1727 5587 ut
1757 5532 1926 5586 vitare
1957 5532 2037 5586 vi-

452 5605 662 5671 deatur,
685 5615 957 5674 tamquam
979 5603 1247 5659 catholico
1267 5602 1503 5674 dogmati
1527 5603 2034 5674 consonantiorem;

452 5676 608 5731 istam
651 5671 873 5745 usurpat
912 5673 1263 5742 frequentius,
1304 5673 1373 5745 ad
1401 5671 1864 5736 dissimulandum,
1904 5689 2038 5745 voce

452 5746 685 5816 alioquin
715 5743 998 5808 catholica,
1021 5759 1259 5799 errorem
1289 5743 1355 5798 de
1384 5760 1529 5816 pura:
1555 5747 1848 5806 ὶνοικήσιως
1881 5744 2037 5799 unio-

452 5830 520 5871 ne
549 5818 685 5874 inter
714 5816 947 5871 Verbum
978 5822 1028 5867 et
1058 5816 1352 5870 hominem.

2226 4842 2247 4905 (ς
2274 4830 2631 4905 Explicandus
2651 4828 2747 4883 fuit
2775 4830 2924 4905 locus
2947 4828 3503 4905 alioquinobscurus,
3527 4832 3721 4905 propter

2152 4901 2338 4955 vitium
2356 4893 2616 4955 lectionis
2653 4899 2797 4969 quod
2839 4900 2891 4953 in
2935 4893 3334 4970 manuscriptos
3362 4893 3577 4970 codices
3600 4893 3716 4970 idem

2152 4986 2215 5025 ac
2244 4972 2295 5025 in
2327 4971 2617 5025 editionem
2647 4964 2917 5039 vulgatam
2946 4970 3177 5039 irrepsit.
3207 4964 3718 5039 'Legendumigitur.

2151 5043 2383 5114 seruique
2411 5044 2634 5114 formant
2671 5035 2785 5114 cum
2818 5038 2929 5093 Deo
2967 5035 3132 5114 Verbo
3164 5035 3378 5095 initium
3408 5056 3514 5114 non
3540 5035 3718 5114 habent,

2150 5120 2200 5163 et
2228 5101 2381 5184 hanc,
2411 5101 2515 5184 etc.
2549 5111 2826 5165 Nestorius
2854 5125 3016 5184 porro
3039 5111 3212 5184 prima
3232 5119 3396 5184 parte
3425 5110 3507 5164 sui
3527 5101 3720 5184 capituli

2152 5181 2417 5256 catholice
2443 5182 2673 5256 locutus,
2705 5176 2953 5256 secunda
2965 5176 3249 5256 catholicis
3273 5182 3489 5256 crimen
3510 5176 3723 5256 attinuit.

2148 5252 2301 5318 quasi
2321 5253 2581 5306 sentirent
2597 5266 2811 5307 caruerit
2829 5245 3026 5305 Christi
3047 5259 3377 5306 cozeternam
3401 5249 3577 5304 Verbo
3592 5264 3604 5299 :
3617 5245 3724 5298 hinc

2150 5317 2321 5390 ipsum
2361 5320 2646 5386 Mercator,
2689 5330 2745 5376 et
2788 5321 3187 5387 inconstantiaz,
3235 5327 3298 5375 et
3340 5317 3621 5375 calumnia:
3643 5327 3721 5370 ac-

2148 5400 2317 5446 ωερε.

2220 5460 2243 5498 ἀ
2290 5461 2536 5516 Baluzius
2569 5461 2716 5516 addit
2746 5462 2975 5531 rrecelare
2993 5502 3006 5525 ,
3032 5461 3175 5530 quod
3201 5462 3408 5531 probat
3436 5460 3540 5514 hac
3565 5461 3680 5510 nota
3710 5466 3720 5501 :

2155 5552 2172 5584 ι
2208 5531 2266 5586 id
2287 5538 2387 5595 est,
2413 5532 2629 5594 imitari,
2657 5532 2709 5585 ni
2734 5530 2904 5585 fallor.
2925 5530 3057 5585 Eam
3078 5530 3221 5586 enim
3242 5530 3728 5585 struthionumsto-

2148 5604 2409 5658 liditatem
2438 5617 2556 5658 esse
2587 5604 2660 5656 ait
2689 5600 2891 5656 Plinius
2917 5603 3005 5656 lib.
3039 5619 3073 5657 ι
3099 5618 3219 5672 cap.
3251 5600 3309 5667 l,
3338 5603 3477 5656 utin
3504 5608 3641 5672 tanta
3658 5608 3733 5672 res

2146 5674 2273 5745 liqui
2301 5675 2529 5745 corporis
2554 5673 2856 5737 altitudine,
2896 5688 3011 5745 cum
3040 5668 3189 5745 rolla
3230 5673 3428 5745 frutice
3458 5668 3731 5741 occultatus

2146 5738 2270 5807 rint,
2294 5738 2452 5797 latere
2472 5759 2525 5795 se
2553 5745 2859 5797 existiment.
2886 5738 3077 5795 Omisit
3106 5738 3281 5798 autem
3308 5742 3461 5796 hanc
3481 5745 3668 5795 vocem
3686 5738 3735 5786 in

2147 5829 2243 5869 sua
2265 5813 2497 5869 editione
2520 5811 2830 5869 Garneriua.
2873 5832 2888 5864 υ
2930 5811 3084 5868 Enn.
3374 5848 3381 5849 κ
