3978 6188
277 352 382 408 917

1159 347 1479 406 NESTORH
1519 345 2109 408 BLASPIIEMIABUM
2147 345 2488 412 CAPITULA
2529 349 2645 411 XII.

3455 347 3562 404 918

271 487 336 528 es
360 469 538 525 anima
565 465 811 524 rationali
841 473 895 520 et
920 478 1180 534 corpore,
1208 463 1336 536 qui,
1365 470 1425 518 ut
1452 462 1708 533 scriptum
1737 468 1819 516 est
1846 480 1859 515 :
1891 467 1939 526 Α
1977 463 2200 521 Verbum
2247 480 2368 523 caro
2418 465 2612 538 factum
2659 471 2735 518 est
2783 461 2967 534 (lacn.
3010 477 3057 526 ι,
3108 458 3222 530 id);
3279 463 3558 526 anathema

273 561 636 635 As'gritudiues
674 567 878 620 nostras
907 560 1017 628 ipse
1060 559 1308 632 portavit,
1333 565 1383 610 et
1411 573 1505 627 pro
1535 553 1681 612 nobis
1723 554 1860 612 dolet

271 655 427 722 (Isai.
453 669 560 718 Lm,
585 650 670 719 4),
699 667 786 704 eas
811 650 1055 706 videlicet
1089 649 1404 720 suspendens
1439 649 1494 703 in
1523 665 1738 725 corpore
1764 664 1859 704 suo

264 762 423 817 super
442 744 634 816 lignum
658 742 707 814 (ι
735 741 880 796 Pctr.
910 758 969 803 ιι,
997 740 1126 812 24);
1172 749 1228 796 et
1271 756 1378 796 non
1409 740 1476 795 ad
1499 742 1638 795 hanc
1667 755 1857 794 vanam

266 835 599 906 impietatem
643 831 791 886 Pauli
833 830 1172 892 Samosateni
1211 830 1589 896 descenderet,
1633 829 1859 894 duarum

267 937 584 990 naturarum
612 935 666 986 et
694 941 1044 998 personarum
1071 925 1262 984 merita
1283 924 1604 988 dividendo!

512 1054 992 1103 ANATIIEHATISIUS
1018 1053 1277 1096 εειιτιιιυει
1304 1053 1349 1093 8.
1389 1052 1612 1100 ῦῐῆιιω.

334 1131 560 1203 Cyrittus
583 1132 755 1189 dixit:
783 1128 838 1186 Si
861 1130 982 1200 quis
1003 1129 1134 1187 dicit
1154 1130 1206 1187 in
1235 1127 1363 1188 Jesu
1383 1137 1656 1198 tamquam
1676 1127 1730 1182 in
1759 1127 1860 1183 bo-

261 1225 412 1278 mine
441 1223 610 1277 Deum
638 1221 873 1276 Verbum
900 1220 1061 1276 fuisse
1089 1221 1426 1289 inoperatum
1445 1261 1461 1289 ,
1493 1230 1548 1274 et
1589 1217 1860 1290 Unigeniti

258 1317 582 1386 dignitatem
631 1323 904 1386 tamquam
951 1313 1106 1372 alteri
1149 1323 1344 1384 praeter
1389 1315 1564 1386 ipsum
1610 1311 1860 1368 existenti

261 1407 606 1471 tribuendam
637 1421 787 1474 esse,
820 1407 1104 1460 anathema
1127 1407 1216 1461 sit.

519 1515 998 1559 AKATBEIIATISMUS
1036 1515 1294 1555 SEPTISIL'S
1333 1517 1598 1560 NESTOMI.

400 1594 460 1650 In
482 1608 597 1644 mss.
623 1593 887 1648 codicibus.

332 1696 612 1753 Nestorius
634 1697 765 1752 dixit
786 1714 803 1751 :
827 1695 884 1751 Si
905 1695 1024 1770 quis

253 1790 538 1846 hominem
577 1789 670 1862 qui
710 1789 776 1845 de
803 1787 1022 1857 Virgine

251 1890 477 1936 creatus
524 1889 648 1946 est,
710 1879 852 1940 hunc
902 1893 1021 1939 esse

250 1972 462 2031 dixerit
507 1971 881 2041 Unigenitum,
931 1973 1022 2043 qui

255 2082 324 2119 υς
353 2073 497 2120 utero
530 2063 709 2118 Patris
743 2074 865 2120 ante
894 2065 1022 2119 luci-

254 2160 427 2229 ferum
437 2164 586 2210 natus
601 2163 677 2210 est
690 2154 803 2226 (Ps.
821 2172 924 2218 cu,
941 2155 1016 2227 4);

251 2256 314 2303 ct
342 2264 449 2302 non
470 2246 639 2315 magis
660 2255 882 2317 propter
908 2247 1020 2300 uni-

252 2342 466 2394 tionem
513 2338 581 2393 ad
626 2354 748 2393 eum
798 2339 890 2407 qui
937 2347 1018 2394 est

253 2429 574 2499 Unigenitus
586 2411 909 2485 naturaliter
923 2428 1018 2484 Pa-

247 2525 391 2590 tris,
459 2533 486 2562 κ
555 2522 824 2592 Unigeniti
889 2540 1014 2580 eum

245 2603 632 2685 appellationis
693 2613 1014 2670 conﬁteatur

246 2707 570 2776 participem
593 2705 810 2772 factum;
832 2705 1014 2762 Jesum

244 2815 471 2868 quoque
535 2799 761 2852 alterum
823 2814 1016 2868 quem-

244 2892 399 2961 piam
413 2929 429 2953 ,
463 2898 659 2960 praster
683 2888 1012 2959 Emmanuel,

245 2983 432 3049 dicat;
464 2983 752 3038 anathema
781 2984 869 3038 sit.

1263 1591 1319 1641 ln
1349 1593 1488 1653 libris
1519 1593 1684 1645 editis.

1165 1694 1221 1756 Si
1244 1696 1362 1766 quis
1382 1697 1656 1753 hominem
1679 1697 1772 1768 qui
1802 1699 1858 1753 in

1093 1787 1310 1857 Virgine
1338 1796 1551 1846 creatus
1579 1798 1681 1856 est,
1712 1790 1860 1845 hunc

1093 1894 1213 1935 esse
1245 1878 1587 1951 Unigenitum
1635 1873 1853 1946 dixerit,

1095 1971 1187 2043 qui
1228 1988 1294 2027 ea:
1332 1982 1478 2028 utero
1517 1971 1698 2028 Patris
1732 1982 1858 2037 ante

1095 2063 1369 2137 luci{erum
1427 2075 1583 2119 natus
1637 2075 1743 2132 est;
1801 2072 1857 2120 et

1095 2169 1203 2207 non
1241 2155 1412 2223 magis
1450 2163 1672 2224 preptcr
1700 2157 1856 2210 unio-

1094 2259 1218 2298 nem
1245 2260 1368 2298 eum
1396 2247 1488 2314 qui
1515 2253 1598 2300 est
1638 2254 1856 2301 natura-

1092 2334 1216 2390 liter
1273 2334 1620 2405 Unigenitus,
1677 2335 1855 2394 Patris

1084 2423 1364 2496 .Unigeuiti
1491 2429 1854 2500 appellatione

1085 2516 1375 2578 conﬁtetur
1421 2521 1738 2591 participem
1773 2520 1852 2578 fa-

1084 2618 1260 2678 ctum;
1289 2609 1471 2669 Jesum
1491 2628 1705 2683 quoque
1725 2614 1854 2672 alte-

1088 2721 1207 2760 rum
1273 2707 1583 2776 quempiam
1655 2715 1851 2777 praeter

1090 2797 1404 2854 Emmanuel
1425 2799 1598 2867 dicat;
1631 2801 1852 2856 anather

1089 2905 1176 2944 ma
1203 2892 1293 2945 sit.

569 3089 958 3130 CONTRADICTIO
985 3091 1132 3128 ιιλιυι
1159 3091 1506 3132 ηειιωτοιιιε.
1563 3101 1566 3104 '

323 3165 619 3221 Catholica:
667 3165 998 3222 contradicit.
1043 3165 1245 3222 Eadem
1272 3175 1328 3222 et
1371 3183 1468 3238 per
1503 3167 1693 3229 eadem
1719 3169 1841 3224 vol.

244 3269 386 3312 sons
414 3255 618 3328 [Βαιη.
651 3253 881 3326 volens],
917 3257 969 3310 in
999 3256 1190 3311 eodem
1227 3258 1343 3314 luto
1373 3258 1400 3298 δ
1432 3276 1705 3315 versuram
1734 3261 1846 3317 soi.

1960 554 2050 610 sit.

2234 640 2712 682 ANATHEHATISIIUS
2758 640 2994 681 OCTAVUS
3031 638 3293 680 NESTOR".

2107 717 2161 768 ln
2187 730 2303 768 mss.
2326 716 2593 766 codicibus.

2037 819 2090 876 Ν
2093 822 2311 876 estorius
2334 820 2465 875 dixit
2490 837 2506 874 :
2528 820 2586 875 Si
2607 819 2729 889 quis

1962 916 2106 972 servi
2117 913 2342 969 fortnam
2355 929 2520 983 perse
2535 914 2722 984 ipsam,

1962 1007 2068 1062 hoc
2097 1013 2212 1070 est,
2256 1005 2552 1060 secundum
2594 1019 2725 1075 pro-

1959 1099 2091 1170 prite
2148 1105 2354 1160 natura:
2417 1097 2681 1158 rationem
2705 1139 2723 1166 ,

1962 1191 2247 1250 colendam
2276 1205 2395 1246 esse
2416 1189 2631 1255 dixerit,
2673 1199 2728 1246 et

1961 1283 2204 1354 omnium
2240 1296 2422 1336 rerum
2451 1280 2726 1342 dominam

1960 1389 2101 1440 esse,
2134 1381 2190 1432 et
2241 1389 2348 1432 non
2389 1373 2569 1443 potius
2595 1389 2725 1442 pro-

1959 1473 2082 1535 pter
2104 1464 2123 1536 [_
2139 1462 2324 1522 Batus.
2350 1461 2472 1544 per}
2499 1463 2728 1528 societa-

1961 1569 2089 1627 tem,
2121 1575 2229 1629 qua
2271 1561 2445 1619 beata)
2484 1569 2540 1614 et
2566 1576 2631 1618 ex
2663 1575 2721 1616 se

2971 715 3031 766 in
3054 715 3195 765 libris
3219 716 3377 766 editis.

2870 818 2928 875 Si
2978 820 3098 889 quis
3142 819 3284 875 servi
3331 819 3563 873 formam

2796 927 2898 984 pro
2926 928 2985 966 se
3014 913 3126 984 ipsa
3145 954 3158 978 ,
3188 913 3294 972 hoc
3315 917 3416 978 est,
3471 925 3561 964 se-

2797 1004 3032 1060 cundum
3076 1006 3307 1075 propriae
3353 1013 3560 1059 natura:

2796 1095 3084 1160 rationem,
3109 1094 3391 1149 colendam
3415 1094 3559 1149 dixe-

2797 1188 2886 1254 rit,
2913 1196 2968 1241 et
2997 1203 3100 1242 non
3126 1186 3365 1244 omnium
3393 1186 3560 1241 domi-

2800 1295 2947 1339 nam.
2999 1289 3053 1336 ct
3093 1295 3199 1332 non
3247 1278 3425 1348 potius
3460 1294 3557 1352 per

2799 1371 3132 1434 societatem,
3165 1386 3269 1439 qua
3295 1371 3484 1440 beaten,
3503 1379 3554 1427 et

2801 1479 2867 1518 ex
2897 1478 2957 1522 se
3002 1462 3316 1526 naturaliter
3344 1463 3556 1518 Domini

2794 1553 3064 1624 Unigeniti
3096 1561 3300 1618 naturzn
3328 1552 3554 1622 conjun-

246 3347 357 3410 vit;
385 3344 562 3414 prodit
582 3345 725 3400 enim
752 3346 946 3400 iterum
979 3347 1048 3401 de
1070 3349 1327 3403 tortuosis
1351 3351 1595 3405 cavernis
1627 3351 1849 3408 sibilans

240 3441 426 3511 patris
447 3441 561 3504 sui,
592 3455 744 3496 more
772 3441 1057 3512 serpentis.
1103 3439 1357 3497 Producit
1384 3459 1617 3513 namque
1646 3443 1847 3515 Unige-

243 3533 456 3598 nitum,
486 3547 644 3602 quem
674 3541 866 3588 natura
895 3532 1089 3587 Filium
1117 3533 1213 3589 Dei
1251 3535 1368 3588 vult
1396 3535 1655 3604 intelligi;
1685 3552 1848 3606 quem

243 3634 437 3679 tamen
465 3626 743 3680 nobiseum
764 3627 934 3681 Deum
961 3641 1082 3682 esse
1127 3642 1236 3682 non
1263 3634 1466 3692 censet,
1503 3628 1628 3696 quia
1651 3629 1702 3683 ei
1744 3644 1846 3684 no-

244 3731 378 3771 men
399 3715 763 3775 Emmanuelis
783 3717 1030 3772 naturale
1049 3733 1158 3772 non
1187 3717 1392 3784 tribuit,
1423 3718 1518 3773 sed
1538 3718 1848 3787 signiﬁcati-

243 3824 374 3864 vam
393 3809 561 3865 solius
581 3809 826 3864 vocabuli
848 3810 1268 3880 appellationem
1293 3829 1306 3864 :
1330 3812 1468 3868 sicut
1488 3820 1542 3867 et
1563 3814 1848 3883 temporali

243 3899 586 3955 Emmanueli
631 3915 732 3955 suo
785 3899 1056 3970 Unigeniti
1108 3918 1305 3957 nomen
1352 3904 1574 3960 minime
1601 3906 1848 3961 naturale

243 3991 503 4059 largitur;
553 3992 648 4054 sed
673 3999 896 4062 propter
922 3993 1320 4063 capulationem
1339 4035 1354 4061 ,
1387 4011 1483 4050 seu
1509 3997 1848 4067 conjunctio-

239 4097 372 4136 nem
398 4083 540 4138 illius
574 4084 833 4139 naturalis
857 4082 1127 4156 Unigeniti
1155 4086 1371 4142 inanem
1393 4089 1845 4160 nuncupationem

237 4173 483 4229 reliquit.

387 4188 483 4229 υιι.
863 4188 866 4191 ’

345 4188 382 4242 q
515 4259 992 4304 AMTHBIA'HSIIUS
1019 4261 1256 4304 OCTAVUS
1288 4263 1335 4302 Β.
1364 4264 1591 4305 εγιιιιιι.

318 4333 542 4404 Cyrillus
565 4334 734 4394 dixit:
763 4334 822 4392 Si
849 4337 970 4406 quis
998 4336 1160 4392 audet
1186 4337 1367 4393 dicere
1387 4350 1717 4421 assumptum
1745 4341 1845 4398 ho-

245 4426 452 4482 minem
483 4427 768 4486 coadorari
796 4443 920 4484 cum
947 4429 1059 4484 Deo
1101 4428 1282 4486 Verbo
1311 4439 1586 4500 oportere,
1621 4439 1676 4488 et
1714 4449 1845 4489 con-

241 4517 548 4589 nuncupari
577 4516 744 4576 Deum
774 4527 1045 4588 tamquam
1066 4519 1295 4576 alterum
1323 4537 1443 4576 cum
1474 4523 1646 4579 altero
1676 4523 1844 4594 (adje-

2794 1659 2880 1706 cta
2928 1653 3030 1713 est,
3062 1652 3378 1710 veneratur;
3421 1660 3552 1703 ana-

2797 1741 2978 1804 thema
3007 1737 3094 1792 sit.

1961 1653 2280 1709 naturaliter
2307 1652 2536 1711 dominze
2568 1651 2584 1726 [
2611 1650 2720 1711 Ba-

1959 1743 2063 1802 luz.
2098 1740 2422 1812 Dominicazl
2453 1741 2723 1815 Uuigcuiti

1891 1851 1936 1915 Β
1965 1843 2168 1893 natura:
2196 1833 2482 1913 conjuncta
2513 1841 2567 1888 et
2591 1849 2725 1892 con-

1964 1939 2101 1985 nexa
2133 1933 2237 1992 est,
2257 1933 2575 1993 veneratur;
2600 1939 2728 1987 ana—

1960 2014 2143 2076 thema
2167 2016 2256 2078 sit.

2291 2119 2678 2166 (ξοκτηιωιςτιο
2702 2119 2846 2160 “Mill
2874 2118 3220 2165 κειιειτοιιις.

2028 2193 2352 2258 Contradicit
2378 2196 2681 2255 catholicus.
2720 2194 2906 2258 Nullus
2939 2209 3190 2264 umquam
3217 2192 3551 2250 Christtano.

1956 2302 2077 2346 rum
2103 2286 2373 2358 separavit
2402 2294 2457 2347 et
2478 2286 2678 2352 divisit,
2709 2300 2806 2358 per
2833 2284 3141 2340 distantiam
3173 2298 3268 2338 seu
3296 2282 3549 2342 dillcrcn-

1956 2384 2086 2440 tiam
2111 2383 2448 2459 meritorum,
2471 2398 2636 2440 unum
2666 2380 2981 2441 eteumdem
3013 2379 3176 2434 Deum
3209 2379 3304 2441 Dei
3335 2377 3548 2440 Filium,

1953 2473 2138 2529 Jcsum
2157 2473 2449 2544 Christum,
2475 2482 2534 2534 ut
2561 2489 2683 2534 eum
2712 2473 2814 2532 sibi
2844 2472 2942 2544 ipsi
2967 2471 3018 2526 in
3047 2472 3256 2528 diversa
3290 2469 3550 2539 dignitate

1952 2564 2251 2634 duplicem,
2314 2580 2378 2620 ac
2431 2564 2508 2620 sic
2564 2563 2796 2636 [Buluz.
2854 2561 2942 2636 si]
2997 2563 3268 2634 disparem
3325 2560 3548 2616 demon-

1951 2663 2170 2718 straret.

2245 2762 2722 2809 Ακλτιιειμτιεδιυδ
2749 2763 2917 2805 NONUS
2944 2763 2989 2803 S.
3023 2763 3248 2812 ω’ῐιιιιι.

2003 2863 2246 2938 Cyrillus
2268 2861 2400 2918 dixit
2430 2879 2447 2920 :
2475 2873 2496 2901 ε
2523 2861 2579 2922 Si
2607 2862 2728 2939 quis
2752 2878 2876 2919 eum
2897 2861 2987 2932 qui
3010 2878 3149 2922 unus
3177 2869 3258 2924 est
3292 2860 3547 2921 Dominus

1946 2953 2104 3016 Iesus
2145 2953 2411 3021 Christus,
2443 2951 2799 3025 gloriiieatum
2835 2968 2955 3014 esse
3001 2969 3034 3016 tt
3082 2953 3283 3034 Spiritu
3330 2962 3542 3016 sancto,

1946 3055 2222 3117 tamquam
2266 3046 2443 3103 aliena
2474 3045 2737 3122 potentia,
2765 3060 2872 3124 qua
2901 3059 2998 3125 per
3025 3059 3150 3108 cum
3181 3051 3443 3112 uteretur,
3478 3045 3546 3099 ab

1947 3153 2122 3210 eoque
2168 3138 2431 3204 meruisse
2475 3137 2689 3212 operari
2737 3151 2897 3208 posse
2940 3136 3196 3199 adversus
3243 3135 3547 3196 immundos

1875 3224 1920 3287 C
1952 3231 2190 3301 spiritus,
2219 3237 2275 3284 et
2299 3243 2396 3307 per
2436 3228 2607 3304 ipsum
2654 3228 2905 3304 implesse
2929 3227 3106 3288 divina
3137 3228 3307 3301 signa,
3338 3235 3395 3287 et
3435 3242 3544 3285 non

1952 3322 2124 3393 magis
2170 3320 2448 3394 preprium
2494 3319 2613 3390 ejus
2646 3335 2770 3379 esse
2801 3319 3057 3390 Spiritum
3087 3327 3330 3381 sanctum
3377 3317 3540 3380 dicat,

1950 3418 2089 3474 sicut
2115 3422 2171 3470 et
2217 3412 2410 3491 Patris,
2451 3427 2550 3492 per
2585 3428 2746 3484 quem
2775 3414 2923 3488 signa
2955 3422 3209 3495 operatus
3245 3419 3366 3477 est;
3415 3425 3544 3474 ana-

1949 3510 2132 3572 thema
2160 3508 2250 3567 sit.

2271 3594 2750 3635 ASATllEﬂATISMCS
2766 3591 2931 3635 SONCS
2955 3592 3219 3642 κεετοιιιι.

2073 3690 2130 3740 In
2151 3703 2265 3740 mss.
2287 3691 2555 3741 codicibus.

2021 3790 2076 3845 Ν
2079 3793 2296 3846 estorius
2317 3793 2452 3846 dixit
2473 3809 2490 3847 :
2512 3793 2569 3847 Si
2590 3785 2711 3862 quis

1949 3885 2176 3940 formam
2217 3883 2441 3958 [Bnluz.
2481 3881 2708 3959 forum]

1947 3975 2088 4033 scrvl
2194 3974 2708 4034 consubstantialem

1947 4082 2069 4129 esse
2095 4066 2296 4127 dixerit
2337 4065 2560 4138 Spiritui
2589 4082 2709 4128 san.

1945 4169 2036 4220 cto
2058 4158 2275 4234 [Belua
2308 4158 2567 4231 Spiritum
2591 4174 2710 4214 san-

1945 4259 2090 4310 etum
2110 4249 2152 4322 ],
2185 4259 2241 4308 et
2266 4265 2375 4305 non
2404 4252 2582 4321 potius
2609 4265 2708 4321 per

1946 4340 2088 4402 illius
2148 4341 2528 4402 mediationem
2583 4355 2704 4400 eam

1945 4446 2067 4501 qua}
2087 4432 2257 4496 estad
2277 4433 2444 4495 Deuln
2473 4431 2705 4493 Verbum

1945 4521 2014 4577 ab
2050 4521 2164 4591 ipsa
2201 4521 2556 4593 conceptione
2609 4522 2709 4580 ba-

2961 3689 3018 3738 ln
3041 3690 3180 3740 libris
3206 3680 3369 3741 editis.

2853 3793 2911 3847 Si
2956 3793 3076 3863 quis
3122 3794 3346 3848 formam
3397 3797 3542 3850 servi

2782 3883 3292 3939 consubstantialem
3419 3900 3541 3941 esse

2781 3973 2976 4034 dixerit
3002 3974 3222 4045 Spiritui
3250 3983 3458 4042 sancto,
3485 3983 3542 4032 et

2780 4083 2890 4127 non
2918 4068 3097 4138 potius
3132 4083 3230 4139 per
3252 4067 3395 4130 illius
3419 4083 3528 4130 me-

2779 4159 3072 4220 tliationem
3135 4173 3255 4228 quas
3325 4166 3409 4218 cst
3469 4159 3537 4216 ad

2778 4251 2947 4309 Deum
2971 4249 3222 4314 Verbum.
3247 4256 3301 4306 et
3329 4265 3396 4312 ex
3423 4249 3538 4320 ipsa

2775 4343 3131 4414 conceptione
3175 4343 3427 4405 habuisse
3463 4343 3520 4404 di

2779 4435 2918 4498 xerit
2936 4433 3371 4504 coniunctionem
3384 4475 3401 4502 ,
3441 4452 3538 4507 per

2775 4541 2910 4597 quas
2929 4543 3244 4588 communes
3265 4544 3536 4587 nonnum-

243 4608 355 4662 ctio
383 4607 526 4662 enim
555 4606 714 4676 hujus
739 4608 977 4678 syllabae,
1003 4625 1138 4674 cum,
1163 4610 1455 4679 hoc-coget
1480 4612 1754 4685 intelligi);
1785 4623 1842 4670 et
1872 4612 1921 4674 D
1944 4613 2128 4678 buisse
2173 4611 2371 4680 dixerit
2406 4613 2706 4685 copulatioa-
2775 4631 2938 4688 quam
2961 4619 3014 4676 in.
3030 4619 3277 4685 homines
3289 4620 3535 4678 miranda

244 4717 357 4755 non
386 4701 558 4770 magis
583 4717 691 4756 una
735 4703 1040 4757 reverentia
1080 4711 1366 4759 veneratur
1412 4701 1836 4770 Emmanuelem,

243 4807 518 4862 unamque
566 4792 1012 4863 gloriﬁcationem
1039 4793 1311 4865 dependit,
1361 4797 1656 4852 secundum
1693 4798 1839 4867 quod

1946 4721 2092 4774 nem,
2117 4721 2214 4768 seu
2243 4705 2700 4777 coniunctionem,
2772 4710 3054 4770 curatione
3092 4709 3353 4776 exercuit,
3383 4720 3439 4766 et
3466 4727 3534 4772 ex

1942 4812 2040 4867 per
2083 4811 2248 4866 quam
2295 4797 2349 4859 in
2395 4798 2704 4864 hominibus
2773 4799 2878 4856 hoc
2951 4799 3312 4861 curandorum
3375 4801 3533 4872 spiri-

1410 4890 1866 4948 CASTIGATION
1875 4891 1960 4948 ES
1995 4891 2084 4954 ΕΤ
2123 4891 2349 4956 NCT/Ei

319 4986 344 5014 ·
387 4977 686 5036 Restitutus
715 4976 814 5037 fuit
844 4994 873 5035 a
916 4979 1072 5036 nobis
1109 4979 1261 5035 locus
1289 4978 1578 5035 admodum
1605 4989 1834 5038 vexatus

241 5048 553 5121 utrobique.
589 5048 719 5121 Nam
750 5051 802 5103 in
826 5049 955 5119 ipsis
977 5065 1192 5121 quoque
1221 5051 1600 5121 manuscriptis
1628 5052 1832 5108 codici-

238 5120 365 5194 bus,
398 5118 590 5186 quibus
614 5119 700 5194 usi
720 5118 922 5194 sumus,
947 5118 1283 5194 nullo’sensu
1315 5118 1590 5188 legebatur
1615 5139 1626 5173 :
1651 5124 1834 5194 unige-

237 5190 340 5242 niti
373 5205 490 5268 cum
528 5189 876 5268 appellatione
921 5191 1246 5260 confiteatur,
1288 5207 1502 5263 eumque
1529 5189 1834 5266 particip'em

367 5267 411 5311 is
435 5267 643 5311 (aetatm.

236 5261 673 5403 ὴίῖδφῦἑῗξέί-ῗάι
714 5329 952 5393 solvere,
994 5330 1137 5403 quod
1183 5331 1412 5390 habetur
1453 5332 1594 5403 apud
1625 5331 1832 5393 Tereu-

234 5399 409 5466 tium,
524 5399 698 5482 ipsum
727 5409 840 5482 est,
869 5398 1025 5470 quod
1053 5403 1454 5482 cnspectatione
1489 5398 1624 5465 nihil
1662 5403 1830 5482 proii-

231 5483 392 5544 cere,
423 5469 647 5544 etiamsi
663 5472 784 5540 quis
813 5469 1088 5544 sejverset
1109 5469 1163 5526 in
1191 5473 1366 5528 varias
1393 5483 1575 5543 partes
1603 5469 1710 5544 quo
1742 5475 1828 5532 de.

229 5541 413 5610 clinet
434 5540 751 5610 impendens
777 5541 997 5596 malum.

308 5621 332 5649 ε
377 5609 688 5684 Fatendum
715 5620 794 5667 est
831 5627 862 5665 a
908 5612 1161 5684 Dionysio
1209 5611 1416 5682 Exiguo
1443 5615 1624 5684 plures
1663 5615 1817 5680 alios,

228 5681 609 5754 Dionysiumia
642 5682 970 5746 Mercatore,
1003 5681 1355 5754 Mercatorem
1388 5681 1518 5741 vitio
1543 5687 1818 5754 exempla-

225 5752 304 5805 ris
336 5750 509 5806 G'rmei
539 5753 852 5822 deceptum;
888 5769 988 5810 nec
1025 5752 1263 5809 fraudem
1293 5755 1550 5814 hactenus
1587 5756 1654 5809 ab
1683 5750 1812 5810 eru-

221 5822 357 5878 (litis
379 5822 790 5892 deprehensam,
819 5833 1042 5895 propter
1071 5825 1255 5880 vitium
1278 5825 1742 5898 iulerpunctiouis,
1758 5837 1813 5882 et

1940 4982 2291 5055 anticipatqu
2315 4983 2454 5055 forte
2486 4984 2759 5055 quoddam
2782 4975 3044 5055 judicium
3074 4983 3142 5047 de
3170 4984 3533 5043 anathemati-

1939 5054 2089 5119 smis,
2124 5053 2290 5124 veluti
2312 5052 2420 5110 sint
2440 5052 2680 5124 oracula,
2703 5052 2801 5110 sua
2822 5057 2924 5111 sibi
2953 5055 3282 5114 obscuritate
3303 5071 3531 5124 venera-

1939 5124 2142 5178 tionem
2172 5123 2442 5179 facientia.
2490 5125 2581 5181 Sic
2626 5123 2756 5195 ergo
2783 5141 2841 5181 se
2891 5126 3052 5180 habet
3089 5133 3270 5184 textus
3309 5123 3531 5186 Graccus

1939 5196 2043 5250 rite
2071 5195 2437 5272 illtel‘Pttltews
2467 5214 2479 5248 :
2526 5197 2686 5258 Εἴτίρ
2709 5218 2851 5271 φησι,
2883 5200 2970 5254 τὸν
3016 5199 3104 5253 ἵνα
3133 5199 3529 5272 κύριον-Ἰησοῦν

1938 5267 2154 5342 igitur?»
2198 5264 2659 5342 δοξὰξε-σθαιῗπαρὰ
2694 5264 2786 5324 ἑοῦ
2825 5272 3112 5341 πνεύματος
3135 5309 3147 5330 ,
3287 5269 3531 5342 ἀλλοτρίᾳ

1939 5288 2154 5340 λριστον
2198 5288 2492 5330 οοςαμσυαι
2518 5288 2659 5342 παρα
2694 5290 2786 5324 ’του
2825 5289 3112 5341 πνευματος
3135 5309 3147 5330 ο
3287 5288 3438 5324 αλλοτ
3477 5292 3498 5324 ιι

1938 5334 2176 5416 «ipsiipsi,
2201 5345 2262 5416 τῇ
2311 5335 2414 5412 ἰδίᾳ
2461 5341 2627 5416 ads-air
2651 5343 2938 5416 χρώμενργ,
2967 5344 3053 5416 κᾳὶ
3090 5342 3214 5416 τεαρ⁹
3237 5340 3400 5416 ριύτοῦ
3432 5288 3498 5394 {at

1942 5361 2176 5410 ηυναμει.
2201 5361 2262 5408 τῃ
2311 5361 2414 5412 ιοιᾳ
2461 5361 2620 5395 αυτου
2698 5361 2938 5416 ρωμενον,
2967 5361 3053 5400 και
3090 5361 3198 5410 παρ
3241 5361 3400 5397 αντον
3433 5361 3526 5394 Λα·

1942 5407 2096 5461 ϐόντα
2122 5407 2179 5464 τὸ
2204 5406 2438 5482 ἐνεργεῖν,
2471 5418 2574 5482 etc.
2611 5361 2772 5482 [crast
2804 5428 2817 5462 :
2849 5409 2911 5464 Si
2941 5411 3054 5482 quis
3080 5409 3269 5482 dixerit
3296 5425 3411 5462 cum
3438 5409 3526 5481 qui

1933 5488 2169 5563 tinuscst
2197 5475 2455 5532 Dominus
2490 5477 2642 5563 Iesus
2682 5475 3330 5563 Qitristus,'gloriﬁcutunt
3348 5475 3524 5563 {esse}:

1929 5545 2155 5622 Spiritu,
2191 5557 2451 5622 (umquam
2477 5551 2650 5604 aliena
2677 5549 2774 5604 sibi
2799 5545 3272 5622 virtute',etipstus
3312 5548 3522 5622 (Spiri-

1924 5616 2275 5693 tuslpmprid
2287 5616 2541 5693 uteretur,
2569 5629 2618 5674 et
2638 5622 2702 5674 ab
2728 5622 2839 5690 ipso
2857 5620 3105 5693 (Spiritu)
3122 5616 3404 5690 acceperit,
3410 5629 3518 5675 etc.

1921 5683 2074 5775 Legit.
2101 5683 2232 5746 vero
2259 5683 2548 5759 Mercator,
2583 5695 2652 5753 ὡς
2670 5683 3226 5775 iunium-durentur}
3246 5683 3338 5760 ’διὰ
3369 5701 3519 5755 αὐτοῦ

1900 5762 2211 5834 χρώμενον.
