3978 6188
481 359 590 426 919

482 474 1240 541 communessimulnonnnm-
1311 475 1460 522 tuum
1488 465 1772 520 eveniebat
1809 478 1930 517 esse
1966 476 2066 531 po-
2097 465 2150 522 Α

481 587 644 644 quam
671 561 1232 637 ctmirandaswaluz.
1311 567 1592 624 testatem;
1643 557 1930 612 anathema
1977 555 2066 610 sit.

483 662 812 719 miserandas
848 657 867 731 ]
933 656 1242 713 curationes

482 753 740 819 exercuit,
766 760 822 806 et
843 765 908 805 ex
929 764 1036 821 qua
1058 746 1246 819 fugan-

481 846 670 899 dorum
717 841 1001 916 spirituum
1030 838 1245 893 evenie~

479 936 572 994 bat
600 949 718 989 esse
736 937 1097 1008 potestatem;
1120 943 1247 981 ana-

481 1027 663 1086 thema
684 1026 772 1081 sit.

807 1126 1190 1170 CONTBADlCTlO
1218 1126 1363 1166 MAR“
1392 1124 1742 1165 ιιειισΑτοΜε.

554 1209 848 1264 Catholicus
898 1205 1228 1260 contradicit.
1277 1202 1448 1270 Quam
1504 1200 1888 1255 mediationem
1934 1198 2076 1252 inter

483 1304 653 1363 Deum
682 1301 916 1355 Verlmm
946 1307 1000 1352 et
1027 1296 1285 1368 Spiritum
1313 1303 1557 1350 sanctum
1587 1292 1742 1347 affert
1783 1290 2074 1346 inauditam

485 1393 694 1453 sacculis
723 1390 992 1455 omnibus,
1042 1398 1098 1443 et
1140 1387 1389 1443 omnibus
1426 1384 1752 1449 hominibus,
1802 1383 1940 1437 scire
1967 1396 2074 1435 non

482 1496 805 1557 possumus;
852 1494 975 1535 cum
1002 1492 1166 1536 unam
1211 1492 1331 1535 esse
1372 1475 1755 1530 mediationem
1783 1471 2075 1543 Scriptura:

482 1577 677 1635 divina:
699 1581 978 1638 testentur,
1004 1571 1088 1626 his
1110 1569 1260 1623 Pauli
1285 1568 1516 1638 apostoli
1544 1567 1734 1622 dictis:
1764 1564 1907 1621 Unus
1937 1565 2072 1618 enim

481 1669 735 1728 mediator
747 1666 846 1721 Dei
866 1674 914 1719 et
928 1665 1188 1720 hominum
1205 1663 1354 1717 homo
1373 1660 1526 1716 Iesus
1548 1659 1780 1716 Christus
1798 1660 1839 1732 (Ι
1863 1659 1993 1712 Tim.
2016 1673 2070 1727 tt,

485 1760 572 1833 5).
604 1759 672 1813 Et
703 1759 897 1813 iterum
931 1774 947 1809 :-
981 1753 1102 1826 Ipse
1126 1755 1290 1820 enim,
1315 1753 1400 1828 qui
1431 1753 1552 1824 fecit
1582 1760 1800 1822 utraque
1825 1767 2000 1816 unum,
2025 1759 2075 1803 et

481 1851 710 1912 taedium
736 1851 984 1922 parietem
1003 1848 1244 1901 maceriae
1264 1845 1484 1909 solvens,
1508 1843 1812 1897 inimicitias
1833 1843 1888 1895 in
1917 1857 2073 1893 carne
2103 1835 2148 1893 Β

482 1961 599 2009 sua,
625 1941 784 2014 legem
824 1938 1189 1994 mandatorum
1222 1938 1276 1990 in
1317 1934 1532 1989 decretis
1561 1949 1839 1998 evacuans,
1871 1942 1928 1986 ut
1949 1931 2075 1986 duos

483 2034 677 2089 condat
694 2035 749 2088 in
774 2034 1042 2104 semetipso
1062 2031 1117 2084 in
1139 2044 1242 2083 uno
1275 2044 1403 2082 noro
1433 2025 1655 2088 homine,
1681 2025 1879 2096 faciens
1899 2039 2078 2093 pacem

487 2124 713 2200 (Ephes.
748 2140 813 2191 ιι,
842 2122 964 2194 14).
991 2121 1059 2175 Et
1089 2127 1307 2182 cratera,
1330 2132 1450 2186 quae
1480 2116 1716 2171 inserere
1743 2114 1958 2182 longum
1975 2119 2076 2169 est.

486 2214 625 2282 Quid
671 2227 802 2282 ergo
840 2213 943 2269 sibi
973 2212 1088 2267 vult
1139 2211 1241 2267 ista
1291 2209 1503 2263 novitas
1547 2205 1805 2271 inaudita,
1839 2203 1940 2258 nisi
1970 2203 2083 2258 vult

486 2307 650 2362 etiam
671 2320 702 2360 a
722 2305 952 2378 Spiritus
977 2302 1147 2359 sancti
1172 2297 1470 2355 substantia
1495 2295 1766 2351 Christum
1794 2307 2079 2364 separare;

487 2413 588 2458 nec
615 2413 739 2453 eum
761 2412 830 2452 ex
857 2411 916 2450 se
945 2394 1185 2466 potuisse
1230 2391 1382 2458 signa
1411 2397 1467 2443 et
1492 2387 1740 2452 virtutes,
1781 2387 1899 2441 sine
1923 2383 2083 2452 hujus

487 2505 552 2547 ea
578 2489 921 2554 mediatione,
955 2486 1039 2540 vel
1066 2486 1230 2544 etiam
1259 2481 1482 2548 auxilio,
1509 2478 1761 2551 operari?

763 2609 1244 2654 ANATHEMATISHUS
1270 2608 1494 2650 DECIIIUS
1525 2606 1570 2646 S.
1603 2603 1826 2645 CVBILLI.

561 2690 785 2763 Cyrillus
807 2690 937 2743 dixit
953 2704 969 2742 :
984 2684 1297 2741 Pontiﬁcem
1317 2684 1523 2756 [Βαιια.
1541 2681 1665 2735 add.
1683 2689 1738 2735 et
1754 2675 2081 2750 apostolum]

491 2781 846 2842 confessionis
893 2786 1092 2834 nostrae
1139 2775 1410 2830 Christum
1465 2771 1663 2827 factum
1710 2786 1848 2836 esse,
1898 2779 2087 2825 sancta

491 2875 771 2944 Scriptura
800 2869 1045 2938 designat
1076 2885 1088 2920 :
1122 2863 1322 2920 Obtulit
1365 2867 1503 2918 enim
1529 2865 1752 2934 seipsum
1791 2861 1902 2916 Deo
1935 2862 2089 2916 Patri

492 2985 585 3043 pro
600 2966 746 3020 nobis
766 2966 820 3020 in
850 2962 1058 3017 odorem
1086 2960 1353 3015 suavitatis
1380 2956 1539 3030 (Eph.
1559 2973 1610 3021 v,
1636 2955 1712 3025 2).
1737 2954 1795 3010 Si
1821 2955 1939 3024 quis
1959 2969 2089 3022 ergo

493 3057 802 3137 pontiﬁcem
830 3063 1071 3111 nostrum
1117 3062 1173 3108 et
1201 3051 1504 3123 apostolum
1531 3048 1693 3102 alium
1742 3047 1940 3101 dixerit
1969 3059 2089 3100 esse

495 3149 692 3209 factum
714 3157 1069 3220 praeterquam
1090 3145 1265 3216 ipsum
1287 3143 1457 3198 Deum
1485 3141 1578 3194 Dei
1598 3139 1849 3204 Verbum,
1873 3137 2089 3206 quando

985 353 1176 414 Mill"
1215 347 1659 408 MERCATORIS
1697 343 2278 403 TRANSLATIONES
2321 338 2686 400 VARIORUM
2725 332 3246 394 OPUSCULORUM.

3598 342 3687 402 9Ξο

2503 469 2894 512 CONTRADICTIO
2920 469 3070 508 MAR"
3085 467 3412 508 HERCA’I‘OBiS.

2245 571 2542 626 Catholicus
2571 568 2900 624 contradicit.
2943 566 3080 622 Ecce
3109 567 3294 621 iterum
3321 583 3430 622 eum
3465 585 3563 637 suo,
3589 575 3686 642 quia

2175 666 2343 736 ipsius
2363 679 2579 735 semper
2604 662 2866 717 dicendus
2892 667 2992 725 est,
3022 659 3357 715 Emmanuele
3384 661 3561 735 [Bolus.
3587 664 3686 720 Em-

2173 754 2421 827 manuel]
2450 770 2611 824 quam
2641 752 2957 807 manifestus
2978 752 3249 822 apparuit!
3277 751 3368 806 Cui
3394 755 3581 824 propria
3604 773 3689 813 me-

2174 851 2278 904 rita
2325 848 2616 917 separatim
2652 845 2952 914 consignat,
2987 852 3253 912 tamquam
3293 841 3460 898 inﬁmo
3500 854 3548 899 et
3568 846 3689 916 longe

2175 939 2431 995 inferiori
2461 953 2624 1006 quam
2653 937 2741 990 ille
2767 944 2851 990 est
2878 935 3015 989 alius
3055 949 3212 1003 quem
3239 934 3460 989 decernit
3485 951 3578 990 non
3599 952 3690 992 esse

2175 1030 2455 1086 nobiscum
2494 1027 2694 1094 Deum;
2723 1026 3043 1081 naturaliter
3071 1034 3248 1080 tamen
3275 1026 3448 1092 Deum,
3473 1027 3553 1095 qui
3575 1028 3688 1082 illum

2175 1122 2486 1191 dignatione
2506 1118 2919 1188 coniunctionis,
2942 1117 3204 1173 vocabulo
3223 1131 3315 1172 seu
3335 1119 3689 1190 nuncupatione,

2177 1229 2288 1270 non
2317 1220 2500 1269 autem
2528 1219 2742 1277 natura,
2774 1209 2935 1264 faciat
2955 1208 3142 1263 Deum.

2453 1335 2933 1380 ANATHEIATISMUS
2959 1333 3254 1374 UNDECIIUS
3269 1329 3476 1373 στωιιι.

2248 1436 2473 1511 Cyrillus
2503 1437 2638 1490 dixit
2669 1450 2687 1488 :
2717 1431 2775 1488 Si
2807 1432 2926 1503 quis
2961 1447 3072 1487 non
3111 1430 3387 1487 confitetur
3411 1428 3698 1483 carnemDo-

2177 1533 2310 1587 mini
2348 1527 2749 1586 viviﬁcatricem
2795 1540 2947 1591 esse,
2977 1534 3252 1594 tamquam
3286 1523 3534 1594 propriam
3565 1523 3696 1593 ipsius

2177 1620 2470 1687 DeiVerbi,
2489 1618 2584 1674 sed
2604 1618 2758 1688 quasi
2785 1617 3008 1672 alterius
3027 1614 3317 1686 cuiuspiam
3337 1622 3515 1684 praeter
3539 1615 3693 1683 ipsum,

2177 1713 2452 1783 conjuncti
2491 1711 2709 1782 quidem
2761 1709 2982 1784 [Baluz.
3031 1724 3194 1778 quem
3221 1705 3418 1779 cidem]
3457 1707 3698 1763 secundum

2177 1805 2510 1874 dignitatem,
2543 1810 2637 1858 aut
2659 1800 2952 1857 secundum
2976 1800 3122 1870 quod
3150 1800 3317 1855 solam
3344 1798 3552 1855 divinam
3577 1799 3698 1852 inha-

2178 1899 2497 1955 bitationem
2516 1895 2783 1963 habuerit,
2807 1903 2861 1951 et
2897 1910 3006 1949 non
3035 1894 3236 1966 potius,
3266 1901 3323 1949 ut
3348 1892 3572 1958 diximus,
3593 1891 3691 1944 vivi-

2179 1990 2474 2049 ﬁcatricem
2507 2003 2647 2053 esse,
2669 1987 2794 2058 quia
2823 1985 2963 2041 facta
2993 1994 3078 2041 est
3108 1986 3321 2054 propria
3342 1984 3490 2038 Verbi
3516 1982 3612 2047 Dei,
3637 1981 3703 2037 cui

2180 2082 2358 2139 omnia
2381 2081 2659 2137 viviﬁcare
2677 2077 2931 2149 possibile
2952 2083 3037 2131 est
3055 2093 3072 2143 ;
3100 2077 3380 2130 anathema
3405 2076 3486 2130 sit.

2418 2205 2900 2250 AMTBEIATISIIUS
2937 2204 3238 2245 UNDECIHUS
3273 2203 3520 2244 NESTOBI].

2317 2306 2374 2357 In
2397 2319 2517 2357 mss.
2539 2303 2808 2354 codicibus.
3199 2300 3253 2350 In
3273 2301 3408 2349 libris
3425 2299 3569 2350 editis.

2259 2409 2314 2465 Ν
2319 2410 2539 2465 estorius
2563 2407 2697 2461 dixit
2712 2423 2730 2460 :
2752 2405 2813 2460 Si
2830 2403 2950 2474 quis
3093 2404 3152 2460 Si
3178 2404 3297 2474 quis
3319 2405 3505 2457 unitum
3539 2415 3735 2456 θεωρη-

2189 2504 2398 2560 unitam
2412 2516 2631 2557 carnem
2643 2499 2824 2553 Verbo
2838 2497 2951 2551 Deo
3023 2511 3096 2552 ex
3117 2504 3320 2550 natura:
3347 2494 3553 2564 proprize
3576 2492 3711 2562 possi—

2190 2595 2404 2670 [Baluz.
2445 2592 2543 2647 Dei
2561 2589 2576 2661 l
2602 2629 2616 2654 ,
2649 2605 2718 2643 ex
2745 2595 2952 2641 natura:
3023 2584 3606 2642 bilitateviviﬁcatricem
3623 2596 3714 2636 esse

2188 2687 2422 2758 propria:
2436 2681 2809 2754 possibilitate,
2824 2677 2953 2732 vivi-

2190 2775 2484 2832 ﬁcatricem
2537 2785 2656 2826 esse
2709 2766 2905 2822 dixerit
2932 2805 2948 2832 ,

2191 2869 2308 2939 ipso
2337 2865 2566 2920 Domino
2607 2870 2662 2916 et
2691 2861 2803 2914 Deo
2827 2873 2956 2928 pro-

2192 2957 2475 3014 nuntiante
2527 2972 2540 3006 :
2596 2951 2824 3020 Spiritus
2881 2956 2957 3001 est

3023 2677 3252 2740 dixerit,
3293 2675 3404 2745 ipso
3453 2672 3643 2728 Domino
3675 2679 3715 2726 et

3029 2766 3143 2822 Deo
3171 2765 3567 2836 pronuntiante:
3589 2758 3716 2830 Spiri-

3031 2867 3113 2913 tus
3152 2857 3340 2927 estqui
3380 2854 3602 2923 viviﬁcat;
3626 2865 3718 2906 care

3029 2950 3164 3003 nihil
3177 2948 3379 3020 prodest
3391 2945 3436 3017 (.l
3445 2962 3552 2999 oon.
3565 2941 3716 3008 vr,63);

2192 3049 2278 3118 qui
2318 3045 2576 3115 viviﬁcat;
2607 3055 2731 3094 caro
2781 3045 2954 3090 autem
3023 3039 3311 3094 anathema
3327 3037 3411 3091 είι,
3435 3046 3457 3072 ι
3478 3029 3718 3101 Ειευδὶιιπο

2131 3201 2160 3222 Ν
2195 3140 2328 3194 nihil
2373 3136 2622 3210 prodest;
2671 3129 2960 3187 anathema

494 3248 695 3306 factum
719 3251 804 3298 est
829 3257 977 3307 caro,
1004 3249 1059 3295 et
1086 3237 1377 3300 secundum
1425 3251 1526 3290 nos
1567 3234 1731 3288 homo
1749 3272 1764 3297 ,
1808 3232 1902 3288 sed
1929 3232 2085 3301 quasi
2119 3211 2162 3263 (δ’
2194 3232 2282 3288 sit.

493 3337 743 3401 alterum,
773 3340 970 3404 praeter
999 3331 1193 3400 ipsum,
1225 3327 1531 3398 specialiter
1555 3325 1828 3378 hominem
1855 3338 1924 3378 ex
1964 3339 2082 3383 mu.

495 3430 654 3491 liere;
680 3435 736 3480 et
763 3426 809 3480 si
837 3425 958 3494 quis
985 3423 1132 3488 dicit,
1156 3421 1281 3490 quia
1299 3433 1401 3490 pro
1428 3432 1487 3472 se
1514 3416 1707 3471 obtulit
1733 3415 2082 3485 semetipsum

494 3520 850 3582 oblationem,
883 3524 939 3570 et
963 3530 1070 3575 non
1111 3512 1280 3582 magis
1311 3527 1411 3582 pro
1433 3509 1588 3565 nobis
1612 3508 1741 3562 solis
1759 3549 1772 3573 ,
1797 3522 1904 3560 non
1938 3506 2084 3564 enim

493 3611 724 3681 indiguit
766 3607 1039 3665 oblatione
1085 3605 1178 3676 qui
1214 3611 1494 3675 peccatum
1545 3600 1752 3667 nescit;
1796 3600 2080 3659 anathema

523 3723 580 3760 ιι.

493 3723 517 3770 ε
757 3784 1235 3828 ΔΝΔΤΠΕΜΛΊΊΒΜῙῘΒ
1294 3783 1518 3823 DECIMUS
1545 3781 1808 3823 NESTOR".

3033 3133 3112 3200 git
3163 3150 3178 3185 :
3233 3129 3452 3200 Spiritus
3508 3135 3574 3179 est
3617 3121 3723 3174 Dens

3040 3221 3222 3294 (Joan.
3248 3237 3316 3285 1v,
3329 3218 3437 3288 ‘24),
3453 3232 3512 3271 ac
3527 3229 3618 3268 non
3629 3225 3723 3282 pro-

3039 3312 3345 3367 nuntiatum
3401 3316 3495 3363 est.
3551 3304 3601 3360 Si
3637 3302 3726 3370 quis

3037 3420 3170 3474 ergo
3216 3404 3380 3458 Deum
3412 3399 3616 3455 Verbum
3639 3409 3726 3450 can

3037 3497 3238 3556 naliter
3311 3491 3580 3550 secundum
3631 3487 3728 3543 sub-

3039 3595 3295 3649 stantiam
3342 3601 3543 3646 carnem
3575 3583 3728 3638 factum

3040 3706 3164 3746 esse
3218 3690 3400 3752 dicat;
3448 3687 3542 3741 hoc
3593 3691 3729 3736 autem

3041 3784 3209 3839 modo
3254 3791 3308 3838 et
3354 3778 3626 3851 specialiter
3661 3788 3730 3826 ωε

628 3867 684 3916 lu
706 3878 825 3916 mss.
848 3863 1116 3913 codicibus.

565 3970 838 4026 Nestorius
860 3967 1020 4021 dixit:
1046 3964 1103 4020 Si
1131 3963 1250 4032 quis

494 4063 624 4123 illud
649 4063 704 4117 in
731 4058 994 4133 principio
1016 4055 1250 4111 Verbum

494 4154 804 4232 pontiﬁcem
847 4160 903 4208 et
946 4148 1251 4220 apostolum

495 4245 847 4303 confessionis
920 4249 1119 4296 nostra:
1171 4237 1252 4292 fa-

495 4347 639 4392 ctum
691 4349 830 4400 esse,
875 4345 1040 4401 seque
1077 4331 1249 4400 ipsum

497 4428 756 4483 obtulisse
782 4439 882 4494 pro
913 4423 1066 4478 nobis
1085 4422 1246 4485 dicat,

497 4525 555 4574 et
584 4533 693 4573 non
734 4513 1098 4568 Emmanuelis
1133 4527 1253 4571 esse

498 4608 858 4680 apostolatum
897 4605 1078 4675 potius
1104 4602 1254 4657 dixe-

500 4705 588 4770 rit,
619 4699 1055 4765 oblationemque
1075 4710 1262 4750 secun-

500 4794 628 4852 dum
657 4790 902 4847 eamdem
928 4787 1133 4844 dividat
1171 4801 1225 4839 ra
1240 4816 1258 4826 -

501 4885 704 4940 tionem
734 4882 785 4936 ei
805 4881 896 4952 qui
916 4880 1087 4939 univit
1107 4886 1163 4934 et
1183 4877 1260 4931 illi

500 4976 592 5046 qui
619 4975 802 5030 unitus
844 4982 960 5039 est,
1000 4972 1066 5027 ad
1096 4987 1258 5026 uuam

500 5067 814 5122 societatem
845 5065 985 5131 Filii,
1022 5065 1126 5118 hoc
1155 5071 1255 5130 est,

502 5157 613 5214 Deo
635 5171 756 5228 qua:
782 5155 878 5212 Dei
906 5163 1049 5218 sunt,
1081 5164 1137 5211 et
1163 5157 1263 5211 ho-

502 5253 635 5307 mini
675 5265 797 5320 quzc
844 5259 970 5304 sunt
1005 5249 1258 5313 hominis,

504 5359 610 5397 non
638 5341 930 5414 deputans;
979 5340 1263 5399 anathema

503 5436 593 5493 sit.

1499 3859 1552 3908 In
1579 3859 1717 3910 libris
1739 3855 1903 3906 editis.

1394 3964 1451 4020 Si
1477 3965 1598 4034 quis
1643 3963 1773 4018 illud
1801 3964 1852 4018 in
1880 3961 2081 4032 princi-

1322 4058 1413 4128 pio
1436 4057 1668 4111 Verbum
1691 4053 1998 4125 pontiﬁcem
2025 4063 2081 4107 ct

1324 4148 1628 4220 apostolum
1725 4144 2081 4201 confessionis

1324 4250 1520 4298 nostra:
1542 4239 1738 4295 factum
1759 4253 1898 4302 esse,
1916 4251 2083 4305 seque

1324 4334 1495 4404 ipsum
1525 4331 1783 4387 obtulisse
1803 4345 1902 4400 pro
1926 4328 2082 4382 nobis

1322 4427 1485 4493 dicat,
1513 4434 1570 4480 et
1591 4441 1696 4479 non
1718 4421 2083 4478 Emmanuclis

1324 4534 1442 4574 esse
1508 4517 1810 4588 apostolum
1863 4514 2077 4579 dixerit,

1324 4609 1760 4676 oblationemqne
1791 4605 2082 4662 secundum

1331 4699 1576 4755 eamdem
1603 4700 1867 4754 rationem
1907 4698 1958 4752 ei
1985 4697 2085 4751 tri-

1331 4791 1463 4846 buat
1502 4791 1592 4860 qui
1632 4789 1823 4856 univit,
1872 4789 1918 4842 si
1967 4787 2088 4857 quis

1331 4883 1529 4946 unitas,
1562 4882 1628 4936 ad
1655 4895 1814 4935 unam
1843 4895 2087 4936 commu-

1331 4975 1552 5028 nitatem
1602 4973 1755 5038 Filii,
1815 4974 1922 5028 hoc
1971 4978 2084 5036 est,

1332 5065 1442 5120 Deo
1483 5081 1601 5136 qum
1644 5066 1736 5120 Dci
1781 5073 1836 5120 et
1883 5062 2088 5124 homini

1333 5173 1450 5228 qua:
1489 5166 1614 5212 sunt
1654 5156 1917 5223 hominis;
1958 5172 2090 5211 ana-

1336 5249 1515 5302 thema
1544 5250 1631 5302 sit.

3043 3874 3230 3938 stodit,
3263 3881 3318 3928 et
3353 3871 3566 3926 maxime
3587 3867 3631 3920 in
3651 3863 3731 3917 Do-

3043 3967 3193 4020 mino
3221 3964 3433 4020 Christo
3459 3965 3569 4032 post
3591 3968 3732 4011 resur-

3040 4058 3334 4116 rectionem
3355 4069 3497 4110 suam
3515 4043 3733 4117 discipulis

3036 4151 3150 4205 suis
3197 4149 3408 4203 dicente
3439 4163 3450 4198 :
3483 4143 3669 4210 Palpate
3697 4143 3734 4186 ct

3037 4241 3222 4305 videte,
3254 4240 3374 4312 quia
3418 4236 3607 4306 spiritus
3644 4242 3734 4282 ossa

3037 4339 3086 4381 et
3105 4345 3316 4381 carnem
3338 4342 3438 4379 non
3460 4320 3609 4381 habet,
3633 4317 3734 4368 sicin

3031 4430 3115 4475 'mc
3153 4420 3332 4473 ridetis
3386 4413 3562 4470 habere
3605 4405 3730 4480 (Luc.

3037 4529 3179 4578 xxxv,
3213 4509 3357 4580 59);
3388 4505 3642 4562 anathema
3663 4495 3732 4552 sit.

2111 4577 2161 4634 Ι)

2529 4663 2909 4706 CONTBADIOTIO
2939 4662 3084 4701 IAN!
3126 4655 3476 4699 HERCATORISo

2263 4769 2312 4822 i.
2364 4768 2654 4824 Catholicus
2701 4769 3029 4822 contradicit.
3088 4765 3413 4824 Claudendze
3457 4764 3725 4823 Christiana

2192 4877 2369 4926 aures,
2412 4875 2478 4914 ne
2522 4869 2726 4915 tantam
2759 4870 2974 4930 tamque
3002 4868 3243 4931 apertam
3273 4863 3636 4933 blasphemiam
3660 4873 3726 4911 au-

2190 4957 2357 5011 diant.
2394 4955 2481 5010 Ait
2507 4969 2758 5024 namque,
2782 4969 2999 5009 carnem
3021 4954 3219 5012 Christi
3248 4972 3346 5027 per
3361 4971 3509 5012 suam
3525 4960 3726 5008 naturam

2189 5046 2591 5104 viviﬁcatricem
2619 5063 2726 5100 non
2756 5061 2894 5112 esse,
2921 5055 2975 5101 et
3001 5046 3218 5101 adhibet
3247 5047 3599 5118 evangelicum
3620 5039 3730 5095 testi-

2191 5138 2451 5201 monium,
2466 5147 2521 5194 et
2537 5139 2589 5194 id
2606 5139 2864 5209 impietati
2885 5154 2995 5193 sua:
3015 5139 3286 5194 existimat
3307 5137 3600 5197 convenire.
3615 5127 3730 5200 quml

2191 5246 2351 5303 quam
2399 5230 2624 5285 sceleste
2670 5239 2724 5285 et
2755 5231 3020 5285 violenter
3061 5232 3372 5295 attraxerit,
3416 5231 3525 5298 ipsa
3569 5222 3730 5279 veritas

2195 5320 2502 5389 evangelica
2531 5320 2686 5374 feriat
2723 5322 2909 5377 oculos
2949 5321 3084 5391 ejus.
3119 5321 3251 5376 Nam
3291 5322 3364 5376 ibi
3404 5325 3524 5374 tunc
3561 5315 3727 5370 dictum

2192 5421 2314 5469 est:
2365 5413 2591 5485 Spiritus
2641 5425 2713 5470 est
2753 5417 2838 5488 qui
2877 5416 3101 5486 viriﬁcat
3125 5433 3142 5480 ;
3185 5432 3306 5471 caro
3352 5413 3483 5468 nihil
3511 5407 3726 5483 prodest;

1679 5555 2216 5624 CASTIGATIONES
2271 5552 2360 5606 ET
2409 5549 2634 5604 ΝΟΤᾸΞ.

579 5703 606 5733 ι
647 5692 836 5749 Procul
862 5691 1026 5746 dubio
1049 5691 1161 5759 haec
1190 5689 1386 5759 omnia,
1412 5682 1654 5756 quamvis
1681 5683 1787 5759 sint
1808 5680 1858 5736 in
1890 5676 2083 5759 editiof

512 5767 665 5824 cibus
691 5763 936 5832 vulgatis,
969 5750 1194 5813 delenda
1223 5750 1467 5832 fuerunt;
1501 5769 1598 5832 nec
1625 5753 1766 5832 enim
1799 5750 2083 5830 pertinent

512 5822 576 5894 ad
603 5822 1083 5893 contradictionem
1107 5827 1536 5884 anathematismi
1563 5822 1831 5887 catholici,
1866 5833 1963 5875 nec
1985 5831 2079 5876 eo-

2194 5668 2314 5717 dem
2362 5662 2522 5717 modo
2567 5671 2827 5732 concepta
2873 5670 2997 5717 sunt
3043 5675 3150 5732 quo
3194 5663 3397 5732 priora,
3447 5673 3540 5714 nec
3577 5667 3729 5710 eorum

2197 5754 2355 5812 ullam
2383 5755 2507 5808 facit
2533 5757 2857 5810 mentionem
2885 5756 3179 5812 catholicus
3207 5755 3578 5813 contradictor.
