3978 6188
283 363 378 420 921

1174 365 1494 426 Νεδτοιιιι
1535 363 2122 426 ιιιΑερΡιιΕιιιΑιιωι
2162 369 2504 430 CAPITULA
2550 375 2662 430 ΧΠ.

3461 386 3570 442 92?

279 480 498 551 quando
523 479 767 536 Christus
797 480 1001 554 [Baluz.
1036 499 1140 538 om.
1179 482 1446 555 Christus]
1480 484 1710 540 docebat
1739 499 1872 556 apo»
1899 488 1948 548 Α
1977 486 2094 543 tabo
2119 506 2234 544 eum
2263 491 2318 544 in
2348 493 2623 548 novissimo
2645 494 2762 559 die;
2792 512 2914 550 caro
2936 508 3071 552 enim
3092 515 3205 552 mea
3233 508 3310 553 est
3348 517 3464 554 vere
3488 503 3566 554 ci-

277 573 448 628 stolos
495 573 789 628 secundum
834 575 1144 629 interiorem
1195 575 1496 641 hominem,
1529 576 1582 631 id
1628 584 1728 643 est,
1762 592 1870 631 non

275 666 588 732 carnaliter,
636 667 732 722 sed
769 667 1117 736 spiritualiter
1159 669 1341 724 vivere
1381 676 1655 740 oportere,
1697 677 1753 724 et
1783 683 1872 724 se-

271 758 509 812 cundum
553 759 659 813 hoc
706 759 1005 826 intelligere
1043 774 1164 828 qua:
1209 759 1516 816 audiebant.
1572 759 1669 815 Ubi
1721 768 1870 816 recte

272 848 530 902 convenit
549 847 751 903 dictum
779 865 791 901 :
825 847 1054 921 Spiritus
1083 857 1161 903 est
1192 850 1281 922 qui
1307 850 1562 921 viviﬁcat;
1593 866 1716 905 caro
1737 850 1871 904 nihil

271 939 508 1006 prodest.

346 1027 401 1083 2.
434 1029 500 1084 Et
547 1030 636 1085 hic
680 1029 1050 1085 insanissimus
1087 1029 1296 1103 [Baluz.
1337 1028 1762 1100 sanctissimus],
1810 1038 1868 1084 ιιι

271 1121 518 1178 inutilem
559 1130 614 1178 et
656 1121 929 1192 fragilem,
961 1132 1121 1192 atque
1165 1122 1430 1177 inﬁrmam
1475 1139 1594 1180 esse
1645 1138 1865 1178 carnem

267 1212 473 1269 Christi
520 1214 869 1285 persuadeat,
899 1213 966 1268 ad
1018 1230 1176 1270 suum
1220 1215 1592 1286 blasphemum
1645 1227 1864 1271 sensdm

266 1305 596 1359 sententiam
625 1305 765 1359 hanc
811 1303 1108 1359 Salvatoris
1142 1305 1406 1360 violenter
1445 1307 1697 1373 attraxit,
1727 1315 1866 1360 tam-

265 1411 437 1465 quam
462 1396 531 1451 de
558 1412 653 1451 sua
683 1411 847 1452 carne
874 1395 964 1450 ille
1005 1395 1262 1462 dixisset,
1295 1412 1512 1452 carnem
1542 1398 1672 1452 nihil
1701 1398 1864 1467 prod-

265 1504 413 1544 esse.
448 1489 514 1543 Et
543 1489 632 1544 ubi
661 1496 746 1542 est
787 1487 998 1542 Domini
1043 1487 1174 1542 illud
1213 1488 1451 1543 dictum?
1482 1487 1605 1543 Nisi
1636 1488 1861 1543 mandu-

268 1581 511 1634 caveritis
540 1596 746 1633 carnem
774 1595 962 1642 meam,
993 1586 1044 1632 et
1083 1577 1310 1633 biberitis
1333 1581 1639 1651 sanguinem
1670 1595 1858 1644 meum,

266 1684 379 1724 non
427 1669 677 1724 habebitis
719 1671 876 1722 vitam
922 1670 976 1722 in
1013 1667 1385 1740 vobismetipsis
1430 1669 1609 1740 (Joan.
1641 1687 1712 1736 vr,
1747 1669 1858 1740 54).

263 1758 443 1826 Quam
473 1767 641 1813 totam
670 1759 1037 1827 evangelicum
1077 1760 1535 1814 circumstantiam
1575 1761 1642 1816 ad
1669 1761 1861 1817 confu-

1976 577 2087 646 bus,
2119 591 2168 635 et
2206 586 2418 654 sanguis
2458 602 2601 640 meus
2649 605 2764 642 vere
2791 601 2867 643 est
2907 603 3074 661 potus.
3135 589 3234 655 Qui
3285 593 3568 647 manducet

1973 688 2141 725 meam
2164 689 2392 740 carnem,
2417 685 2469 729 et
2487 676 2613 732 bibit
2642 697 2809 734 meum
2831 685 3155 752 sanguinem,
3189 685 3242 738 in
3265 701 3344 738 me
3368 694 3561 750 manet,

1972 771 2022 814 et
2041 780 2132 833 ego
2161 765 2214 816 in
2238 765 2348 818 illo.
2383 765 2531 821 Sicut
2575 772 2711 824 enim
2757 774 2900 825 misit
2939 791 3018 827 me
3047 771 3224 840 Pater,
3257 783 3306 828 et
3332 793 3426 847 ego
3455 779 3564 831 vivo

1973 869 2063 923 per
2092 852 2322 919 Patrem,
2353 859 2438 928 qui
2458 860 2742 914 manducat
2763 881 2862 926 me,
2894 875 2942 917 et
2971 865 3058 918 ille
3079 867 3206 919 vivet
3227 885 3317 938 per
3337 885 3433 922 me.
3461 868 3564 923 Hic

1970 951 2046 996 est
2073 947 2226 1014 panis
2253 948 2339 1018 qui
2360 949 2422 1002 de
2448 950 2570 1004 uelo
2601 951 2884 1018 descendit,
2917 971 3018 1008 non
3058 958 3189 1009 sicut
3217 958 3562 1013 manducare-

1970 1043 2092 1086 runt
2113 1045 2288 1105 patres
2310 1039 2466 1092 vestri
2492 1041 2545 1093 in
2569 1041 2768 1097 deserto
2790 1061 3006 1109 manna,
3030 1055 3079 1099 et
3094 1049 3282 1100 mortui
3304 1059 3452 1112 sunt;
3478 1051 3564 1122 qui

1969 1133 2254 1178 manducet
2277 1127 2414 1182 hunc
2450 1147 2654 1201 panem,
2693 1135 2822 1187 vivet
2847 1136 2901 1188 in
2931 1144 3199 1190 a’tcrnum.
3253 1137 3383 1192 ch
3431 1141 3564 1194 dixit

1971 1216 2158 1270 docens
2187 1220 2241 1271 in
2269 1236 2537 1293 synagoga
2565 1225 2620 1276 in
2663 1223 3052 1295 Capharnaum.
3103 1227 3258 1282 Multi
3302 1247 3422 1300 ergo
3470 1248 3564 1283 au-

1971 1310 2167 1365 dientes
2211 1313 2275 1366 de
2309 1314 2575 1385 discipulis
2605 1317 2848 1372 dixerunt
2878 1335 2895 1373 :
2928 1319 3103 1374 Durus
3131 1330 3205 1374 est
3251 1322 3333 1375 hic
3370 1340 3560 1389 sermo,

1968 1404 2080 1478 quis
2113 1413 2280 1474 potest
2313 1407 2494 1461 audire
2520 1409 2675 1462 eum?
2711 1410 2894 1465 Sciens
2927 1421 3097 1466 autem
3127 1413 3279 1467 Jesus
3309 1415 3448 1486 apud
3482 1433 3562 1470 se-

1968 1495 2269 1564 metipsum,
2311 1498 2432 1568 quia
2462 1511 2910 1555 murmuraverant
2941 1503 3004 1556 de
3028 1503 3123 1557 hoc
3153 1504 3389 1576 discipuli
3417 1507 3559 1577 ejus,

1969 1584 2104 1640 dixit
2129 1588 2202 1641 eis
2229 1605 2247 1641 :
2273 1588 2388 1643 Hoc
2409 1607 2496 1646 vos
2519 1592 2768 1660 oﬂ'endit;
2789 1593 2836 1648 si
2853 1611 2975 1665 ergo
2999 1595 3227 1650 videritis
3259 1595 3306 1648 F
3311 1597 3455 1651 ilium
3477 1599 3565 1652 ho-

1966 1679 2122 1734 minis
2142 1683 2500 1739 ascendentem
2515 1686 2567 1738 in
2588 1685 2790 1752 calum,
2816 1686 2902 1756 ubi
2920 1696 3035 1742 erat
3052 1689 3215 1759 prius.
3241 1688 3469 1760 Spiritus
3486 1702 3566 1746 est

1967 1789 2052 1843 qui
2076 1775 2328 1847 vivificat;
2359 1793 2478 1832 caro
2502 1779 2634 1832 nihil
2655 1779 2865 1850 prodest
2888 1778 3067 1850 (Ioan.
3096 1781 3195 1850 γι).

265 1850 494 1904 landum
524 1865 666 1914 eum:
699 1850 786 1904 νει
832 1865 1092 1918 sequaces
1144 1849 1292 1919 eius»
1325 1851 1564 1908 inserere
1610 1867 1861 1908 necessa—
1893 1866 1940 1926 Β
2037 1861 2090 1918 ι.
2121 1863 2226 1919 Sed
2249 1866 2377 1936 quid
2403 1849 2679 1932 miramur,
2700 1885 2821 1924 eum
2852 1849 2956 1926 hoc
2982 1849 3173 1926 fecisse
3195 1871 3261 1926 de
3287 1871 3555 1941 Evangelii

260 1942 432 2007 rium,
463 1950 518 1997 et
544 1942 662 2012 plus
689 1957 850 2012 quam
881 1941 1012 1995 utile
1039 1941 1310 1996 duximus.

345 2035 398 2090 5.
429 2035 571 2089 Dixit
615 2049 743 2104 ergo
767 2033 921 2089 Iesus
955 2051 967 2087 :
998 2035 1182 2096 Amen,
1217 2052 1366 2089 amen
1395 2035 1510 2090 dico
1553 2035 1722 2103 vobis,
1755 2053 1860 2090 non

262 2125 480 2198 Moyses
497 2125 637 2180 dedit
658 2125 796 2179 vobis
819 2141 1006 2195 panem
1035 2125 1099 2178 de
1125 2125 1285 2191 caelo;
1308 2129 1460 2197 panis
1479 2128 1616 2181 enim
1646 2126 1740 2180 Dei
1759 2136 1856 2194 est,

258 2221 359 2290 qui
388 2218 449 2272 de
469 2218 596 2272 creto
625 2216 910 2282 descendit,
942 2223 993 2269 et
1032 2215 1122 2269 dat
1160 2217 1317 2270 vitam
1356 2217 1568 2271 mundo.
1601 2216 1862 2272 Dixerunt

259 2327 393 2382 ergo
422 2309 491 2363 ad
515 2325 632 2363 eum
663 2325 680 2362 :
709 2306 948 2372 Domine,
979 2323 1181 2378 semper
1219 2307 1286 2361 da
1314 2306 1460 2360 nobis
1483 2307 1619 2359 hunc
1650 2323 1855 2377 panem.

219 2454 223 2457 _
266 2400 424 2456 Dixit
451 2417 570 2472 ergo
592 2400 664 2454 ad
688 2417 774 2454 eos
797 2398 990 2454 Iesus:
1021 2397 1134 2471 Ego
1156 2416 1267 2454 sum
1307 2401 1456 2469 panis
1484 2401 1632 2465 vitaz;
1662 2401 1748 2472 qui
1777 2418 1862 2454 ve-

259 2495 350 2548 nit
386 2493 456 2546 ad
493 2509 593 2557 me,
625 2508 730 2545 non
759 2493 967 2554 esuriet,
995 2499 1046 2544 et
1069 2493 1155 2561 qui
1187 2490 1349 2544 credit
1377 2491 1427 2543 in
1457 2507 1568 2554 me,
1595 2507 1696 2545 non
1722 2493 1862 2546 sitiet

259 2601 510 2656 umquam
541 2601 558 2637 :
587 2583 681 2637 sed
727 2583 837 2637 dixi
881 2581 1040 2649 vobis,
1071 2583 1191 2654 quia
1221 2589 1270 2634 et
1308 2582 1504 2637 vidistis
1535 2599 1644 2648 me,
1677 2591 1728 2636 et
1754 2599 1859 2638 non

260 2677 582 2732 credidistis.
615 2675 779 2730 Omne
802 2674 942 2747 quod
967 2673 1056 2728 dat
1085 2674 1210 2728 mihi
1250 2672 1430 2739 Pater,
1462 2672 1531 2726 ad
1575 2691 1655 2727 me
1673 2677 1856 2741 veniet,

259 2777 317 2822 et
354 2784 468 2821 eum
495 2767 582 2837 qui
603 2767 738 2820 venit
775 2765 844 2819 ad
880 2782 979 2832 me,
1016 2781 1120 2819 non
1155 2765 1361 2834 ejiciam
1407 2765 1579 2836 foras;
1609 2765 1730 2836 quia
1770 2765 1861 2819 de-

259 2857 444 2912 scendi
465 2857 529 2911 de
551 2857 696 2921 cado,
720 2873 824 2910 non
843 2863 900 2909 ut
921 2857 1112 2927 faciam
1134 2854 1445 2909 voluntatem
1465 2871 1652 2916 meam,
1671 2855 1762 2908 sed
1773 2871 1860 2913 vo.

260 2950 523 3004 luntatem
543 2950 654 3020 ejus
675 2951 761 3022 qui
778 2950 920 3003 misit
942 2965 1041 3012 me,
1067 2955 1123 3000 ut
1142 2949 1309 3001 omnis
1329 2949 1414 3020 qui
1436 2947 1618 3002 viderit
1637 2945 1855 3014 Filium,

260 3051 319 3095 et
339 3041 502 3094 credit
523 3043 578 3094 in
597 3057 733 3103 eum,
765 3038 952 3093 habeat
973 3041 1131 3094 vitam
1160 3048 1430 3102 cateruam,
1453 3047 1503 3092 et
1532 3056 1627 3110 ego
1648 3040 1862 3093 resusci-

260 3132 390 3188 tabo
435 3149 551 3186 eum
591 3133 645 3185 in
675 3132 950 3186 novissimo
993 3129 1094 3184 die.
1138 3129 1537 3184 Murmurabant
1563 3147 1686 3202 ergo
1713 3130 1777 3184 de
1798 3147 1858 3184 eo

1965 1959 2298 2022 testimonio,
2326 1976 2449 2014 eum
2478 1970 2533 2016 et
2561 1962 2690 2016 illud
2720 1963 2864 2017 aliud
2909 1964 3154 2019 similiter
3186 1965 3452 2019 violenter
3479 1974 3555 2020 at-

1965 2053 2208 2114 traxerit,
2235 2059 2290 2106 et
2317 2053 2516 2108 abusus
2556 2054 2626 2110 sit
2654 2055 2719 2109 ad
2756 2057 3086 2126 impietatem
3115 2072 3302 2113 sensus
3323 2058 3426 2124 sui,
3452 2074 3556 2127 quo

1963 2142 2172 2212 putavit
2201 2144 2510 2212 evangelica
2555 2147 2879 2201 auctoritate
2908 2147 2958 2202 ei
2988 2149 3156 2202 robur
3204 2149 3397 2203 all‘erre
3421 2191 3435 2214 ,
3470 2149 3558 2202 ubi

1963 2233 2163 2290 dictum
2194 2243 2276 2288 est
2296 2252 2307 2288 :
2330 2244 2354 2271 ι
2377 2233 2529 2298 Quod
2553 2236 2616 2289 de
2640 2254 2798 2290 carne
2822 2247 3004 2291 natum
3025 2248 3120 2304 est,
3146 2255 3268 2293 caro
3289 2249 3393 2304 est;
3424 2239 3560 2311 quod

1965 2322 2027 2376 de
2054 2325 2259 2395 spiritu,
2285 2326 2495 2395 spiritus
2518 2334 2596 2379 est
2619 2325 2799 2397 (Joan.
2824 2344 2899 2392 ιιι,
2943 2325 3020 2398 6).
3065 2327 3308 2398 Namque
3343 2330 3445 2383 hoc
3475 2338 3553 2382 te-

1963 2413 2272 2468 stimonium
2300 2414 2541 2470 adhibuit
2571 2417 2624 2470 in
2648 2417 2738 2471 illo
2765 2418 3206 2487 insipientissimo
3225 2427 3472 2482 tractatu,
3503 2420 3556 2474 in

1963 2521 2072 2575 quo
2094 2506 2268 2575 primo
2297 2506 2364 2561 de
2393 2507 2636 2576 virgineo
2677 2517 2834 2578 partu
2864 2510 3173 2580 disputavit.
3203 2509 3319 2577 Quo
3354 2511 3405 2565 in
3437 2512 3557 2566 loco

1963 2599 2042 2653 sic
2060 2597 2195 2651 dixit
2221 2616 2233 2650 :
2260 2596 2384 2653 Non
2411 2601 2610 2671 peperit
2633 2599 2796 2654 Deum
2816 2600 3008 2667 Maria,
3026 2603 3102 2656 vir
3123 2603 3313 2673 optime
3335 2600 3555 2673 (Ibid);

1963 2691 2108 2760 quod
2155 2691 2298 2746 enim
2338 2691 2404 2746 de
2432 2707 2594 2746 carne
2624 2693 2881 2758 nascitur,
2918 2709 3046 2748 caro
3091 2701 3192 2758 est,
3236 2702 3290 2748 et
3317 2694 3462 2762 quod
3489 2694 3558 2749 de

1962 2781 2174 2852 spiritu,
2205 2781 2424 2852 spiritus
2455 2791 2538 2837 est
2565 2801 2577 2836 :
2610 2783 2701 2836 sed
2729 2786 2927 2853 peperit
2950 2784 3208 2838 hominem
3238 2784 3459 2838 Deitatis
3482 2785 3558 2838 in-

1963 2883 2333 2940 strumentum,
2363 2883 2413 2928 et
2441 2875 2697 2929 hominem
2729 2873 2756 2912 ι)
2775 2883 3065 2946 portantem
3093 2873 3277 2929 Deum.
3308 2875 3442 2930 Cum
3466 2876 3556 2931 illo

1964 2973 2208 3034 tempore
2246 2965 2312 3020 ad
2359 2965 2711 3020 Nicodemum
2748 2967 3228 3038 archisynagogum
3277 2974 3403 3020 tunc
3448 2983 3556 3021 non

1963 3058 2272 3113 credentem
2301 3058 2457 3113 dictis
2486 3056 2781 3112 Salvatoris
2809 3074 2988 3113 sermo
3017 3067 3178 3124 esset,
3211 3066 3266 3113 et
3293 3059 3416 3127 quia
3437 3075 3557 3113 car-

1966 3150 2160 3204 naliter
2180 3158 2416 3220 saperet,
2440 3164 2562 3205 cum
2593 3148 2840 3204 audiret:
2872 3148 2996 3202 Nisi
3025 3152 3137 3220 quis
3167 3157 3376 3205 renatus
3404 3151 3558 3220 fuerit

259 3223 441 3280 Judcei
463 3223 533 3277 ad
552 3223 750 3286 Jesum,
776 3224 899 3294 quia
923 3221 1124 3276 dicebat
1147 3238 1165 3276 :
1196 3221 1308 3294 Ego
1336 3239 1449 3277 sum
1477 3224 1647 3294 panis,
1671 3224 1757 3294 qui
1796 3223 1858 3277 de

1967 3240 2162 3307 denuo,
2205 3257 2308 3295 non
2337 3249 2505 3311 potest
2561 3240 2736 3295 salvus
2773 3241 2888 3312 ﬁeri
2921 3239 3098 3312 (Joan.
3151 3256 3224 3304 ιιι,
3256 3237 3342 3309 5);
3374 3239 3559 3293 retulit

260 3316 395 3371 ctelo
433 3315 706 3380 descendi,
731 3322 782 3368 et
821 3313 1059 3368 dicebant
1084 3331 1102 3368 :
1134 3311 1326 3368 Nonne
1354 3314 1437 3368 hic
1462 3322 1540 3369 est
1562 3313 1754 3386 Ioseph
1793 3315 1861 3386 ﬁ-

262 3407 370 3461 lius
394 3406 548 3478 fabri,
576 3405 723 3475 cujus
757 3422 849 3460 nos
880 3405 1109 3459 novimus
1139 3413 1340 3476 patrem
1361 3414 1412 3460 et
1437 3408 1695 3460 matrem?
1722 3405 1864 3470 Quo-

262 3497 424 3553 modo
469 3514 592 3566 ergo
642 3496 798 3562 dicit,
830 3497 952 3567 quia
983 3495 1046 3550 de
1086 3495 1210 3550 ccelo
1259 3495 1531 3551 descendi?
1573 3496 1864 3568 Respondit

266 3605 395 3661 ergo
423 3587 592 3654 Jesus,
621 3597 671 3642 et
699 3588 833 3642 dixit
857 3605 874 3642 :
904 3586 1087 3642 Nolite
1106 3590 1323 3642 invicem
1352 3606 1694 3645 murmurare.
1734 3589 1861 3646 Non

262 3687 434 3750 potest
465 3679 536 3732 ad
557 3696 636 3734 me
659 3680 828 3733 venire
863 3681 1138 3751 quispiam,
1175 3681 1276 3733 nisi
1306 3697 1421 3734 eum
1461 3680 1642 3746 Pater,
1667 3683 1752 3753 qui
1780 3699 1862 3736 me

263 3770 432 3834 misit,
483 3771 780 3836 attraxerit,
811 3779 860 3823 et
888 3788 980 3842 ego
1020 3770 1337 3826 resuscitabo
1359 3788 1475 3825 eum
1501 3774 1555 3825 in
1587 3773 1860 3828 novissimo

267 3861 373 3914 die.
407 3860 670 3932 Scriptum
707 3868 785 3915 est
827 3863 964 3914 enim
993 3861 1046 3914 in
1070 3860 1385 3932 Prophetis:
1415 3861 1487 3914 Et
1505 3871 1655 3916 erunt
1683 3880 1859 3919 omnes

264 3949 408 4003 docti
429 3947 546 4003 Dei.
575 3947 757 4003 Omnis
781 3966 902 4020 ergo
929 3949 1014 4020 qui
1037 3949 1182 4004 audit
1213 3966 1244 4003 α
1267 3948 1446 4016 Patre,
1474 3959 1522 4005 et
1543 3950 1742 4017 didicit,
1772 3969 1859 4007 ve-

263 4043 346 4095 nit
367 4040 438 4092 ad
450 4057 559 4105 me;
591 4056 693 4093 non
717 4040 837 4102 quia
857 4037 1068 4093 Patrem
1091 4040 1216 4094 vidit
1243 4042 1531 4114 quisquam,
1559 4044 1659 4097 nisi
1676 4045 1762 4116 qui
1783 4054 1859 4099 est

262 4151 297 4188 α
322 4132 456 4196 Deo,
489 4134 599 4204 ipse
622 4133 748 4187 vidit
778 4132 1011 4186 Patrem.
1045 4131 1227 4198 Amen,
1259 4151 1410 4187 amen
1431 4134 1544 4188 dico
1567 4135 1723 4200 vobis,
1743 4154 1858 4192 om-

263 4225 349 4276 nis
371 4224 456 4294 qui
479 4223 639 4276 credit
660 4226 713 4277 in
735 4241 834 4286 me,
860 4221 1010 4276 habet
1032 4224 1188 4276 vitam
1211 4231 1476 4278 cateruam.
1505 4224 1616 4296 Ego
1636 4243 1750 4280 sum
1770 4244 1858 4298 pa-

261 4313 346 4366 nis
379 4313 512 4367 vitce.
547 4311 733 4367 Patres
781 4315 932 4367 vestri
972 4313 1412 4371 manducaverunt
1440 4331 1634 4368 manna
1678 4317 1731 4370 in
1763 4317 1855 4370 de-

256 4410 424 4465 serto,
448 4412 499 4455 et
520 4403 708 4456 mortui
737 4412 886 4466 sum;
911 4402 992 4455 hic
1014 4411 1092 4455 est
1119 4403 1272 4472 panis
1296 4405 1381 4474 qui
1404 4403 1467 4456 de
1494 4405 1618 4458 caelo
1645 4405 1856 4460 descen—

254 4495 361 4558 dit,
386 4503 442 4546 ut
487 4494 574 4564 qui
595 4494 980 4548 manducauerit
999 4509 1064 4546 ex
1085 4510 1164 4557 eo,
1188 4509 1292 4549 non
1315 4495 1582 4549 moriatur.
1611 4494 1727 4566 Ego
1743 4513 1855 4550 sum

1965 3332 2056 3386 ille
2085 3349 2098 3385 :
2134 3329 2404 3396 Quomodo
2432 3340 2599 3403 potest
2621 3332 2760 3386 istud
2787 3332 2902 3402 ﬁeri
2920 3331 2944 3384 ?
2972 3329 3240 3402 Numquid
3266 3347 3423 3384 senex
3458 3331 3559 3384 ite-

1965 3441 2078 3477 rum
2096 3422 2317 3478 introibo
2338 3424 2392 3475 in
2409 3432 2610 3476 uterum
2631 3423 2815 3476 matris
2831 3437 2974 3487 meae,
2998 3431 3054 3474 ut
3070 3437 3317 3475 renascar
3331 3419 3382 3493 (Ι
3388 3419 3516 3490 bid.)
3535 3421 3558 3474 ?

1965 3512 2243 3582 Tuncque,
2277 3521 2464 3567 notata
2495 3513 2723 3567 stultitia
2744 3511 2880 3582 ejus,
2909 3528 3034 3582 qua,
3063 3520 3122 3565 ιιι
3151 3511 3280 3578 dixi,
3308 3527 3415 3565 non
3449 3511 3559 3579 spi-

1962 3604 2216 3670 ritaliter,
2256 3604 2350 3658 sed
2405 3605 2695 3659 carnaliter
2739 3611 2954 3674 saperet
3001 3602 3218 3676 [Baluz.
3271 3600 3555 3671 separet],

1963 3705 2148 3767 aperte
2194 3694 2396 3748 audivit
2429 3712 2442 3746 :
2479 3693 2599 3747 Nisi
2646 3697 2760 3765 quis
2806 3703 3018 3747 renatus
3062 3695 3216 3765 fuerit
3244 3710 3308 3746 ex
3335 3711 3469 3765 aqua
3508 3701 3558 3746 et

1961 3785 2170 3855 spiritu,
2204 3801 2308 3838 non
2334 3791 2500 3852 potest
2528 3785 2728 3836 intrare
2750 3783 2804 3836 in
2828 3799 3039 3852 regnum
3064 3781 3186 3846 Dei;
3210 3782 3324 3835 sive
3354 3790 3410 3835 ut
3431 3781 3557 3835 alibi

1961 3876 2219 3945 scriptum
2267 3883 2395 3930 est:
2439 3873 2563 3928 Nisi
2603 3876 2716 3946 quis
2768 3884 2979 3928 renatus
3028 3876 3183 3945 fuerit
3226 3874 3424 3938 denuo;
3468 3873 3560 3928 ubi

1960 3967 2236 4037 subiunxit
2262 3984 2274 4018 :
2311 3963 2465 4030 Quod
2494 3965 2556 4020 de
2576 3982 2733 4019 carne
2760 3973 2939 4019 natum
2971 3972 3066 4030 est,
3096 3981 3217 4018 caro
3240 3972 3336 4018 est.

2033 4055 2084 4110 5.
2135 4056 2262 4112 Huic
2291 4072 2412 4112 cum
2463 4057 2538 4112 ita
2582 4057 2707 4120 sint,
2741 4055 2830 4109 ubi
2861 4063 2915 4109 et
2954 4056 3169 4124 quando
3198 4054 3556 4110 adhibendum

1960 4148 2062 4204 iste
2107 4149 2316 4220 putavit
2361 4149 2564 4203 dictum
2613 4149 2754 4204 hoc:
2789 4146 2939 4212 Quod
2979 4147 3041 4201 de
3070 4164 3227 4202 carne
3253 4156 3430 4202 natum
3459 4155 3554 4212 est,

1960 4257 2082 4294 caro
2105 4241 2221 4294 est?
2243 4240 2449 4294 scilicet
2479 4248 2536 4292 ut
2565 4239 2730 4293 Deum
2752 4237 3022 4292 Christum
3046 4253 3112 4293 ex
3139 4237 3352 4307 Virgine
3371 4246 3557 4290 natun

1961 4339 2202 4399 negaret.
2237 4331 2478 4398 Namque
2507 4329 2611 4382 hoc
2643 4329 3040 4394 testimonium,
3080 4329 3208 4398 quid
3235 4329 3284 4383 ei
3317 4327 3549 4399 proﬁcit,

1962 4423 2064 4476 nisi
2096 4429 2173 4488 ut,
2205 4421 2295 4490 qui
2326 4435 2394 4474 ex
2436 4434 2598 4473 carne
2631 4418 2861 4487 Virginis
2889 4436 3015 4474 caro
3049 4428 3206 4472 natus
3247 4427 3346 4481 est,
3393 4434 3557 4489 purus

1963 4513 2171 4587 [Baluzu
2205 4510 2362 4582 sicut]
2393 4512 2558 4566 homo
2579 4511 2649 4565 sit
2670 4519 2898 4576 tantum,
2930 4511 2982 4565 in
3011 4527 3118 4581 quo
3152 4511 3292 4566 Deus
3325 4511 3555 4565 Verbum

254 4585 418 4655 panis
438 4585 572 4647 vitam
604 4585 689 4655 qui
731 4583 793 4636 de
815 4584 938 4637 caelo
962 4583 1232 4649 descendi;
1256 4584 1300 4637 si
1325 4585 1438 4655 quis
1468 4584 1856 4642 manducauerit
1881 4607 1932 4668 ο
1959 4583 2206 4659 habitam
2228 4603 2477 4670 dignatus
2499 4609 2600 4656 εει,

249 4693 325 4730 ex
345 4674 444 4728 hoc
465 4689 618 4745 pane,
635 4675 760 4728 vivet
779 4675 833 4728 in
861 4682 1142 4736 veternum;
1161 4683 1211 4727 et
1241 4675 1392 4744 panis
1413 4693 1563 4747 quem
1579 4694 1671 4746 ego
1699 4677 1852 4742 dabo,

249 4781 384 4822 caro
406 4782 519 4819 mea
544 4774 620 4820 est
640 4782 734 4836 pro
754 4765 932 4819 sreculi
961 4765 1084 4818 vita.
1113 4763 1413 4836 Litigabant
1433 4785 1555 4840 ergo
1582 4767 1758 4823 Judcei
1788 4771 1859 4823 ad

247 4861 476 4919 invicem
504 4859 729 4913 dicentes
754 4875 770 4912 :
798 4858 1066 4922 Quomodo
1095 4867 1263 4930 potest
1284 4860 1381 4912 iste
1411 4860 1537 4914 dare
1565 4861 1710 4915 nobis
1733 4879 1855 4916 car-

213 4951 376 5008 'nem
413 4966 562 5004 suam
609 4948 962 5003 manducare?
993 4947 1140 5002 Dixit
1191 4949 1260 5002 ad
1307 4966 1392 5004 eos
1438 4949 1629 5006 Iesus:
1659 4952 1852 5019 Antea,

246 5058 410 5098 amen
439 5041 552 5096 dico
573 5039 729 5104 vobis,
760 5040 859 5093 nisi
885 5039 1317 5093 manducaveritis
1361 5057 1570 5095 carnem
1602 5041 1728 5097 Filii
1761 5045 1855 5099 ho—

248 5133 433 5196 minis,
465 5142 513 5186 et
533 5131 762 5186 biberitis
786 5133 1091 5202 sanguinem
1113 5131 1246 5201 ejus,
1280 5149 1384 5186 non
1411 5131 1663 5188 [rubebitis
1694 5137 1848 5190 vitam

246 5225 306 5276 in
332 5221 723 5293 vobismetipsis.
757 5221 858 5286 Qui
887 5221 1167 5276 manducat
1205 5239 1412 5279 carnem
1436 5241 1622 5291 meum,
1656 5235 1705 5279 et
1727 5225 1855 5282 bibit

245 5315 556 5384 sanguinem
579 5331 765 5380 meum,
798 5313 948 5368 habet
975 5315 1130 5368 vitam
1153 5323 1419 5380 a'ternam,
1447 5325 1496 5369 et
1515 5333 1608 5388 ego
1631 5322 1852 5374 resusci-

2183 4793 2660 4833 ANL'IIIEMATISML‘S
2692 4792 3020 4831 DUODECIML'S
3049 4791 3094 4831 8.
3127 4791 3350 4831 CUHLLI.

2033 4957 2262 5028 Cyrillus
2292 4955 2426 5008 dixit
2455 4972 2472 5008 :
2502 4953 2558 5008 Si
2593 4954 2713 5023 quis
2743 4969 2849 5008 non
2889 4949 3180 5007 conﬁtetur
3216 4951 3384 5004 Deum
3421 4949 3554 5005 Ver-

1960 5050 2089 5105 bum
2134 5062 2295 5102 carne
2341 5061 2561 5116 passum
2609 5059 2768 5108 esse,
2819 5053 2873 5096 et
2911 5057 3076 5097 carne
3120 5039 3466 5103 cruciﬁxum,
3500 5049 3556 5093 et

1962 5146 2194 5196 mortem
2223 5154 2386 5194 carne
2414 5145 2681 5207 gustasse,
2713 5135 3021 5204 laetumque
3043 5135 3456 5204 primogenitum
3487 5149 3554 5188 ex

1960 5231 2208 5296 mortuis,
2253 5229 2548 5285 secundum
2589 5227 2736 5296 quod
2763 5232 2928 5281 estet
2967 5226 3109 5293 vita,
3151 5233 3206 5281 et
3231 5223 3551 5287 viviﬁczitor,

1964 5332 2239 5392 tamquam
2269 5323 2441 5388 Deus;
2473 5321 2756 5376 anathema
2785 5320 2872 5376 sit.

1435 5453 1980 5517 CASTIGATIONES
2018 5459 2109 5514 ΕΤ
2149 5458 2356 5515 ΝΟΤΕ
2370 5499 2382 5511 .

327 5577 352 5605 ιι
396 5565 672 5624 Habentur
725 5569 826 5623 illa:
874 5581 1064 5631 voces,
1103 5572 1160 5620 ut
1199 5570 1252 5621 et
1301 5568 1551 5637 reliquae,
1595 5585 1846 5626 sermone

327 5641 435 5689 imo
459 5634 645 5689 (Num.
680 5639 710 5689 'l
731 5640 769 5689 l.

249 5641 435 5714 primo
459 5639 645 5709 (Nam.
680 5639 769 5707 7).

330 5711 356 5748 δ
395 5712 660 5790 Θιοφὸρον,
690 5725 791 5763 vox
815 5708 899 5761 illa
914 5707 1111 5790 ubiqqu
1139 5709 1410 5790 passi‘ula
1432 5706 1633 5790 C'yrilloo
1662 5711 1844 5790 exagi-

254 5793 423 5840 tatur,
445 5778 713 5848 tamquam
734 5779 926 5832 veneni
941 5778 1246 5847 plenissima
1280 5782 1294 5845 (
1314 5778 1438 5832 Vide
1463 5779 1641 5832 homil.
1658 5782 1837 5848 pasch.

258 5854 367 5925 t7).
419 5850 549 5911 Vide
579 5849 1010 5907 dissertationem
1041 5848 1107 5906 de
1155 5851 1343 5907 heresi
1391 5848 1728 5918 Nestoriana,
1755 5852 1844 5907 ubi

1952 5571 2292 5641 explicantur
2323 5584 2484 5624 voces
2513 5583 2664 5641 qum,
2689 5583 2813 5641 cum
2834 5565 3103 5641 catholico
3131 5580 3288 5641 sensu
3321 5569 3552 5641 accepta:

1951 5631 2060 5696 sint
2073 5658 2101 5695 a
2118 5640 2368 5695 Pati-ibus
2381 5631 2683 5709 superioris
2695 5637 2814 5702 mvi,
2833 5636 2982 5709 rejici
3011 5636 3296 5709 debuerint
3323 5651 3352 5686 a
3369 5631 3553 5685 del‘en-

1949 5712 2165 5767 soribus
2182 5705 2597 5765 tideicatholiae
2622 5707 2880 5762 adversus
2907 5705 3231 5771 Nestorium,
3264 5709 3551 5772 propterea

1949 5782 2094 5850 quod
2127 5797 2217 5838 eas
2247 5782 2300 5836 in
2330 5796 2560 5851 pravum
2589 5793 2808 5836 sensum
2833 5777 3203 5845 detorqueret.
