3960 6184
517 350 625 408 923

742 483 769 521 ι
778 479 1222 521 κηιιεςηιὸιωε
1263 480 1594 521 ουουεεωυε
1631 482 1876 522 Νῑδτοιιιι
1886 509 1896 519 .

660 600 713 648 In
739 612 852 648 mss.
878 599 1144 649 codicibus.
1531 598 1583 649 lu
1607 599 1745 649 libris
1771 602 1931 651 editis.

594 698 867 754 Nestorius
885 699 1017 754 dixit
1040 718 1057 754 :
1088 701 1143 756 Si
1159 702 1281 771 quis

520 789 786 847 conﬁtens
833 792 1113 860 passiones
1162 809 1282 848 car-

524 884 636 949 nis,
689 882 786 937 bas
839 899 1054 953 quoque
1104 885 1282 942 Verbo

525 974 615 1027 Dei
646 982 701 1028 et
731 974 876 1027 carni
901 975 1077 1041 simul,
1104 976 1155 1030 in
1178 994 1283 1046 qua

523 1067 695 1121 tactus
714 1076 813 1131 est,
833 1068 948 1123 sine
963 1069 1285 1127 discretione

523 1156 802 1224 dignitatis
830 1167 1161 1226 naturarum,
1196 1162 1289 1216 tri-

526 1248 738 1315 buerit;
772 1252 1056 1308 anathema
1090 1254 1177 1311 sit.

1423 701 1480 758 Si
1496 704 1616 772 quis
1631 692 1895 759 eonﬁtens
1915 704 2116 773 passio-

1355 808 1453 849 nes
1499 795 1706 859 carnis,
1755 811 1849 851 eas
1899 811 2116 865 quoque

1356 894 1627 954 tamquam
1676 886 1853 942 Verbo
1890 887 1985 943 Dei
2016 889 2113 943 tri-

1354 976 1487 1043 buit,
1517 992 1650 1047 quas
1695 979 1856 1033 etiam
1885 980 2034 1034 carni
2064 980 2119 1034 in

1356 1085 1462 1138 qua
1490 1070 1663 1125 factus
1684 1080 1769 1126 est
1792 1072 2116 1139 adhibuerit,

1362 1180 1471 1218 non
1527 1163 1835 1220 discernens
1891 1165 2121 1235 dignita-

1362 1262 1471 1309 tem
1502 1264 1812 1312 naturarum
1835 1258 2119 1313 anathema

1359 1349 1453 1403 sit.

847 1559 1050 1599 CONTRA
1060 1562 1233 1603 lthTlO
1270 1564 1415 1604 MAR"
1457 1566 1809 1608 SIERCATOMS.

632 1693 681 1747 l.
726 1693 1017 1751 Cutholicus
1065 1701 1392 1756 contradicit.
1459 1701 1597 1770 Quid
1648 1703 1775 1772 furit.
1818 1706 2130 1763 incassum?

541 1786 679 1853 Quid
735 1787 931 1844 insanit
978 1790 1241 1847 inaniter?
1269 1792 1438 1849 Nemo
1492 1795 1591 1849 nisi
1624 1795 1830 1864 illatus.
1863 1816 1966 1853 om.
2000 1798 2126 1869 nisi]

528 1904 711 1951 mente
739 1900 946 1963 captus,
979 1891 1105 1946 dum
1135 1899 1315 1946 tamen
1342 1886 1699 1953 Christianus,
1747 1888 1823 1941 illi
1870 1886 2126 1942 ineﬁ'abtli

529 1987 724 2042 divinae
752 1994 974 2047 natum,
1000 1982 1294 2038 secundum
1314 1980 1486 2050 ipsam
1515 1979 1693 2032 vivam
1721 1978 2009 2033 essentiam
2038 1977 2127 2033 vel

532 2084 812 2141 naturam,
843 2074 929 2129 vel
968 2088 1103 2143 quas
1143 2071 1424 2142 passiones
1461 2084 1587 2124 caro
1618 2075 1832 2130 nostra,
1867 2067 1947 2122 vel
1992 2082 2128 2137 quas

533 2171 743 2224 animus
784 2166 1228 2237 perturbationes
1255 2169 1311 2217 et
1349 2161 1703 2223 mobilitates,
1730 2167 1819 2214 aut
1861 2174 1929 2215 ex
1956 2159 2126 2224 Letis,

532 2269 628 2315 aut
659 2275 725 2314 ex
759 2257 1000 2312 tristibus
1028 2256 1247 2326 patitur,
1292 2253 1496 2315 tribuit,
1529 2252 1653 2322 quia
1682 2267 1782 2307 nec
1805 2252 1998 2307 animae
2023 2252 2128 2306 hu-

541 2365 715 2404 manre
756 2364 1051 2419 corporeos
1087 2347 1304 2401 dolores
1343 2346 1617 2413 assignat;
1650 2352 1732 2399 est
1769 2344 1911 2399 enim
1948 2344 2002 2398 in
2049 2345 2133 2400 his

536 2442 908 2513 impassibilis,
954 2441 1080 2512 quia
1122 2447 1177 2493 et
1204 2438 1561 2499 immortalis,
1605 2437 1849 2507 quamvis
1892 2438 2134 2507 proprias

537 2549 684 2600 suas,
715 2540 770 2585 ut
814 2548 974 2601 supra
1005 2530 1453 2593 memoravimus,
1497 2528 1695 2581 habeat
1740 2542 1809 2581 ex
1835 2526 2135 2582 mobilitate

538 2625 834 2695 passiones.
879 2623 1081 2678 Tamen
1109 2619 1365 2693 quamdiu
1396 2621 1446 2673 in
1495 2619 1769 2674 consortio
1808 2619 1985 2673 carnis
2024 2634 2134 2673 sua:

539 2717 702 2786 degit,
737 2722 795 2769 ut
826 2715 1102 2769 doloribus
1132 2714 1271 2768 illius
1293 2711 1652 2782 compatiatur
1680 2728 1745 2767 ex
1772 2710 2009 2776 tristitia,
2036 2725 2133 2765 ne-

540 2823 696 2862 cesse
725 2813 826 2872 est,
858 2806 990 2859 nihil
1020 2806 1133 2876 ipsa
1158 2845 1173 2873 ,
1199 2812 1256 2858 ut
1278 2804 1528 2868 diximus,
1568 2803 1771 2858 doloris
1796 2801 2001 2874 [Baluz.
2028 2798 2128 2856 do—

544 2896 767 2966 loribtts]
793 2896 1001 2965 patiens
1031 2896 1082 2949 in
1109 2911 1203 2949 sua
1226 2894 1458 2949 essentia
1480 2894 1564 2948 vel
1586 2902 1799 2948 natura.
1832 2893 1909 2947 Ita
1932 2893 2138 2947 incom-

544 2989 885 3059 parabiliter,
924 2997 979 3042 et
1006 2987 1479 3052 inrestimabiliter,
1510 2994 1672 3056 atque
1708 2984 2139 3041 inenarrabiliter

541 3079 676 3134 illud
695 3078 950 3144 Verbum,
977 3079 1070 3133 Dei
1096 3077 1277 3143 Filius,
1300 3078 1439 3132 Deus
1467 3093 1656 3146 gerens
1682 3076 1955 3131 hominem
1984 3090 2139 3131 com-

545 3171 779 3242 positum
812 3168 1015 3241 [Baluz.
1051 3168 1261 3240 passus]
1287 3186 1353 3224 ex
1377 3170 1555 3224 anima
1584 3177 1639 3223 et
1677 3183 1924 3238 corpore,
1958 3166 2141 3222 rectis-

546 3266 681 3318 sime
710 3262 897 3318 tlicitur
925 3278 1134 3333 passus,
1166 3262 1423 3333 quidquid
1444 3262 1533 3316 illa
1562 3269 1809 3332 suscepta
1835 3260 2141 3314 humanitas

547 3354 799 3424 pertulit;
832 3354 998 3423 ipsius
1037 3354 1177 3408 Cnim
1219 3353 1433 3422 propria
1473 3361 1586 3406 tota
1628 3353 1861 3406 humana
1895 3351 1983 3408 illa
2012 3350 2141 3405 sub-

544 3444 741 3497 stantia
769 3452 904 3507 erat,
929 3459 1093 3514 quam
1119 3444 1412 3497 sanandam
1427 3451 1757 3513 susceperat,
1780 3444 1881 3498 sibi
1910 3443 2139 3512 conjun—

547 3548 679 3600 gens
708 3550 872 3587 unum
911 3550 969 3588 se
1009 3543 1177 3588 totum
1209 3551 1329 3589 cum
1368 3535 1456 3590 illa
1499 3534 1762 3602 faciendo,
1808 3543 1862 3590 et
1899 3552 2021 3593 eum
2050 3536 2141 3592 illa

549 3622 693 3677 Deus
720 3640 943 3679 manens
975 3625 1117 3696 quod
1147 3634 1280 3691 erat,
1310 3626 1547 3681 existens
1569 3628 1732 3682 etiam
1761 3627 1944 3683 homo.

620 3712 673 3766 9..
700 3712 872 3774 llomo
893 3730 1109 3783 quoque
1134 3715 1275 3770 Deus
1297 3715 1363 3769 ad
1385 3715 1730 3785 jndieandum
1751 3727 1834 3775 est
1862 3727 2140 3786 venturus,

548 3805 844 3860 secundum
875 3807 1149 3876 propheta:
1178 3806 1399 3874 dictum,
1430 3809 1519 3878 qui
1565 3808 1771 3881 [Baluz.
1805 3806 1935 3881 quo]
1962 3810 2143 3864 visibi-

549 3897 654 3950 lem
686 3898 815 3953 dicit
834 3916 953 3955 esse
976 3909 1289 3956 venturum:
1324 3902 1598 3968 Vidrbunt,
1627 3902 1893 3971 inquiens,
1918 3903 1972 3955 in
1994 3919 2142 3974 quem

547 3993 979 4067 raiupupttgerttnt
1009 3983 1191 4049 (Zur/1.
1223 4004 1313 4052 xu,
1340 3989 1449 4059 10).
1482 3990 1547 4047 Et
1574 3993 1712 4050 alius
1740 3998 2003 4067 propheta
2029 4016 2041 4053 :
2066 3998 2139 4054 Εε

548 4066 700 4121 homo
729 4079 806 4121 cst
864 4078 911 4123 ct
950 4074 1063 4143 quis
1107 4080 1368 4147 cognoscit
1407 4082 1559 4135 ciun?
1593 4082 1648 4137 In
1690 4066 1914 4142 Actibus
1955 4096 2136 4145 autem

548 4160 949 4231 apostolorum,
982 4169 1156 4237 angeli
1179 4169 1252 4224 ad
1283 4172 1499 4228 eosdem
1530 4177 1803 4245 apostolos
1834 4197 1847 4233 :
1892 4179 2000 4235 Viri
2031 4181 2138 4237 Ga-

547 4251 690 4315 lila'i,
722 4255 846 4323 quid
868 4258 1128 4314 miramini
1158 4264 1465 4333 aspicientes
1503 4268 1555 4321 in
1587 4268 1809 4325 ca'lum?
1838 4271 1940 4326 llic
1961 4273 2133 4341 Jcsus,

548 4344 632 4411 qui
663 4360 957 4416 assumptus
977 4363 1051 4404 cst
1074 4370 1105 4405 a
1128 4357 1267 4409 robis
1296 4357 1347 4410 in
1371 4362 1570 4422 ca'lum,
1594 4361 1670 4414 sic
1700 4363 1878 4429 rcniet,
1912 4366 2041 4419 sicut
2072 4370 2141 4423 ri-

552 4434 700 4487 tlistis
721 4452 831 4489 cum
861 4452 1057 4495 cmitem
1089 4445 1142 4497 in
1172 4449 1350 4505 rwlum
1374 4451 1509 4521 (Act.
1539 4468 1554 4507 ι
1613 4451 1720 4521 1-1).

1014 350 1207 407 MAR"
1248 347 1696 408 MEllCATURlS
1733 346 2301 409 TRANSLATIONES
2342 353 2705 411 VARIORUM
2746 353 3262 414 OPUSCULORUM.

3632 370 3711 427 9?.l

2144 472 2187 528 Α
2399 466 2851 526 DISSERTATIO
2911 470 3104 529 MAR"
3151 472 3554 533 MERCATORlS
3568 522 3580 546 ,

2969 582 3058 618 8818

2253 672 2514 712 ΑΡΡΕΝῘΠῙ
2564 671 2633 710 Δί)
2683 670 3179 711 οοκτωυιετιοκεκ
3215 673 3287 711 ιιι
3334 674 3694 722 ΔΗᾹἹἮΕΙΛΪΒΙΙ

2838 742 3151 781 Nesromsat
3173 766 3189 790 ,

2221 812 2354 880 Qua
2382 817 2636 886 refutatio
2678 816 2890 869 secundi
2932 818 3204 879 sermonis,
3233 827 3279 870 et
3306 820 3601 886 posteriorum
3622 822 3717 879 duo-

2380 903 2517 950 rum,
2548 902 2609 939 ac
2639 886 2852 939 secundi
2883 886 3299 940 anathematismi
3315 893 3596 947 retractatio.

2293 998 2343 1052 l.
2378 996 2550 1053 Porro
2579 1006 2759 1051 autem
2783 996 2912 1052 illud
2941 995 3075 1066 ejus,
3093 1004 3120 1033 ⁸
3144 998 3285 1067 quod
3305 998 3355 1053 in
3380 1003 3620 1070 superiore
3640 1021 3724 1060 scr-

2220 1104 2383 1145 mone
2421 1088 2506 1143 vel
2546 1095 2778 1143 tractatu
2819 1087 3038 1155 legitur,
3066 1089 3159 1158 qui
3187 1098 3266 1144 est
3291 1090 3422 1145 circa
3464 1092 3599 1149 linem
3620 1111 3719 1166 qua.

2221 1180 2504 1243 ternionis,
2534 1179 2603 1235 ad
2642 1179 2819 1235 locum
2844 1179 2933 1235 ubi
2967 1180 3179 1249 signum
3217 1179 3244 1220 δ
3285 1183 3617 1240 asteriscorum
3639 1198 3724 1252 est,

2224 1271 2580 1328 indiscussum
2609 1284 2895 1325 remanere
2924 1285 3032 1325 non
3062 1269 3245 1334 debet,
3266 1272 3352 1326 ubi
3373 1275 3532 1341 magni
3566 1275 3729 1333 ludibrii

2224 1378 2415 1420 sensus
2442 1362 2715 1418 inauditos
2770 1362 2970 1417 inferre
3026 1362 3261 1416 molitur.
3300 1362 3418 1418 Vult
3466 1366 3588 1420 enim
3624 1370 3731 1436 quod

2225 1453 2470 1511 Christus
2493 1470 2523 1509 a
2552 1454 2804 1509 Mattth
2833 1461 3040 1508 neutra:
3076 1462 3279 1509 natura:
3328 1469 3437 1512 esse
3480 1457 3734 1525 prmdicatus

2228 1548 2317 1603 sit.
2343 1546 2499 1614 Quod
2526 1547 2573 1601 si
2594 1546 2667 1600 ita
2696 1552 2800 1612 est,
2830 1544 2977 1614 quod
3002 1545 3171 1609 absit;
3194 1560 3319 1613 ergo
3346 1547 3520 1601 nullius
3542 1549 3640 1609 erit.
3658 1550 3734 1603 nisi

2230 1637 2369 1693 forte
2385 1679 2400 1703 ,
2428 1636 2573 1706 quod
2599 1636 2718 1705 ejus
2737 1635 2927 1706 capitis
2946 1635 3187 1705 periculo
3211 1635 3399 1692 dictum
3429 1637 3508 1702 sit,
3527 1638 3734 1695 bellumue.

2299 1730 2354 1786 2.
2388 1730 2539 1786 llanc
2556 1738 2737 1785 autem
2785 1729 2861 1784 illi
2908 1745 3031 1785 cum
3070 1729 3340 1799 impietate
3358 1730 3623 1785 vecordiam
3644 1732 3736 1785 ulti-

2160 1848 2204 1906 Β
2232 1837 2375 1876 mam
2402 1821 2546 1891 parit
2572 1835 2769 1890 pravus
2793 1835 2983 1875 sensus
3008 1819 3129 1887 ejus
3150 1859 3166 1885 ,
3198 1833 3304 1887 quo
3322 1830 3343 1856 ε
3372 1818 3603 1888 duplicem
3617 1817 3735 1873 Chri-

2232 1920 2370 1970 stum
2393 1911 2726 1981 pronuntiat,
2747 1909 2895 1964 velut
2916 1909 3194 1963 hominem
3216 1916 3270 1964 et
3290 1908 3444 1963 Deum
3467 1924 3494 1964 a
3525 1925 3574 1964 se
3593 1918 3734 1963 natura

2231 2002 2454 2068 divisos,
2485 2000 2828 2056 cautissimus
2851 1999 3003 2068 quasi
3032 2009 3088 2054 et
3110 1996 3135 2036 ἀ
3158 1999 3373 2055 rationis
3404 1999 3588 2068 liquidis
3604 2000 3737 2070 dispu-

2231 2104 2378 2151 tator
2400 2111 2414 2148 :
2440 2101 2496 2149 et
2523 2108 2630 2149 non
2670 2092 2816 2147 videt
2844 2092 3074 2148 alterum
3104 2092 3408 2146 hazretieum
3435 2092 3621 2147 vaniore
3642 2108 3739 2145 can-

2232 2188 2341 2244 tela
2363 2192 2737 2240 occurrentem
2762 2184 2885 2251 sibi,
2914 2184 3006 2254 qui
3036 2184 3089 2239 ei
3110 2184 3372 2240 Christum
3399 2183 3525 2254 apud
3557 2182 3739 2238 seiabri-

2233 2286 2411 2334 catum
2436 2275 2702 2348 triplicem
2722 2275 2949 2345 ingerat,
2963 2290 3031 2330 ex
3057 2275 3237 2335 anima
3257 2274 3466 2340 scilicet,
3485 2281 3532 2329 et
3549 2290 3741 2345 corpore,

2233 2378 2289 2428 et
2310 2370 2443 2425 Deo.

2304 2460 2357 2514 5.
2383 2459 2520 2525 Quid
2541 2459 2587 2514 si
2614 2460 2665 2514 ei
2696 2458 3021 2530 Apollinaris
3046 2475 3265 2530 quoque
3302 2460 3353 2515 in
3400 2459 3567 2515 faciem
3588 2460 3739 2519 veniat,

2232 2553 2529 2621 quemlibet
2578 2568 2916 2607 communem
2977 2553 3253 2610 hominem
3296 2554 3650 2631 τρωπόστατον,
3692 2566 3739 2604 ex

2233 2644 2435 2708 anima,
2465 2650 2519 2697 et
2556 2658 2806 2713 corpore,
2832 2652 2888 2698 et
2924 2653 3104 2700 mente
3128 2646 3341 2712 deﬁnit;
3384 2646 3510 2700 aliud
3562 2654 3740 2699 mentem

2234 2750 2355 2790 esse
2389 2734 2574 2789 volens
2602 2750 2697 2788 seu
2727 2736 3011 2801 rationem,
3038 2736 3186 2791 aliud
3215 2738 3435 2791 animam
3458 2736 3644 2790 diversa:
3663 2734 3740 2788 sci-

2234 2825 2361 2881 licet
2381 2834 2603 2890 naturaz,
2637 2825 2971 2895 diversazque
2991 2828 3307 2884 substantia:
3331 2847 3343 2883 :
3374 2828 3457 2897 qui
3483 2826 3681 2896 quamvis
3705 2825 3741 2878 in

2233 2915 2449 2973 Christo
2477 2923 2735 2983 mentem,
2778 2932 2875 2972 seu
2913 2918 3182 2973 rationem
3230 2935 3335 2973 non
3364 2917 3510 2973 fuisse
3529 2956 3543 2981 ,
3566 2915 3642 2970 sed
3661 2913 3741 2968 ani-

2233 3023 2381 3063 mam
2432 3008 2550 3063 sine
2595 3015 2800 3073 mente,
2848 3023 2947 3078 pro
2996 3023 3059 3063 ea
3106 3017 3289 3064 autem
3319 3009 3509 3065 Domini
3535 3007 3741 3069 Verbum,

2233 3101 2379 3171 quod
2402 3099 2635 3156 ofﬁcium
2657 3103 2852 3156 mentis
2872 3101 3140 3172 impleret,
3167 3120 3287 3159 cum
3308 3103 3557 3173 impietate
3572 3101 3740 3161 deliret;

2236 3199 2419 3247 tamen
2456 3191 2503 3247 si
2530 3190 2661 3261 quid
2697 3192 2785 3247 ille
2817 3192 3205 3263 praevaluisset,
3232 3193 3373 3262 quod
3392 3192 3532 3257 absit,
3555 3200 3605 3245 ut
3624 3190 3744 3245 homo

2237 3286 2569 3350 communis,
2622 3293 2681 3341 ut
2730 3286 2997 3351 diximus,
3055 3286 3257 3357 triplex
3310 3270 3428 3342 esse'
3483 3283 3740 3340 crederetur.

2238 3375 2429 3432 Nonne
2451 3378 2537 3431 hie
2559 3377 2931 3435 insanissimus
2956 3378 3217 3447 magister
3243 3376 3611 3448 quadruplicem
3633 3373 3745 3427 nobis

2238 3466 2494 3523 intulerat
2544 3465 2837 3535 Christum,
2876 3483 2943 3525 ex
2997 3470 3203 3537 anima,
3252 3484 3485 3541 corpore,
3523 3474 3684 3529 mente,
3707 3473 3746 3518 et

2236 3558 2391 3614 Deo?
2754 3588 2757 3593 -
3404 3606 3407 3611 ,

2312 3647 2365 3703 ι.
2400 3648 2494 3704 llis
2543 3649 2706 3717 igitur
2750 3648 3118 3706 deliramentis
3160 3652 3387 3717 omissis,
3427 3650 3657 3705 Christum
3676 3658 3747 3699 nos

2238 3741 2407 3796 Deum
2437 3742 2504 3796 ab
2532 3750 2737 3796 mterno
2780 3741 3034 3807 Verbum,
3084 3743 3230 3812 apud
3267 3742 3469 3797 Patrem
3495 3754 3672 3796 carnem
3693 3734 3747 3788 la-

2236 3838 2402 3896 etum,
2436 3831 2485 3886 id
2510 3838 2612 3896 est,
2643 3830 2917 3886 hominem
2943 3830 3143 3887 factum
3173 3830 3497 3896 conﬁtemur,
3524 3846 3580 3884 ex
3617 3826 3745 3882 animi

2236 3921 2486 3976 rationali
2509 3930 2565 3976 et
2589 3936 2839 3991 corpore,
2864 3929 3116 3977 manente
3143 3924 3205 3979 in
3226 3939 3293 3978 eo
3316 3919 3681 3977 incommutabili
3695 3924 3749 3970 at-

2239 4026 2346 4081 que
2375 4011 2790 4077 ineonvertibili,
2825 4028 2946 4067 cum
2978 4010 3139 4068 Patre
3180 4023 3235 4068 et
3274 4014 3454 4084 spiritu
3481 4008 3748 4074 Sancto,di-

2238 4104 2364 4158 viua
2411 4112 2602 4158 natura
2657 4120 2824 4159 unum
2877 4112 3051 4158 totum
3090 4104 3372 4160 indivisum
3397 4121 3425 4159 a
3448 4119 3533 4159 sua
3556 4115 3685 4157 carne
3711 4106 3749 4151 rt

2240 4195 2438 4261 anima,
2456 4204 2519 4250 ut
2538 4196 2788 4260 diximus,
2808 4197 3077 4263 rationali,
3103 4214 3212 4252 non
3233 4197 3488 4269 duplicem
3511 4192 3747 4253 dicendum.

2242 4303 2351 4342 non
2406 4288 2692 4357 triplicem,
2741 4289 2867 4358 quia
2924 4304 3027 4344 nec
3072 4289 3236 4345 homo
3276 4290 3553 4345 communis
3574 4299 3683 4343 unus
3701 4297 3748 4337 ex

2241 4378 2419 4433 anima
2443 4380 2693 4435 rationali
2707 4388 2761 4436 et
2775 4395 3003 4450 corpore
3023 4380 3240 4450 duplex,
3260 4391 3347 4436 aut
3368 4382 3545 4452 triplex
3558 4390 3746 4445 umquam

2239 4468 2348 4523 dici
2394 4472 2590 4540 potu’t,
2637 4470 2730 4526 sed
2762 4471 2816 4525 in
2843 4471 3214 4540 singularitate
3243 4479 3410 4528 status
3452 4472 3562 4527 sui'
3582 4482 3688 4525 unus
3710 4470 3747 4518 et

1727 4548 2267 4614 CASTIGATIONES
2308 4561 2394 4615 ET
2435 4563 2659 4617 NOTAE.

614 4628 649 4701 ἰι
678 4618 818 4707 Erat
860 4621 948 4677 ille
975 4637 1175 4707 sermo
1220 4627 1274 4681 in
1322 4629 1509 4684 codice
1544 4630 1856 4691 Mercatoris
1885 4640 2131 4707 quintus,

551 4696 725 4780 reig'sa
758 4707 885 4780 vero
910 4702 992 4747 est
1032 4696 1270 4780 omnium
1305 4708 1649 4780 postremus,
1691 4708 1842 4774 cujus
1888 4696 1938 4762 ἰὴ
1985 4696 2137 4780 parte

552 4770 742 4840 quarta
772 4761 1022 4840 leguntur
1066 4765 1179 4840 lure
1208 4761 1368 4823 verba
1404 4787 1415 4822 :
1447 4768 1582 4824 Hinc
1629 4761 1806 4829 beatus
1856 4761 2136 4837 Mariam};

555 4831 948 4901 limini/oliorum
979 4839 1322 4907 conscriptor,
1354 4856 1467 4893 cum
1497 4841 1568 4893 ad
1594 4831 2137 4914 generationis-renis:

551 4911 981 4990 St’lftt't'lttlltm,‘ll
1014 4918 1194 4990 neutra
1225 4911 1789 4990 natura.generationis
1839 4923 1965 4990 facit
2005 4939 2133 4976 nar-

553 4973 820 5059 rationem,
850 4975 939 5027 scil
979 4980 1207 5059 mugiit-1
1236 4973 1729 5059 (iliristivsocabulo.
1765 4973 1956 5043 Verba

551 5060 582 5092 ιι
623 5052 805 5095 neutra
844 5056 1063 5121 natura,
1091 5048 1281 5121 _videri
1324 5060 1503 5121 potest
1554 5053 1821 5113 Mercator
1867 5048 2134 5119 morosius

553 5126 747 5195 vexare
773 5115 902 5195 :‘sed
925 5117 1053 5195 quid
1083 5117 1246 5173 facias
1275 5115 1481 5195 homini
1504 5138 1678 5195 quem
1719 5127 1919 5184 Christi
1963 5115 2133 5190 chori:

554 5189 635 5257 tas
666 5190 836 5257 luget,
871 5184 1271 5257 inllammatque
1306 5192 1359 5245 in
1391 5184 1812 5253 Antichristum?

622 5247 937 5342 B'Coleba‘nt
964 5247 1208 5337 veteres,
1231 5261 1377 5342 quod
1404 5270 1458 5342 et
1479 5247 1874 5342 hodiequoque
1906 5270 1989 5338 ﬁt,
2015 5275 2133 5342 qui-

550 5318 771 5409 busdam
803 5326 944 5378 notis
972 5318 1203 5393 signare.
1228 5318 1344 5409 loca
1374 5318 2132 5409 singularia'in“libris

551 5390 923 5481 ut‘pnluripilum
953 5390 1081 5451 vero
1103 5401 1372 5457 asteriscis
1402 5390 2134 5481 utbbanturiut'

548 5461 748 5540 estqui
781 5461 943 5519 libros
972 5483 1133 5523 manu
1161 5481 1413 5527 exaratos
1443 5461 2137 5538 tractatit.'\‘lidiiet'ia—ni

549 5530 828 5611 byrintbos
856 5544 1103 5611 notarum
1137 5540 1289 5595 istius
1317 5545 1460 5599 modi
1482 5547 1658 5601 locum
1686 5530 2135 5611 tenentes-.wll-nde

748 5604 898 5675 signa
926 5606 1340 5680 labyrint/torum
1387 5598 1658 5687 appositam

585 5811 595 5820 .
624 5753 644 5779 ο
685 5741 928 5828 Christus
956 5746 1152 5828 dicitur
1186 5767 1216 5805 a
1257 5752 1729 5828 Nestoﬁrioiduplex
1760 5763 1940 5818 multis
1972 5763 2023 5818 in
2052 5764 2135 5820 lo-

549 5814 644 5878 cis,
668 5814 761 5870 sed
806 5820 1101 5887 prtesertim
1132 5838 1381 5882 sermone
1413 5827 1431 5880 ι
1471 5814 1664 5898 (Nam.
1701 5814 1847 5901 12)ήῖ
1862 5814 2131 5905 Dip‘iicéin

2164 4651 2216 4710 Ι)
2242 4650 2604 4719 conﬁteamur,
2636 4660 2687 4705 et
2716 4649 2992 4706 adoremus
3018 4662 3295 4719 «bunum;
3326 4656 3523 4719 duplum
3547 4655 3656 4707 enim
3678 4665 3746 4702 na-

2242 4727 2494 4785 turarum,
2520 4738 2677 4775 unum
2704 4729 2781 4774 est
2800 4731 3013 4792 propter
3037 4728 3307 4783 unitatem.
3345 4722 3561 4781 Observa
3594 4722 3744 4777 Blem-

2243 4796 2413 4861 torem
2447 4807 2656 4846 unum
2688 4791 2951 4861 posuisse,
2985 4810 3081 4861 pro
3112 4812 3408 4852 urrosnsr.

2312 4858 2338 4895 ἀ
2380 4861 2578 4933 Alludit
2607 4857 2798 4933 adfista
2828 4857 3060 4917 Nesto'rii
3090 4868 3250 4921 verba
3281 4883 3437 4921 serm.
3468 4865 3499 4918 ι
3528 4882 3538 4916 :
3578 4857 3745 4933 Liquida

2239 4940 2410 4983 autem
2440 4932 2625 5007 divisio
2656 4931 2911 5002 dogmatis
2937 4935 3040 4986 ista
3076 4945 3174 5007 est,
3206 4939 3290 5007 qui
3319 4946 3468 4990 natus
3503 4944 3593 4991 est,
3612 4931 3659 5007 et
3686 4946 3748 5007 per

2239 5010 2411 5078 partes
2436 5001 2873 5078 incrementorum
2894 5006 3206 5073 temporibus
3219 5001 3386 5078 eguit,
3411 5018 3457 5059 et
3473 5004 3692 5078 mensibus
3703 5001 3748 5051 le

2236 5070 2433 5141 gitimis
2462 5082 2700 5142 portatus
2728 5073 2783 5126 in
2810 5070 3105 5137 rentre'est,
3137 5078 3219 5130 hic
3248 5070 3514 5131 [inmanem
3541 5074 3666 5127 habet
3688 5087 3748 5121 πε

2240 5149 2429 5204 turam,
2445 5141 2555 5216 sed
2578 5141 2696 5216 Deo
2715 5159 2842 5216 sane
2870 5144 3220 5216 conjunctum.
3246 5148 3403 5201 Alia!
3427 5156 3497 5200 est
3522 5154 3662 5216 autem
3693 5141 3747 5215 dij

2236 5215 2491 5285 cere_quia
2516 5222 2641 5285 nato
2662 5213 2725 5266 de
2746 5209 2927 5285 Maria
2955 5209 3051 5285 Eon
3054 5216 3266 5285 junctus
3292 5226 3404 5271 erat
3441 5216 3568 5268 Deus
3594 5212 3708 5285 illeq
3735 5209 3745 5255 ἱ

2236 5289 2315 5336 est
2352 5280 2573 5359 Verbum
2604 5282 2982 5359 Ratri_s_,__quod
3002 5280 3095 5359 est
3110 5288 3495 5359 liquidissimum
3514 5300 3567 5338 ac
3590 5283 3747 5353 ﬁnium

2238 5361 2396 5425 atque
2418 5353 2869 5425 irrepreliensibile
2895 5353 3190 5424 gentilibus.
3216 5365 3318 5413 etc.
3552 5424 3555 5425 ν
3718 5416 3727 5425 ,

2316 5431 2339 5458 ο
2365 5421 2672 5497 Substanﬁa
2691 5438 2789 5492 pro
2818 5421 3128 5497 exegeris...
3153 5443 3244 5481 seu
3268 5424 3606 5497 subsistentia,
3632 5421 3746 5497 potii-

2239 5498 2326 5542 tur
2357 5490 2454 5567 (In
2498 5490 2765 5563 Categﬁc.
2819 5493 3275 5567 deSubstantia);
3323 5495 3603 5567 hypostasis
3640 5490 3746 5567 enirn

2238 5562 2379 5636 apud
2410 5562 2555 5630 ipsos
2582 5578 2800 5636 quoque
2821 5564 3171 5636 philosophos
3191 5562 3476 5621 substantia
3504 5563 3743 5636 primaesl;

2236 5631 2433 5703 dicitur
2446 5630 2663 5701 quoque
2685 5635 2751 5703 ab
2776 5630 3063 5692 Aristotele
3079 5639 3371 5692 substantia
3396 5630 3676 5703 ἁπλῶςμὶὺ.
3693 5642 3744 5703 γυ

2237 5699 2653 5771 Memphi-sicce).
2711 5702 2861 5759 Unde
2910 5705 3176 5762 Mercator
3201 5709 3453 5763 continuo
3483 5724 3495 5759 :
3525 5699 3598 5759 Ila
3614 5709 3655 5755 et
3676 5699 3743 5750 illa

2234 5771 2516 5847 ineffabilia
2538 5774 2711 5827 divina
2742 5772 2869 5829 Filii
2900 5775 2999 5831 Dei
3028 5779 3294 5847 ntajestas,
3319 5780 3371 5830 in
3396 5793 3485 5830 sua
3511 5770 3741 5846 persona?t

2235 5842 2544 5907 substantia,
2566 5860 2671 5898 una
2686 5852 2763 5897 est
2791 5862 2902 5901 cum
2930 5842 3192 5920 assumpta
3213 5851 3385 5903 animo
3401 5862 3487 5902 sua
3502 5842 3519 5916 ί
3537 5851 3635 5911 etc.
