3978 6188
235 394 341 452 9‘25

1127 383 1446 443 ussronu
1489 359 2083 438 nusrii‘sinanou
2125 373 2463 433 caenum
2504 375 2595 430 xu

3361 401 3364 404 ~
3407 376 3514 432 925

233 525 339 563 una
361 504 661 562 substantia
705 523 717 558 :
751 505 824 559 ita
861 511 916 558 et
937 502 1026 556 illa
1060 497 1344 555 ineffabilis
1367 498 1547 554 divina
1575 495 1695 551 Filii
1722 495 1820 550 Dei
1848 500 1894 558 Α
1923 506 2264 558 rarum,cum
2284 490 2454 558 magis
2479 487 2752 544 hominem
2766 488 2870 542 hoc
2890 500 3087 541 nomen
3117 483 3257 555 apud
3279 485 3525 541 homines

234 598 488 667 majestas
516 598 568 652 in
610 613 708 652 sua
735 611 966 667 persona
1005 601 1060 648 et
1102 591 1398 648 substantia
1430 606 1535 644 una
1560 597 1664 654 est,
1701 603 1824 643 eum

231 698 504 760 assumpta
522 689 699 742 anima
711 703 806 742 sua
830 694 1082 756 compote
1101 684 1296 739 mentis
1315 699 1425 738 sum
1446 682 1560 736 sive
1579 678 1825 743 rationis,

229 789 286 835 et
307 781 481 836 solido
510 796 574 835 ac
598 781 840 850 perfecto
868 794 1097 848 corpore
1117 793 1216 833 suo
1236 777 1366 831 nihil
1396 777 1586 833 harum
1615 774 1683 828 ab
1712 772 1829 828 istis

230 871 540 926 vanissimis
569 879 624 924 et
652 869 981 940 impiissimis
1017 868 1192 937 dupli,
1231 867 1317 921 vel
1348 864 1486 935 tripli
1517 862 1830 933 appellatio-

229 979 365 1018 num
385 961 694 1026 admittens,
718 969 940 1031 propter
966 961 1249 1023 unitatem,
1274 957 1358 1013 vel
1379 956 1827 1025 singularitatem,

231 1053 417 1121 inqua
439 1060 494 1107 et
520 1053 794 1107 hominem
815 1051 1090 1121 suscipere
1113 1057 1170 1104 et
1196 1062 1385 1117 gerere
1411 1047 1628 1118 placuit,
1655 1061 1723 1101 ex
1743 1061 1831 1102 se-

239 1157 342 1212 que
372 1143 484 1197 Deo
505 1149 560 1197 et
583 1143 673 1197 illo
702 1141 880 1196 facere
902 1156 1070 1194 unum
1093 1139 1380 1193 Dominum
1401 1147 1427 1175 ι
1456 1135 1641 1192 Iesum
1669 1135 1826 1191 Chri-

229 1244 399 1300 stum,
432 1251 555 1290 cum
584 1235 742 1289 Patre
762 1243 816 1288 et
835 1234 1037 1304 Spiritu
1063 1242 1268 1295 sancto,
1304 1231 1355 1284 in
1375 1230 1640 1285 Trinitate
1665 1245 1828 1284 unum

231 1326 407 1381 Deum
435 1335 744 1382 manentem
773 1325 1072 1380 irissccula.
1106 1324 1181 1378 De
1210 1339 1319 1392 quo
1346 1321 1582 1376 Joannes
1611 1329 1831 1390 aposto-

233 1419 323 1472 lus
350 1419 401 1472 in
432 1417 668 1487 Epistula
696 1432 791 1471 sua
814 1416 1005 1486 prima,
1038 1415 1111 1469 ita
1153 1415 1230 1468 ait
1251 1413 1292 1485 (l
1323 1412 1481 1467 Joan.
1511 1428 1547 1476 ι,
1575 1411 1656 1481 i):
1679 1409 1832 1475 Quod

231 1512 340 1580 {uit
369 1510 432 1562 ub
461 1511 637 1571 initio,
678 1506 816 1579 quod
860 1505 1145 1560 audivimus
1182 1514 1232 1559 et
1272 1503 1492 1558 vidimus
1536 1503 1698 1556 oculis
1737 1516 1832 1554 no-

229 1602 382 1666 stris,
412 1617 472 1671 qu
493 1600 546 1653 id
572 1600 924 1670 perspeximus
954 1608 1002 1651 et
1026 1613 1211 1650 manus
1260 1605 1451 1650 nostra:
1492 1593 1832 1664 palparerunt

231 1693 304 1747 de
361 1691 525 1747 Verbo
576 1692 710 1755 vitet,
762 1700 811 1744 et
865 1691 970 1744 vita
1012 1690 1292 1759 manifesta
1313 1696 1411 1751 est,
1441 1697 1491 1740 et
1518 1685 1756 1748 uidimus,
1782 1693 1832 1737 et

231 1792 509 1847 testamur,
557 1791 607 1836 et
656 1782 1026 1834 annuntiamus
1064 1777 1202 1833 robis
1245 1780 1399 1832 vitam
1422 1787 1688 1838 mternam,
1719 1790 1831 1845 φιω

1929 583 2228 652 exprimat?
2255 580 2658 650 intelligendum
2705 579 2847 633 enim
2875 589 2958 633 est
2997 580 3098 634 ἀπὸ
3136 586 3227 638 τῆς
3270 575 3521 650 χρίσςως,

1930 674 1981 728 id
2011 681 2110 739 est,
2144 674 2212 726 ab
2241 672 2497 726 unctione
2522 670 2648 736 dici,
2679 673 2832 738 quasi
2858 678 3098 736 unctum,
3129 670 3275 737 quod
3302 668 3396 722 Dei
3426 685 3525 722 ua-

1930 774 2061 820 turte
2083 781 2191 818 non
2212 764 2574 834 competebat.

1999 856 2053 912 8.
2086 857 2308 912 Accedit
2334 853 2464 910 illud
2513 855 2634 924 ejus
2680 853 3068 910 inaestimabilis
3111 852 3384 915 fatuitatis,
3416 867 3528 921 quo

1927 952 2074 1009 dicat
2102 951 2304 1007 dixisse
2333 949 2460 1004 illud
2482 957 2725 1004 sanctum
2747 947 3032 1001 concilium
3057 964 3069 998 :
3102 944 3366 999 Credimus
3397 954 3444 998 et
3473 946 3528 998 in

1927 1063 2086 1102 unum
2110 1044 2393 1098 Dominum
2419 1041 2602 1097 Jesum
2640 1039 2913 1095 Christum
2931 1080 2947 1104 ,
2973 1039 3317 1109 unigenitum,
3349 1038 3434 1108 qui
3466 1037 3529 1089 de

1929 1136 2042 1192 Deo
2072 1136 2234 1190 Patre
2253 1143 2406 1188 natus
2434 1142 2530 1199 est,
2555 1132 3048 1193 consubstantirum,
3067 1130 3121 1182 id
3141 1137 3236 1194 est,
3265 1131 3530 1200 ὁμοούσιοδ

1933 1227 2104 1291 Patri,
2133 1228 2221 1297 qui
2259 1235 2472 1297 propter
2493 1241 2588 1278 nos
2609 1223 2894 1277 descendit.
2927 1221 3079 1276 .lesus
3119 1229 3286 1286 certe,
3318 1230 3378 1275 ut
3417 1219 3532 1290 ipse

1931 1322 2065 1385 vult,
2102 1321 2264 1374 homo
2293 1327 2402 1383 est;
2433 1317 2659 1381 dicatur,
2683 1331 2884 1385 quasso,
2909 1313 3179 1383 quomodo
3195 1313 3265 1377 ei,
3296 1313 3379 1368 vel
3393 1312 3534 1384 apud

1931 1431 2075 1479 eunt,
2122 1412 2268 1467 Patri
2299 1413 2412 1466 Deo
2454 1411 2927 1466 consubstantivus
2975 1420 3078 1472 est,
3115 1411 3215 1463 nisi
3265 1419 3535 1478 tamquam

1931 1507 2075 1562 Deus
2107 1521 2176 1560 ex
2208 1503 2370 1558 Patre
2398 1503 2611 1571 genitus
2646 1502 2796 1556 Deo?
2831 1501 2935 1556 Aut
2965 1501 3156 1555 iterum
3187 1500 3460 1569 quomodo
3487 1501 3536 1554 ei

1930 1599 2074 1652 Deus
2107 1612 2213 1652 non
2240 1603 2345 1660 est,
2367 1594 2458 1662 qui
2481 1593 2547 1649 de
2573 1593 2738 1647 Maria
2762 1595 2880 1646 est?
2902 1592 2959 1646 Si
2991 1601 3148 1646 natus
3169 1592 3240 1645 ita
3271 1600 3372 1656 est,
3398 1607 3536 1660 quo--

1931 1691 2094 1747 modo
2106 1691 2339 1747 scnsitet
2355 1688 2722 1759 pronuntiavit
2739 1687 3023 1742 concilium
3038 1687 3327 1768 Neptnum,
3346 1694 3400 1739 ct
3415 1686 3538 1740 huic

1933 1785 2098 1837 verbo
2117 1792 2328 1837 tantum
2356 1790 2516 1836 tenus
2538 1780 2738 1850 placuit
2763 1778 3048 1834 eontiteri?
3078 1777 3216 1842 Quid
3255 1790 3384 1841 ergo
3412 1775 3538 1830 soli‘

228 1887 352 1930 crat
381 1876 519 1945 apud
561 1874 794 1938 Patrem,
847 1882 895 1927 et
925 1874 1169 1944 apparuit
1207 1871 1354 1925 nobis
1379 1887 1394 1933 ;
1422 1869 1558 1942 quod
1584 1869 1824 1931 vidimus,

1950 1874 2092 1928 lum?
2123 1873 2264 1940 Quid
2291 1873 2522 1926 sanum?
2543 1870 2680 1936 Quid
2706 1871 2969 1938 integrum
3001 1868 3141 1937 apud
3168 1868 3338 1936 ipsum
3368 1865 3485 1920 est?

230 1975 287 2018 et
319 1965 604 2020 audiuimus
624 2004 638 2029 ,
670 1963 1038 2017 annuntiamus
1068 1962 1236 2025 vobis,
1263 1971 1318 2014 ut
1344 1971 1395 2014 et
1423 1977 1508 2014 ros
1531 1959 1830 2013 societatem

230 2055 472 2108 habeatis
502 2054 784 2116 nobiscum,
813 2062 861 2106 et
880 2053 1102 2106 societas
1132 2060 1310 2106 nostra
1336 2052 1406 2106 sit
1427 2066 1541 2105 cum
1564 2047 1757 2112 Patre,
1783 2055 1833 2100 et

229 2163 356 2200 cum
385 2145 523 2202 Filio
545 2145 659 2216 ejus
683 2143 807 2198 Iesu
830 2143 1054 2198 Christo.

315 2237 365 2291 5.
409 2236 543 2304 Quid
572 2236 737 2291 etiam
775 2235 826 2288 in
857 2233 1096 2290 secundo
1134 2231 1263 2287 tolio
1305 2230 1676 2300 quaternionis
1707 2229 1834 2285 noni

228 2328 444 2385 codicis
473 2327 630 2396 hujus
660 2327 774 2397 (ubi
794 2326 900 2380 hoc
927 2325 1134 2393 signum
1159 2322 1270 2392 est)
1293 2323 1360 2378 ab
1385 2323 1474 2376 illo
1495 2322 1808 2377 dictumcon

232 2422 494 2482 tinealur,
517 2427 707 2474 cautus
728 2426 783 2472 et
803 2416 1037 2486 prudens
1059 2416 1226 2470 lector
1247 2413 1511 2470 attendat.
1535 2411 1672 2466 Cum
1691 2411 1835 2466 enim

227 2512 392 2566 mima
421 2510 680 2564 fatuitatis
706 2516 763 2562 et
788 2505 1072 2562 dementia:
1099 2507 1187 2564 hic
1215 2507 1376 2560 homo
1407 2505 1506 2570 sit,
1547 2502 1837 2574 impietatis

226 2612 423 2658 autem
447 2601 858 2667 absurdissima,
874 2599 1175 2654 mirandum
1197 2608 1280 2654 est
1295 2599 1437 2653 hunc
1457 2599 1529 2652 ita
1552 2596 1836 2653 vecordem

226 2707 501 2762 sequaces
515 2693 596 2747 vel
615 2692 888 2747 auditores
917 2706 1106 2745 sensus
1128 2691 1352 2759 alicujus
1372 2689 1619 2744 homines
1639 2687 1838 2742 habere

225 2783 499 2852 l‘OlliisSC.
525 2781 604 2837 Ne
633 2783 792 2851 igitur
819 2789 1059 2836 sanctam
1082 2780 1305 2834 Mariam
1325 2779 1584 2850 virginem
1598 2779 1839 2835 Θιοτὸκσν

225 2873 580 2940 ουιιιίῑοίιιυτ,
628 2873 756 2942 quid
804 2888 976 2927 vanus
1023 2872 1184 2934 dicat,
1233 2872 1463 2926 sollicite
1517 2863 1835 2926 videamus:

232 2963 566 3046 "Nusquam,
584 2965 771 3034 inquit,
792 2963 842 3018 Ν
848 2967 1066 3018 ica'num
1087 2964 1360 3018 concilium
1376 2981 1556 3018 ausum
1577 2973 1654 3018 est
1673 2963 1842 3017 dicere

224 3060 360 3132 quia
398 3057 620 3112 Verbum
667 3056 806 3111 Deus
855 3066 1008 3109 natus
1054 3065 1130 3110 est
1157 3073 1222 3109 ea:
1270 3055 1448 3110 Maria
1497 3057 1726 3126 virgine;
1767 3056 1843 3108 ait

224 3151 411 3204 enim:
439 3147 703 3202 Credimus
721 3159 768 3200 et
790 3148 844 3200 in
865 3163 1022 3200 unum
1041 3144 1322 3199 Dominum
1349 3146 1526 3200 Jesum
1557 3145 1836 3199 Christum.

2005 1964 2059 2020 9.
2093 1966 2308 2020 Accedit
2334 1965 2498 2018 etiam
2520 1963 2664 2017 aliud
2688 1962 2982 2032 impietatis
3008 1959 3437 2022 deliramentum,
3465 1955 3540 2010 di-

1932 2059 2105 2115 centis
2133 2057 2541 2128 praetermisisse
2571 2056 2690 2109 illos
2718 2053 2909 2109 Patres
2941 2051 3291 2122 pronuntiare
3319 2048 3541 2104 credere

1931 2166 1992 2204 se
2017 2149 2068 2203 in
2094 2148 2262 2203 Deum
2286 2147 2523 2201 Verbum
2546 2145 2736 2199 Filium
2762 2144 3127 2212 unigenitum;
3151 2141 3244 2196 sed
3266 2142 3536 2204 dixerunt,

1937 2240 2135 2309 inquit,
2166 2255 2333 2293 unum
2363 2253 2422 2292 se
2452 2236 2674 2291 credere
2711 2235 2995 2290 Domimnn
3035 2231 3216 2288 Jesum
3245 2229 3538 2291 Christum,

1935 2330 2440 2386 consubstantivum
2463 2326 2627 2392 Patri,
2661 2326 2827 2380 Deum
2854 2325 2923 2379 de
2953 2322 3064 2378 Deo
3095 2338 3242 2382 vero,
3276 2320 3452 2373 lmnen
3473 2319 3542 2372 de

1936 2423 2155 2488 lumine,
2190 2437 2288 2492 per
2313 2435 2474 2489 quem
2520 2417 2699 2472 omnia
2745 2415 2882 2470 facta
2914 2423 3069 2477 sunt;
3100 2421 3370 2479 tamquam
3400 2409 3543 2463 Deus

1937 2513 2169 2570 Verbum
2192 2511 2333 2583 apud
2363 2511 2524 2565 istum
2549 2508 2717 2564 Filius
2748 2523 2855 2562 non
2886 2507 2975 2568 sit,
3015 2505 3154 2560 sicut
3183 2506 3233 2559 in
3264 2502 3542 2572 superiore

1937 2605 2054 2675 ejus
2081 2618 2330 2660 sermone
2353 2602 2593 2672 apertius
2619 2599 2944 2654 declaratur.
2965 2596 3093 2664 Quae
3122 2594 3280 2664 hujus
3307 2594 3420 2648 lucc
3449 2609 3542 2647 va-

1939 2695 2112 2749 nitas?
2153 2693 2351 2760 Quaeve
2378 2691 2689 2746 dementia?
2738 2686 2894 2755 Quod
2942 2687 3231 2742 ludibrium
3277 2685 3456 2755 potius
3485 2684 3541 2738 in

1940 2795 2049 2839 tam
2078 2783 2401 2838 inconstanti
2431 2797 2700 2846 sermone,
2735 2796 2842 2834 non
2864 2780 3039 2834 minus
3060 2779 3226 2832 stulto
3256 2793 3415 2845 quam
3441 2777 3543 2830 im-

1939 2879 2064 2950 pio?
2088 2875 2156 2931 Ut
2183 2875 2415 2931 Verbum
2449 2874 2563 2938 Dei,
2593 2874 2687 2928 Dei
2710 2872 2877 2928 Filius
2898 2873 2947 2927 ei
2970 2889 3078 2927 non
3101 2873 3163 2926 sit
3187 2888 3200 2938 ;
3234 2879 3292 2924 ut
3319 2867 3472 2924 Jesus
3493 2869 3544 2923 ei

1942 2971 2015 3024 sit
2043 2985 2110 3024 ex
2157 2968 2448 3023 medietate
2479 2967 2639 3027 Deus,
2682 2982 2750 3022 cx
2781 2965 3069 3020 medietate
3098 2964 3282 3025 homo,
3326 2971 3378 3016 et
3405 2962 3544 3017 idem

1945 3069 2124 3115 tamen
2156 3060 2387 3114 Verbum
2419 3058 2516 3112 Dei
2545 3057 2710 3111 Filius
2740 3072 2859 3111 esse
2897 3071 3003 3110 non
3047 3055 3254 3126 possit?
3293 3052 3449 3107 Modo
3475 3049 3546 3107 sit

1944 3149 2419 3208 consmbstantivus
2451 3157 2716 3216 natusque
2744 3163 2810 3202 ex
2841 3147 2954 3201 Deo
2985 3145 3177 3211 Patre,
3221 3145 3359 3198 Deus
3391 3157 3546 3198 verus

226 3240 520 3304 Attendite,
549 3241 668 3312 quia
697 3241 840 3310 prius
869 3255 996 3296 cum.
1014 3236 1224 3302 Patres
1235 3239 1524 3308 posuissent
1551 3236 1830 3304 Christum,
1863 3243 1909 3307 C
1940 3244 2006 3298 de
2037 3243 2148 3296 Deo
2169 3258 2320 3306 vero,
2372 3241 2553 3294 lumen
2583 3240 2651 3293 de
2676 3239 2879 3293 lumine
2913 3255 2924 3290 :
2953 3251 3142 3307 posrea
3188 3249 3318 3289 vero
3349 3234 3548 3288 horum

226 3331 379 3404 quod
420 3333 640 3385 duarum
683 3341 991 3383 naturarum
1031 3328 1448 3400 conjunctionem
1489 3328 1841 3392 demonstrat,

226 3440 345 3476 non
375 3423 614 3475 dixerunt
641 3423 694 3474 in
733 3437 892 3474 unum
920 3419 1090 3474 Deum
1129 3419 1380 3488 Verbum,
1417 3421 1508 3477 sed
1537 3430 1846 3494 acceperunt

229 3530 446 3574 nomen,
472 3512 608 3584 quod
634 3513 897 3583 signiﬁcat
925 3521 1214 3582 utrumque,
1242 3520 1346 3566 etc.

314 3604 369 3656 ti.
393 3603 525 3656 Cum
547 3602 726 3670 itaque
740 3601 895 3656 Jcsus
910 3599 1157 3655 Christus
1187 3617 1291 3654 non
1322 3601 1391 3654 sit
1419 3601 1542 3657 huic
1573 3601 1672 3672 ipsi
1699 3604 1846 3673 (eon-

232 3691 392 3762 ci'io)
417 3691 578 3755 aliud,
612 3692 714 3745 nisi
744 3691 1022 3756 Dominus,
1055 3692 1144 3759 qui
1176 3691 1432 3745 Dominus
1462 3691 1554 3746 Dei
1589 3692 1841 3758 Verbum,

236 3782 448 3851 Deique
493 3781 658 3836 Filius
697 3783 814 3837 sine
842 3781 1006 3837 dubio
1048 3790 1160 3846 est,
1192 3783 1390 3851 quique
1417 3799 1539 3837 cum
1569 3793 1845 3854 assumpto

231 3891 345 3930 suo
374 3889 604 3944 corpore
633 3882 688 3928 ct
717 3875 894 3928 anima
935 3874 1183 3929 rationali
1214 3874 1423 3943 integer
1453 3875 1617 3929 homo
1652 3874 1841 3942 factus,

233 3968 296 4021 in
328 3965 470 4020 illius
495 3974 694 4020 sancta:
714 3964 923 4019 feminte
951 3973 1106 4020 utero
1129 3965 1383 4034 ﬁguratus
1403 3975 1566 4037 atque
1594 3983 1847 4038 procrea-

234 4066 352 4122 tus,
373 4057 906 4128 procedensqucjam
929 4067 1074 4114 totus
1095 4060 1235 4115 Deus
1264 4067 1426 4129 atque
1454 4060 1639 4127 homo,
1672 4071 1845 4117 totum

238 4160 301 4203 et
332 4157 480 4204 totus
506 4149 938 4220 inseparabiliter
962 4166 1124 4204 unum
1149 4158 1311 4220 atque
1331 4168 1468 4206 unus
1488 4163 1588 4208 est.
1610 4153 1706 4210 Hic
1734 4156 1848 4226 ipse

231 4240 503 4309 magister
532 4241 766 4305 insanus,
799 4241 941 4296 umle
967 4239 1151 4295 Jesum
1189 4241 1463 4296 Christum
1504 4245 1694 4299 saltem
1737 4247 1845 4301 Do-

233 4333 450 4388 minum
479 4332 628 4398 dicit,
660 4333 706 4387 si
735 4334 784 4388 ei
815 4333 1051 4388 Verbum
1083 4333 1176 4387 Dei
1207 4336 1451 4388 nonest?
1487 4335 1672 4406 Neque
1701 4338 1845 4393 enim

233 4425 340 4478 ulli
372 4425 668 4479 dominatio
697 4427 976 4497 competit,
1003 4425 1104 4479 nisi
1134 4425 1234 4480 soli
1264 4426 1396 4480 Deo.
1421 4426 1573 4482 Anne
1612 4430 1716 4485 hoc
1745 4431 1844 4483 do—

234 4524 368 4570 ctor
394 4518 642 4585 egregius
689 4533 796 4571 non
837 4518 1022 4572 novit?
1048 4516 1103 4572 Si
1145 4517 1303 4586 igitur
1328 4515 1482 4574 Jesus
1513 4520 1672 4573 etiam
1704 4521 1845 4576 Deus

1950 3335 2079 3390 nihil
2111 3337 2388 3405 proprium
2419 3332 2738 3386 naturaliter
2759 3330 2980 3395 habens,
3013 3329 3107 3384 sed
3137 3329 3250 3388 sola
3281 3341 3550 3397 nuncupa-

1949 3431 2096 3485 tione
2136 3429 2360 3483 alterius
2406 3426 2678 3496 partiecps
2721 3425 2915 3479 divina:
2943 3423 3249 3490 dignitatis,
3277 3430 3549 3490 tamquam

1947 3521 2113 3575 homo
2143 3529 2300 3574 natus
2329 3535 2398 3573 ex
2429 3529 2693 3588 tempore.

2020 3612 2107 3665 10.
2139 3609 2461 3665 Claudenda:
2490 3625 2623 3663 sane
2652 3609 2971 3663 Christianae
2997 3623 3174 3671 aures,
3207 3623 3329 3663 cum
3355 3607 3552 3663 dicitur

1947 3703 2064 3757 Filii
2087 3717 2285 3755 nomen
2316 3717 2425 3755 non
2454 3699 2760 3768 signiﬁcare
2782 3699 3016 3754 Verbum
3047 3701 3172 3754 illud
3197 3699 3551 3770 I’atris,quod

1947 3809 2015 3846 ex
2046 3792 2180 3861 ipso,
2212 3799 2267 3844 et
2295 3791 2349 3843 in
2390 3790 2507 3859 ipso
2536 3796 2638 3844 est.
2672 3787 2751 3842 Ad
2795 3789 2938 3856 quod
2990 3791 3356 3843 testimonium
3405 3799 3545 3854 esto,

1948 3883 2137 3947 lector,
2186 3889 2472 3935 attentus:
2513 3879 2682 3943 Misit,
2734 3880 2925 3948 inquit,
2975 3879 3116 3934 Deus
3163 3879 3360 3934 Filium
3401 3897 3551 3934 suum

1948 3973 2225 4045 [actumex
2253 3972 2488 4032 muliere,
2509 3972 2704 4042 factum
2734 3969 2825 4023 sub
2857 3969 2966 4040 lege
3001 3967 3142 4041 (Cal.
3175 3985 3246 4032 tv,
3278 3968 3341 4038 4)
3362 3985 3375 4032 ;
3399 3969 3549 4022 vidc-

1950 4068 2078 4123 licet
2107 4074 2166 4120 ut
2187 4065 2312 4135 quia
2335 4073 2492 4119 natus
2521 4079 2588 4118 ex
2618 4063 2842 4118 muliere
2878 4079 2984 4117 non
3015 4070 3096 4115 cst
3131 4061 3289 4125 Deus,
3314 4060 3550 4115 Verbum

1947 4159 1988 4214 F
1992 4160 2114 4213 ilius
2139 4159 2190 4213 ei
2219 4173 2327 4212 non
2347 4157 2436 4223 sit,
2460 4155 2556 4210 sed
2587 4155 2742 4221 alius,
2763 4153 2857 4223 qui
2885 4152 3060 4223 potuit
3087 4151 3233 4206 nasci
3253 4159 3408 4221 partu
3433 4165 3552 4204 mu—

1949 4253 2120 4308 lieris.
3360 4235 3363 4237 ’

2022 4345 2106 4398 11.
2150 4343 2310 4398 Certe
2335 4340 2584 4410 superius
2605 4339 2678 4393 illi
2711 4339 2990 4409 placuerat
3015 4335 3233 4390 Patrum
3263 4334 3548 4399 sententia,

1943 4436 2125 4492 Jesun'i
2139 4433 2312 4489 Christ
2324 4445 2411 4486 om
2435 4430 2578 4484 Patri
2595 4430 2704 4483 Deo
2721 4428 3215 4484 consubstantivum
3229 4443 3365 4491 esse,
3384 4427 3552 4482 Deum

1951 4526 2018 4580 dc
2042 4525 2152 4578 Deo
2167 4539 2315 4584 vero,
2338 4522 2517 4576 lumen
2533 4520 2599 4574 de
2615 4520 2843 4579 lumine;
2869 4529 2922 4573 et
2937 4519 3231 4572 ret-tissime
3245 4519 3516 4587 placuerat
3537 4535 3548 4570 :

239 4623 359 4662 non
401 4615 483 4661 est
511 4608 653 4678 apud
693 4609 860 4671 illum,
896 4609 962 4663 ab
1005 4609 1139 4679 ipso,
1165 4619 1219 4663 et
1249 4610 1301 4664 in
1328 4611 1463 4680 ipso,
1491 4618 1545 4664 et
1573 4627 1692 4666 cum
1730 4612 1846 4683 ipso
1877 4623 1922 4680 ι)
1950 4617 2077 4687 quid
2101 4615 2174 4669 illi
2204 4611 2271 4669 de
2309 4613 2488 4668 Verbo
2512 4613 2626 4680 Dei,
2659 4613 2806 4682 quod
2841 4613 2891 4667 in
2916 4612 3180 4683 princ'pio
3210 4609 3351 4680 apud
3387 4610 3555 4665 Deum

239 4709 514 4769 conceptu
536 4709 591 4755 et
619 4710 794 4770 partu,
829 4709 1054 4755 utrecte
1096 4703 1330 4771 genitrix
1369 4702 1485 4768 Dei,
1530 4702 1579 4756 id
1618 4710 1718 4769 est,
1761 4721 1846 4757 se—

236 4791 482 4845 cundum
535 4791 888 4846 rectissimam
937 4801 1178 4846 veterum
1236 4791 1454 4847 Patrum
1481 4794 1846 4849 deﬁnitionem

235 4881 486 4942 Θιοτόκος
539 4881 647 4946 sit,
707 4881 846 4936 unde
893 4882 968 4938 illi
1024 4882 1213 4937 saltem
1267 4883 1523 4937 Dominus
1575 4885 1719 4940 visus
1766 4893 1849 4941 est

240 4985 371 5025 esse
386 4971 411 5024 ?

323 5063 374 5115 7.
422 5075 443 5101 ε
477 5064 678 5119 Deinde
717 5063 914 5120 Christi
946 5080 1141 5120 nomen
1190 5065 1312 5134 quis
1355 5067 1404 5121 ei
1451 5066 1614 5132 dixit,
1647 5067 1730 5122 vel
1759 5067 1848 5123 ubi

237 5155 568 5222 somniavit,
600 5158 825 5212 duarum
857 5172 975 5213 esse
1022 5173 1216 5213 nomen
1247 5157 1658 5226 signiﬁcativum
1689 5170 1837 5214 natu-

1954 4717 2092 4772 erat,
2139 4717 2195 4762 et
2236 4707 2378 4762 Deus
2404 4715 2541 4772 erat,
2585 4707 2765 4762 subito
2797 4707 2990 4760 iterum
3032 4707 3202 4760 visum
3233 4711 3342 4769 est,
3371 4712 3431 4758 ut
3461 4703 3556 4759 Dei

1957 4800 2122 4853 Filius
2152 4816 2257 4853 non
2283 4799 2400 4853 sit?
2431 4797 2535 4853 Aut
2559 4797 2741 4852 Jesum
2771 4797 3062 4864 Christum,
3083 4797 3174 4865 qui
3203 4796 3559 4851 consubstan—

1957 4891 2101 4944 tialis
2127 4889 2234 4943 Deo
2258 4889 2402 4943 Patri
2425 4899 2526 4954 est,
2558 4897 2611 4942 ct
2638 4889 2780 4944 Deus
2808 4905 2967 4943 verus
2995 4889 3060 4942 de
3091 4888 3200 4942 Deo
3221 4902 3371 4952 vero,
3395 4895 3450 4940 et
3479 4887 3562 4939 lit--

1956 4998 2079 5037 men
2103 4981 2170 5036 de
2192 4981 2412 5045 lumine,
2445 4982 2585 5036 sicut
2615 4981 2662 5034 ei
2693 4981 2896 5049 optime
2926 4981 3222 5050 placuerat,
3252 4978 3437 5033 Patres
3465 4978 3558 5032 Ni-

1956 5075 2091 5130 (κυιιί
2132 5073 2405 5129 deﬁniisse
2431 5073 2664 5137 concilii,
2697 5072 2867 5127 Deum
2896 5089 3004 5126 non
3034 5087 3179 5137 esse,
3214 5078 3270 5125 ut
3311 5078 3474 5130 totus,
3508 5079 3564 5126 et

1961 5175 2160 5229 totum,
2199 5181 2338 5219 unus
2361 5174 2414 5219 et
2438 5163 2576 5219 idem
2600 5172 2655 5219 et
2685 5179 2848 5218 unum
2877 5164 3132 5234 quidquid
3159 5171 3258 5228 est,
3293 5170 3347 5217 et
3375 5161 3441 5218 de
3471 5161 3562 5216 illo

1396 5293 1944 5355 CASTIGATIONES
1987 5299 2076 5353 ΕΤ
2116 5297 2349 5354 NOTAE.

319 5436 346 5465 ι
386 5425 542 5481 Jesus
569 5424 816 5482 Christus
845 5427 1041 5482 dicitur
1065 5442 1095 5481 a
1126 5426 1428 5482 Mercatore
1462 5443 1597 5482 usus
1620 5444 1686 5482 ne
1718 5427 1850 5483 Tm-

242 5513 449 5568 tuurn
479 5515 492 5550 :
517 5512 638 5566 qua:
666 5498 934 5554 sententia
977 5498 1153 5552 varias
1202 5497 1254 5551 in
1301 5505 1484 5566 partes
1511 5499 1657 5568 ipsos
1686 5501 1850 5554 etiam

243 5567 551 5624 catholicos
572 5569 842 5632 distraxit,
870 5584 990 5624 cum
1013 5575 1369 5637 qumrerctur,
1389 5584 1458 5621 an
1485 5567 1619 5623 unus
1647 5569 1711 5623 de
1735 5569 1853 5623 Tri-

244 5641 420 5710 nitate
434 5656 624 5710 passus
647 5640 750 5694 dici
771 5639 991 5710 deberet.

325 5709 351 5746 δ
390 5707 499 5763 Ista
529 5711 796 5777 leguntur,
831 5719 941 5763 tum
974 5709 1025 5781 _i_n
1057 5709 1327 5781 excerptis
1354 5707 1537 5781 Cyrilli
1570 5709 1844 5781 (Excerpt.

251 5778 277 5832 1
302 5778 348 5853 ),
376 5786 491 5834 tum
520 5781 572 5834 in
595 5781 732 5836 libro
763 5781 936 5853 primo
963 5778 1469 5853 Contradictionum
1486 5780 1671 5852 Cyrilli
1693 5778 1844 5853 (Cap.

249 5817 381 5924 ni);
413 5859 539 5907 sunt
564 5860 743 5908 autem
763 5817 1053 5922 ‘desumpta
1076 5865 1140 5906 ex
1170 5817 1419 5908 sermone
1447 5851 1496 5904 ι.

2037 5440 2063 5501 ς
2087 5428 2166 5484 Ad
2197 5444 2428 5501 examen
2457 5438 2698 5495 revocat,
2722 5445 2841 5501 quae
2869 5438 2995 5484 sunt
3021 5431 3073 5484 in
3099 5431 3286 5485 ultimo
3315 5446 3568 5501 sermone

1963 5500 1982 5571 (
2011 5499 2174 5554 Num.
2200 5498 2265 5569 4)
2294 5517 2305 5572 ς
2342 5500 2487 5554 Ilinc
2516 5501 2658 5555 robis
2697 5498 2835 5572 sti-pe
2863 5502 3091 5572 diximus
3120 5502 3372 5572 quomodo
3412 5499 3566 5572 (ΣΙη-ἱτ

1961 5569 2076 5625 stus
2102 5571 2332 5643 nominis
2374 5580 2642 5642 utrmsque
2671 5573 2739 5625 sit
2771 5569 3436 5643 appellndasigniﬁcatira
3452 5610 3477 5643 _,
3510 5569 3564 5624 id

1959 5652 2060 5704 est,
2093 5641 2442 5695 humanitatis
2469 5652 2520 5695 et
2560 5640 2753 5696 divina:
2787 5640 3010 5696 natur-te.
3043 5640 3187 5694 Hinc
3215 5640 3259 5695 ri
3288 5642 3402 5711 quis
3427 5640 3567 5693 dicat

1962 5711 2227 5764 Christum
2278 5714 2635 5783 tantummodo
2664 5729 2935 5783 expresse,
2973 5713 3104 5764 sciat
3143 5714 3196 5763 in
3228 5713 3328 5764 ista
3359 5711 3570 5766 nomine

1939 5794 2230 5854 utramque
2251 5781 2542 5854 signiﬁcari
2569 5793 2617 5837 et
2639 5781 3030 5853 con‘nuncupari
3061 5791 3322 5835 naturam.
