3978 6188
211 242 319 299 929

1101 241 1419 300 NESTORII
1459 241 2041 301 BLAS-PIEEMIARUM
2079 238 2421 298 CAPITULA
2465 238 2581 294 XII.

3397 238 3506 297 930

213 365 420 436 πάτορσι
464 373 612 424 vem,
641 359 788 429 quod
836 359 924 414 hic
971 360 1343 416 insanissimus
1383 361 1532 427 dicit,
1563 361 1810 417 nesciens
1841 367 1882 426 Α
1915 358 2132 428 quando
2158 358 2336 422 Pater,
2360 357 2650 429 aliquando
2671 355 2857 425 Filius,
2884 371 3022 412 unus
3038 365 3198 427 atque
3229 357 3370 412 idem
3392 359 3508 429 ipse

208 452 342 520 quid
371 452 622 519 loquatur
666 452 952 528 υἱοπάτορα
984 448 1219 505 Praxeas
1247 452 1482 521 primus,
1519 451 1651 505 inde
1691 459 1812 520 post

211 557 324 595 non
351 541 580 595 multum
608 539 917 609 Montanus,
951 557 1074 596 cum
1103 558 1198 597 sua
1219 542 1402 598 Prisca
1445 553 1500 599 et
1519 541 1812 597 Maximilla

207 632 587 702 pronuntiant.
1449 683 1451 686 .

281 720 372 774 18.
408 731 433 758 ι
464 720 594 776 Post
622 722 736 777 haec
756 729 939 778 autem
973 722 1243 778 Sabellius
1267 732 1323 778 et
1343 723 1644 790 Marcellus,
1677 733 1814 779 tem-

208 826 346 881 pore
377 827 487 881 quo
516 812 865 882 impiissimus
903 813 1062 868 Arius
1089 815 1315 881 exstitit,
1363 816 1730 870 monarchiam
1753 831 1814 871 se

208 906 260 958 in
287 904 594 983 Divinitatis
614 905 912 960 substantia
935 907 1170 962 retinere
1192 908 1390 962 debere
1416 916 1684 978 putantes,
1718 923 1816 963 ne-

207 994 379 1048 fando
409 1010 594 1050 errore
633 995 863 1066 decepti,
889 997 1005 1052 ausi
1044 1005 1170 1052 sunt
1196 998 1363 1052 Deum
1393 997 1609 1053 Patrem
1638 999 1813 1068 ipsum

205 1087 312 1140 sibi
344 1086 558 1153 Filium,
591 1089 765 1157 ipsum
813 1089 914 1143 sibi
939 1105 1056 1144 esse
1087 1089 1322 1155 Patrem,
1356 1091 1532 1160 ipsum
1571 1091 1674 1146 sibi
1695 1106 1814 1146 esse

204 1177 470 1246 Spiritum
493 1187 756 1244 sanctum,
782 1180 954 1249 ipsum
987 1181 1344 1246 incarnatum,
1376 1197 1612 1252 passum,
1637 1181 1814 1237 cruci-

204 1268 398 1332 ﬁxum,
431 1269 604 1336 ipsum
632 1284 663 1322 a
684 1267 881 1323 Judteis
909 1270 1088 1324 omnia
1119 1272 1426 1341 pertulisse,
1453 1274 1814 1328 resurrexisse

203 1373 237 1410 a
261 1359 513 1424 mortuis,
544 1366 600 1414 et
625 1360 802 1414 omnia
824 1362 1117 1430 peregisse,
1150 1377 1270 1431 quae
1298 1378 1400 1418 nos
1421 1379 1519 1433 per
1538 1361 1814 1419 Christum

205 1451 262 1504 in
285 1466 522 1521 persona
569 1452 787 1522 propria
835 1453 970 1522 ejus,
1007 1469 1107 1523 pro
1133 1454 1354 1509 humani
1376 1455 1591 1526 generis
1614 1456 1811 1520 salute.

203 1549 454 1610 gestasse
482 1541 752 1596 credimus
780 1550 836 1597 et
863 1541 1201 1598 conﬁtemur.

281 1633 372 1687 i9.
405 1632 714 1688 Ditl‘erentia
739 1635 918 1704 itaque
941 1636 1081 1690 inter
1109 1635 1520 1692 Samosatenum
1544 1645 1597 1694 et
1627 1637 1814 1693 Photi-

1915 451 1985 505 sit
2013 450 2133 516 sibi,
2166 449 2326 503 etiam
2356 449 2605 518 Spiritus.

1986 540 2073 594 2i.
2121 550 2144 577 ε
2176 539 2456 594 Nestorius
2486 555 2618 595 sane
2645 555 2674 592 a
2707 537 2939 594 Photino
2971 546 3193 594 auctore
3231 555 3329 594 suo
3370 540 3421 594 in
3454 539 3508 594 id

1916 642 2125 687 tantum
2153 632 2427 697 dissentit,
2460 633 2605 701 quod
2652 647 2720 687 ex
2748 631 2964 700 Virgine
3015 631 3182 686 Maria
3227 630 3502 688 Christum

1916 724 2108 779 asserit
2135 733 2354 789 natum;
2386 723 2440 777 in
2467 723 2691 791 reliquis
2719 737 2851 778 vero
2881 723 3131 778 omnibus
3169 731 3316 778 totus
3344 724 3510 793 ipsius

1916 833 2152 886 sequax,
2177 816 2418 885 signifer,
2443 817 2828 885 antesignanus
2859 823 2972 881 est,
2998 824 3052 870 et
3083 816 3137 870 in
3169 815 3221 870 id
3251 818 3504 882 maxime,

1915 909 2060 980 quod
2089 926 2250 980 supra
2281 917 2640 964 memoratum
2669 916 2772 975 est,
2804 907 2901 962 Dei
2931 907 3166 964 Verbum
3193 909 3288 963 Dei
3311 907 3506 964 Filium

1916 1018 2024 1058 non
2052 1017 2189 1066 esse,
2222 1017 2322 1056 nec
2353 1000 2459 1055 dici
2479 1000 2696 1068 debere,
2740 1014 2841 1055 nec
2877 999 3067 1064 ullum,
3096 1001 3199 1054 nisi
3220 998 3402 1055 Jesum
3441 1017 3510 1054 ex

1917 1094 2084 1149 Maria
2115 1103 2319 1159 natum,
2353 1093 2546 1148 Filium
2569 1094 2664 1148 Dei
2689 1093 2993 1158 dicendum,
3017 1093 3108 1162 qui
3139 1095 3395 1163 templum
3420 1096 3510 1148 ha-

1915 1186 2136 1241 bitantis
2164 1186 2216 1240 in
2247 1200 2306 1240 se
2333 1185 2526 1250 factus,
2557 1200 2624 1239 ex
2652 1184 2879 1239 indivisa
2911 1183 3050 1238 inter
3070 1199 3129 1238 se
3149 1191 3205 1238 et
3228 1183 3387 1237 Verbi
3416 1184 3507 1238 Dei

1915 1279 2175 1332 societate
2204 1284 2258 1331 et
2279 1275 2660 1345 conjunctione
2681 1277 2786 1330 hoc
2813 1275 2918 1329 dici
2946 1276 3161 1341 meruit,
3196 1291 3302 1329 non
3328 1284 3509 1330 tamen

1919 1382 2040 1423 esse
2062 1375 2258 1421 natura
2288 1365 2482 1420 Filium
2503 1365 2620 1430 Dei,
2651 1374 2711 1420 ut
2737 1366 2828 1435 qui
2859 1381 2924 1420 ex
2952 1367 3053 1422 hac
3083 1368 3280 1422 unione
3304 1371 3509 1424 Divini-

1918 1463 2046 1517 tatis
2072 1459 2350 1531 privilegia
2377 1467 2700 1516 consecutus
2720 1460 2807 1526 sit,
2835 1475 2942 1515 non
2959 1475 3023 1515 ea
3045 1461 3250 1517 habens
3278 1472 3467 1518 natura
3491 1504 3507 1530 ,

1917 1551 2011 1607 sed
2040 1550 2230 1618 gratia.

1987 1642 2078 1697 2'2.
2119 1641 2275 1709 Quod
2305 1641 2421 1711 ejus
2449 1642 2739 1712 impietatis
2762 1657 2931 1712 genus
2953 1659 3060 1698 non
3091 1645 3179 1699 hic
3206 1645 3259 1699 in
3293 1645 3397 1700 isto
3419 1661 3509 1701 ca-

203 1742 360 1791 num,
393 1725 498 1780 ista
517 1726 630 1780 sola
653 1735 754 1792 est,
773 1742 877 1796 qua
896 1727 1095 1782 Paulus
1116 1727 1350 1783 Verbum
1374 1729 1468 1784 Dei
1491 1733 1813 1818 ﬁpotpoptzov,
1852 1753 1895 1812 Β
1921 1735 2113 1806 pitulo,
2153 1733 2250 1789 sed
2273 1734 2326 1788 in
2356 1733 2474 1788 aliis
2497 1734 2729 1807 scriptis,
2764 1734 2816 1787 in
2838 1734 2943 1788 isto
2983 1742 3161 1789 tamen
3202 1736 3386 1809 codice
3427 1737 3510 1790 in-
3566 1803 3568 1805 _

201 1821 290 1872 καὶ
311 1820 586 1895 πρακτικὸν
598 1819 736 1892 λόγον
759 1823 839 1875 καὶ
859 1822 1183 1894 ἐνεργητικὸν,
1212 1820 1262 1874 id
1277 1830 1378 1887 est,
1405 1823 1741 1892 prolativum
1758 1831 1813 1877 et

203 1909 500 1977 potestatis
537 1908 841 1965 ell'ectivum
877 1910 1112 1966 Verbum
1147 1914 1343 1976 sensit,
1378 1929 1484 1967 non
1510 1914 1810 1970 substanti-

200 2017 355 2064 vum,
387 2001 529 2069 quod
551 2000 720 2058 (ἓνωεί
751 2004 1013 2072 οὐσιῶδες,
1049 2005 1250 2060 dicunt.
1279 2006 1304 2044 ι)
1333 2005 1598 2061 Photinus
1630 2015 1810 2062 autem

201 2093 442 2148 Nestor-ii
493 2094 746 2162 magister
774 2095 1010 2150 Verbum
1051 2098 1267 2166 quidem
1319 2097 1422 2152 hoc
1455 2097 1550 2151 Dei
1593 2113 1713 2153 esse
1755 2099 1809 2154 in

201 2187 508 2241 substantia
539 2196 718 2256 negat,
770 2188 864 2243 sed
893 2203 1014 2244 esse
1060 2190 1114 2244 id
1162 2189 1259 2245 Dei
1288 2189 1480 2244 Filium
1525 2206 1633 2244 non
1663 2191 1807 2255 vult;

201 2277 484 2332 habitasse
508 2292 634 2332 vero
656 2279 1017 2348 peculiariter,
1035 2280 1120 2334 vel
1142 2279 1430 2334 adhaesisse
1451 2279 1663 2334 Christo
1683 2279 1809 2335 Jesu

202 2369 276 2421 de
307 2365 509 2436 Joseph
539 2374 593 2422 et
620 2368 784 2422 Maria
837 2378 985 2435 nato,
1036 2386 1138 2424 nec
1185 2370 1477 2440 quidquam
1519 2372 1662 2426 hunc
1689 2373 1809 2441 plus

199 2459 377 2514 fuisse
399 2475 558 2528 quam
587 2459 879 2527 hominem,
897 2478 1020 2516 cum
1042 2462 1317 2532 impietate
1337 2463 1548 2526 delirat,
1572 2465 1662 2533 qui
1692 2480 1809 2519 om-

202 2567 306 2606 nes
334 2551 557 2605 omnino
587 2552 831 2606 homines
859 2553 978 2607 vita:
1009 2553 1200 2607 merito
1232 2554 1588 2608 antevenerit.

273 2641 366 2694 20.
401 2639 690 2696 Photinum
721 2641 962 2696 Romana
993 2642 1253 2708 Ecclesia,
1287 2652 1342 2698 et
1371 2646 1660 2715 participes
1701 2646 1801 2700 hu-

191 2732 436 2802 jusmodi
465 2733 746 2803 pravitatis
777 2745 799 2772 ο
822 2733 1268 2791 Homuncionitas
1298 2736 1579 2790 nominat:
1613 2737 1802 2793 Sabel-

197 2827 382 2881 lianos
399 2843 530 2882 vero
558 2843 678 2882 cum
706 2828 1098 2897 antiquioribus
1125 2831 1388 2886 similibus
1414 2847 1622 2899 eorum,
1655 2831 1681 2871 δ
1701 2832 1805 2889 Pa-

197 2917 557 2986 tripassianos
584 2919 848 2988 appellat;
880 2921 1026 2989 quia,
1070 2928 1128 2975 ut
1151 2921 1352 2978 dictum
1372 2930 1472 2990 est,
1497 2923 1673 2994 ipsum
1703 2923 1806 2980 Pa-

194 3017 347 3062 trem
381 3009 554 3078 ipsum
583 3009 775 3064 Filium
800 3010 1042 3066 sentiunt
1078 3013 1296 3068 nomine
1326 3013 1558 3081 unionis,
1587 3015 1680 3084 qui
1710 3016 1810 3070 ali-

1915 1827 2090 1892 sertis,
2124 1833 2178 1881 et
2207 1825 2525 1882 tractatibus
2548 1827 2854 1881 continetur
2881 1834 2935 1881 et
2955 1827 3166 1897 legitur.
3194 1825 3262 1882 Et
3283 1828 3404 1883 inde
3425 1839 3511 1884 est

1913 1921 2058 1990 quod
2083 1920 2412 1982 catholicus,
2444 1920 2536 1988 qui
2566 1919 2726 1986 legit,
2758 1927 2948 1974 cautus
2976 1934 3096 1974 esse
3124 1920 3283 1975 debet
3315 1921 3380 1976 de
3409 1938 3505 1975 va-

1913 2014 2106 2068 rietate
2129 2019 2184 2066 et
2213 2011 2606 2076 inconstantia,
2635 2024 2796 2079 quam
2837 2019 3014 2064 utrum
3045 2012 3242 2066 astutia
3261 2053 3275 2076 ,
3316 2027 3383 2066 an
3413 2028 3506 2068 ve-

1912 2103 2095 2159 cordia
2125 2101 2192 2156 ad
2221 2100 2563 2156 alliciendum
2592 2101 2892 2156 auditorem
2921 2102 3148 2170 habeat,
3184 2119 3292 2158 non
3319 2113 3399 2159 est
3427 2104 3507 2159 fa-

1912 2195 2017 2250 cile
2044 2210 2204 2250 nosse
2230 2212 2242 2246 :
2275 2194 2466 2263 quovis
2491 2201 2668 2248 tamen
2690 2201 2849 2264 pacto
2865 2234 2882 2258 ,
2906 2203 3122 2249 constat
3143 2211 3266 2250 eum
3299 2195 3504 2253 varium

1914 2301 2066 2352 esse,
2114 2285 2324 2354 sibique
2352 2283 2703 2340 contrarium.
2739 2284 2869 2350 Quis
2897 2292 3078 2339 autem
3106 2301 3214 2341 non
3243 2299 3503 2356 agnoscat

1911 2379 2218 2449 hujusmodi
2245 2379 2538 2445 hominem,
2573 2384 2666 2432 aut
2689 2387 2964 2448 tamquam
2987 2387 3222 2434 astutum
3252 2389 3502 2450 captato--

1909 2484 2026 2525 rem
2047 2485 2167 2524 esse
2192 2469 2537 2538 fugiendum;
2569 2475 2662 2523 aut
2690 2478 2961 2539 tamquam
2984 2471 3290 2538 excordem,
3317 2480 3505 2542 utpote

1907 2560 2010 2616 sibi
2029 2561 2420 2625 adversantem,
2439 2567 2495 2615 et
2508 2575 2573 2614 ex
2596 2561 2858 2616 varietate
2869 2561 3170 2630 confusum,
3183 2563 3331 2618 nullo
3343 2565 3504 2620 modo

1903 2667 2026 2708 esse
2054 2653 2427 2723 sequendum?

1978 2742 2070 2799 23.
2101 2743 2158 2798 In
2181 2745 2284 2800 illis
2303 2761 2434 2802 sane
2461 2746 2746 2802 duodecim
2765 2745 3035 2816 capitulis,
3059 2747 3253 2816 quibus
3274 2748 3343 2802 ad
3357 2748 3500 2804 hunc

1910 2835 2084 2907 ipsum
2105 2833 2412 2890 Nestorium
2439 2843 2656 2891 sanctus
2683 2836 2968 2906 episcopus
2987 2833 3217 2908 Cyrillus
3236 2838 3497 2901 scribens,

1910 2934 2115 2984 rectam
2141 2933 2198 2980 et
2223 2941 2412 2980 sanam
2441 2926 2690 2996 exposuit
2721 2925 2879 2980 tidem
2898 2966 2913 2993 ,
2948 2933 3004 2980 et
3048 2925 3138 2981 hic
3165 2941 3196 2980 a
3226 2928 3502 2984 contrario

1913 3016 2138 3086 singulis
2164 3017 2244 3072 eis
2279 3016 2687 3088 respondendo,
2736 3016 3215 3072 contradicendum
3255 3018 3498 3088 putavit,

1344 3165 1890 3225 CASTICATIONES
1931 3169 2018 3225 ET
2055 3167 2282 3226 NOT/E.

188 3299 726 3379 contra_Praseam,
766 3313 928 3379 quem
975 3298 1190 3379 scripsit
1226 3299 1465 3379 Montani
1521 3303 1795 3379 erroribus
1822 3306 1868 3370 (ζ
1900 3319 2020 3379 esse
2053 3305 2524 3379 gAvcrumAquiade
2546 3303 2763 3379 Photini
2793 3320 2977 3379 errore
2998 3305 3176 3379 futura
3205 3315 3289 3379 est
3308 3307 3498 3379 copio-

187 3375 310 3444 jam
342 3372 573 3427 infectus
600 3391 610 3422 :
646 3385 806 3444 porro
828 3378 1017 3444 autem_
1036 3371 1180 3444 quod
1210 3372 1285 3424 ait
1325 3370 1609 3444 Mercator,
1643 3374 1792 3428 Mon-

195 3440 388 3518 tanum
415 3456 629 3512 quoque
654 3441 941 3518 υἱοτςᾴτςορα
968 3440 1201 3518 dixisse,
1221 3442 1482 3518 atque-ita
1502 3443 1791 3518 adhaesisse

192 3510 446 3575 Praxetc,
473 3519 733 3581 repugnat
753 3510 1585 3581 EpiphaniowscribentijAdvers.
1607 3514 1790 3568 lim-es.

189 3587 238 3639 ι.
277 3601 333 3646 ll,
379 3584 507 3636 liter.
539 3579 621 3634 ‘48
644 3582 683 3651 ),
707 3579 898 3634 eadem
944 3580 1013 3634 de
1054 3579 1215 3652 Patre
1243 3589 1298 3634 et
1326 3579 1462 3652 Filio
1492 3591 1568 3652 et
1590 3582 1794 3652 Spiritu

191 3661 394 3709 sancto
420 3652 730 3722 Montanum
756 3667 877 3722 cum
893 3651 1173 3722 catholicis
1197 3651 1446 3722 sensisse.
1471 3651 1540 3704 At
1558 3651 1795 3722 Epipha-

195 3726 293 3780 nio
323 3723 576 3777 Socrates
604 3721 835 3786 obsistit,
862 3719 1172 3775 Montanum
1205 3720 1439 3774 Sabellio
1463 3719 1753 3777 accensens
1775 3765 1789 3790 ,

187 3798 372 3850 immo
395 3791 969 3864 veteresiproducens,
1002 3793 1102 3864 qui
1123 3793 1194 3846 ita
1223 3792 1503 3864 sentirent.
1535 3793 1668 3845 Cum
1691 3807 1796 3864 ires

193 3868 276 3919 sit
302 3864 466 3934 paulo
507 3862 847 3934 implicatior,
880 3862 1245 3931 longiorisqne
1273 3863 1402 3928 otii,
1435 3862 1489 3916 id
1518 3863 1796 3920 monuisse

191 3931 372 4000 volui,
403 3948 471 3986 ne
490 3931 611 4001 quis
635 3931 989 3986 Mercatorcm
1012 3941 1280 4001 argueret.

277 4015 302 4042 ε
346 4003 667 4057 Monarchiae
692 4002 1020 4056 mentionem
1050 4003 1195 4065 facit,
1227 4001 1378 4071 cujus
1406 4017 1529 4057 cum
1555 4003 1796 4059 retinen-

191 4077 284 4130 dae
312 4075 492 4128 studio
531 4073 798 4128 Sabellius
827 4079 881 4125 et
910 4071 1193 4127 Marcellus
1241 4081 1572 4139 tenerentur,
1610 4089 1797 4130 errore

183 4147 417 4215 decepti
439 4151 582 4198 sunt.
615 4141 732 4208 Qua
758 4142 1063 4208 occasione,
1097 4143 1512 4206 observandum,
1545 4154 1599 4200 et
1621 4144 1793 4200 luere-

189 4219 342 4288 tieos
369 4224 424 4288 et
440 4215 736 4288 catholicos
762 4216 1054 4288 μοναρχίας
1077 4229 1273 4268 nomen
1310 4229 1596 4288 usurpasse
1617 4256 1632 4280 ,
1671 4231 1794 4288 eum

189 4290 268 4342 de
297 4285 564 4340 Trinitate
593 4284 833 4352 agerent,
865 4284 958 4337 sed
985 4285 1091 4337 alio
1118 4299 1279 4338 sensu
1320 4284 1455 4339 alios
1487 4303 1500 4337 :
1534 4301 1656 4338 nam
1687 4286 1796 4339 hrc-

190 4358 360 4414 retici
391 4355 714 4413 monarchite
743 4368 874 4408 voce
896 4353 1200 4418 utebantur,
1227 4362 1286 4408 ut
1314 4355 1510 4422 partim
1539 4355 1795 4409 unitatem

191 4441 558 4498 personarum
568 4468 592 4498 _,
617 4423 838 4498 partim
856 4494 868 4498 _
885 4423 1493 4498 consubstantialitatem
1514 4496 1524 4498 _
1543 4425 1796 4498 exclude-

193 4494 358 4562 rent;
383 4495 652 4559 catholici,
687 4502 796 4569 uta
819 4494 1123 4569 pluralitate
1146 4495 1372 4569 deorum
1408 4495 1794 4569 lideles‘abdu—

192 4575 423 4629 cerent,
456 4573 511 4620 et
544 4579 710 4619 unum
753 4562 828 4618 in
851 4562 1114 4634 Triiiitate
1153 4566 1478 4633 ingenitum,
1528 4566 1622 4634 qui
1653 4562 1797 4621 ééset

192 4643 352 4715 σξρχή
379 4646 470 4697 τῆς
499 4636 763 4702 erit-mor,
796 4641 855 4689 ut
880 4633 1067 4690 Patres
1090 4634 1263 4690 Graeci
1280 4633 1594 4705 loquuntur,
1613 4644 1797 4692 osten-

196 4713 419 4764 tierent.

278 4780 306 4817 ι»
349 4777 539 4831 Mirum
562 4775 708 4847 quod
735 4775 818 4831 hic
856 4775 1050 4847 dicitur
1073 4776 1139 4830 de
1168 4775 1383 4830 Photini
1415 4775 1715 4832 differentia
1764 4793 1795 4831 a

188 4846 596 4912 Samosateno,
652 4847 802 4916 quasi
845 4847 933 4900 ille
984 4846 1216 4902 Verbum
1272 4847 1366 4900 Dei
1405 4848 1796 4903 substantivum

194 4920 510 4989 agnoverit,
541 4919 640 4972 iste
684 4917 1015 4989 prolatitium
1063 4918 1382 4989 dumtaxat,
1434 4926 1489 4972 et
1529 4920 1798 4984 energeti-

194 4987 365 5055 cum;
398 4988 442 5043 si
465 4990 609 5043 enim
639 4989 711 5042 ita
740 5002 798 5041 se
819 5003 905 5041 res
935 4988 1116 5052 habet,
1141 4987 1413 5057 quomodo
1454 5004 1560 5041 non
1587 4989 1798 5042 videtur

195 5061 477 5116 Mercator
495 5059 596 5113 sibi
643 5060 758 5128 ipse
789 5073 1046 5128 pugnare,
1070 5073 1192 5113 cum
1221 5057 1274 5110 in
1304 5058 1526 5128 epistola
1571 5058 1796 5128 de_dis-

192 5130 436 5185 crimine
502 5130 640 5184 inter
666 5125 924 5182 'htcresiin
967 5127 1198 5182 Nestorii
1253 5137 1309 5182 et
1337 5125 1606 5195 dogmata
1650 5125 1799 5182 Pauli

195 5202 571 5264 Samosateni,
612 5199 861 5260 Ebionis,
913 5197 1149 5253 Marcelli
1179 5205 1233 5253 et
1275 5198 1510 5260 Photini,
1545 5198 1657 5252 hmc
1698 5199 1796 5251 ha-

197 5273 339 5342 beat
371 5289 383 5323 :
423 5270 487 5323 In
529 5287 587 5323 eo
609 5268 744 5342 quod
770 5267 1110 5342 substantiale
1137 5268 1235 5322 Dei
1277 5267 1508 5342 ferbuit:
1527 5269 1800 5338 conﬁtetur

201 5346 223 5413 (
254 5339 537 5395 Nestorius
563 5345 577 5405 )
600 5337 652 5413 et
676 5357 788 5394 esse
814 5339 878 5393 ab
897 5349 1104 5413 veterno
1137 5356 1250 5392 cum
1263 5337 1442 5413 _Pa_tre
1466 5337 1632 5392 Deum
1661 5356 1801 5413 asse-

198 5408 298 5475 rit,
327 5427 361 5464 α
388 5412 683 5465 memoratis
713 5420 846 5463 recte
873 5408 1129 5471 dissentit,
1149 5418 1219 5480 vet
1243 5410 1365 5479 ﬁdei
1396 5418 1550 5480 rectm
1574 5411 1799 5480 conjun-

198 5482 391 5552 [δίκαγῖ
411 5480 546 5552 Quid
566 5481 710 5552 quod
731 5480 1122 5552 eruditissimus
1144 5478 1391 5552 Petavius
1411 5478 1806 5552 epriplianio

202 5547 379 5606 refert
410 5547 601 5676 “rem:
629 5549 696 5608 IV
738 5549 926 5622 Dogm.
970 5549 1006 5602 ι.
1041 5566 1076 5612 ι,
1109 5566 1155 5602 c.
1189 5549 1285 5620 5),
1333 5547 1622 5604 Photinum
1651 5551 1800 5605 atlir-

205 5637 391 5676 masse
466 5622 655 5676 erbum
677 5663 692 5676 .
724 5623 868 5676 quod
893 5620 1114 5676 Derinde
1143 5635 1206 5674 ac
1254 5628 1498 5675 nostrum
1528 5621 1800 5676 hvnostasi

205 5637 391 5677 masse
419 5620 655 5692 Verbum
677 5663 692 5687 ,
724 5620 868 5690 quod
893 5620 1114 5690 perinde
1143 5635 1206 5674 ac
1254 5628 1498 5675 nostrum
1528 5621 1802 5692 hypostasi

204 5701 443 5760 careret,
493 5709 523 5749 a
567 5691 678 5749 Deo
716 5691 1062 5764 processisse,
1109 5700 1164 5746 et
1209 5692 1262 5746 in
1291 5707 1510 5747 carnem
1538 5691 1803 5747 mutatum

1899 3375 2010 3430 sior
2036 3375 2090 3429 di
2120 3375 2332 3444 putatio
2357 3374 2612 3447 (Dissert.
2640 3375 2723 3498 Ὗ,
2758 3376 2847 3430 ubi
2876 3392 2999 3430 cum
3017 3378 3335 3433 Nestoriano
3364 3374 3497 3434 éon-

1899 3443 2120 3498 feretur.
2155 3453 2208 3498 et
2238 3444 2550 3498 Mercator-is
2581 3445 2647 3498 de
2702 3446 2911 3498 ’hotino
2953 3447 3218 3498 sententia
3248 3458 3491 3498 veterum

1896 3443 2136 3508 teretur,
2155 3453 2208 3499 et
2238 3443 2550 3501 Mercatoris
2581 3445 2647 3500 de
2678 3443 2911 3500 l’hotino
2953 3447 3218 3502 sententia
3248 3458 3491 3504 veterum

1900 3515 2226 3590 testimoniis
2250 3514 2613 3590 adiuvabitur,
2639 3517 2743 3570 hoc
2768 3516 2964 3573 inloco
2984 3520 3335 3590 quaestionem
3359 3520 3496 3576 indi-

1897 3600 2050 3640 casse
2091 3585 2342 3640 sulticiat.

1975 3666 1996 3694 ο
2021 3655 2238 3728 Memini
2277 3671 2376 3728 me
2403 3656 2581 3722 legere
2610 3656 2751 3726 apud
2782 3656 3141 3728 Augustinum
3193 3661 3212 3728 (
3228 3659 3371 3714 Tom.
3417 3657 3492 3726 X,

1899 3726 2036 3796 frag.
2070 3723 3217 3802 26)3_ppellatos-eoAnomiue'haareticos,
3260 3731 3345 3802 qui
3390 3723 3494 3802 nati

1898 3793 2438 3867 noueruntCliristnm
2466 3796 2587 3867 nisi
2604 3795 2881 3867 hominem.
2932 3796 3061 3867 Legi
3107 3793 3322 3867 queque
3351 3800 3496 3867 apud

1897 3873 2175 3937 auctorem
2220 3863 2596 3937 Prtedestinati
2641 3863 2884 3937 (Haeresi
2936 3863 3042 3937 76)
3090 3863 3335 3922 hieresim
3381 3863 3496 3923 Ho-

1898 3934 2374 4006 muncionitarum,
2418 3933 2512 4006 sed
2550 3935 2618 3988 ah
2653 3933 2765 3988 ista
2805 3949 2983 4006 quam
3015 3933 3280 3992 memorat
3309 3939 3494 4006 Augu-

1899 4006 2070 4059 stinus
2088 4004 2388 4070 diversam;
2423 4005 2523 4059 fuit
2551 4007 2695 4061 enim
2723 4005 3079 4074 quorumdam
3117 4004 3415 4062 dicentium
3440 4009 3494 4064 in

1897 4090 2128 4146 corpore
2161 4075 2394 4130 hominis
2435 4091 2554 4131 esse
2586 4076 2871 4144 imaginem
2915 4074 3043 4138 Dei,
3079 4092 3184 4130 non
3215 4077 3268 4131 in
3291 4079 3490 4133 anima.

1899 4145 2098 4199 Verum
2120 4147 2260 4200 hanc
2284 4147 2532 4201 hmresim
2560 4147 2676 4201 sine
2700 4146 2917 4200 nomine
2942 4147 3298 4201 sectariorum
3331 4148 3496 4202 refert

1899 4214 2215 4270 Philastrius
2240 4232 2361 4286 cap.
2392 4217 2479 4282 49,
2519 4226 2574 4272 et
2601 4233 2667 4272 ex
2704 4215 2986 4270 Philaslrio
3026 4218 3355 4284 Augustinus
3383 4218 3494 4271 hae-

1899 4287 2005 4342 resi
2033 4287 2118 4340 76.
2155 4285 2542 4356 Unde’oportet
2572 4288 2624 4340 in
2655 4287 2884 4340 indicem
2913 4287 3174 4341 hmresum
3207 4288 3490 4356 Augustini

1899 4356 2177 4427 irrepsisse
2204 4371 2395 4412 vocem
2425 4358 2564 4410 hanc
2590 4356 2845 4427 Melitonii
2870 4357 3121 4427 omnibus
3141 4358 3490 4427 incognitam.

1899 4425 2057 4498 Hanc,
2078 4427 2323 4498 hzeresim
2343 4427 2438 4498 de
2461 4427 2694 4494 imagine
2724 4426 2819 4480 Dei
2850 4427 3036 4498 tribuit
3078 4425 3333 4484 Audiatiis
3362 4427 3493 4498 Epi-

1937 4497 2132 4551 hanius
2163 4497 2354 4550 lateresi
2386 4496 2468 4561 70,
2501 4498 2588 4551 cui
2615 4497 2885 4551 consentit
2913 4507 3102 4554 auctor
3121 4496 3496 4555 Pnedestinati

1937 4567 2088 4620 :eresi
2119 4563 2205 4632 50,
2257 4575 2419 4635 atque
2460 4567 2622 4620 etiam
2668 4566 2996 4636 Augustinus
3040 4570 3232 4626 hzeresi
3270 4570 3355 4637 50,
3403 4571 3494 4625 ubi

1901 4637 2127 4707 Vadiani
2159 4649 2422 4707 vocantur
2450 4652 2546 4707 per
2574 4653 2812 4693 errorem
2844 4640 3204 4694 librariorum.

1822 4695 1877 4754 D
1905 4777 1911 4779 _
1969 4706 1997 4744 ά
2036 4707 2173 4762 Sunt
2201 4708 2294 4776 qui
2331 4695 2624 4779 Sabelliu‘m
2657 4717 2850 4779 negent
2883 4710 3113 4764 sensisse
3140 4709 3285 4779 quod
3333 4709 3495 4764 Pater

1901 4777 2017 4848 ipse
2057 4793 2248 4851 passus
2269 4779 2376 4851 _sit._
2399 4777 2530 4851 Vide
2563 4777 2936 4851 Epiphaniam
2952 4779 3005 4833 in
3051 4777 3494 4851 Anacepbalteosi

1901 4847 2122 4903 secundi
2148 4849 2282 4903 libri
2313 4848 2381 4902 ad
2425 4847 2670 4902 heresim
2718 4848 2802 4901 50.
2836 4847 2942 4903 Sed
2977 4847 3276 4905 audiendus
3323 4851 3495 4918 magis

1904 4918 2245 4984 Athanasius,
2275 4918 2426 4988 cujus
2451 4918 2720 4988 hancisunt
2747 4921 2910 4972 verba
2942 4918 3192 4974 Marianis
3213 4935 3449 4975 consona
3499 4943 3508 4975 :

1906 4989 2057 5061 Tales
2087 4999 2232 5061 sunt,
2264 4987 2355 5061 qui
2370 4987 2518 5061 apud
2553 4987 2815 5061 Roinanos
2836 4989 3042 5061 quidem
3082 4989 3491 5061 Patripassiani,

1903 5060 2051 5131 apud
2067 5077 2166 5131 nos
2198 5057 2486 5131 Sal—belliani
2516 5057 2860 5131 nominantur
2887 5057 3042 5131 (Lib.
3062 5059 3132 5131 _de
3161 5057 3404 5131 Synod.)

1980 5141 2002 5167 θ
2035 5129 2226 5183 Mirum
2268 5129 2411 5183 istud
2439 5143 2682 5198 quoque,
2716 5127 3018 5184 Nestorium
3058 5127 3280 5184 inter'et
3308 5127 3497 5186 Photi-

1901 5216 2029 5254 num
2063 5201 2275 5254 unicum
2305 5197 2596 5270 discrimen
2622 5198 2976 5270 intercedere,
3003 5200 3145 5270 quod
3174 5199 3264 5257 ille
3294 5217 3362 5257 ex
3378 5201 3498 5256 Vir-

1903 5270 2047 5339 gine,
2074 5275 2172 5324 iste
2202 5284 2266 5324 ex
2288 5267 2539 5336 conjugio
2560 5267 2829 5324 Christum
2852 5267 3056 5324 diceret
3077 5280 3290 5337 natum;
3323 5274 3497 5328 socie-

1905 5349 2069 5395 tatem
2101 5355 2230 5394 vero
2259 5339 2617 5409 pnecipuam,
2643 5340 2785 5408 quod
2817 5348 3045 5408 uterque
3076 5350 3331 5409 negaret,
3365 5341 3501 5396 Ver-

1904 5410 2032 5464 bum
2060 5411 2156 5464 Dei
2205 5408 2364 5479 posse
2413 5408 2517 5464 dici
2559 5408 2750 5464 Filium
2792 5419 2916 5465 ante
2957 5408 3412 5476 incarnationem;
3447 5412 3501 5465 id

1907 5482 2050 5535 enim
2079 5481 2358 5535 Nestorius
2378 5480 2620 5549 pluribus
2643 5479 2772 5534 locis
2794 5480 3009 5535 videtur
3031 5494 3244 5549 negare.
3277 5481 3382 5536 Sed
3417 5481 3496 5535 (ὶίφ

1907 5551 2157 5620 ligentius
2185 5551 2237 5604 iu
2260 5550 2638 5605 dissertatione
2665 5549 2731 5606 de
2765 5549 2967 5606 [heresi
2994 5549 3312 5608 Nestoriana
3327 5558 3499 5607 totum

1909 5621 2051 5677 istud
2080 5620 2496 5678 examinandum
2535 5629 2635 5675 est.
