3978 6188
545 246 649 305 931

1058 240 1248 297 MAR"
1290 232 1733 296 MERCATORiS
1771 232 2345 293 TRANSLATiUNES
2390 230 2761 293 VARiOﬂUM
2798 230 3314 292 OPUSCULORUM.
3660 239 3738 299 93';

544 357 840 419 secundum
871 355 988 426 ejus
1016 353 1461 411 contradictionis
1503 352 1798 421 capitulum
1840 356 2143 403 retractan-
2174 352 2216 407 Α
2247 355 2384 411 erat,
2418 363 2482 402 ac
2510 349 2565 402 in
2594 349 2789 403 malum
2819 348 3147 403 sublevanda
3170 364 3287 403 cum
3314 348 3438 419 ipso,
3463 352 3736 426 etiusepsn.

543 452 673 507 dum
715 457 815 504 est.
866 447 943 502 lbi
991 460 1223 513 namque
1252 444 1324 497 ita
1354 444 1470 496 ait:
1506 442 1565 497 Si
1605 444 1719 514 quis
1753 459 1809 496 ιη
1863 439 2018 494 Verbi
2051 438 2151 492 Dei

545 545 927 615 conjunctione,
960 556 1073 613 qua:
1095 539 1164 593 ad
1192 554 1401 591 carnem
1427 538 1570 606 facta
1596 544 1706 598 est,
1741 536 1804 589 de
1832 534 1943 587 loco
1976 534 2033 586 in
2067 532 2148 586 lo-

545 651 661 688 cum
702 632 1180 693 commutationem,
1225 631 1329 682 sive
1368 628 1753 681 conversionem
1798 626 1988 680 divina:
2029 624 2151 678 sult-

545 728 754 781 stantia’
806 726 995 779 dixerit
1045 740 1156 777 esse
1188 725 1411 793 factam,
1444 723 1656 791 ejusque
1695 721 1891 774 divina:
1939 729 2151 773 natura:

545 835 754 873 carnem
784 834 1025 888 capacem
1072 816 1279 877 dixerit,
1316 824 1404 868 aut
1434 815 1733 884 partialiter
1761 815 1963 867 unitum
1997 812 2154 867 Diri-

544 908 965 970 nitatcmcarni;
997 916 1086 958 aut
1128 907 1312 959 iterum
1360 905 1414 957 in
1462 905 1723 974 inﬁnitum
1754 903 2155 956 incircumscri-

545 1010 687 1070 ptam
723 1017 838 1052 cum
868 999 1043 1051 divina
1086 1006 1275 1049 natura
1316 996 1665 1050 contenderit
1693 1011 1903 1048 carnem
1950 994 2019 1046 ad
2056 1010 2153 1046 ca-

546 1092 790 1163 piendum
822 1090 1013 1154 Deum,
1046 1090 1377 1159 eamdemque
1418 1089 1585 1158 ipsum
1616 1096 1805 1139 natura
1825 1126 1838 1151 ,
1884 1095 1933 1140 et
1980 1084 2149 1138 Deum

547 1186 690 1240 dicat
717 1196 764 1237 et
794 1186 1051 1237 hominen:
1076 1200 1093 1245 ;
1140 1183 1415 1235 (ιιιαεΙισηια
1446 1182 1534 1235 sit.
1568 1178 1737 1246 Quasi
1769 1180 2051 1247 quisquam
2080 1177 2153 1231 si-

552 1277 696 1331 milis
724 1278 771 1331 ei
802 1275 1020 1329 insanus
1042 1274 1186 1343 ipsos
1208 1273 1397 1327 saltem
1418 1272 1641 1341 angelos
1662 1288 1767 1325 non
1793 1270 2012 1339 cogitet,
2037 1268 2149 1337 qui,

552 1369 691 1425 sicut
717 1367 974 1438 scriptum
1004 1373 1113 1431 est,
1166 1364 1317 1433 igniti
1372 1374 1498 1419 sunt
1527 1363 1774 1433 spiritus;
1829 1362 2029 1417 dictum
2072 1366 2153 1414 est

550 1461 699 1515 enim
731 1461 797 1515 de
826 1461 904 1514 eis
934 1478 945 1512 :
981 1456 1081 1522 Qui
1114 1459 1238 1529 facit
1270 1457 1484 1527 angelos
1532 1472 1654 1509 suos
1683 1454 1917 1525 spiritus,
1948 1463 1996 1507 et
2040 1454 2152 1507 mi-

551 1553 741 1605 nistros
764 1567 883 1604 suos
912 1551 1176 1617 ﬂammant
1207 1558 1435 1601 urentem
1466 1546 1801 1617 (I’salscnt,
1837 1544 1914 1614 ti).

622 1642 711 1694 2i.
758 1651 781 1679 τι
815 1642 1049 1709 Angelos
1089 1654 1218 1708 ergo
1243 1680 1256 1702 ,
1306 1654 1444 1707 quos
1486 1637 1794 1705 frequenter
1830 1645 1881 1691 et
1924 1635 2155 1690 diversis

2256 440 2378 493 bilis
2406 439 2458 493 in
2489 439 2598 493 vita
2626 448 2827 494 aeterna
2856 455 3123 505 mansum,
3146 448 3326 505 totam,
3346 440 3553 511 inquam,
3572 461 3739 517 operte.

2254 531 2348 585 bat
2377 530 2444 585 ab
2473 545 2539 585 eo
2562 530 2853 585 humanam
2878 532 3075 599 gestari
3097 538 3347 586 naturam.
3376 532 3487 588 Πειξο
3511 546 3655 592 autem
3669 555 3742 594 an.

2256 624 2499 691 gelorum
2529 638 2629 693 pro
2658 629 2903 693 tempore
2931 624 3222 693 corporalis
3247 625 3531 693 assumptio,
3557 628 3611 681 ad
3631 631 3744 684 exhi-

2254 714 2488 769 bendum
2541 713 2777 769 oliicium
2824 712 3076 768 divinitus
3124 714 3453 783 imperatum,
3480 730 3743 787 quocumque

2257 806 2420 860 modo
2432 806 2500 860 de
2513 805 2725 860 duobus
2736 802 2876 860 facta
2894 804 3073 870 fuerit,
3093 805 3142 859 id
3154 814 3237 860 est
3250 847 3264 871 ,
3287 813 3450 860 utrum
3475 807 3679 875 animata,
3695 827 3744 867 an

2256 897 2373 951 sine
2403 897 2597 951 animis
2619 912 2851 967 corpora
2880 897 3131 953 habuisse
3158 898 3407 965 dicantur,
3433 900 3482 953 in
3508 902 3630 955 nullo
3652 901 3746 959 ﬁdes

2256 991 2520 1045 catholica
2552 990 2785 1044 iu‘ditur.

2325 1080 2415 1133 27.
2464 1080 2725 1147 Quamvis
2774 1089 2963 1152 postea
3020 1081 3335 1152 Apollinaris
3382 1084 3429 1137 in
3475 1084 3605 1153 pejus
3643 1088 3749 1142 velut

2258 1174 2573 1251 emendans,
2606 1175 2838 1229 animam
2869 1174 3083 1243 quidem
3116 1158 3274 1229 fuisse
3304 1176 3351 1229 in
3378 1176 3566 1232 Christo
3588 1180 3748 1234 confes-

2256 1282 2348 1321 sus
2374 1273 2488 1330 est,
2532 1267 2800 1320 rationem
2850 1275 3028 1320 autem
3058 1282 3153 1320 seu
3176 1276 3397 1321 mentem
3433 1271 3552 1323 inea
3575 1270 3749 1325 hominis

2258 1372 2365 1411 non
2398 1356 2561 1411 fuisse
2577 1400 2591 1422 ,
2617 1357 2709 1411 sed
2732 1372 2831 1426 pro
2851 1373 2917 1411 ea
2932 1357 3100 1411 Deum
3119 1357 3211 1412 Dei
3232 1358 3415 1413 Filium
3428 1362 3651 1415 exstitisse
3662 1377 3749 1416 cum

2257 1447 2535 1517 impietate
2563 1447 2831 1502 deliravit.

2328 1539 2419 1592 28.
2464 1540 2567 1593 Tot
2594 1553 2724 1608 ergo
2745 1548 2800 1595 et
2828 1540 3006 1599 toties.
3041 1550 3097 1593 ut
3122 1541 3359 1607 diximus,
3390 1543 3533 1598 variis
3556 1545 3751 1614 tempori-

2255 1637 2358 1692 bus
2399 1637 2603 1705 angeli,
2655 1637 2769 1692 sivc
2811 1639 3132 1708 corporibus
3178 1646 3371 1691 tantum
3416 1638 3639 1707 sumptis,
3667 1638 3750 1690 sive

551 1734 885 1803 temporibus
912 1731 979 1785 ad
1008 1739 1224 1785 sanctos
1244 1743 1490 1799 (piosque
1520 1730 1716 1783 missos
1742 1743 1883 1791 esse,
1908 1727 2052 1781 sicut
2072 1727 2149 1780 le-
2180 1730 2227 1791 Β
2254 1730 2418 1783 etiam
2445 1728 2695 1783 animatis
2718 1728 2797 1783 eis
2826 1730 3121 1799 susceptis,
3156 1728 3404 1798 numquid
3430 1728 3690 1783 commutati
3711 1736 3750 1783 et

549 1824 745 1893 gimus,
778 1822 1048 1877 credimus
1078 1834 1326 1889 quoque,
1374 1830 1433 1873 ut
1460 1819 1544 1873 his
1572 1819 1640 1872 ad
1668 1835 1806 1886 quos
1842 1817 1993 1873 missi
2026 1825 2154 1872 sunt

550 1922 768 1984 possent
821 1928 940 1967 esse
969 1911 1235 1975 visibiles,
1280 1912 1574 1964 humanum
1611 1910 1857 1963 habitum
1891 1910 2148 1978 gessisse,

554 2006 785 2076 sumptis
814 2004 1161 2073 corporibus,
1205 2010 1411 2056 certum
1442 2010 1543 2055 est.
1586 2001 1690 2055 Sed
1730 2009 1909 2053 utrum
1942 2008 2151 2054 tantum

552 2112 780 2167 corpora
806 2097 873 2151 ab
895 2096 979 2150 his
1008 2102 1253 2163 suscepta
1272 2093 1381 2148 sint
1408 2093 1460 2148 in
1482 2092 1678 2161 quibus
1706 2092 1779 2146 illi
1798 2092 2030 2161 spiritus
2048 2107 2153 2161 pro

556 2199 800 2257 tempore
851 2185 1145 2242 habitando
1182 2184 1483 2239 animarum
1528 2184 1878 2238 rationalimu
1912 2184 2155 2239 ministe.

554 2279 691 2334 rium
724 2277 1098 2348 impleverim;
1122 2291 1189 2330 an
1217 2277 1451 2329 animata
1483 2289 1734 2344 corpora,
1766 2284 1950 2328 vatum
1980 2288 2150 2338 more,

552 2372 886 2425 extrinsecus
910 2369 1307 2439 inspiraverint,
1336 2383 1441 2423 non
1465 2378 1547 2422 est
1566 2366 1724 2422 facile
1746 2375 1800 2422 et
1825 2378 2029 2423 temere
2056 2367 2155 2422 ho-

553 2479 671 2518 rum
702 2462 900 2532 aliquid
932 2461 1333 2516 aﬂirmandum.

622 2553 712 2608 9.5.
752 2555 881 2619 Quze
929 2561 1254 2623 pnrsmnpta
1303 2552 1506 2605 incerta
1556 2561 1829 2620 tamquam
1878 2558 2058 2612 certa,
2094 2555 2156 2605 et

551 2645 845 2716 Scripturis
866 2646 1086 2699 minime
1116 2659 1371 2714 expressa
1393 2644 1598 2713 opinio,
1626 2642 1996 2713 Apollinarem
2025 2643 2156 2698 Lao-

550 2738 840 2803 dicenum,
886 2747 939 2792 ct
984 2746 1171 2806 postea
1215 2736 1444 2792 Arianos
1496 2735 1559 2807 (δ
1590 2751 1700 2790 non
1748 2745 1929 2790 autem
1981 2736 2153 2805 ipsum

553 2829 797 2895 Arium),
824 2838 877 2883 et
910 2827 1234 2881 Eunomium
1264 2842 1509 2896 quoque,
1543 2827 1864 2881 ctuitimum
1898 2825 2152 2882 Maccdo-

556 2920 702 2974 nium
735 2920 872 2973 forte
901 2919 1138 2989 decepit,
1182 2927 1240 2973 ut
1279 2919 1403 2973 hinc
1448 2918 1711 2973 sentirent
1743 2926 1799 2973 et
1826 2917 2152 2987 pronuntia-

552 3020 673 3065 rent
701 3010 972 3065 Christum
1005 3009 1097 3065 Dei
1148 3008 1340 3063 Filium
1388 3022 1584 3079 corpus
1624 3017 1837 3062 tantum
1884 3008 2151 3072 hominis,

553 3119 659 3158 non
682 3104 841 3159 etiam
872 3104 1105 3157 animam
1135 3103 1464 3172 suscepisse,
1498 3117 1595 3171 pro
1626 3101 1803 3155 anima
1844 3109 2023 3155 autem
2052 3100 2149 3156 Dei

554 3194 745 3250 Filium
779 3195 1008 3250 Verbum
1053 3194 1229 3249 Patris
1267 3194 1318 3248 in
1350 3194 1440 3248 illo
1477 3202 1731 3263 suscepto
1786 3207 2019 3262 corpore
2050 3192 2154 3247 ha-

558 3287 779 3341 bitassc.

625 3376 713 3431 9.6.
756 3377 908 3443 Quod
939 3379 983 3432 si
1024 3376 1096 3430 ita
1140 3384 1254 3440 est,
1286 3375 1453 3430 stulto
1482 3388 1610 3430 vere
1638 3390 1828 3431 sensus
1852 3376 1934 3433 sui
1964 3389 2153 3432 errore

553 3468 765 3537 decepti
796 3479 949 3531 sunt;
976 3467 1063 3521 illa
1093 3466 1237 3522 enim
1259 3465 1558 3520 Salvatoris
1588 3466 1819 3520 humana
1847 3467 2151 3537 susceptio,

555 3563 711 3629 longe
732 3570 784 3615 ct
810 3566 944 3613 ultra
968 3574 1131 3628 quant
1156 3559 1311 3631 longe
1332 3558 1589 3612 :cstimari
1614 3567 1811 3629 potest,
1837 3559 1906 3614 ab
1927 3559 2027 3614 ista
2051 3574 2153 3613 an-

553 3653 791 3721 gelorum
815 3651 1251 3722 incomparabilis
1278 3650 1549 3704 invenitur
1566 3667 1579 3713 ;
1596 3650 1721 3719 quia
1745 3649 1888 3705 enim
1913 3651 2027 3705 ιιωο
2052 3665 2153 3720 pro

554 3744 922 3811 redemptione
952 3742 1119 3797 totius
1145 3740 1364 3795 humani
1387 3740 1602 3809 generis
1633 3741 1811 3795 futura
1834 3749 1972 3806 erat,
1997 3756 2151 3811 opor-

554 3836 700 3891 tebat
728 3850 757 3889 a
787 3834 1071 3891 Salvaturc
1114 3842 1283 3888 totam
1310 3839 1368 3888 et
1414 3831 1676 3902 itucgram
1696 3872 1711 3899 ,
1746 3846 1866 3901 quae
1895 3834 2153 3890 salvanda

2254 1819 2400 1873 versi
2424 1835 2491 1873 ex
2520 1819 2610 1873 illa
2633 1819 2863 1890 spiritali
2892 1828 2948 1874 et
2976 1820 3213 1888 angelica
3246 1834 3339 1873 sua
3382 1827 3576 1881 natura,
3601 1833 3747 1887 corpo-

2258 1909 2357 1971 rei,
2383 1909 2467 1979 vel
2488 1909 2651 1964 etiam
2674 1910 2953 1976 animales,
2974 1910 3095 1966 facti
3119 1926 3234 1965 esse
3254 1925 3484 1979 umquam
3504 1926 3529 1963 a
3546 1924 3748 1979 quoquam

2256 1977 2472 2057 dicirvel
2502 2002 2649 2058 credi
2678 2004 3008 2073 potuerunt?
3057 2003 3170 2057 Non
3213 1977 3412 2071 utique;
3439 2002 3548 2069 quid
3563 1977 3674 2069 ergo
3702 1999 3749 2053 ad

2257 2095 2608 2151 elTundcndas
2644 2097 2865 2151 nebulas
2886 2096 3169 2167 imperitis
3203 2096 3287 2149 hic
3332 2084 3529 2148 insanus
3562 2092 3750 2160 magister

2256 2187 2477 2241 molitur
2496 2188 2782 2255 ingerere?
2820 2187 2897 2241 ita
2948 2196 3007 2241 ut
3054 2188 3099 2241 si
3128 2187 3246 2255 quis
3290 2186 3469 2240 dixerit
3494 2184 3649 2238 Filium
3682 2184 3747 2235 Dei

2256 2276 2424 2331 Deum
2470 2276 2727 2342 Verbum,
2776 2279 3072 2333 secundum
3121 2278 3449 2345 Evangi-Iium
3492 2291 3664 2330 carnem
3695 2272 3747 2327 ia-

2256 2375 2421 2433 ctum,
2447 2383 2541 2422 seu
2565 2368 2837 2423 hominem
2869 2368 3092 2433 l'actmn,
3124 2370 3305 2423 statim
3334 2376 3572 2437 tamquam
3597 2365 3746 2434 impiis-

2256 2461 2443 2528 simus,
2476 2461 2823 2516 Diviuitatem
2856 2462 2908 2517 in
2938 2478 3163 2518 carnem
3209 2477 3409 2517 versam
3438 2475 3540 2514 esse
3572 2473 3749 2528 pronun-

2261 2552 2417 2618 tians,
2451 2560 2726 2621 arguatur.

2327 2646 2415 2699 ἓξ).
2457 2644 2590 2700 Illud
2613 2654 2791 2702 autem
2820 2646 2963 2715 quod
2995 2646 3045 2701 in
3075 2646 3190 2718 ipso
3212 2647 3311 2702 isto
3338 2643 3547 2716 capitulo
3568 2642 3750 2695 ultimum

2258 2736 2439 2806 posuit
2459 2750 2619 2804 quam
2642 2736 2894 2805 impium,
2919 2751 3190 2805 quamque
3212 2752 3395 2790 vanum
3415 2736 3503 2799 sit,
3524 2732 3749 2787 videamus.

2259 2831 2346 2883 Ait
2377 2831 2538 2899 igitur
2566 2829 2918 2901 Enntdemque
2945 2833 3117 2901 ipsum
3146 2832 3189 2884 si
3229 2831 3338 2902 quis
3376 2839 3539 2882 natura
3573 2836 3612 2878 et
3637 2823 3751 2876 Deum

2256 2931 2305 2975 et
2332 2922 2593 2974 hominem
2641 2921 2866 2983 dixerit,
2915 2923 3197 2976 anathema
3228 2924 3311 2976 sit.
3335 2920 3513 2975 Veiens
3548 2916 3747 2986 duplicem

2254 3012 2533 3068 Christum
2583 3015 2954 3081 introducere,
3006 3016 3093 3070 vel
3143 3017 3423 3082 incongrue
3470 3026 3638 3083 sapere,
3662 3006 3748 3077 quid

2180 3104 2226 3167 C
2256 3105 2474 3171 dixerit,
2506 3106 2788 3175 ignoravit.
2823 3105 2939 3160 Non
2971 3106 3119 3161 enim
3164 3107 3294 3161 vidit
3320 3106 3486 3161 statim
3520 3101 3650 3171 obiici
3680 3096 3749 3152 sibi

2261 3211 2420 3266 posse
2441 3236 2456 3261 ,
2490 3212 2665 3267 neque
2713 3196 2882 3251 Deum
2912 3197 3058 3250 illum
3087 3236 3102 3261 ,
3137 3213 3308 3266 neque
3346 3195 3585 3250 hominem
3614 3198 3750 3245 natura

2263 3296 2387 3343 esse
2413 3288 2642 3353 dixisse;
2675 3289 2801 3357 quia
2844 3289 2984 3343 idem
3018 3289 3137 3359 ipse
3164 3287 3425 3352 Christus,
3452 3300 3557 3341 cum
3580 3284 3635 3338 sit
3656 3280 3753 3335 Deus

2264 3386 2320 3433 et
2348 3377 2532 3443 homo,
2568 3376 2752 3443 immo,
2790 3387 2850 3432 ut
2872 3379 3136 3447 signatius
3165 3379 3366 3434 dicatur
3390 3386 3440 3432 et
3468 3375 3654 3433 cautius,
3668 3384 3751 3424 cum

2261 3468 2331 3522 sit
2361 3467 2526 3523 homo
2550 3468 2721 3533 Deus,
2754 3477 2808 3523 et
2838 3469 2979 3524 Deus
3006 3469 3204 3537 homo,
3238 3486 3341 3524 non
3366 3454 3455 3534 sit,
3484 3466 3570 3520 nisi
3602 3472 3749 3517 natura.

2260 3559 2338 3627 Si,
2358 3569 2417 3613 ut
2437 3560 2488 3615 ei
2517 3560 2687 3614 visum
2712 3569 2817 3623 est,
2851 3570 3041 3615 natura
3067 3578 3175 3617 non
3198 3571 3279 3616 est
3300 3560 3453 3631 (quod
3480 3559 3525 3611 in
3552 3555 3680 3625 ipsius
3692 3565 3753 3604 cn-

2259 3662 2356 3723 put
2382 3654 2491 3707 tale
2519 3653 2720 3707 dictum
2749 3662 2803 3706 et
2832 3661 2940 3706 tam
2974 3654 3198 3723 impium
3221 3652 3664 3717 convcrtatur),nec
3684 3642 3752 3694 ali-

2259 3744 2387 3814 quid
2416 3751 2596 3815 potest
2615 3759 2750 3809 esse,
2783 3745 2906 3813 quia
2933 3744 3077 3812 quod
3119 3753 3309 3800 natura
3338 3758 3438 3798 non
3474 3746 3622 3812 potest
3650 3745 3751 3793 esse.

2260 3852 2484 3907 prorsus
2511 3851 2631 3891 esse
2656 3836 2787 3889 nihil
2821 3843 3017 3905 potest.

1707 3942 2257 4005 CASTIGATIONES
2299 3949 2387 4004 ET
2426 3949 2658 4006 NOTAE.

626 4047 651 4075 ⁸·
684 4038 1069 4107 Argtuncutum
1108 4035 1247 4091 istud
1275 4035 1342 4089 ab
1370 4034 1575 4104 angelis
1606 4050 1845 4107 corpora
1874 4053 2156 4096 assumen-

557 4110 699 4162 tihns
722 4106 944 4178 petitum
982 4107 1269 4161 Eutherius
1292 4115 1453 4178 vexat
1478 4121 1732 4178 sermone
1770 4108 1783 4159 I
1806 4106 1848 4172 1,
1872 4111 1994 4165 sive
2021 4112 2151 4166 illud

554 4181 605 4235 iu
631 4176 941 4235 Mercatoris
961 4178 1225 4249 Operibus
1244 4176 1452 4251 legerit.
1478 4177 1622 4251 quod
1642 4178 1853 4251 opimri
1882 4182 2149 4251 quispiam

552 4252 671 4306 siue
696 4246 1235 4320 temeritateposset;
1263 4248 1377 4303 sive
1398 4248 1540 4318 apud
1560 4246 1840 4318 Cyrillum,
1867 4246 1957 4305 ubt
1986 4246 2149 4309 etiam

2262 4043 2536 4169 llaiieiiiiic
2563 4114 2843 4185 popularis
2870 4113 3115 4183 quaedam
3142 4115 3328 4185 Opinio
3357 4110 3653 4185 convellitur,
3682 4114 3754 4185 fit”

2261 4185 2518 4239 tribuitur
2546 4171 2674 4238 A'rio
2704 4188 2847 4255 quod
2868 4171 3234 4253 excogitatum
3260 4194 3345 4241 est
3371 4186 3434 4238 ab
3472 4177 3661 4235 Ariauis.
3682 4171 3754 4225 Ve-

2256 4271 2377 4309 rum
2398 4271 2466 4310 ea
2493 4256 2560 4311 de
2586 4272 2645 4310 re
2675 4258 2727 4310 in
2758 4257 3139 4311 dissertatione
3178 4258 3369 4327 sepius
3393 4255 3540 4310 dicta.

991 4370 3739 4401 _____._______________________________.—

935 4490 1555 4564 ADMONITIO
1635 4491 1755 4566 IN
1826 4494 2698 4573 APOLOGETICUM
2775 4500 2865 4576 S.
2949 4501 3433 4577 CYRILLL

624 4715 855 4799 Cyri-ilus
880 4712 1131 4799 epistolas
1151 4728 1258 4767 suze
1289 4712 1459 4799 tertia:
1486 4712 1553 4767 ad
1576 4714 1878 4799 Nestorium
1900 4720 2253 4799 subiunxerat
2272 4725 2447 4793 capita
2469 4739 2712 4780 errorum
2743 4726 3044 4794 duodecim,
3076 4744 3200 4799 quas
3239 4730 3360 4799 quis
3410 4721 3595 4794 singula
3628 4715 3753 4799 sultis

552 4784 697 4844 etum
743 4788 943 4867 habent
984 4784 1297 4870 anathema,
1322 4784 1490 4870 vulgo.
1532 4788 1961 4870 anatlieniatismi
1990 4784 2269 4870 vocantur,
2301 4784 2627 4870 quamquam
2656 4807 2865 4870 veteres
2905 4784 3179 4857 malebant
3218 4784 3444 4870 capitula
3471 4784 3639 4870 dicere.
3672 4786 3755 4867 lict

551 4875 678 4938 eum
706 4857 1002 4938 accepisset
1032 4853 1327 4938 Nestori-us,
1359 4854 1641 4938 confestim
1666 4858 2004 4938 Antiochiam
2028 4862 2171 4916 misit
2198 4853 2266 4918 ad
2298 4853 2560 4938 Joannem
2601 4868 2937 4938 episcopum,
2983 4853 3178 4937 rogans
3216 4853 3345 4923 ut'a
3386 4856 3755 4938 prmslantissiut'ts

554 4928 766 5010 duobus
797 4922 905 4983 sua:
942 4924 1195 5010 dimcesis
1235 4924 1559 5010 hominibus,
1609 4927 1825 5010 Andrea
1867 4931 2225 4989 Samosatcno
2248 4976 2263 5002 ,
2314 4943 2369 4991 et
2416 4922 2759 4993 Theodoi-eto
2788 4922 3405 5010 Cyrensi,vrel‘ellenda,'
3430 4946 3479 4993 et
3517 4922 3759 5003 ApollinariS

554 4997 773 5066 Ariique
795 5010 1039 5053 errormn
1069 4994 1371 5066 damnanda
1410 5007 1644 5052 curaret.

628 5064 893 5153 Fecerunt
918 5068 1077 5153 ambo
1106 5064 1262 5146 quod
1282 5066 1624 5153 rogabantur,
1657 5070 2023 5143 scriptumque
2052 5076 2152 5143 sint

2268 5079 2521 5153 acerbum
2561 5078 2763 5153 pariter
2783 5089 2943 5153 atque
2969 5082 3355 5153 amarulentum
3397 5076 3659 5153 ediderunt,
3682 5066 3755 5153 Αξς

628 5095 893 5149 rcccrttut
918 5095 1077 5147 utrum
1106 5095 1262 5146 quit".
1282 5095 1624 5133 ιυϋειυσιιιιιιΐν
1657 5095 2023 5143 δυΙΊνιιιιΙιιιιΙυ
2052 5095 2245 5143 smguu
2268 5095 2521 5132 acerbum
2598 5095 2763 5133 artter
2783 5095 2943 5149 atque
2969 5095 3355 5136 amarutcntum
3397 5095 3657 5133 caruerunt,
3682 5095 3710 5118 τι
3730 5095 3755 5109 έ-

554 5136 712 5220 dreas
738 5136 1088 5220 Qrientaltum
1121 5151 1358 5220 nomine,
1405 5136 1774 5220 lieodoretus
1820 5158 1970 5220 suo_;_
1995 5146 2209 5220 scripsit
2255 5147 2396 5199 enim
2430 5148 2517 5220 ille
2554 5095 2869 5220 Xntiochim,
2903 5152 3004 5205 iste
3039 5150 3183 5220 Cyri,
3236 5150 3453 5204 Αιιιιιςεω
3499 5142 3755 5220 olijcctititlci

556 5208 802 5290 probavit
828 5207 1051 5290 Joannis
1072 5207 1336 5290 synodus;
1368 5208 1639 5290 misitque,
1666 5212 1874 5290 opinor,
1894 5206 2296 5290 _Alexatidriam
2318 5232 2413 5285 per
2424 5215 2808 5290 Possidmtium
2839 5206 3010 5290 ipsum
3033 5206 3335 5285 diaconum,
3366 5219 3453 5288 qui
3480 5206 3755 5290 litteras-C03:

556 5254 823 5361 iestiniae
844 5254 1122 5361 Cyrilliaii
1137 5254 1399 5361 Joannem
1424 5254 3756 5361 militaritiri.cliuoft;iJé'iéKiEhEiuquZ?"sii§£"

554 5344 968 5431 Spaﬁuijmlllo
997 5356 1053 5431 (ξι
1083 5348 1136 5401 ί¹¹
1160 5350 1579 5431 υτὺ9η¹,ῐ“θῧίῖξιη
1608 5352 1772 5417 mis".
1804 5344 2397 5431 gratiﬁcaturusamico
2425 5358 2679 5415 Nestorio
2705 5379 2718 5414 :
2748 5344 2848 5416 lias
2878 5344 3335 5431 cumracccpisset
3361 5344 3596 5428 Evoptius
3626 5344 3757 5403 i’tolc-

556 5419 745 5495 niaidis
774 5419 1132 5495 Pentapoleos
1161 5421 1396 5489 regionis
1417 5421 1739 5495 cpiscopus,
1765 5419 1831 5495 ad
1860 5422 2119 5495 Cyrillum
2148 5428 2311 5482 misit.

626 5487 864 5573 (iterque
893 5485 1108 5573 scripsit
1130 5485 1257 5573 ante
1278 5485 1563 5573 concilium
1589 5485 1923 5573 Ephesinuui
1938 5537 1951 5560 ,
1972 5496 2137 5573 _quo_d
2165 5497 2233 5552 de
2261 5514 2320 5553 se
2367 5507 2598 5556 testatur
2626 5501 3004 5558 Theodoretus
3035 5503 3084 5557 in
3128 5502 3439 5573 prmiatioue
3480 5485 3753 5573 Pentaltlﬁiij

557 5560 1025 5644 utriqueCyrillus
1054 5572 1179 5617 ante
1200 5563 1487 5644 concilium
1518 5560 1811 5635 respondit,
1845 5566 1989 5634 quod
2009 5560 2192 5644 voles
2214 5584 2280 5623 eo
2313 5580 2555 5635 constat,
2588 5572 2733 5641 quod
2755 5573 2991 5644 d_amnati
3020 5589 3049 5627 a
3081 5560 3288 5644 sy'nodo
3317 5568 3535 5627 Nestorii
3558 5565 3756 5627 uusqtunt

553 5638 814 5714 meminit,
847 5648 968 5714 cum
992 5642 1170 5714 tamen
1193 5638 1373 5714 magni
1404 5638 1455 5686 in
1486 5649 1601 5688 rem
1629 5650 1781 5714 suam
1801 5638 2069 5714 momenti
2095 5639 2331 5714 futurum
2360 5650 2503 5714 esset
2532 5638 2740 5697 tantum
2768 5641 3024 5698 Ecclesia:
3039 5638 3317 5714 judicium.

624 5699 746 5759 Fuit
771 5699 901 5761 vero
923 5703 1165 5760 Andreas
1193 5718 1257 5758 ea
1287 5699 1608 5773 tempestate
1631 5705 1770 5760 inter
1795 5704 2097 5765 Orientales
2124 5710 2381 5766 doctrinae
2408 5712 2549 5767 fama
2579 5714 2905 5782 pietatisque
2934 5699 3176 5772 celebris.
3213 5713 3343 5768 Tres
3371 5715 3564 5767 exstant
3588 5700 3639 5757 ad
3658 5702 3750 5753 cum
