3978 6188
509 255 615 311 955

1012 249 1202 308 MAllll
1242 243 1682 304 MEIlCATORlS
1722 238 2294 300 ΤιιΑΝδιΑΤυκΕδ
2335 231 2692 294 νἈιδιιοιιυιι
2731 230 3255 293 ορυδευιιοιιυιι.

3614 240 3694 298 530

501 375 765 431 mutantes
786 369 1000 442 quidem
1029 366 1217 422 eadem
1242 380 1362 419 cum
1387 362 1502 431 ipso
1531 360 1750 422 sentire,
1779 357 2094 425 adiuvantes
2122 359 2167 416 Α
2202 353 2382 424 (.loan.
2417 367 2453 414 ι,
2483 349 2592 419 Μ).
2624 348 2748 404 llaec
2777 355 2924 436 recte
2954 347 3302 416 intelligentes
3335 342 3590 405 beatissimi
3613 349 3696 408 Pa-

500 481 629 521 vcro
671 460 1045 518 communibus
1085 455 1292 529 [Batus
1331 468 1454 508 eum
1502 447 1772 519 erunibus)
1801 446 2006 511 modis;
2037 453 2093 500 et

499 572 592 612 eos
620 555 710 624 qui
739 567 839 622 pro
875 548 1090 603 Christo
1121 545 1270 613 loqui
1299 544 1486 608 velint,
1519 540 1644 595 odio
1672 539 1864 607 dignos
1890 547 2094 592 conan-

498 661 574 704 tes
606 647 819 704 ellicere
846 663 858 697 :
889 644 982 698 sed
1005 643 1110 697 hoc
1131 641 1250 696 illos
1273 654 1609 707 consequens
1632 637 1806 692 fuerat
1830 635 2088 704 cogitare,

495 741 637 811 quod
669 741 712 795 si
738 737 906 807 magis
931 735 1181 792 doctores
1207 748 1402 804 pravos
1423 730 1814 800 objurgasscnt,
1846 728 1895 782 id
1919 728 2094 798 ipsum

497 834 600 887 illis
627 830 824 886 Christi
853 827 1196 884 dilectionem
1226 823 1765 889 benevolentiamque
1794 834 2096 890 comparas-

496 934 594 979 set.
645 921 796 976 Nunc
840 934 968 975 vero
1017 917 1069 972 id
1116 924 1380 984 egerunt,
1430 912 1575 983 quod
1616 927 1712 966 eos
1759 925 1949 979 gerere
1992 910 2096 963 mi-

495 1016 640 1070 nime
677 1015 994 1085 oportebat;
1036 1028 1132 1067 eos
1178 1012 1322 1066 enim
1367 1009 1590 1064 infestos
1636 1007 1736 1061 sibi
1785 1019 1904 1060 esse
1944 1004 2094 1058 dixe-

500 1114 657 1170 runt,
707 1120 936 1173 quorum
987 1104 1032 1158 si
1079 1102 1308 1156 fuissent
1353 1101 1669 1163 imitatores,
1702 1112 1826 1152 eum
1854 1095 1938 1149 his
1967 1093 2095 1164 ipsis

497 1197 670 1265 capita
700 1212 795 1249 sua
817 1210 1018 1250 corona
1049 1193 1389 1263 sempiterna:
1414 1190 1598 1259 gloria.-
1623 1188 1983 1243 redimissent.

571 1284 1050 1355 l‘wprehctnlcrnnt
1096 1284 1257 1352 igitur
1296 1280 1774 1335 anathematismos
1802 1278 1956 1346 quasi
1984 1291 2093 1330 non

497 1389 643 1434 recte
671 1377 872 1442 factos;
903 1376 1098 1430 deinde
1128 1373 1351 1442 singulis
1379 1378 1746 1441 Opposucrunt
1771 1385 1878 1424 sua:
1898 1369 2095 1422 mentis

499 1469 733 1532 inventa,
776 1474 831 1520 et
874 1465 1053 1519 nescio
1100 1479 1235 1532 quas
1267 1461 1515 1532 ineptias,
1547 1468 1826 1529 sperantes
1847 1474 1906 1512 se
1935 1472 2093 1527 posse

496 1558 787 1626 subrepere
810 1554 1016 1628 Malus.
1049 1551 1350 1622 subripere)
1378 1550 1659 1621 imperitis,
1692 1561 1748 1604 et
1786 1549 1852 1604 iis
1892 1549 1984 1620 qui
2013 1549 2095 1602 in-

497 1648 712 1704 curiose
741 1663 932 1702 eorum
965 1646 1127 1700 verba
1156 1645 1450 1714 accipiunt.

2197 455 2324 507 tres,
2358 443 2448 514 qui
2479 458 2577 496 suo
2601 450 2844 513 tempore
2875 433 3078 511 [Batu‘z.
3105 448 3228 496 tunc
3259 441 3510 514 temporis]
3549 442 3697 503 Niem-

2195 534 2506 603 congregati
2529 541 2674 597 sunt,
2707 531 2880 601 ipsum
2902 531 3155 586 dixerunt
3181 547 3244 586 ex
3264 530 3367 586 Deo
3395 531 3529 587 Patre
3554 544 3697 591 natum

2196 626 2451 689 Verbum,
2476 639 2574 694 per
2599 623 2742 692 quod
2767 621 2976 694 [Balatu
3007 621 3185 690 quem]
3211 630 3394 677 etcum
3429 637 3523 692 quo
3559 629 3696 682 omnia

2197 717 2323 773 fecit
2359 716 2539 781 Pater,
2589 715 2771 769 lumen
2818 713 2887 768 de
2929 714 3147 776 lumine,
3178 711 3338 767 Deum
3359 728 3524 767 verum
3545 715 3698 770 debeo

2194 828 2346 877 vero,
2372 813 2728 875 incarnatum,
2754 819 2809 865 et
2836 809 3108 866 hominem
3139 808 3344 874 factum,
3389 809 3438 864 id
3485 818 3570 875 est,
3603 825 3680 866 con

2191 905 2434 974 junctum
2459 920 2577 959 esse
2605 903 2754 958 carni
2784 903 3002 957 habenti
3032 901 3260 956 animam
3287 901 3639 969 rationabilem;
3661 913 3696 959 ct

2203 998 2484 1055 hominem
2569 995 2787 1060 factum,
2814 996 2981 1051 Deum
3013 1002 3191 1063 tamen
3217 996 3525 1053 remansisse.

2195 1097 2207 1137 l
2267 1089 2421 1156 Quod
2470 1105 2601 1144 vero
2641 1087 3125 1143 inconvertibiliter
3147 1095 3202 1141 et
3222 1086 3478 1143 inconfuse
3502 1088 3704 1143 adunatio

2196 1179 2286 1233 illa
2316 1179 2456 1234 facta
2478 1178 2566 1241 sit,
2592 1179 2723 1232 nulli
2750 1193 2869 1234 esse
2897 1179 3117 1234 dubium
3157 1185 3346 1249 potest,
3374 1194 3484 1232 cum
3506 1179 3586 1234 Dei
3607 1179 3708 1234 Ver-

2195 1273 2320 1326 bum
2352 1270 2403 1324 id
2433 1271 2578 1339 quod
2609 1278 2736 1324 ante
2761 1269 2941 1324 fuerat
2961 1270 3293 1336 remanserit,
3323 1270 3437 1323 licet
3461 1268 3626 1325 factum
3654 1273 3707 1326 sit

2193 1377 2340 1416 caro.
2365 1359 2496 1415 Nam
2526 1360 2576 1415 id
2601 1360 2744 1430 quod
2775 1360 2971 1415 dicitur
2999 1360 3282 1421 incarnari,
3317 1375 3414 1414 non
3443 1359 3490 1413 in
3514 1369 3706 1414 naturam

2193 1454 2372 1510 carnis
2419 1453 2787 1519 convertitur;
2843 1452 2935 1507 sed
2985 1451 3127 1506 aliud
3173 1452 3414 1520 quiddam
3456 1451 3709 1521 intelligitur

2194 1556 2392 1616 pneter
2419 1561 2659 1610 carnem,
2685 1546 2834 1600 carni
2859 1554 3042 1599 tamen
3064 1543 3414 1613 conjunctnm.

2265 1635 2326 1690 ld
2354 1637 2650 1692 sentientes
2692 1635 2838 1690 beati
2871 1633 3061 1690 Patres
3089 1643 3322 1690 sanctam
3350 1636 3590 1705 Virginem
3617 1647 3709 1694 9w

571 1738 690 1799 Fuit
726 1738 886 1806 igitur
914 1750 1136 1792 necesse
1158 1773 1174 1799 ,
1203 1735 1366 1790 etiam
1396 1734 1756 1804 nosmetipsos
1791 1733 1896 1788 illis
1923 1747 2094 1805 oppo-
2127 1733 2170 1791 Β
2198 1727 2338 1783 τόκον
2366 1727 2782 1782 nominaverunt
2807 1744 2818 1780 :
2851 1726 3198 1781 crediderunt
3241 1727 3377 1781 enim
3422 1727 3548 1796 quod
3572 1729 3710 1784 incar-

499 1843 628 1886 ncre
657 1830 969 1892 veritatem,
1001 1836 1057 1882 et
1083 1824 1513 1882 criminationem
1553 1825 1918 1880 inanissimam
1961 1840 2092 1902 pro-

499 1923 729 1991 pulsare,
763 1930 818 1976 et
845 1922 1076 1991 probare
1107 1922 1228 1976 illos
1265 1919 1556 1975 maledicos
1591 1927 1645 1973 et
1672 1918 2090 1988 reprehensores

500 2013 670 2081 magis
694 2027 854 2080 quam
879 2018 1210 2066 scrutatores
1235 2025 1354 2065 esse
1387 2010 1552 2064 totius
1584 2008 1842 2064 veritatis.
1873 2006 2092 2077 Przepo-

501 2103 618 2158 sitis
646 2103 806 2171 igitur
832 2102 1054 2171 singulis
1077 2100 1538 2156 anathematismis
1560 2139 1574 2163 ,
1609 2098 1866 2166 subjectis
1903 2097 2088 2162 etiam,

502 2209 622 2263 qua:
642 2202 763 2249 sunt
789 2195 856 2248 ab
879 2194 978 2248 illis
1000 2192 1232 2262 objecta,
1257 2198 1440 2246 nostra
1470 2189 1857 2259 subjunximus,
1892 2188 2094 2259 peritos

503 2295 702 2343 sancta:
739 2286 1026 2357 Scriptura:
1049 2285 1258 2356 judices
1281 2283 1560 2347 facientes,
1587 2289 1642 2336 et
1662 2297 1848 2335 eorum
1888 2288 2095 2334 rectum

502 2379 812 2449 sullragium
859 2386 1176 2449 expetentes
1226 2376 1320 2446 qui
1361 2375 1564 2430 habent
1606 2372 1889 2428 scientiam
1945 2371 2092 2426 veri-

501 2469 645 2524 tatis.
1512 2491 1515 2494 ·

942 2548 1418 2591 Ακλτιιειιιτιειιυε
1456 2545 1665 2588 ΡΝΙῦε.

571 2647 628 2703 Si
656 2646 778 2716 quis
801 2661 908 2701 non
937 2644 1259 2700 confiteatur
1280 2642 1448 2696 Deum
1471 2654 1600 2696 vere
1618 2653 1737 2694 esse
1757 2636 2094 2703 Emmanuel,

496 2747 549 2792 et
577 2745 864 2806 propterea
902 2742 1143 2788 sanctam
1173 2731 1447 2800 Virginem
1497 2743 1620 2784 esse
1665 2728 1935 2792 Θιοτόκον,
1996 2742 2096 2797 pe-

499 2827 640 2900 perit
686 2825 830 2881 enim
878 2823 1170 2878 carnaliter
1208 2835 1427 2876 carnem
1465 2819 1666 2875 factum
1696 2818 1794 2874 Dei
1823 2817 2091 2884 Verbum;

495 2916 782 2972 anathema
813 2913 902 2967 sit.

886 2997 1247 3038 REPREIIENSIO
1285 2996 1698 3036 ILEDETICORUH.

2197 1827 2381 1873 natum
2408 1827 2465 1872 ct
2486 1818 2761 1872 hominem
2788 1816 2987 1872 factum
3027 1818 3234 1887 peperit
3261 1817 3456 1884 Filium,
3482 1833 3566 1888 per
3586 1832 3710 1887 quem

2195 1911 2376 1965 omnia
2398 1909 2524 1965 fecit
2555 1909 2732 1966 Pater.
2773 1909 2843 1964 At
2881 1924 3013 1964 vero
3042 1909 3315 1965 Nestorius
3368 1925 3594 1965 novarum
3625 1910 3710 1964 bla-

2196 2001 2561 2070 sphemiarum
2586 2002 2743 2057 nobis
2770 2001 3022 2056 inventor
3036 2001 3160 2056 huic
3174 2001 3404 2072 opinioni
3423 2010 3654 2072 repugnat,
3672 2012 3710 2057 et

2196 2094 2465 2165 vituperat
2492 2095 2646 2164 quasi
2674 2111 2784 2149 non
2808 2109 2933 2150 vere
2954 2095 3061 2149 dici
3084 2094 3273 2150 debeat
3294 2096 3541 2160 statim;
3561 2096 3712 2164 quippe

2195 2186 2326 2242 dicit
2351 2205 2363 2238 :
2399 2184 2729 2259 lnterrogari
2759 2203 2844 2242 eos
2867 2202 3008 2256 stupe
3035 2204 3049 2239 :
3083 2185 3123 2239 Α
3142 2195 3318 2241 sancta
3363 2185 3554 2256 Virgine
3575 2185 3712 2239 Deita-

2197 2287 2297 2330 tem
2337 2275 2512 2330 dicitis
2557 2277 2776 2330 natam?
2815 2275 3051 2348 Fugiunt
3091 2279 3263 2330 statim
3286 2277 3637 2346 responsionem.
3664 2271 3714 2328 Et

2195 2367 2327 2439 quis,
2359 2370 2524 2432 aiunt,
2558 2367 2687 2422 adeo
2717 2366 3108 2440 blasphematur
3135 2377 3228 2431 est,
3258 2378 3310 2422 ut
3337 2368 3510 2434 initia,
3536 2384 3629 2439 quis
3650 2381 3712 2435 pe-

2196 2459 2330 2528 perit
2359 2458 2623 2529 templum,
2653 2458 2794 2512 dicat
2815 2475 2846 2512 a
2876 2457 3080 2530 Spiritu
3113 2458 3274 2514 Deum
3298 2460 3538 2514 creatum!
3563 2458 3714 2512 Deinde

2195 2549 2282 2604 ubi
2320 2567 2415 2621 ego
2459 2550 2699 2621 adjecero
2724 2566 2742 2604 :
2775 2549 2914 2615 Quid
2952 2568 3078 2623 ergo
3123 2569 3218 2606 nos
3246 2551 3504 2607 absurdum
3525 2552 3713 2622 facimus.

2195 2642 2564 2711 persuadeam
2620 2641 2757 2694 hanc
2813 2659 2986 2698 roccm
3029 2645 3212 2710 citare,
3242 2653 3290 2698 et
3327 2644 3483 2697 venire
3504 2643 3644 2712 potius
3665 2639 3714 2692 ad

2194 2747 2517 2786 communem
2563 2733 3006 2804 signiﬁcationem
3035 2733 3257 2788 duarum
3283 2734 3587 2788 naturarum?
3611 2731 3716 2785 Tum

2193 2824 2300 2879 illis
2356 2824 2678 2896 blasphemia
2728 2826 2928 2881 videtur
2983 2844 3104 2882 esse
3155 2828 3290 2899 quod
3328 2829 3436 2881 dico
3468 2843 3484 2881 :
3519 2827 3604 2880 Aut
3626 2837 3716 2894 ergo

2195 2923 2371 2986 aperte
2419 2918 2667 2986 con/itere
2707 2915 2968 2972 Deitatcm
3015 2927 3203 2972 natant
3230 2936 3338 2973 esse
3365 2937 3426 2974 ea:
3444 2928 3601 2973 sancta
3627 2916 3718 2968 l’ir-

2195 3007 2343 3076 gine;
2373 3017 2463 3059 aut
2493 3007 2540 3060 si
2569 3007 2704 3060 hanc
2734 3024 2904 3062 rorem
2931 3010 3086 3080 quasi
3115 3008 3456 3080 blaspltemam
3498 3009 3628 3080 fugis,
3651 3022 3716 3059 cur

565 3097 764 3167 Ecquis
801 3112 1020 3154 carnem
1063 3096 1262 3153 laetum
1309 3097 1405 3152 Dei
1445 3096 1714 3162 Verbum,
1759 3112 2097 3154 cansaxarsn
2124 3098 2168 3161 C
2199 3097 2380 3151 eadem
2434 3114 2633 3152 mecum
2673 3100 2902 3154 sentiens
2930 3100 3154 3155 simulas
3193 3117 3296 3156 non
3322 3103 3500 3156 sentire
3525 3097 3718 3171 (Ep.Cy—

494 3199 677 3244 natum
707 3202 828 3244 esse
856 3187 1216 3244 conﬁteatur?
1263 3187 1398 3242 Nam
1441 3188 1484 3244 si
1533 3204 1869 3244 cnnamum
1919 3197 2093 3244 mater

492 3279 700 3353 [Batuz.
733 3295 835 3332 om.
863 3277 1056 3348 mater]
1088 3278 1316 3348 peperit,
1347 3278 1621 3347 quomodo
1652 3277 1764 3346 jam
1788 3279 1942 3348 virgo
1966 3279 2093 3334 est?

493 3371 697 3425 Deinde
733 3370 820 3424 ubi
859 3383 1122 3438 ponemus
1158 3369 1359 3423 dictum
1391 3368 1519 3422 illud
1557 3385 1569 3421 :
1611 3368 1840 3438 Spiritus
1875 3378 2090 3422 sanctus

491 3462 811 3532 superrenict
855 3461 908 3514 in
947 3470 1025 3524 te,
1070 3469 1119 3514 et
1161 3462 1321 3514 rirtus
1361 3460 1616 3514 ditissimi
1644 3459 1959 3515 inumbrabit
2001 3460 2091 3516 tibi

495 3553 645 3621 (Luc.
680 3569 716 3616 ι,
745 3551 868 3620 35);
901 3552 1163 3621 siquidem
1189 3552 1472 3606 carnaliter
1493 3553 1648 3621 juxta
1679 3554 1873 3624 ipsum,
1898 3566 1953 3610 et
1981 3571 2091 3612 non

491 3643 673 3698 divino
701 3641 861 3697 modo
893 3640 1052 3711 Virgo
1081 3651 1266 3697 sancta
1300 3642 1547 3712 peperit?
1578 3641 1643 3697 Et
1669 3643 1944 3712 quomodo
1966 3659 2090 3700 cum

490 3735 642 3788 stella
670 3733 818 3788 miris
841 3731 1013 3787 modis
1033 3747 1299 3802 apparens
1321 3731 1627 3787 indicabat?
1647 3731 1930 3799 Quomodo
1951 3733 2091 3803 Magi

491 3839 556 3878 ex
587 3824 820 3889 l'ersidc,
854 3823 1005 3878 stella
1033 3821 1189 3884 duce,
1217 3822 1610 3886 adventabant,
1642 3834 1941 3891 quzerentcs
1968 3839 2090 3878 eum

491 3919 581 3988 qui
607 3919 777 3971 luerat
806 3923 993 3978 natus,
1027 3922 1083 3968 et
1112 3913 1328 3968 invento
1357 3911 1656 3967 oll'crcbant
1682 3912 1855 3977 dona,
1889 3913 2089 3968 intelli-

489 4009 636 4080 gihili
667 4017 830 4076 atque
862 4005 1055 4059 visibili
1085 4003 1464 4058 convenientia
1497 4003 1712 4074 (Matth.
1746 4020 1804 4070 ιι,
1838 4003 1924 4070 ll,
1959 4004 2090 4077 1‘2)?

489 4100 774 4170 Quomodo
797 4098 973 4168 angeli
1000 4097 1067 4152 de
1088 4097 1227 4152 casio
1248 4095 1656 4159 descendentes,
1685 4097 2090 4164 generationem

489 4192 659 4263 ipsius
687 4189 994 4262 pastoribus
1031 4186 1184 4241 mixti
1233 4185 1561 4250 cantabant,
1601 4185 1882 4240 dicentes:
1909 4185 2090 4240 Gloria

489 4287 540 4338 in
563 4283 783 4338 excelsis
813 4281 944 4344 Deo,
977 4289 1025 4334 ct
1056 4280 1106 4333 in
1138 4289 1276 4332 terra
1298 4294 1405 4349 paa:
1424 4277 1715 4331 hominibus
1737 4277 1886 4332 bame
1911 4279 2091 4331 rotun-

490 4375 615 4428 tutis
645 4371 799 4441 (Luc.
833 4387 888 4434 ιι,
923 4370 1053 4440 lli)?
1078 4367 1413 4435 Carnalisne,
1446 4384 1514 4422 an
1545 4367 1738 4424 divinae
1767 4368 1938 4437 magis
1976 4369 2091 4423 haec

492 4472 616 4520 sunt
636 4461 1006 4531 generationis
1031 4460 1268 4514 indicia?

564 4554 832 4626 Alioquin,
865 4553 908 4606 si
941 4550 1206 4606 incuriose
1235 4560 1288 4604 et
1323 4551 1717 4608 inconsiderate
1757 4553 1899 4623 ipsas
1926 4568 2086 4608 voces

492 4646 877 4716 acceperimus,
909 4643 1318 4698 conversionem
1349 4642 1529 4707 Verbi,
1561 4651 1618 4697 et
1644 4646 1998 4700 mutationem
2031 4647 2086 4700 in

490 4755 708 4795 carnem
732 4740 921 4792 fartam
946 4751 1066 4792 esse
1085 4732 1472 4802 conlingemus,
1498 4749 1561 4788 ac
1580 4735 1674 4802 sic,
1700 4745 1754 4792 et
1781 4747 2078 4807 peccatum,

491 4842 544 4888 et
573 4833 1023 4896 maledictiunem,
1063 4830 1234 4900 ipsum
1267 4827 1464 4882 factum
1494 4843 1612 4885 esse
1639 4830 2081 4898 existimabimus,

492 4925 594 4980 nisi
616 4933 669 4979 et
697 4939 758 4980 ea
783 4938 902 4993 quae
927 4929 1246 4991 sequuntur,
1269 4928 1325 4974 et
1352 4935 1413 4973 ea
1442 4935 1561 4990 quae
1588 4923 1911 4978 antecedant
1935 4923 1986 4977 in
2017 4923 2083 4976 li-

491 5019 637 5082 bris,
682 5027 737 5072 ct
785 5019 954 5088 ipsam
999 5012 1291 5085 Scriptura!
1336 5013 1779 5069 consuetudinem
1826 5015 2084 5084 inspicia-

492 5125 641 5172 m-ts,
693 5117 749 5163 et
796 5116 978 5161 natum
1015 5121 1134 5161 esse
1174 5103 1406 5158 Verbum
1446 5103 1735 5158 carnaliter
1760 5149 1773 5172 ,
1816 5104 2085 5159 inhabita-

490 5202 692 5255 tionem
733 5200 786 5252 in
839 5213 1002 5254 carne
1048 5195 1414 5265 accipiamus,
1460 5193 1615 5264 juxta
1664 5194 2080 5266 Evangeliorum

493 5305 732 5346 sensum.

949 5371 1231 5413 RESI‘ONSIO
1270 5371 1597 5411 OBTIIODOXI.

558 5472 800 5528 Carnalis
827 5469 1242 5541 dispensationis
1285 5468 1544 5538 unigeniti
1576 5467 1696 5523 Filii
1728 5468 1824 5524 Dei
1871 5479 2079 5540 myste-

487 5567 626 5622 rium
671 5564 1094 5635 sapientissimus
1132 5560 1371 5617 Joannes
1410 5559 1689 5615 evidenter
1717 5561 1962 5616 ostendit
1991 5561 2076 5616 di-

485 5677 615 5718 cens
639 5679 651 5714 :
681 5658 748 5713 Et
779 5656 999 5712 Verbum
1018 5671 1139 5711 caro
1161 5657 1354 5727 factum
1374 5662 1471 5723 est,
1501 5663 1551 5707 et
1574 5652 1821 5709 habitavit
1844 5654 1896 5708 in
1924 5655 2075 5710 nobis

2196 3189 2304 3243 rilli
2326 3188 2397 3242 ad
2423 3189 2671 3244 Acacium
2701 3189 3041 3245 Berteettsem.
3079 3191 3250 3248 Serm.
3277 3192 3366 3265 5)?

2264 3279 2362 3337 Illo
2391 3281 2553 3350 igitur
2578 3281 2845 3337 violenter
2872 3291 3101 3351 urgente
3123 3283 3328 3354 (Batus.
3360 3281 3572 3353 agente),
3593 3281 3718 3335 immo

2193 3372 2372 3443 potius
2392 3373 2657 3428 scelerate
2676 3375 3000 3430 sollicitante
3015 3390 3117 3430 eos
3137 3376 3229 3446 qui
3254 3384 3483 3432 sanctam
3505 3373 3720 3441 Virginem

2195 3465 2471 3536 appellant
2500 3468 2769 3532 Θεοτόκον,
2801 3473 2859 3520 ιιι
2887 3467 3254 3522 conﬁteantur
3279 3467 3449 3524 carnis
3473 3465 3610 3520 fuisse
3631 3477 3722 3532 get"

2193 3567 2316 3610 men
2374 3557 2740 3620 Divinitatem,
2795 3566 2851 3611 et
2897 3560 3186 3613 exstantia:
3223 3558 3421 3628 (Batus.
3451 3550 3721 3620 substantia}

2193 3647 2404 3702 initium
2435 3663 2501 3702 ex
2532 3648 2756 3703 muliere
2783 3648 3039 3704 habuisse
3060 3650 3234 3704 Deum
3260 3649 3504 3714 Verbum;
3531 3661 3612 3702 nos
3628 3658 3722 3715 pro-

2192 3739 2324 3795 bare
2351 3740 2594 3795 volentes
2631 3741 2774 3810 quod
2807 3742 2873 3796 ab
2917 3741 3230 3811 hujusmodi
3278 3743 3518 3813 opinione
3550 3750 3722 3810 prorsus

2192 3831 2581 3887 abhorreamus
2630 3833 2828 3904 (neque
2877 3836 3021 3890 enim
3062 3836 3204 3891 adeo
3251 3835 3543 3898 deliramus,
3567 3837 3618 3886 ut
3639 3836 3721 3882 tam

2191 3923 2394 3978 nefarie
2421 3925 2759 3995 sentiamus),
2793 3926 3068 3996 peperisse
3090 3927 3322 3983 diximus
3363 3926 3606 3996 Virginem
3629 3935 3722 3976 car-

2192 4029 2317 4068 nem
2345 4012 2543 4069 factum
2574 4015 2667 4068 Dei
2715 4015 2971 4081 Verbum,
3005 4016 3113 4072 hoc
3152 4025 3252 4083 est,
3298 4017 3568 4080 hominem,
3605 4011 3722 4082 juxta

2191 4105 2527 4176 Scripturas;
2577 4109 2855 4178 peperisse
2883 4118 3064 4164 autem
3091 4111 3396 4173 carnaliter,
3429 4108 3522 4162 huc
3545 4115 3630 4168 est,
3655 4115 3721 4156 se-

2191 4198 2424 4252 cundum
2454 4215 2706 4266 carnem;
2738 4201 2937 4255 etenim
2963 4199 3104 4255 Deus
3127 4210 3182 4255 et
3213 4200 3371 4254 Pater
3396 4197 3559 4253 divino
3598 4191 3722 4247 modo

2191 4292 2403 4362 peperit
2436 4307 2502 4348 ex
2549 4309 2668 4349 sese
2715 4294 2882 4348 Deum
2912 4293 3127 4349 Filium.
3162 4294 3268 4350 Sed
3289 4293 3529 4364 quoniam
3556 4289 3602 4344 id
3620 4285 3724 4359 quod

2189 4398 2255 4435 ea:
2277 4399 2434 4436 carne
2455 4385 2708 4448 nascitur,
2736 4401 2856 4439 caro
2873 4393 2949 4438 est
2971 4384 3153 4455 (Joan.
3180 4402 3255 4450 ιιι,
3280 4385 3354 4455 6),
3373 4383 3566 4455 peperit
3577 4378 3719 4446 Virg".

2115 4472 2165 4534 D
2188 4474 2340 4541 quasi
2372 4487 2516 4540 caro,
2550 4475 2858 4530 carnaliter.
2892 4475 3079 4545 Neque
3107 4491 3240 4532 vero
3271 4476 3510 4531 interimo
3537 4483 3718 4541 genera-

2194 4562 2357 4616 tionis
2386 4563 2720 4630 miraculum,
2747 4580 2921 4634 neque
2950 4565 3159 4635 abnego
3200 4567 3368 4621 sancti
3393 4564 3602 4634 Spiritus
3625 4572 3722 4627 ope-

2193 4653 2478 4719 rationem,
2511 4670 2608 4724 per
2635 4670 2797 4724 quam
2828 4656 2881 4709 in
2911 4657 3066 4711 vulva
3097 4657 3250 4711 tinxit
3305 4657 3355 4711 id
3401 4654 3536 4724 quod
3577 4659 3723 4706 natum

2195 4752 2306 4810 est;
2351 4745 2445 4800 sed
2473 4746 2644 4815 magis
2671 4747 2984 4802 demonstro
3006 4748 3127 4817 quia
3168 4745 3597 4817 quemadmodum
3617 4742 3724 4796 Deus

2193 4836 2334 4906 parit
2361 4835 2556 4902 divine,
2589 4846 2643 4890 et
2670 4845 2728 4891 ut
2748 4837 2904 4893 decet
2923 4839 3110 4901 Deum,
3131 4838 3287 4908 juxta
3319 4853 3462 4894 suam
3493 4844 3722 4892 naturam.

2194 4925 2272 4981 sic
2292 4926 2450 4979 etiam
2474 4925 2658 4991 homo,
2690 4928 2945 4992 humane,
2978 4937 3034 4984 et
3053 4945 3200 4993 caro,
3227 4930 3524 4984 carnaliter.

2261 5016 2396 5071 Cum
2419 5019 2489 5072 sit
2511 5019 2671 5086 igitur
2691 5019 2833 5074 Deus
2854 5028 3046 5076 natura
3072 5021 3323 5086 Verbum,
3349 5021 3466 5076 licet
3487 5019 3656 5072 factum
3673 5011 3725 5066 sit

2190 5122 2336 5172 caro,
2387 5110 2620 5178 prodivit
2659 5111 2858 5174 divine,
2909 5122 2965 5166 et
2993 5120 3052 5166 ut
3079 5128 3265 5166 verum
3293 5112 3536 5166 decuerat
3561 5107 3723 5164 Deum:

2189 5200 2336 5255 solus
2363 5203 2506 5256 enim
2547 5203 2735 5258 habuit
2779 5207 3005 5259 matrem
3046 5205 3344 5274 innuptam,
3369 5211 3423 5257 et
3448 5215 3557 5256 eam
3582 5191 3724 5261 Virgi-

2189 5306 2313 5344 nem
2362 5295 2676 5359 reservavit,
2731 5310 2850 5364 quzc
2897 5312 3022 5352 eum
3065 5311 3228 5351 carne
3274 5299 3562 5366 pepererat.
3585 5288 3724 5355 Αιίιιιθ

2195 5381 2322 5437 illud
2345 5384 2600 5452 admiror,
2625 5387 2767 5456 quod
2788 5404 2909 5443 cum
2938 5389 3117 5460 pigeat
3147 5389 3296 5459 ipsos
3317 5395 3546 5442 sanctam
3585 5380 3724 5446 Virgi-

2190 5490 2315 5529 nem
2336 5475 2516 5532 dicere
2545 5478 2804 5545 Θιοτὸκον,
2854 5480 3036 5536 divino
3082 5479 3243 5536 modo
3282 5480 3450 5550 ipsam
3485 5473 3723 5546 perhibent

2185 5568 2480 5637 peperisse,
2515 5584 2688 5642 neque
2736 5573 2879 5628 enim
2927 5573 3104 5629 divine
3157 5573 3400 5629 nascitur
3420 5570 3570 5627 homo
3605 5576 3721 5621 com-

2183 5674 2378 5714 mutus.
