3978 6188
282 374 382 428 SM

279 491 423 544 Deus
472 498 575 553 est;
617 488 697 541 dic
745 503 858 540 eum
896 484 980 552 qui
1021 489 1310 552 assumptus
1357 489 1466 543 est,
1499 468 1617 551 quia
1661 493 1852 531 seruus.
1884 482 1932 538 Α
1961 474 2289 542 unigenitum
2323 473 2414 526 Dei
2443 470 2677 527 Verbum
2718 491 2729 525 :

275 582 429 635 Adde
455 578 831 651 conjunctionis
873 575 1057 629 deinde
1103 574 1430 645 dignitatem,
1472 571 1590 642 quia
1639 569 1855 622 duorum

276 675 566 728 auctoritas
604 670 887 726 communis
925 677 1026 733 est;
1069 667 1187 739 quia
1228 666 1440 719 duorum
1482 663 1659 717 eadem
1689 661 1857 732 digni-

278 777 384 824 tas.
418 763 739 819 manentibus
767 763 986 827 naturis,
1017 760 1262 830 conﬁtere
1290 757 1558 829 dignitatis
1586 755 1850 807 unitatem.

363 858 517 911 Vides
545 871 669 910 eum
711 862 928 908 naturas
974 852 1169 919 ubique
1206 865 1487 919 separare;
1530 863 1690 902 unam
1729 862 1856 901 vero

274 953 478 1016 facere,
526 957 587 1004 ut
634 948 748 1020 ipse
796 947 888 1011 ait,
939 943 1372 1006 venerationem,
1423 949 1477 996 et
1520 954 1854 994 communem

273 1043 655 1098 auctoritatem
677 1039 870 1101 dicere,
898 1045 950 1093 et
971 1037 1141 1090 solam
1163 1033 1431 1102 dignitatis
1451 1035 1682 1092 ἐνήτητα.
1701 1029 1858 1097 Quid-

271 1133 410 1202 quid
437 1139 618 1186 autem
646 1144 928 1185 commune
954 1136 1054 1192 est,
1089 1143 1194 1179 non
1225 1125 1314 1179 uni
1343 1132 1519 1194 potest
1547 1139 1666 1177 esse
1702 1139 1854 1176 enm-

270 1238 473 1288 mune,
508 1222 601 1277 sed
631 1220 714 1276 vel
741 1220 948 1274 duobus
975 1227 1150 1280 certe,
1182 1218 1267 1270 vel
1296 1214 1533 1285 pluribus
1567 1214 1854 1283 separatim

269 1322 334 1367 et
362 1313 588 1368 seorsim
615 1309 989 1378 intelligendis.
1024 1307 1127 1362 Pro
1155 1323 1259 1376 qua
1289 1306 1447 1373 igitur
1474 1321 1632 1358 causa
1671 1305 1853 1358 crimi-

271 1403 391 1457 nati
420 1410 542 1457 sunt
581 1415 902 1465 sermonem,
930 1414 1037 1467 quo
1059 1396 1264 1470 [Baluz.
1304 1392 1448 1465 quia]
1479 1395 1592 1449 luec
1629 1393 1854 1449 anathe-

269 1494 625 1548 matizamus?
647 1491 800 1558 Quod
829 1499 1032 1544 tantum
1060 1488 1259 1542 crimen
1289 1486 1614 1550 admisimus,
1655 1485 1697 1539 si
1732 1500 1856 1554 pro-

269 1588 419 1642 fanis
447 1596 502 1642 et
530 1585 684 1641 novis
704 1584 934 1640 Nestorii
961 1581 1149 1637 fabulis
1177 1581 1392 1651 pietatis
1413 1580 1659 1648 dogmata
1682 1594 1852 1648 oppo-

269 1685 506 1742 nentes,
564 1674 804 1730 tuitionis
853 1673 1076 1727 fratrum
1131 1678 1524 1740 competentem
1570 1669 1852 1723 habuimus

268 1769 543 1821 rationem
557 1768 579 1821 ?

1001 370 1058 426 S.
1099 367 1373 425 CYRILLI
1411 362 1924 422 APOLOGETICUS
1961 362 2327 418 ADVERSUS
2365 360 2810 430 ORIENTALES.

3435 365 3537 419 9ιέ

2772 488 2958 528 verum
3006 474 3142 529 scire
3192 474 3243 529 id
3283 476 3352 530 ita
3396 495 3533 544 esse,

1959 581 2064 619 non
2095 574 2177 618 est
2205 564 2442 618 dividere
2466 574 2684 618 naturas
2708 572 2832 634 post
2852 566 3129 620 unitatem.

2027 684 2256 759 Naturas
2284 700 2378 739 seu
2407 687 2582 759 φύρεις
2609 685 2790 759 posuit
2831 701 2929 759 pro
2955 687 3356 759 hypostasibus,
3392 695 3533 759 quod

1957 756 2174 832 curiose
2195 754 2737 832 observa’nduuipsed
2762 754 2978 832 nomine
2995 754 3200 832 ’ῥύσεως
3232 761 3374 832 aliud
3403 754 3534 819 nihil

1957 824 2223 898 intelligit,
2255 840 2416 894 quam
2454 825 2596 898 quod
2626 825 2679 878 in
2706 826 2906 898 scholis
2949 824 3035 882 res
3073 836 3277 884 natura:
3319 831 3530 898 dicitur,

1957 897 2372 963 apponiturque,
2404 903 2464 948 ut
2491 896 2660 958 aiunt,
2697 897 2804 950 enti
2837 899 3044 962 morali,
3075 907 3168 952 aut
3204 901 3365 954 etiam
3393 896 3533 957 accié

1956 964 2120 1037 denti.
2153 964 2330 1037 Quare
2351 965 2764 1037 voxistaqdaic,
2794 975 2953 1037 prout
2980 983 3045 1021 ex
3071 968 3331 1036 adjunctis
3353 971 3530 1027 deter-

1956 1034 2322 1108 min:_1t1_rr,__i_ta
2353 1035 2528 1108 varias
2552 1034 2968 1108 significationes
2997 1034 3234 1103 sortitur,
3273 1051 3432 1108 atque
3460 1046 3532 1098 ita

1956 1104 2094 1186 apud
2116 1103 2369 1186 Cyrillum
2395 1106 2542 1186 φύᾳις
2563 1112 2652 1160 τοῦ
2678 1106 2824 1186 λόγῳ
2849 1105 3074 1186 idipsum
3097 1115 3177 1186 est
3198 1103 3533 1181 quod-hypo-

1955 1178 2112 1248 stasis
2138 1178 2327 1239 Verbi;
2359 1182 2704 1248 contravero
2725 1178 2878 1248 φύσις
2904 1182 2993 1248 τοῦ
3036 1185 3162 1232 Θεοῦ
3189 1187 3270 1232 est
3293 1178 3534 1235 commu-

1956 1244 2039 1298 nis
2067 1259 2416 1321 personarum
2459 1244 2954 1321 divinitas,'pariter
2983 1247 3034 1321 in
3077 1248 3349 1321 humanis;
3381 1258 3533 1321 φύσις

1955 1321 2041 1392 «of»
2072 1315 2308 1392 κγριλλου
2334 1316 2549 1392 propria
2589 1315 2771 1392 utique
2798 1325 2890 1392 est
2930 1316 3113 1384 ipsius,
3145 1324 3202 1370 ut
3225 1315 3532 1386 loquuntur,

1956 1385 2322 1465 singularitas;
2353 1388 2503 1458 φύσις
2533 1391 2619 1442 τοῦ
2664 1387 2921 1461 ἀνθρώπου
2967 1395 3048 1440 est
3077 1395 3264 1441 natura
3290 1385 3532 1464 Commu-

1959 1459 2060 1520 nis,
2083 1463 2186 1508 etc.
2747 1459 2757 1461 “
2916 1510 2917 1513 η
3387 1459 3392 1464 ’

2028 1569 2226 1624 Verum
2255 1571 2300 1625 si
2319 1571 2438 1639 quis
2466 1571 2594 1624 velit
2617 1571 2720 1624 vim
2749 1571 2988 1642 mysterii
3019 1573 3310 1642 perspicaci
3336 1574 3532 1628 mentis

1956 1660 2112 1716 oculo
2141 1661 2356 1727 intueri,
2388 1668 2443 1716 et
2472 1661 2676 1735 [Baluz.
2703 1660 2791 1732 ex]
2825 1678 2890 1716 eo
2919 1663 3032 1732 ipso
3066 1661 3218 1718 facile
3247 1664 3530 1734 intelligat,

1955 1752 2098 1822 quod
2124 1768 2154 1806 a
2184 1753 2446 1824 principio
2492 1753 2740 1820 diximus,
2789 1755 2913 1825 quia
2955 1771 3059 1809 non
3099 1772 3248 1810 suam
3286 1766 3531 1812 naturam

348 1857 455 1912 Sed
476 1856 728 1928 quoniam
757 1856 906 1909 aiunt
932 1870 1018 1910 me
1045 1855 1179 1908 meis
1207 1852 1473 1909 adversari
1495 1851 1848 1918 sermonibus,
1887 1854 1928 1912 Β
1955 1845 2309 1914 apprehendit
2337 1845 2478 1900 Deus
2503 1845 2755 1911 Verbum,
2779 1845 2984 1918 [13111212.
3031 1847 3154 1901 add.
3187 1845 3302 1918 sed]
3346 1864 3530 1902 semen

268 1955 333 2002 et
367 1946 433 2000 ad
476 1945 847 2016 probationem
875 1944 1093 2013 hujusce
1129 1944 1208 1998 rei
1235 1943 1460 1998 recitant
1487 1950 1694 2013 partem
1735 1942 1851 2012 epi-

274 2037 434 2092 stola:
480 2051 633 2102 mea»,
680 2051 798 2105 qua:
836 2045 916 2090 est
945 2035 1008 2089 ad
1048 2043 1262 2090 sanctos
1302 2033 1594 2088 monachos
1621 2033 1848 2103 scripta;

268 2127 469 2182 decere
497 2125 822 2190 existimavi,
856 2125 922 2179 ad
951 2126 1054 2180 hoc
1078 2139 1291 2194 quoque
1318 2123 1494 2177 verbis
1520 2137 1607 2177 me
1633 2137 1853 2192 compe-

274 2219 514 2275 tentibus
541 2216 866 2288 respondere
890 2235 902 2270 :
929 2217 1079 2271 aiunt
1105 2217 1245 2271 enim
1275 2215 1406 2270 duas
1441 2222 1496 2269 et
1523 2229 1609 2268 me
1655 2213 1853 2269 dixisse

274 2311 632 2372 substantias,
667 2319 720 2364 et
745 2311 849 2364 hoc
875 2309 974 2364 sibi
1005 2307 1071 2362 ad
1099 2308 1466 2378 probationem
1496 2305 1739 2362 sullicere
1767 2323 1854 2362 ar-

277 2402 565 2456 bitrantur.
590 2399 770 2456 Posito
809 2401 970 2468 igitur
1005 2407 1158 2471 parte
1195 2399 1451 2470 epistolaz,
1482 2397 1706 2453 inferam
1728 2414 1854 2453 mox

274 2508 362 2558 ea,
407 2494 599 2564 quibus
643 2492 929 2547 mendaces
975 2491 1171 2561 ubique
1218 2497 1273 2545 et
1321 2489 1588 2560 vaniloqui
1634 2488 1855 2544 convin-

274 2593 490 2638 cantur.

351 2673 593 2742 Epistula
620 2691 632 2726 :
665 2672 806 2744 Ergo
835 2682 1079 2745 quantum
1108 2669 1354 2743 pertinuit
1384 2669 1454 2724 ad
1475 2673 1737 2742 prapriam
1760 2689 1856 2726 na-

271 2776 470 2829 turam,
502 2783 605 2819 non
637 2766 1016 2835 sanctiﬁcatum
1054 2773 1131 2817 est
1169 2763 1335 2818 solum
1363 2765 1528 2834 ipsum
1557 2780 1646 2834 per
1673 2781 1727 2817 se
1757 2762 1856 2818 Dei

281 2856 531 2921 Verbum;
559 2857 639 2910 sin
668 2874 780 2910 vero
803 2864 897 2921 est,
916 2857 1000 2927 qui
1023 2855 1278 2908 existimet
1299 2871 1411 2909 eum
1432 2857 1515 2926 qui
1530 2864 1605 2908 est
1622 2863 1772 2908 natus
1793 2872 1857 2909 ea:

271 2958 466 3003 sancta
502 2947 732 3020 Virgine,
756 2959 963 3001 unctum
994 2948 1172 3019 fuisse,
1207 2956 1256 3000 et
1284 2947 1662 3016 sanctiﬁcatum
1692 2945 1854 3000 solum

263 3042 446 3111 ipsum
467 3057 556 3108 per
583 3056 664 3104 se,
698 3049 1064 3110 proptereaque
1091 3036 1352 3092 Christum
1376 3054 1487 3090 esse
1512 3038 1850 3102 nominatum,

268 3130 522 3201 procedat
548 3131 600 3182 in
629 3129 868 3194 medium,
900 3137 948 3183 et
969 3127 1163 3198 probet,
1195 3126 1328 3200 quod
1356 3128 1528 3180 unctio
1556 3126 1668 3180 sola
1708 3128 1852 3198 sufﬁ-

1957 1934 2212 2000 Abrahas;
2244 1945 2268 1972 ⁸
2300 1951 2407 2006 quo
2446 1942 2658 2005 sumpto
2700 1951 2766 1990 ex
2804 1937 2962 1990 beata
2991 1935 3228 2004 Virgine,
3270 1940 3532 2007 processit

1955 2025 2136 2091 homo,
2168 2033 2225 2080 ut
2253 2024 2506 2082 fratribus
2526 2027 2930 2092 assimilaretur,
2959 2038 3014 2082 et
3041 2028 3400 2098 appellaretur
3422 2031 3531 2098 pri-

1954 2116 2288 2183 mogenitus,
2329 2117 2421 2186 qui
2459 2123 2541 2171 est
2569 2117 2889 2185 unigenitus.
2921 2116 3026 2172 Sed
3075 2118 3284 2171 tametsi
3313 2119 3532 2174 alterius

1952 2219 2158 2262 natura:
2198 2210 2265 2264 sit
2293 2225 2508 2279 corpus,
2548 2217 2742 2279 prmter
2771 2208 3002 2264 Verbum
3033 2209 3126 2264 Dei
3167 2209 3358 2275 Patris,
3390 2219 3530 2264 atta-

1954 2313 2076 2353 men
2101 2306 2182 2354 est
2212 2316 2368 2362 unus,
2392 2308 2447 2354 et
2479 2298 2741 2364 Christus,
2773 2304 2826 2354 et
2856 2297 3037 2364 Filius,
3079 2308 3133 2353 et
3162 2300 3318 2366 Deus,
3342 2309 3395 2354 et
3419 2301 3528 2355 Do-

1955 2390 2150 2456 minus,
2175 2391 2298 2446 licet
2327 2391 2498 2446 factus
2517 2391 2585 2446 sit
2606 2406 2760 2456 caro;
2793 2398 2847 2445 et
2873 2407 3011 2446 vera:
3032 2392 3248 2446 nuituis
3268 2394 3532 2448 rationem

1955 2481 2276 2538 labefactare
2317 2483 2675 2552 periculosum
2723 2491 2824 2548 est,
2874 2491 2928 2537 et
2974 2499 3256 2538 secernere
3301 2484 3354 2538 in
3399 2483 3532 2541 duos

1957 2575 2095 2630 ﬁlios
2124 2576 2326 2648 [Baluz.
2354 2577 2408 2630 in
2437 2576 2569 2632 duas
2598 2573 2798 2646 partes]
2828 2577 3148 2632 substantias
3167 2618 3180 2642 ,
3223 2585 3278 2632 et
3317 2593 3408 2632 eas
3447 2577 3531 2632 di-

1957 2683 2140 2722 versas
2166 2666 2383 2738 quidem
2411 2683 2530 2723 esse
2550 2667 2728 2722 dicere
2753 2668 2892 2722 inter
2918 2683 2996 2732 se,
3019 2675 3072 2721 et
3101 2675 3374 2737 separatas
3403 2685 3531 2738 pro-

1958 2759 2186 2830 prietate
2225 2775 2359 2825 sua,
2413 2760 2584 2814 solam
2631 2766 2810 2814 autem
2855 2759 3052 2815 habere
3101 2760 3534 2830 conjunctionem

1959 2853 2313 2918 extrinsecus,
2343 2858 2397 2906 et
2426 2853 2788 2906 honorarium.

2029 2943 2086 2998 Si
2109 2959 2236 2998 vero
2254 2943 2492 2998 dicamus
2517 2944 2812 2997 naturalem
2843 2943 3035 3009 i'vmcrw,
3058 2958 3239 2998 veram
3265 2943 3532 3012 dicemus;

1957 3035 2188 3090 maxime
2215 3050 2338 3090 cum
2365 3034 2540 3090 divina
2571 3034 2842 3104 Scriptura
2871 3035 2973 3089 hac
3008 3035 3240 3090 dictione
3280 3042 3387 3088 tam
3427 3034 3534 3090 fre-

1957 3133 2185 3196 quenter
2206 3134 2406 3180 utatur.
2429 3125 2626 3180 Scribit
2651 3126 2842 3181 alicubi
2868 3126 3055 3179 beatus
3076 3123 3271 3181 Paulus
3295 3145 3307 3179 :
3335 3125 3404 3180 Et
3425 3143 3536 3182 era-

268 3221 408 3284 ciat,
437 3237 569 3284 eum,
595 3220 679 3289 qui
707 3220 932 3290 ungitur,
969 3217 1234 3272 declarare
1261 3217 1443 3288 gloria:
1474 3215 1648 3271 Patris
1676 3221 1850 3272 consi-
1881 3221 1924 3283 C
1955 3235 2067 3273 mus
2103 3225 2292 3272 natura
2320 3219 2418 3288 ﬁlii
2446 3219 2569 3283 irae,
2601 3219 2734 3272 sicut
2761 3218 2932 3272 atteri
2959 3216 3125 3289 (Eph.
3152 3234 3215 3282 ιι,
3247 3218 3330 3286 5).
3365 3218 3533 3272 Nemo

268 3309 471 3374 mitem,
493 3309 814 3381 ejusdemque
833 3309 968 3363 sedis
995 3325 1106 3363 esse
1132 3325 1246 3362 cum
1265 3307 1396 3374 Deo,
1418 3309 1503 3380 qui
1523 3318 1600 3362 est
1621 3309 1856 3364 omnibus

268 3401 603 3454 eminentior.

350 3490 484 3545 Nam
509 3492 635 3560 quia
666 3491 762 3545 Dei
801 3491 1036 3546 Verbum
1064 3490 1287 3546 seorsim
1327 3492 1661 3548 nominatum
1702 3493 1856 3548 Chri-

269 3590 442 3649 stum,
473 3582 748 3637 Nestorius
775 3599 1034 3638 novarum
1060 3583 1512 3653 blasphemiarum
1543 3585 1699 3641 nobis
1721 3585 1852 3657 [Ba-

267 3677 382 3731 luz.
408 3672 601 3746 novus]
628 3675 876 3730 inventor
894 3674 1151 3741 affirmat;
1183 3675 1409 3730 seorsim
1430 3683 1608 3730 autem
1629 3683 1683 3731 et
1702 3692 1856 3746 sepa-

271 3768 441 3822 ratim
463 3765 734 3822 Christum
761 3767 942 3832 alium,
973 3767 1064 3836 qui
1086 3775 1169 3821 est
1193 3775 1350 3821 natus
1377 3782 1442 3822 ex
1471 3767 1690 3836 Virgine
1717 3785 1729 3820 :
1756 3783 1856 3822 nos

271 3857 585 3926 huiusmodi
609 3859 776 3929 ipsius
795 3858 1124 3927 opinionem,
1154 3865 1426 3928 tamquam
1453 3858 1630 3912 minus
1653 3867 1851 3928 aptam,

269 3956 336 4004 et
367 3949 740 4018 incongruam,
778 3957 834 4003 et
871 3956 1020 4004 extra
1053 3950 1308 4004 terminos
1335 3949 1564 4019 positam
1593 3951 1852 4016 veritatis,

270 4040 669 4108 vituperamus;
721 4049 776 4095 et
821 4055 995 4110 neque
1047 4040 1144 4095 Dei
1184 4039 1356 4095 Patris
1402 4040 1634 4096 Verbum
1681 4043 1854 4097 solum

271 4131 460 4200 ipsum
495 4146 593 4200 per
619 4145 677 4184 se
723 4140 777 4186 et
813 4132 1037 4186 seorsim
1067 4139 1285 4186 unctum
1329 4147 1447 4188 esse
1493 4133 1614 4188 oleo
1659 4133 1856 4189 laetitia:

271 4219 627 4287 affirmamus,
653 4235 826 4289 neque
854 4237 1013 4291 porro
1034 4222 1258 4276 seorsim
1288 4229 1343 4276 et
1369 4223 1542 4277 solum
1568 4223 1736 4292 ipsum
1759 4239 1854 4293 per

275 4325 342 4364 se
370 4309 573 4382 [Baluz.
619 4311 742 4364 add.
787 4309 865 4380 ut]
893 4312 1182 4377 hominem,
1229 4320 1283 4366 et
1327 4313 1488 4366 alium
1516 4328 1633 4368 esse
1663 4312 1854 4366 Filium

277 4399 518 4454 Verbum
569 4399 661 4454 Dei
707 4399 899 4464 Patris,
930 4409 1123 4470 praeter
1152 4400 1319 4464 illum,
1360 4402 1447 4469 qui
1495 4409 1577 4456 est
1605 4410 1760 4456 natus
1789 4417 1854 4457 ex

277 4490 516 4559 virgine;
548 4490 642 4545 sed
671 4507 835 4545 unum
862 4492 1028 4558 magis
1050 4489 1317 4544 Christum
1342 4499 1591 4560 oportere
1619 4492 1854 4546 afﬁrma-

275 4595 426 4642 mus,
457 4578 522 4632 ab
551 4580 796 4633 omnibus
828 4580 1090 4634 nominari
1121 4580 1471 4645 incarnatum,
1502 4588 1556 4633 et
1584 4581 1855 4636 hominem
1886 4581 1934 4640 D
2031 4617 2112 4671 Ex
2139 4616 2364 4679 duabus,
2408 4621 2467 4668 ut
2507 4613 2816 4684 loquuntur,
2849 4613 3026 4681 Specie
3068 4610 3409 4664 dissimilibus

276 4667 482 4721 factum
503 4669 829 4736 unigenitum
851 4669 945 4722 Dei
967 4669 1227 4723 Verbum:
1259 4667 1400 4724 Unus
1422 4669 1562 4724 enim
1587 4669 1858 4736 Dominus,

277 4775 392 4812 una
420 4758 578 4827 ﬁdes,
607 4775 765 4812 unum
794 4757 1048 4829 baptisma
1079 4758 1243 4830 (Eph.
1290 4777 1359 4823 iv,
1393 4758 1472 4828 5).
1520 4759 1657 4814 Nulli
1703 4761 1862 4828 igitur

277 4849 489 4904 volenti
528 4858 672 4904 recta
716 4851 916 4905 sentire
961 4851 1241 4904 obscurum
1273 4857 1387 4914 est,
1420 4850 1538 4906 illos
1567 4851 1860 4920 depravare

276 4957 492 5006 eorum,
539 4957 658 5011 qua:
687 4958 716 4995 a
757 4959 842 4996 me
882 4951 1005 4996 sunt
1044 4943 1268 5010 scripta,
1300 4943 1648 5008 sententiam,
1691 4950 1746 4997 et
1773 4943 1859 4996 hic

275 5047 498 5103 quoque
527 5034 844 5088 ealiunniam
867 5033 1040 5088 facere
1062 5034 1291 5088 veritati.

353 5120 413 5174 ld
433 5130 610 5176 autem
637 5124 798 5177 etiam
820 5123 888 5178 ob
916 5124 1075 5177 aliam
1103 5138 1316 5178 causam
1344 5130 1549 5177 rectum
1578 5130 1679 5187 est,
1705 5129 1759 5177 et
1787 5123 1854 5177 ab

277 5213 433 5269 omni
459 5215 642 5283 procul
666 5216 1052 5285 vituperatione
1071 5224 1394 5270 summotum
1417 5234 1427 5267 :
1454 5215 1696 5269 novimus
1717 5215 1858 5268 enim

276 5305 550 5372 videlicet,
594 5308 718 5377 quia
767 5307 908 5362 aliud
953 5307 1200 5379 quiddam
1226 5307 1429 5380 [Baluz.
1463 5307 1567 5360 alia
1596 5305 1858 5376 quaedaml

279 5403 367 5448 est
387 5409 514 5449 caro
535 5396 862 5466 proprietate
882 5407 1082 5450 natura)
1102 5413 1211 5450 sum
1232 5403 1425 5466 pneter
1447 5395 1695 5460 Verbum,
1719 5395 1860 5465 quod

278 5494 367 5538 est
396 5495 580 5539 natum
612 5501 678 5540 ex
707 5484 892 5552 Patre;
924 5486 1066 5540 aliud
1096 5502 1258 5557 porro
1284 5485 1492 5540 ratione
1521 5493 1724 5538 naturae
1753 5500 1862 5538 sua:

1957 3315 2038 3362 est
2083 3316 2264 3363 autem
2290 3307 2384 3378 qui
2420 3307 2598 3372 dicat,
2641 3307 2774 3360 iram
2822 3306 3056 3360 divinam
3103 3316 3290 3360 natura
3334 3307 3535 3362 halicae

1955 3399 2341 3463 substantiam,
2374 3398 2446 3453 ita
2492 3405 2551 3452 ut
2590 3398 2753 3454 etiam
2797 3398 2960 3466 ipsius
3007 3395 3099 3450 filii
3143 3396 3388 3452 dicantur
3418 3413 3535 3452 esse

1954 3499 2268 3561 peccantes:
2289 3506 2411 3546 nam
2433 3490 2477 3545 si
2501 3489 2576 3544 ita
2595 3488 2904 3554 dixerimus,
2928 3489 3126 3543 erimus
3151 3504 3342 3558 nempe
3363 3488 3410 3540 Μ
3416 3490 3534 3543 ani-

1955 3584 2227 3638 chaeorum
2267 3581 2434 3636 furori
2463 3581 2796 3647 consimiles;
2837 3580 2932 3635 sed
2957 3596 3188 3646 suum,
3231 3579 3408 3650 posuit
3435 3594 3534 3650 pro

1956 3691 2022 3738 eo
2051 3673 2195 3743 quod
2223 3681 2325 3738 est,
2355 3689 2642 3727 vsmrns.

2031 3765 2169 3834 Ergo
2196 3781 2304 3819 non
2342 3761 2727 3819 confundentes
2755 3769 3006 3826 naturas,
3037 3777 3156 3827 nec,
3187 3763 3537 3831 quemadmo-

1951 3857 2085 3912 ‘dum
2128 3854 2419 3910 adversarii
2461 3859 2912 3916 commemorant,
2943 3852 3084 3905 inter
3111 3868 3167 3906 se
3196 3867 3286 3905 eas
3311 3853 3534 3905 comini-

1956 3954 2188 4012 scentes,
2237 3945 2532 4000 naturalem
2577 3943 2802 3998 dicimus
2847 3941 3018 4008 ἕνωσιν
3068 3942 3286 4007 factam;
3332 3941 3424 3995 sed
3464 3955 3531 3994 ex

1958 4037 2162 4092 duabus
2183 4036 2342 4090 rebus
2370 4033 2732 4097 dissimilibus,
2760 4031 2812 4086 id
2834 4040 2935 4096 est,
2958 4046 3022 4085 ex
3044 4031 3243 4084 deitate
3265 4037 3318 4083 et
3344 4030 3533 4083 huma-

1959 4128 2144 4192 nitate,
2171 4142 2333 4181 unum
2365 4125 2558 4180 factum
2581 4139 2699 4180 esse
2718 4120 3008 4186 Christum,
3038 4120 3246 4185 Filium,
3276 4127 3330 4174 et
3350 4119 3532 4173 Domi-

1958 4234 2107 4282 num,
2137 4218 2333 4286 ubique
2373 4214 2716 4269 aflirmamus.
2753 4211 3074 4281 Apollinaris
3116 4224 3243 4263 vero
3281 4208 3531 4277 dogmata

1959 4308 2089 4362 nulli
2117 4308 2336 4361 omnino
2378 4320 2518 4378 cura:
2561 4301 2765 4374 [Baluz.
2809 4300 3002 4372 causae]
3043 4307 3167 4354 sunt
3209 4299 3389 4363 nobis;
3439 4314 3533 4353 eos

1958 4399 2188 4461 etenim,
2235 4397 2326 4464 qui
2377 4396 2535 4449 semel
2597 4401 2867 4460 tamquam
2906 4390 3147 4445 veritatis
3191 4397 3534 4460 corruptores

1954 4487 2197 4543 damnati
2222 4492 2365 4549 sunt,
2397 4483 2648 4538 convenit
2675 4482 2928 4536 aversari.

3441 4624 3533 4662 na—

1960 4691 2095 4745 turis
2119 4687 2258 4742 facta
2278 4694 2360 4741 est
2381 4701 2483 4739 una
2503 4681 2828 4754 hypostasis,
2851 4697 3090 4749 unusque
3110 4681 3367 4754 Christus,
3389 4694 3532 4754 usus

1961 4759 2142 4819 Filius,
2174 4773 2310 4810 unus
2341 4750 2615 4818 Dominus,
2636 4769 2788 4817 unus,
2819 4753 3054 4821 inquam,
3087 4750 3527 4821 sulistantialiter,

1960 4837 2013 4882 et
2060 4829 2166 4883 καθ’
2197 4828 2501 4892 ὑπόστασιν,
2551 4840 2654 4878 non
2699 4839 2836 4878 unus
2883 4820 3090 4877 tantum
3133 4820 3426 4882 moraliter,
3478 4825 3533 4871 et

1961 4902 2090 4954 κατὰ
2112 4901 2318 4970 σχέσιν.

2361 5023 2831 5063 ANATUEMATISMUS
2867 5022 3122 5070 QUARTUS.

2031 5120 2084 5175 Si
2101 5120 2217 5189 quis
2232 5121 2474 5190 personis
2488 5119 2712 5184 duabus,
2736 5119 2846 5172 sive
2862 5115 3189 5178 substantiis,
3213 5131 3392 5180 voces,
3416 5131 3532 5184 qure

1959 5219 2084 5266 sunt
2112 5212 2163 5264 in
2192 5210 2512 5279 evangelicis
2535 5209 2617 5264 vel
2645 5209 2953 5279 apostolicis
2979 5209 3207 5278 scriptis,
3231 5207 3529 5276 dispertiat:

1960 5305 2042 5357 vel
2075 5318 2190 5373 qua:
2219 5303 2284 5356 de
2311 5300 2522 5357 Christo
2569 5317 2598 5355 a
2637 5303 2833 5358 sanctis
2871 5301 3135 5367 dicuntur,
3182 5302 3266 5355 vel
3305 5317 3422 5369 quze
3467 5301 3534 5354 ab

1963 5392 2168 5465 [Baluz.
2201 5392 2286 5463 ex]
2317 5393 2433 5462 ipso
2458 5391 2525 5447 de
2553 5408 2611 5447 se
2640 5393 2777 5462 ipso,
2808 5402 2861 5448 et
2889 5393 2986 5446 has
3014 5393 3248 5461 quidem,
3273 5400 3331 5445 ut
3355 5392 3528 5445 homi—

1967 5483 2046 5546 ni,
2077 5483 2166 5551 qui
2197 5491 2390 5552 prrcter
2418 5483 2512 5537 Dei
2543 5483 2770 5538 Verbum
2800 5484 3023 5539 seorsim
3062 5484 3404 5551 intelligatur,
3436 5481 3531 5535 de-

1437 5593 1977 5672 CASTIGATIONES
2018 5594 2103 5648 ΕΤ
2144 5595 2368 5650 NOTAE.

358 5699 382 5726 ⁸
417 5689 593 5746 Baluz.
633 5693 778 5747 addit
807 5695 890 5747 hic
916 5711 925 5744 :
961 5690 1066 5744 Nec
1095 5707 1209 5744 vero
1243 5698 1318 5744 est
1350 5689 1498 5744 verba
1532 5688 1622 5741 Dei
1647 5690 1697 5739 in
1733 5688 2016 5740 substantia
2043 5688 2206 5742 siniile
2240 5700 2469 5742 sanctum
2500 5709 2699 5760 corpus,
2731 5691 2863 5760 στοά
2891 5699 2966 5744 est
2989 5708 3052 5744 ex
3075 5691 3260 5743 semine
3281 5688 3530 5748 Mra/ur;

283 5778 406 5839 quo,
436 5770 536 5815 etc.
566 5762 714 5816 Eon.
