3978 6188
451 334 558 391 945

949 331 1135 388 ιιιιιιι
1177 326 1615 383 ιιὶιιιιμιτῡιιιδ
1656 324 2221 382 τιιιιιδιιλτιοκεδ
2260 323 2618 382 νςιιιιοιιυιι
2657 324 3183 383 ορυδιιυιυιιυιι.

3615 332 3746 387 οιι

453 457 622 519 putet,
651 451 748 504 has
774 457 921 507 vero,
954 447 1012 495 ut
1032 440 1256 503 divinas,
1281 437 1381 493 soli
1411 437 1522 491 Deo
1558 436 1764 501 Verbo;
1797 435 2022 490 anathe-
2054 440 2095 497 A
2127 436 2172 490 si
2196 449 2356 489 voces
2384 436 2486 492 sint
2513 434 2830 491 individuus?
2856 435 3269 492 Ascribemusne
3294 454 3476 494 vocem
3507 452 3747 497 naturae

453 558 537 597 ma
566 544 651 596 sit.

839 661 1197 705 REPREHBNSlO
1226 658 1633 699 ιιιιιετιεοιιωι.

518 792 616 848 llic
640 803 853 861 quoque
878 788 1049 856 ipsum
1070 798 1289 838 suorum
1317 781 1625 848 dogmatum
1656 779 1905 833 convenit
1933 776 2026 832 ad-

448 899 685 947 mouere,
715 883 767 936 iu
798 880 992 948 quibus
1034 877 1108 931 ait
1148 873 1369 945 (Homil.
1410 872 1496 937 l7,
1528 869 1798 939 Paschal.)
1837 888 1848 923 :
1893 867 1962 923 Et
1981 870 2026 924 si

448 977 670 1031 audieris
700 974 905 1045 [Balu1..
946 967 1218 1038 audierit],
1250 965 1393 1035 quod
1432 963 1745 1035 proﬁciebat
1785 970 1943 1016 aetate
1971 968 2027 1017 et

447 1068 709 1139 sapientia
741 1074 794 1120 et
817 1064 1006 1133 gratia,
1038 1079 1101 1115 ne
1122 1061 1351 1131 profectu
1378 1058 1583 1126 sapiens
1610 1056 1767 1125 fuisse
1798 1051 2022 1123 (Luc.u,

449 1159 548 1228 52)
581 1158 672 1211 Dei
713 1154 931 1209 Verbum
971 1151 1258 1222 putaveris;
1299 1146 1473 1201 sedne
1509 1144 1638 1198 illud
1658 1143 1860 1215 quidem
1883 1144 2023 1195 ausis
2058 1178 2059 1183 η

447 1250 643 1310 dicere,
677 1243 812 1316 quod
840 1244 1123 1314 profectum
1154 1238 1348 1301 anatis,
1370 1235 1637 1306 sapientia
1660 1242 1708 1286 et
1728 1234 1912 1303 gratiae
1932 1232 2024 1285 ho-

446 1341 573 1393 mini
614 1339 951 1407 assignemus.
992 1331 1098 1387 Sed
1138 1330 1236 1384 etsi
1266 1336 1423 1396 neget
1462 1324 1751 1394 Scripturae
1779 1324 2021 1378 testimo-

447 1433 615 1494 nium,
649 1428 880 1490 docens,
910 1423 1055 1494 quod
1077 1421 1228 1491 juxta
1265 1417 1528 1473 visibilem
1559 1429 1776 1469 carnem
1813 1412 2023 1467 Domini

446 1519 717 1591 profectus
741 1515 920 1579 ﬁebat,
953 1530 1059 1568 non
1088 1517 1169 1565 est
1204 1518 1381 1563 tamen
1423 1514 1632 1575 tempus
1660 1504 1821 1559 modo
1851 1504 2024 1572 ipsum

446 1612 784 1673 convincere,
803 1606 957 1661 nobis
981 1604 1048 1657 ad
1068 1600 1357 1671 capitulum
1382 1599 1713 1669 propositum
1734 1596 2026 1650 festinanti-

443 1707 542 1759 bus
566 1720 579 1756 :
606 1710 665 1755 ut
689 1700 830 1755 enim
853 1698 1161 1767 probemus,
1183 1694 1355 1762 ipsum
1384 1691 1515 1744 duas
1536 1688 1859 1743 substantias
1879 1687 2025 1741 dice-

2130 525 2311 579 Batuz.
2346 526 2665 598 naturalem)
2695 528 2790 591 illi,
2821 542 2941 596 qua:
2971 528 3278 583 novissimis
3295 534 3635 599 temporibus
3658 549 3745 586 ex

2125 618 2329 671 semine
2360 617 2524 671 David
2568 616 2704 672 facta
2735 627 2847 683 est,
2876 619 3116 674 dicentes
3145 636 3339 691 nempe
3370 621 3570 693 [Batuz.
3604 642 3736 678 om.

2125 707 2365 762 dicentes
2393 707 2632 779 nempe],
2662 717 2949 779 antequam
2980 710 3249 765 Abraham
3275 721 3439 778 esset,
3462 723 3516 768 et
3542 714 3741 769 David

2125 806 2285 862 esset,
2309 797 2477 867 ipsam
2502 797 2684 863 fuisse,
2715 806 2770 854 et
2797 800 2976 854 omnia
3000 816 3096 870 per
3123 802 3292 870 ipsam
3321 801 3493 857 facta?

2196 892 2277 944 An
2307 890 2475 958 magis
2501 890 2716 960 pietatis
2743 891 2941 945 intuitu
2964 933 2979 958 ,
3023 892 3228 947 naturis
3273 893 3547 948 inconfuse
3586 909 3743 947 ma-

2124 981 2411 1046 nentibus,
2462 988 2517 1036 et
2555 981 2760 1036 unitate
2807 980 3050 1049 indivisa,
3074 997 3237 1037 voces
3282 984 3569 1037 secundum
3600 984 3740 1037 vim

2124 1073 2530 1143 conjunctarum
2556 1082 2886 1139 naturarum,
2910 1074 3047 1128 sicut
3075 1090 3236 1144 supra
3264 1074 3458 1129 dictum
3487 1084 3584 1139 est,
3614 1077 3745 1128 im-

2122 1172 2388 1235 putemus,
2420 1164 2474 1217 in
2504 1179 2669 1218 unum
2691 1161 2874 1227 lilium,
2907 1171 2961 1217 et
2991 1162 3293 1228 Dominum,
3335 1171 3388 1218 et
3413 1162 3743 1225 Christum.

2124 1268 2232 1307 non
2262 1253 2313 1306 in
2344 1268 2504 1307 unam
2534 1261 2801 1315 naturam,
2833 1253 3013 1308 omnia
3040 1251 3412 1307 conferentes?
3439 1253 3527 1307 Sic
3554 1262 3621 1306 ut
3653 1268 3741 1305 ex

2122 1358 2232 1397 uno
2260 1343 2475 1397 nomine
2503 1350 2749 1396 naturam
2769 1351 3050 1412 utramque
3071 1343 3454 1411 intelligamus,
3483 1354 3745 1413 propter

2125 1432 2314 1489 ἶνὼσιν
2338 1448 2600 1487 summam
2619 1474 2633 1498 ,
2663 1440 2718 1486 et
2750 1432 2905 1486 nobis
2932 1432 3376 1500 inintelligibilem
3407 1451 3419 1485 :
3454 1432 3521 1487 Ut
3553 1449 3743 1485 nenia

2125 1523 2356 1577 ascendit
2390 1524 2445 1577 in
2477 1522 2689 1587 caelum,
2722 1524 2822 1577 nisi
2855 1524 2941 1594 qui
2975 1523 3037 1576 de
3076 1523 3201 1576 caelo
3235 1522 3521 1585 descendit,
3564 1523 3743 1592 ﬁlius

2125 1614 2364 1678 hominis,
2394 1615 2479 1685 qui
2506 1622 2580 1667 est
2609 1614 2662 1666 in
2691 1612 2816 1667 coelo
2841 1612 3028 1684 (Joan.
3059 1629 3145 1678 ιιι,
3180 1612 3298 1683 15);
3330 1621 3383 1667 et
3403 1628 3561 1682 porro
3598 1631 3615 1665 :
3661 1611 3740 1665 Si

2124 1705 2352 1759 videritis
2400 1705 2619 1758 hominis
2657 1704 2823 1774 ﬁlium
2852 1704 3232 1767 ascendentem,
3269 1703 3355 1756 ubi
3394 1711 3504 1755 erat
3552 1711 3743 1754 antea

447 1810 525 1860 re,
559 1800 613 1849 et
639 1787 954 1860 sibimetipsi
980 1798 1299 1857 repugnare,
1328 1780 1605 1852 posuimus
1644 1794 1708 1834 ea
1737 1793 1855 1848 qua:
1896 1785 2020 1831 ante

2126 1795 2314 1868 (Joan.
2350 1812 2417 1862 vi,
2451 1794 2576 1865 63);
2609 1810 2789 1850 nonne
2817 1811 2884 1850 ex
2914 1794 3278 1865 appellatione
3317 1793 3408 1847 lilii
3435 1793 3696 1847 hominis
3719 1832 3737 1855 ,

445 1885 602 1939 dixit.

515 1972 766 2031 Personis
794 1976 975 2025 autem
996 1966 1220 2030 duabus,
1249 1963 1335 2019 vel
1355 1961 1668 2018 substantiis
1687 1959 1914 2025 duabus,
1939 1961 2025 2014 vel

446 2069 655 2123 duobus
682 2062 886 2139 [Baluz.
911 2078 1012 2115 om.
1036 2053 1265 2128 duobus]
1288 2053 1406 2111 ﬁliis
1421 2094 1437 2120 ,
1465 2056 1807 2121 sejungentes
1826 2053 2022 2116 ἕνωσιν,

445 2160 559 2215 sive
581 2171 743 2212 unum
772 2153 983 2217 Filium,
1011 2164 1174 2205 voces
1202 2156 1388 2217 aptare
1419 2161 1525 2200 non
1551 2143 1804 2199 convenit
1832 2160 1843 2195 :
1882 2142 2022 2197 indi-

447 2252 602 2306 vidua
619 2246 761 2303 enim
784 2254 838 2301 et
858 2240 1228 2313 inseparabilis
1247 2253 1452 2294 summa
1475 2236 1563 2290 illa
1586 2238 1785 2301 ἕνωσιν,
1807 2242 1861 2289 et
1889 2250 2025 2289 unus

447 2353 527 2400 est
555 2343 748 2407 Filius,
777 2338 922 2394 omni
951 2336 1188 2398 ratione,
1219 2340 1273 2387 et
1302 2330 1548 2384 omnibus
1575 2328 1767 2382 modis.
1800 2325 2025 2381 Servata

449 2437 606 2508 igitur
632 2433 857 2496 unitate,
892 2440 1104 2495 unoque
1127 2434 1181 2479 et
1209 2421 1343 2477 Filio
1382 2427 1436 2475 et
1463 2417 1677 2473 Christo
1715 2425 1770 2473 et
1797 2416 2025 2471 Domino

447 2530 835 2588 demonstrato,
864 2520 957 2576 uni
995 2517 1278 2586 eidemque
1319 2512 1487 2576 Filio;
1507 2525 1571 2565 ea
1598 2524 1717 2578 qua:
1753 2508 2025 2575 dicuntur,

446 2627 662 2693 oportet
682 2625 886 2688 aptare.
902 2610 1019 2667 Non
1040 2607 1276 2665 dividere
1298 2612 1475 2660 autem
1489 2617 1651 2658 voces
1670 2601 2022 2669 evangelicas,

449 2691 532 2767 vel
559 2725 678 2781 qua:
705 2708 773 2763 ab
801 2707 915 2777 ipso
944 2700 1169 2757 Domino
1195 2697 1262 2753 de
1290 2696 1466 2766 seipso
1492 2693 1760 2775 dicuntur,
1790 2691 1875 2745 vel
1908 2706 2026 2761 quae

450 2805 501 2859 ia
531 2800 723 2858 litteris
752 2792 1059 2868 apostolicis
1086 2790 1274 2861 positae
1294 2794 1419 2841 sunt
1446 2784 1642 2840 furoris
1670 2782 1897 2851 ingentis
1919 2789 2020 2836 est.

517 2893 651 2948 Nam
678 2891 724 2945 si
750 2900 910 2943 voces
947 2899 1055 2938 non
1084 2878 1407 2941 dividamus,
1436 2874 1629 2945 quibus
1657 2872 1828 2928 oculis
1855 2870 2023 2940 inspi-

447 2987 650 3042 ciamus
668 2977 1050 3040 Eunomianns,
1079 2973 1164 3027 vel
1195 2970 1441 3035 Arianos,
1471 2967 1563 3039 qui
1582 2965 1782 3031 omnia,
1804 2979 1921 3034 quze
1945 2963 2026 3018 di-

446 3084 659 3141 cuntur,
691 3074 744 3128 in
765 3084 925 3125 unam
953 3065 1127 3122 solent
1151 3062 1395 3118 conferre
1424 3067 1690 3122 naturam,
1713 3062 1765 3110 et
1797 3052 2025 3109 humiles

2124 1894 2179 1939 et
2207 1886 2376 1949 illum,
2407 1886 2501 1954 qui
2539 1883 2817 1939 inconfuse
2845 1892 2901 1939 et
2941 1883 3369 1953 inseparabiliter
3394 1890 3472 1937 est
3498 1882 3547 1937 ei
3574 1897 3745 1935 con-

2119 1978 2355 2048 junctus,
2407 1977 2731 2048 accipimus?
2761 1976 2788 2015 b
2819 1992 2944 2031 nam
2990 1984 3045 2030 et
3085 1976 3131 2031 si
3170 1975 3337 2030 lilium
3382 1976 3619 2029 hominis
3667 1990 3745 2028 se

2122 2069 2337 2134 dixerit,
2363 2077 2583 2139 propter
2603 2075 2889 2137 assumpta:
2918 2075 2973 2122 et
2994 2065 3216 2121 visibilis
3236 2066 3410 2122 carnis
3438 2074 3740 2129 naturam,

2125 2158 2294 2213 Deum
2323 2173 2383 2214 se
2428 2167 2611 2214 tamen
2655 2159 2810 2214 factis
2845 2157 3191 2224 ostendebat,
3248 2164 3303 2212 et
3347 2172 3506 2227 porro
3555 2156 3742 2211 Iesus

2125 2247 2356 2305 Christus
2386 2268 2476 2321 per
2502 2267 2650 2323 quem
2686 2251 2861 2305 omnia
2891 2248 3060 2321 (Heb.
3092 2266 3148 2314 ιι,
3177 2247 3299 2319 10),
3323 2256 3378 2302 et
3402 2263 3583 2319 porro,
3618 2246 3736 2299 Je-

2124 2359 2212 2396 sus
2232 2342 2465 2397 Christus
2494 2343 2602 2397 heri
2631 2352 2680 2397 et
2700 2344 2869 2409 hodie,
2888 2343 3023 2397 idem
3050 2344 3160 2413 ipse
3178 2351 3227 2396 et
3251 2344 3306 2395 in
3327 2341 3513 2396 secula
3543 2338 3734 2411 (Πρὸ.

2126 2449 2238 2498 xui,
2263 2433 2340 2503 8).
2374 2433 2429 2489 Si
2459 2434 2578 2488 heri
2597 2441 2652 2489 et
2672 2433 2851 2497 hodie,
2884 2433 3155 2503 quomodo
3177 2448 3274 2502 per
3296 2432 3463 2502 ipsum
3487 2431 3691 2484 omnia
3712 2432 3739 2482 2

2126 2523 2194 2579 Et
2221 2525 2267 2581 si
2295 2541 2392 2596 per
2419 2526 2595 2596 ipsum
2616 2526 2817 2592 omnia,
2840 2525 3111 2595 quomodo
3138 2525 3256 2579 heri
3280 2533 3334 2580 et
3378 2523 3573 2579 hodie?
3606 2522 3743 2576 Sed

2127 2625 2182 2673 et
2209 2617 2353 2687 quod
2382 2620 2557 2672 omnia
2586 2634 2676 2689 per
2705 2620 2881 2689 ipsum
2919 2632 3109 2672 verum
3135 2624 3246 2683 est;
3277 2624 3332 2670 et
3357 2614 3498 2684 quod
3525 2615 3649 2667 heri
3686 2623 3743 2667 et

2126 2707 2297 2772 hodie,
2322 2708 2648 2763 credendum
2668 2715 2784 2775 est;
2813 2716 2867 2763 et
2895 2708 3036 2779 quod
3061 2708 3198 2762 idem
3218 2716 3265 2762 et
3285 2709 3340 2761 in
3366 2707 3573 2770 scecuta,
3596 2721 3745 2759 (ιρι-

2127 2801 2388 2855 tissimum
2416 2808 2517 2866 est,
2558 2800 2604 2856 si
2650 2800 2943 2855 secundum
2985 2800 3352 2855 diversitatem
3398 2806 3744 2852 naturarum

2127 2876 2403 2947 inconfuse
2457 2900 2511 2947 et
2560 2892 2987 2961 inseparabiliter
3036 2890 3481 2959 conjunctarum,
3541 2903 3740 2942 voces

2126 2984 2505 3055 aptaverimus,
2551 2983 2947 3052 intelligentes,
2993 2982 3283 3037 secundum
3326 2979 3462 3050 quod
3495 2978 3740 3033 visibile

2126 3081 2229 3141 est,
2259 3075 2368 3129 heri
2388 3084 2436 3128 et
2461 3074 2640 3139 hodie,
2676 3075 2968 3129 secundum
3008 3074 3356 3142 intelligibile,
3385 3074 3435 3125 in
3467 3064 3733 3133 swcula';

446 3164 790 3222 humanitatis
824 3174 985 3215 voces
1030 3156 1098 3210 ad
1141 3151 1433 3209 divinitatis
1476 3148 1678 3203 referre
1723 3145 2023 3240 fastigium?
2051 3178 2096 3240 Ο
2126 3166 2416 3222 secundum
2456 3181 2586 3223 vero
2614 3165 2849 3222 micatis
2880 3163 3343 3237 coniunctionem,
3373 3178 3526 3215 unum
3560 3178 3738 3215 eum-

449 3257 544 3312 Vel
571 3252 841 3325 quomodo
868 3249 1227 3315 intelligamus
1251 3240 1461 3298 Domini
1482 3254 1660 3304 voces,
1684 3237 1775 3307 qui
1801 3241 2023 3307 propter

445 3347 620 3403 carnis
649 3351 895 3399 naturam
924 3338 1188 3394 visibilem
1214 3332 1349 3389 dixit
1385 3349 1398 3385 :
1445 3328 1568 3384 Non
1596 3330 1709 3382 veni
1738 3344 1905 3382 meam
1935 3344 2024 3381 vo-

444 3440 692 3493 luntatem
732 3434 899 3505 facere
923 3427 1113 3501 (Joan.
1147 3442 1232 3487 vi,
1262 3421 1382 3491 58).
1415 3418 1482 3473 Et
1509 3416 1638 3473 illud
1668 3435 1680 3471 :
1714 3415 2022 3471 Mandatum

444 3527 637 3599 accepi,
667 3522 786 3599 quid
809 3521 998 3585 dicam,
1028 3526 1077 3571 et
1100 3514 1222 3588 quid
1250 3513 1431 3586 loquar
1460 3509 1639 3581 (Joan.
1663 3525 1758 3574 xu,
1777 3506 1897 3599 L9).

446 3598 647 3692 Egon:
668 3632 746 3670 me
766 3610 896 3667 nihil
917 3611 1053 3682 facio
1084 3605 1262 3679 (Joan.
1286 3618 1396 3669 vm,
1421 3600 1536 3673 28).
1567 3599 1636 3692 {Et
1660 3618 1672 3654 :
1696 3598 1929 3653 Ascendo
1951 3598 2022 3651 ad

444 3690 654 3764 Putrem
686 3721 873 3769 meum,
904 3710 952 3756 et
980 3700 1189 3755 Patrem
1215 3704 1453 3761 vestrum,
1489 3701 1538 3748 et
1562 3690 1727 3745 Deum
1755 3706 1943 3755 meum,
1970 3697 2024 3744 et

443 3799 605 3854 Deum
634 3806 851 3852 vestrum
877 3790 1052 3864 (Ioan.
1078 3805 1169 3854 xx,
1194 3787 1311 3857 l7),
1342 3794 1397 3841 et
1421 3792 1615 3841 caetera
1638 3781 1985 3853 .hujusmodi?

511 3892 643 3947 Nam
669 3889 716 3945 si
746 3883 1028 3944 ἱιιόἰνίὰιιω
1056 3883 1164 3937 sint
1193 3894 1373 3944 voces,
1403 3878 1541 3933 sicut
1567 3883 1623 3932 et
1658 3886 1885 3937 naturai,
1918 3871 2021 3927 erit

439 3987 605 4059 ipsius
626 4000 722 4055 per
741 3997 800 4037 se
822 3976 1081 4047 unigeniti
1100 3975 1199 4030 Dei
1220 3974 1362 4028 Deus
1382 3972 1572 4037 Pater;
1603 3970 1848 4024 minister
1867 3983 2017 4032 vero,

437 4058 492 4134 ct
522 4073 878 4132 internuntius
906 4065 1281 4121 mandatorum
1308 4061 1483 4116 Patris
1512 4061 1696 4125 Filius,
1727 4059 1880 4128 juxta
1905 4058 2020 4113 dei-

438 4182 621 4227 tatem.
660 4166 727 4221 Et
753 4164 798 4217 si
825 4159 1054 4216 humiles
1082 4170 1243 4211 voces
1268 4155 1322 4207 in
1353 4158 1601 4207 naturam
1633 4150 1846 4205 deitatis
1874 4149 2017 4204 refe-

437 4277 635 4323 ramus,
667 4256 753 4311 cui
780 4252 1150 4310 ascribamus:
1184 4245 1297 4318 Ego
1340 4251 1390 4299 et
1436 4242 1599 4296 Pater
1636 4258 1794 4295 unum
1842 4255 2015 4294 sumus

438 4353 622 4422 (Joan.
658 4365 720 4413 x,
767 4345 895 4416 30);
928 4351 1019 4399 et:
1055 4338 1206 4405 Quod
1250 4336 1431 4393 eadem
1462 4335 1626 4407 faciat
1653 4334 1782 4403 ipse,
1814 4347 1926 4403 qua:
1966 4340 2017 4384 et

439 4444 617 4498 Pater.
631 4438 725 4494 Et:
743 4434 1181 4500 Quemadmodum
1201 4431 1336 4486 enim
1354 4427 1516 4482 Pater
1535 4426 1749 4479 suscitat
1762 4432 2009 4487 mortuos,

2123 3255 2353 3328 demque.

2584 3405 2866 3447 BESPONSIO
2902 3405 3224 3447 οιιτιιουοιι.

2196 3503 2456 3562 Videlicet
2482 3506 2596 3562 haec
2622 3507 2848 3561 intentio
2880 3505 2958 3560 eis
2982 3513 3084 3570 est,
3114 3505 3205 3574 qui
3240 3503 3649 3559 inconsiderate
3672 3511 3739 3561 et

2125 3603 2328 3651 temere
2367 3597 2639 3667 obiurgari
2673 3596 3005 3652 contendunt
3047 3594 3539 3659 anathematismos,
3569 3609 3739 3663 quos

2122 3694 2232 3740 tam
2261 3688 2481 3754 utiliter,
2526 3696 2581 3744 et
2623 3688 2927 3744 necessario
2961 3686 3204 3753 fecimus,
3248 3687 3381 3741 nihil
3409 3695 3464 3740 ut
3501 3688 3739 3755 possint

2123 3776 2328 3849 [Batuz.
2364 3779 2495 3834 nihil
2522 3776 2793 3851 prorsum]
2822 3786 3027 3833 rectum
3050 3817 3067 3843 ,
3115 3793 3215 3832 nec
3243 3777 3460 3842 sentire,
3490 3792 3592 3831 nec
3628 3778 3730 3831 di-

2121 3891 2263 3938 cere,
2292 3873 2388 3928 sed
2415 3885 2474 3926 se
2501 3876 2709 3925 tantum
2731 3868 3025 3924 maledicos
3040 3876 3094 3922 et
3116 3868 3503 3922 obtrectatores
3524 3874 3735 3920 osten—

2120 3968 2249 4023 dere
2282 3984 2294 4018 :
2328 3979 2452 4017 nam
2480 3963 2526 4017 si
2548 3976 2657 4017 suae
2697 3960 2893 4015 mentis
2921 3959 3134 4014 oculum
3172 3957 3385 4027 scriptis
3424 3955 3738 4024 diligenter

2122 4057 2415 4114 voluissent
2443 4053 2722 4109 intendere
2744 4093 2760 4119 ,
2791 4059 2937 4107 certe
2965 4058 3353 4119 cognoscerent
3372 4090 3388 4115 ,
3432 4063 3490 4103 se
3531 4051 3729 4117 magis

2122 4148 2622 4206 anathematismum
2663 4144 2927 4212 suffragiis
2975 4144 3361 4213 comprobare,
3406 4148 3459 4195 et
3487 4156 3559 4195 ex
3605 4142 3735 4207 his,

2121 4257 2239 4312 qua:
2268 4240 2365 4311 ipsi
2397 4245 2670 4301 accusant,
2700 4235 2975 4291 evidenter
2998 4233 3304 4296 ostendere,
3323 4247 3428 4285 non
3457 4232 3735 4300 imperito

2120 4347 2238 4387 esse
2291 4346 2322 4385 a
2366 4328 2522 4384 nobis
2566 4326 2786 4393 factum,
2823 4336 2845 4364 ε
2877 4333 2931 4380 et
2979 4322 3252 4395 quomodo
3307 4322 3359 4376 id
3407 4329 3683 4391 praestent
3708 4363 3728 4387 ,

2118 4424 2311 4479 dicam.

436 4539 511 4588 ita
535 4541 583 4587 et
606 4530 794 4593 Filius,
825 4542 948 4598 quos
978 4525 1100 4587 vult,
1123 4518 1542 4591 viviﬁcat(Joan.
1567 4533 1619 4580 v,
1646 4513 1731 4580 l9,
1755 4514 1883 4583 2i)?
1904 4512 2010 4568 Sed
2043 4554 2094 4613 Β
2186 4515 2282 4569 Vir
2307 4516 2481 4569 bonus
2509 4511 2784 4567 Nestorius
2806 4550 2821 4575 ,
2852 4524 2975 4564 cum
3018 4510 3072 4563 in
3112 4507 3353 4563 Ecclesia
3382 4506 3721 4577 praedicaret

435 4634 517 4680 est
555 4631 728 4686 certe,
770 4620 924 4689 juxta
954 4614 1158 4689 [Batuz.
1192 4612 1315 4664 add.
1345 4608 1531 4679 ipsius]
1562 4606 1773 4662 Domini
1801 4619 2011 4668 vocem,

437 4728 460 4753 θ
494 4716 673 4779 Pater,
704 4720 758 4767 et
779 4710 938 4764 Pater
962 4713 1015 4760 et
1042 4704 1182 4758 Deus
1212 4701 1378 4772 ipsius
1403 4718 1415 4751 :
1450 4698 1589 4752 Deus
1617 4696 1830 4765 quidem
1853 4696 2013 4760 illius,

433 4809 525 4877 Qui
574 4802 875 4861 novissimis
920 4794 1250 4866 temporibus
1291 4805 1357 4846 ex
1395 4787 1598 4843 semine
1640 4786 1800 4839 David
1823 4784 2015 4850 factus,

434 4875 723 4953 secundum
744 4903 959 4948 carnem
983 4893 1091 4951 est;
1121 4883 1280 4937 Pater
1301 4894 1427 4935 vero
1452 4877 1632 4943 Verbi,
1647 4875 1791 4944 quod
1812 4891 1877 4930 ex
1900 4875 2018 4942 ipso

433 4996 688 5042 aternum
705 4983 910 5057 [Batus
928 4974 1098 5046 caste]
1114 4971 1618 5044 impassibiliterque
1639 4975 1694 5022 et
1706 4980 1918 5035 semper
1933 4971 2017 5017 est

437 5088 638 5143 natum,
675 5055 895 5132 ﬁlietato
925 5087 1031 5127 uno
1070 5066 1231 5123 modo
1259 5070 1469 5119 servata
1498 5060 1703 5135 [Βαιαι.
1732 5055 2014 5126 servanda]

436 5181 489 5226 et
506 5168 802 5225 manifesta.
821 5162 1100 5232 Quomodo
1115 5160 1257 5214 enim
1282 5155 1604 5225 accipiemus
1624 5170 1635 5205 :
1660 5152 1841 5215 Amen,
1861 5165 2012 5202 amen

435 5264 549 5316 dico
596 5259 755 5323 vobis,
788 5266 1059 5327 antequam
1096 5248 1356 5305 Abraham
1390 5253 1541 5310 esset,
1572 5259 1663 5315 ego
1692 5257 1805 5295 sum
1830 5238 2006 5312 (Joan.

436 5370 551 5418 vin,
574 5351 692 5421 58);
715 5359 799 5405 et:
827 5346 1014 5401 Omnia
1042 5362 1132 5417 per
1158 5345 1325 5414 ipsum
1350 5342 1489 5413 facta
1511 5346 1630 5392 sunt
1649 5333 1826 5407 (Joan.
1852 5350 1889 5397 t,
1922 5333 2006 5403 5);

2116 4608 2219 4662 hoc
2239 4606 2373 4661 dixit
2402 4607 2419 4677 (
2448 4606 2615 4660 Serm.
2644 4601 2695 4668 5,
2722 4603 2806 4675 qui
2825 4601 2861 4654 ‘2
2883 4604 2935 4655 in
2976 4600 3250 4671 Proetum)
3284 4618 3297 4654 :
3328 4599 3398 4653 Ut
3416 4598 3469 4651 id
3495 4599 3722 4652 eviden-

2116 4701 2215 4752 tius
2244 4697 2530 4768 clariusque
2559 4694 2791 4749 omnibus
2816 4695 2933 4764 ﬁat,
2954 4702 3003 4747 et
3022 4692 3231 4746 Arionis
3259 4702 3309 4746 et
3333 4690 3720 4753 Eunomianis,

2116 4797 2167 4842 et
2191 4787 2611 4858 Apollinaristis,
2633 4794 2681 4838 et
2703 4786 2958 4849 omnibus,
2986 4785 3072 4854 qui
3094 4792 3213 4837 sunt
3246 4782 3475 4853 ejusdem
3509 4784 3717 4851 gregis,

2118 4880 2342 4934 studium
2364 4886 2439 4931 est
2459 4876 2647 4939 dicere,
2670 4877 2935 4938 θεοτόκον,
2966 4876 3133 4945 quasi,
3170 4874 3536 4927 commixtione
3571 4890 3717 4942 qua-

2084 4957 2088 4961 .
2121 4970 2240 5023 dam
2262 4971 2421 5040 facta,
2464 4976 2513 5021 et
2540 4968 2742 5019 naturis
2774 4965 2982 5019 minime
3010 4965 3186 5018 divisis
3208 4963 3421 5035 [Baluz.
3463 4963 3716 5017 dividen-

2120 5059 2231 5131 dis]
2257 5078 2402 5114 voces
2432 5058 2646 5112 humiles
2672 5073 2777 5111 non
2806 5057 2868 5111 de
2895 5056 3217 5110 humanitate
3254 5057 3634 5125 acciperentur,
3661 5067 3717 5108 et

2118 5150 2284 5203 locum
2322 5149 2607 5203 invenirent
2644 5146 2887 5200 adversus
2922 5145 3181 5209 deitatem,
3206 5155 3463 5216 tamquam
3502 5147 3717 5207 omnia,

2116 5257 2230 5310 qua:
2253 5240 2512 5301 dicuntur,
2548 5238 2612 5291 de
2634 5254 2737 5290 uno
2782 5235 3057 5305 eodemque
3098 5235 3354 5287 dicantur.
3388 5233 3480 5287 llis
3511 5234 3582 5285 ita
3616 5232 3711 5286 di~

2115 5331 2233 5395 ctis,
2279 5328 2709 5384 commodissime
2756 5325 3284 5379 anathematismusa
3313 5324 3465 5379 nobis
3510 5331 3591 5377 est
3624 5323 3713 5377 fa-

1603 5444 2145 5504 CASTIGATIONES
2186 5444 2271 5499 ET
2310 5444 2534 5499 NOTIE.

1244 5547 1399 5600 iidem
1428 5543 1620 5605 carnis,
1650 5554 1763 5610 qua:
1791 5537 2012 5592 novissi-

505 5569 528 5595 "
569 5559 748 5612 Daluz.
786 5574 797 5608 ε
840 5554 998 5607 Pater
1036 5550 1170 5604 Deus

1244 5618 1358 5670 avid
1388 5618 1527 5686 facta
1555 5609 1863 5674 estJ’ater,
1904 5617 2008 5663 etc.

430 5634 527 5685 mis
557 5626 862 5699 ternporibus
883 5641 943 5678 ex
974 5625 1165 5677 semine

433 5704 563 5757 Eutr
574 5743 584 5754 .

2190 5533 2216 5572 δ
2257 5534 2473 5586 Baluz.:
2506 5532 2644 5587 Nam
2674 5536 2718 5587 si
2746 5544 2797 5588 et
2818 5534 3093 5588 Dominum
3124 5532 3346 5585 hominis
3366 5531 3552 5582 diceret
3572 5545 3709 5595 pro-

2116 5612 2246 5672 pter,
2272 5612 2373 5655 (διο.
2409 5602 2560 5657 Enn.

2117 5668 2415 5796 q‘aget’erlba
2443 5683 2493 5726 et
2520 5675 2770 5745 quomodo
2791 5675 2843 5728 id
2864 5682 3108 5744 praestent
3128 5672 3295 5724 dicam
3319 5668 3557 5723 Baluzius
3586 5682 3707 5720 non

2283 5781 2296 5794 .
2367 5760 2489 5796 .mr.
