3978 6188
202 313 316 369 955

922 314 979 371 S.
1021 312 1295 370 CYRILLI
1333 311 1862 370 APOLOCETICUS
1901 312 2265 371 ADVERSUS
2295 307 2749 372 OlllENTALES.

3385 319 3488 377 illo

202 438 348 490 ctus,
373 441 477 480 non
505 425 828 491 concedens,
855 426 908 481 in
945 428 1079 484 duas
1105 443 1364 498 personas
1390 427 1555 483 dividi
1581 468 1596 494 ,
1629 428 1712 483 vel
1741 427 1794 481 in
1822 433 1868 490 Α
1903 430 2006 490 liis.
2037 444 2129 482 nec
2177 429 2375 484 duabus
2419 433 2652 501 personis
2683 431 2972 486 dividimus.
3019 430 3198 504 Neque
3232 435 3368 488 enim
3395 437 3491 488 du-

200 519 344 574 duas
373 519 701 574 substantias
731 536 895 574 unum
921 521 1204 577 Dominum
1229 520 1410 577 Jesum
1430 521 1722 577 Christum.

281 611 437 679 Quod
463 627 596 666 vero
639 613 743 681 ipsi
769 627 986 682 quoque
1027 614 1186 671 dictis
1232 616 1432 672 nostris
1482 615 1798 681 assentiant,

198 705 561 774 conspicuum
584 712 760 760 estex
787 705 868 759 his
893 720 1012 775 quae
1041 716 1096 762 et
1118 707 1319 764 sentire
1339 707 1462 778 ipsi,
1490 716 1544 762 et
1567 707 1800 762 scribere

199 796 552 860 studuerunt,
584 810 704 864 qua:
730 811 789 852 se
817 796 890 850 ita
914 798 1115 853 habent
1148 816 1160 851 :
1194 798 1444 853 Personis
1471 808 1645 853 autem
1668 799 1800 852 dua-

197 890 325 952 bus,
346 888 422 942 vel
451 887 650 942 duabus
677 887 997 955 substantiis,
1038 891 1114 945 vel
1140 892 1267 962 ﬁliis
1287 893 1482 948 duobus
1513 893 1794 964 (unitatem

200 977 498 1031 dividentes
523 978 628 1032 sive
654 993 814 1032 unum
846 980 1048 1051 ﬁlium)
1088 999 1233 1036 voces
1263 993 1445 1054 aptare
1484 1000 1588 1038 non
1617 1000 1798 1039 conve-

200 1070 326 1121 nit:
354 1067 619 1121 individua
642 1069 778 1122 enim
801 1079 851 1123 et
872 1070 1232 1141 inseparabilis
1254 1090 1456 1128 summa
1477 1075 1571 1128 illa
1594 1077 1798 1139 ἓνωσις,

199 1170 257 1212 et
286 1176 420 1213 unus
447 1168 524 1212 est
543 1159 706 1229 ﬁlius,
729 1162 868 1215 omni
890 1163 1112 1230 ratione,
1136 1173 1186 1218 et
1210 1165 1445 1220 omnibus
1477 1166 1678 1231 modis;
1699 1183 1804 1220 ser-

197 1261 329 1306 vata
349 1252 510 1322 igitur
529 1268 730 1306 summa
751 1255 969 1319 unitate,
1010 1271 1228 1328 unoque,
1245 1264 1294 1311 et
1323 1257 1484 1324 Filio,
1507 1269 1555 1312 et
1576 1257 1801 1325 Christo,

198 1356 257 1398 et
281 1344 526 1410 Domino,
547 1347 919 1414 demonstrato,
948 1351 1038 1404 uni
1057 1352 1319 1424 eidemque
1343 1353 1454 1423 ﬁlio
1480 1370 1562 1420 ea,
1587 1369 1702 1426 qua:
1723 1355 1805 1408 di-

199 1445 416 1501 cuntur,
447 1446 645 1507 oportet
665 1447 864 1507 aptare.
885 1437 1158 1503 therum,
1181 1443 1338 1513 juxta
1366 1444 1465 1497 vim
1496 1452 1802 1498 naturarum

202 1534 637 1602 conjunctarum,
662 1535 751 1588 uni
780 1533 890 1603 [ilio
931 1553 1045 1607 qua
1068 1536 1329 1604 dicuntur,
1369 1547 1553 1610 aptare
1581 1548 1800 1611 oportet.

203 1627 355 1699 Ergo
383 1630 428 1685 si
457 1646 664 1685 summa
687 1630 775 1685 illa
803 1632 1249 1694 ama-servanda
1279 1642 1381 1700 est,
1422 1649 1541 1703 qua:
1576 1635 1689 1704 jam
1719 1635 1802 1691 di-

204 1726 432 1781 visionis
464 1728 600 1782 ratio
628 1727 800 1796 possit
826 1727 1124 1798 irrumpere
1141 1728 1347 1799 ]Baluz.
1365 1729 1805 1801 interrumpere]?

1905 519 2051 589 plex,
2091 520 2182 573 sed
2227 536 2358 575 unus
2398 531 2474 574 est
2500 531 2550 575 et
2576 523 2715 576 solus
2737 521 3002 588 Christus,
3033 525 3150 578 licet
3193 540 3257 578 ea:
3293 524 3490 578 duabus

1903 613 2052 667 rebus
2097 614 2310 670 diversis
2358 616 2677 688 intelligatur
2721 620 2775 672 in
2804 636 2962 673 unam
2999 619 3492 694 inseparabilemque

1902 709 2152 759 unitatem
2181 708 2342 778 fuisse
2387 708 2606 762 collatus
2643 725 2660 763 :
2691 711 2826 763 sicut
2860 712 3018 764 etiam
3058 710 3239 776 homo,
3272 712 3388 764 licet
3428 729 3493 765 ex

1902 802 2080 854 anima
2107 801 2426 874 intelligatur
2453 813 2505 857 et
2531 821 2764 876 corpore,
2795 822 2899 859 non
2927 806 3042 860 ideo
3064 805 3255 877 duplex
3282 815 3377 871 est,
3403 807 3494 860 sed

1902 911 2034 949 unus
2069 911 2134 948 ea:
2160 904 2392 966 utroque.
2432 895 2540 951 Sed
2585 897 2838 953 humanas
2879 915 3044 963 voces,
3092 915 3291 953 necnon
3337 900 3492 952 etiam

1905 987 2124 1052 divinas,
2155 986 2219 1040 ab
2246 989 2360 1059 ipso
2400 989 2633 1059 prolatas
2662 1006 2802 1055 esse,
2845 993 3126 1045 rectissime
3166 993 3488 1061 conﬁtemur.

1909 1080 2008 1134 Ubi
2031 1083 2187 1146 enim,
2217 1092 2273 1136 ut
2300 1082 2460 1148 Deus,
2492 1083 2554 1138 de
2575 1102 2631 1139 se
2653 1085 2799 1139 docet
2823 1084 3027 1157 [Baluz.
3054 1082 3198 1154 dicit]
3231 1104 3242 1138 :
3279 1083 3378 1149 Qui
3414 1101 3495 1138 me

1903 1171 2057 1237 videt,
2089 1172 2224 1226 videt
2251 1183 2301 1227 et
2327 1172 2541 1228 Patrem
2569 1193 2738 1230 meum
2764 1175 2944 1248 (Joan.
2978 1193 3086 1243 xxv,
3127 1175 3182 1246 9)
3209 1195 3222 1241 ;
3260 1186 3314 1231 et
3339 1194 3351 1229 :
3379 1176 3490 1247 Ego

1904 1273 1954 1317 et
1995 1263 2156 1318 Pater
2192 1281 2351 1318 unum
2389 1281 2563 1319 sumus
2611 1264 2788 1336 (Joan.
2817 1283 2880 1333 χ,
2913 1266 3031 1336 50);
3064 1266 3289 1320 divinam
3333 1267 3494 1336 ipsius

1907 1354 2259 1426 intelligimus,
2283 1373 2627 1428 arcanamque
2655 1366 2914 1423 naturam,
2937 1375 3028 1429 per
3055 1375 3208 1429 quam
3230 1367 3306 1411 est
3337 1373 3492 1411 unum

1907 1445 1976 1499 ad
2005 1444 2219 1500 Patrem
2255 1463 2431 1512 suum,
2465 1457 2673 1519 propter
2711 1447 3012 1504 substantia:
3039 1449 3331 1508 ταυτότητα
3367 1466 3379 1500 :
3420 1455 3494 1502 est

1908 1536 2044 1588 enim
2087 1535 2258 1606 imago
2292 1543 2341 1588 et
2379 1535 2568 1607 ﬁgura,
2617 1545 2668 1590 et
2717 1537 2889 1590 lumen
2936 1539 3118 1609 gloria:
3166 1538 3345 1608 ipsius.
3397 1536 3498 1591 Ubi

1907 1643 2026 1681 vero
2073 1627 2408 1680 humanitatis
2449 1644 2744 1682 mensuram
2785 1644 2890 1683 non
2927 1630 3242 1683 inhonorans
3281 1627 3496 1682 Juda‘os

1909 1720 2224 1792 alloquitur:
2256 1719 2416 1773 Nunc
2439 1737 2521 1775 me
2538 1723 2766 1793 quieritis
2785 1723 3076 1793 interficere
3113 1723 3388 1785 hominem,
3411 1726 3497 1794 qut

203 1827 268 1870 et
294 1817 340 1869 si
363 1815 486 1886 quis
513 1816 754 1872 dividere
782 1817 998 1884 audeat,
1044 1819 1232 1889 procul
1260 1835 1291 1873 a
1319 1827 1465 1875 recta
1507 1821 1696 1875 semita
1725 1821 1806 1876 vi-
1835 1813 1880 1873 Β
1909 1811 2170 1866 veritatem
2200 1809 2337 1865 vobis
2367 1811 2565 1866 locutus
2606 1828 2719 1867 sum
2750 1811 2928 1884 (Ioan.
2972 1830 3070 1878 vn,
3096 1813 3184 1885 l);
3234 1814 3499 1867 nihilomi-

203 1907 372 1962 detur
391 1922 593 1973 errare,
623 1916 678 1962 et
706 1923 735 1961 a
763 1909 979 1977 pietatis
1002 1909 1341 1978 dogmatibus
1362 1911 1675 1966 abhorrere.

180 2063 182 2068 τ
283 2009 310 2037 λ
350 1999 490 2066 Quid
521 2000 682 2068 igitur
708 1999 836 2055 dicit
870 2002 1388 2057 anathematismus?
1415 2003 1476 2058 Si
1518 2005 1632 2074 quis
1675 2002 1806 2057 divi-

206 2092 303 2144 dat
329 2108 474 2145 voces
495 2092 591 2145 hoc
618 2091 792 2156 modo,
829 2103 885 2146 ut
912 2093 1008 2147 has
1046 2093 1250 2164 quidem
1292 2104 1554 2166 tamquam
1588 2094 1804 2156 homini,

203 2184 296 2252 qui
319 2192 508 2252 praeter
527 2181 628 2236 Dei
664 2182 888 2237 Verbum
919 2186 1138 2239 seorsim
1163 2185 1516 2256 intelligatur,
1557 2185 1802 2256 deputet;

207 2276 308 2327 has
331 2290 447 2328 vero
476 2282 742 2346 tamquam
765 2275 986 2341 divinas,
1016 2277 1115 2330 soli
1145 2275 1254 2331 Deo
1287 2276 1490 2342 Verbo;
1521 2277 1805 2332 anathema

205 2367 298 2418 sit.
336 2363 478 2433 Ergo
507 2365 553 2421 si
577 2366 652 2431 hi,
681 2367 773 2435 qui
801 2365 1046 2421 dividunt
1073 2377 1128 2422 et
1165 2378 1418 2438 separant
1447 2370 1500 2422 in
1531 2369 1804 2424 hominem

204 2457 459 2522 seorsim,
489 2465 545 2513 et
571 2458 626 2514 in
657 2459 750 2514 Dei
782 2458 988 2531 [Baluz.
1039 2459 1228 2531 Deum]
1261 2459 1492 2514 Verbum
1541 2461 1766 2516 seorsim
1786 2501 1801 2528 ,

206 2566 317 2603 non
343 2549 586 2604 dividunt
623 2567 788 2605 unum
826 2551 1118 2616 Christum,
1148 2567 1249 2607 nec
1277 2552 1413 2608 duos
1434 2553 1572 2608 tilios
1599 2551 1802 2615 dicunt,

205 2642 409 2697 merito
438 2643 566 2697 mihi
595 2650 948 2699 succenseant
995 2643 1396 2714 objurgatores;
1445 2646 1527 2700 sin
1553 2660 1683 2700 vero
1731 2645 1805 2700 ita

205 2736 435 2801 sentire,
460 2736 620 2805 plane
638 2736 831 2791 divisio
859 2744 960 2802 est,
990 2738 1339 2806 quamobrem
1369 2753 1520 2793 meos
1547 2737 1804 2807 objurga-

207 2827 390 2880 vcrint
410 2842 720 2893 sermones;
744 2843 864 2883 cum
895 2829 1192 2898 praesertim
1221 2829 1321 2899 ipsi
1349 2831 1566 2899 quoque
1591 2844 1660 2884 ex
1680 2830 1763 2884 his
1787 2869 1802 2896 ,

205 2934 334 2987 quae
355 2918 558 2983 dicunt,
593 2919 923 2975 individuum
968 2929 1024 2975 et
1052 2937 1214 2975 unum
1245 2937 1346 2992 per
1373 2923 1632 2978 unitatem
1660 2938 1806 2978 sum-

207 3026 359 3064 mam
387 3010 746 3067 conliteantur
771 3028 890 3068 esse
918 3012 1274 3068 Emmanuel?

285 3099 313 3138 δ
356 3100 527 3157 Voces
564 3103 780 3172 quidem
809 3104 1062 3172 singulas,
1095 3120 1213 3174 qua:
1258 3114 1384 3161 sunt
1409 3106 1597 3173 dictae,
1623 3109 1710 3163 vel
1739 3109 1806 3164 de

1908 1919 2004 1956 nus
2031 1904 2216 1973 ipsum,
2247 1903 2333 1973 qui
2361 1912 2438 1957 est
2458 1903 2512 1956 in
2533 1903 2828 1975 aequalitate
2853 1913 2902 1958 et
2921 1904 3260 1958 similitudine
3294 1903 3494 1966 Putris,

1907 1990 2072 2045 Deum
2110 2003 2132 2032 ι’
2180 1991 2399 2047 Verbum
2427 2011 2492 2048 ea:
2521 1995 2717 2048 ueteris
2748 1995 2908 2065 ipsius
2946 1995 3279 2049 humanitatis
3318 1995 3498 2049 condi-

1907 2084 2127 2139 tionibus
2153 2087 2498 2156 agnoscimus.
2527 2083 2669 2140 Nam
2700 2087 2747 2140 si
2785 2102 2990 2142 necesse
3027 2097 3103 2142 est
3124 2087 3348 2153 credere,
3378 2089 3500 2161 quia

1906 2194 2020 2232 cum
2042 2179 2110 2232 sit
2147 2176 2286 2232 Deus
2321 2187 2531 2245 natura,
2563 2180 2732 2243 [actus
2760 2180 2828 2233 sit
2864 2196 3006 2244 caro,
3033 2181 3137 2234 sive
3174 2180 3346 2244 homo,
3381 2182 3500 2234 ani-

1907 2279 2048 2322 mata
2073 2285 2227 2323 carne
2253 2271 2429 2323 anima
2457 2268 2785 2335 rationabili;
2808 2286 2967 2342 quare
2985 2287 3287 2342 quemquam
3308 2271 3499 2341 pudeat

1907 2379 2085 2416 vocum
2112 2365 2292 2433 ipsius,
2322 2365 2368 2416 si
2396 2363 2621 2418 humano
2649 2379 2791 2418 more
2809 2365 2914 2416 sint
2941 2362 3131 2417 dictw?
3165 2362 3224 2418 Si
3254 2365 3391 2417 enim
3417 2381 3500 2417 re-

1908 2453 2076 2524 fugiat
2099 2451 2303 2525 [Baluz.
2337 2452 2426 2508 hic
2451 2461 2505 2509 et
2531 2453 2688 2519 infra,
2714 2451 2901 2526 fugiat]
2921 2470 3203 2518 sermones,
3225 2455 3310 2525 qui
3329 2454 3500 2508 viden-

1909 2553 1990 2597 tur
2029 2545 2224 2599 homini
2268 2547 2556 2612 convenire,
2589 2548 2700 2619 quis
2740 2563 2854 2601 eum
2885 2549 3048 2619 coegit
3085 2548 3202 2618 ﬁeri
3242 2548 3499 2602 hominem

1906 2638 2126 2692 similem
2155 2639 2354 2693 nostri?
2383 2637 2482 2703 Qui
2504 2657 2620 2694 vero
2645 2657 2701 2694 se
2729 2649 2938 2711 propter
2966 2657 3059 2694 nos
3080 2640 3219 2693 misit
3240 2640 3293 2692 in
3314 2641 3499 2695 rotun—

1907 2734 2096 2786 tariam
2124 2733 2511 2799 exinanitatem,
2547 2751 2700 2805 quam
2725 2731 2788 2788 ob
2811 2748 3022 2788 causam
3052 2735 3274 2806 refugiat
3297 2751 3500 2805 compe-

1908 2834 2065 2880 tentes
2112 2826 2418 2879 exinanitati
2465 2826 2762 2880 sermones?
2803 2824 2880 2879 De
2922 2843 3027 2879 una
3075 2827 3232 2898 igitur
3277 2842 3498 2896 persona

1905 2933 2050 2971 voces
2089 2933 2264 2971 omnes
2301 2918 2610 2988 evangelicae
2637 2918 2870 2973 dicenda:
2898 2927 3038 2983 sunt,
3062 2928 3111 2972 et
3152 2918 3214 2972 de
3243 2935 3346 2971 una
3379 2919 3500 2972 sub-

1907 3010 2102 3062 stantia
2135 3007 2289 3063 Verbi
2330 3010 2632 3064 incarnati:
2663 3007 2812 3064 Unus
2857 3010 2999 3064 enim
3049 3010 3306 3064 Dominus
3343 3008 3501 3064 Iesus

1907 3099 2151 3154 Christus
2181 3100 2222 3170 (1
2247 3099 2366 3156 Cor.
2411 3118 2519 3167 vin,
2552 3099 2628 3166 6),
2660 3102 2817 3173 juxta
2845 3101 3163 3173 Scripturas.
3197 3101 3362 3172 lgitur
3391 3119 3498 3158 non

205 3191 450 3258 Christo,
492 3195 576 3248 vel
613 3196 682 3250 ab
722 3195 860 3265 ipso,
902 3196 1196 3266 prudenter
1233 3197 1614 3268 sapienterque
1659 3200 1801 3255 πεί-
1832 3195 1877 3258 C
1908 3190 2256 3257 ostendimur,
2283 3191 2531 3260 ignorare
2552 3191 3030 3262 dispensationem,
3064 3207 3183 3262 quae
3212 3193 3502 3262 unicuique

207 3284 459 3354 piendas,
484 3294 540 3340 et
567 3287 681 3356 ipse
709 3286 933 3342 laudans
976 3279 1234 3354 assentio,
1266 3296 1322 3343 et
1366 3304 1556 3344 omnes
1592 3290 1683 3358 qui
1711 3305 1804 3345 so-

209 3375 329 3428 lent
363 3383 510 3430 recta
534 3376 736 3432 sentire
769 3395 782 3430 :
814 3377 933 3431 aliae
961 3377 1104 3432 enim
1131 3377 1325 3433 divina:
1363 3387 1507 3446 sunt,
1543 3379 1660 3434 alia:
1687 3395 1808 3435 car-

208 3468 296 3521 nis
327 3467 710 3538 dispensationi
756 3470 925 3538 magis
962 3470 1364 3526 convenientes.
1405 3471 1512 3526 Sed
1550 3473 1805 3541 quoniam

212 3574 358 3611 unus
406 3558 652 3628 idemque
699 3568 782 3614 est
826 3560 968 3615 Deus
995 3561 1155 3616 simul
1202 3569 1259 3616 et
1305 3561 1488 3627 homo,
1519 3570 1807 3632 propterea

209 3665 361 3704 nunc
407 3649 588 3706 divine
637 3651 893 3720 loquitur,
926 3667 1067 3707 nunc
1115 3652 1350 3707 humane
1382 3670 1395 3705 :
1428 3653 1584 3707 unius
1626 3660 1806 3706 tamen

207 3741 342 3796 Jcsu
368 3740 586 3806 Christi,
627 3749 682 3798 et
722 3743 820 3798 hos
850 3753 904 3799 et
928 3743 1048 3799 illos
1074 3743 1406 3798 allirmamus
1434 3759 1552 3798 esse
1595 3759 1806 3798 sermo-

208 3850 333 3896 nes,
374 3848 547 3903 neque
592 3833 868 3890 divinitate
915 3835 1178 3891 nudantes
1217 3835 1492 3904 templum,
1541 3835 1686 3904 quod
1725 3844 1808 3890 est

211 3932 403 3977 natum
434 3939 499 3978 ex
527 3925 760 3992 virgine;
793 3941 893 3980 nec
920 3925 1038 3981 sine
1066 3940 1228 3981 carne
1255 3926 1494 3980 dicentes
1522 3941 1641 3981 esse
1669 3926 1806 3981 Ver-

207 4015 345 4068 bum
374 4013 469 4069 Dei
502 4023 558 4069 et
586 4014 780 4080 Patris,
812 4024 936 4086 post
970 4031 1222 4071 arcanam
1255 4025 1311 4071 et
1333 4016 1660 4072 vineﬂabilem
1691 4017 1808 4072 uni-

209 4116 402 4160 tatem.

285 4197 424 4252 [llud
469 4207 649 4254 autem
689 4199 948 4264 admiror,
993 4199 1138 4270 quod
1186 4215 1312 4256 cum
1352 4200 1640 4257 videantur
1688 4216 1807 4256 mea

204 4291 431 4346 curiose
477 4291 686 4356 rimari,
732 4300 788 4346 et
831 4293 1282 4362 quemadmodum
1328 4294 1427 4364 ipsi
1476 4294 1805 4360 existimant,

206 4383 486 4439 subtiliter
527 4400 674 4439 meas
720 4393 1028 4441 scrutentur
1066 4386 1354 4456 epistolas;
1413 4387 1502 4441 illa
1555 4387 1803 4457 quidem,

207 4489 340 4545 qua:
365 4481 489 4530 sunt
517 4476 569 4530 in
599 4477 727 4546 ipsis
756 4477 906 4530 utilia
933 4485 988 4532 et
1016 4477 1340 4544 necessaria,
1373 4485 1426 4533 et
1451 4477 1519 4531 ad
1540 4478 1810 4549 probatio-

1908 3296 2014 3336 vox
2045 3279 2252 3354 [Baluz.
2283 3281 2424 3354 voci]
2454 3283 2772 3349 conveniat;
2799 3283 2893 3338 sed
2927 3283 3096 3351 magis
3137 3299 3242 3338 non
3273 3284 3496 3354 permit-

1908 3382 2023 3428 tere
2050 3372 2326 3447 ψυχικοῖς,
2358 3382 2413 3430 et
2431 3375 2677 3445 spiritum
2707 3375 2911 3448 [Baluz.
2944 3373 3242 3447 Christum]
3264 3391 3368 3430 non
3399 3375 3504 3430 ba-

1907 3467 2176 3535 bentibus,
2207 3467 2342 3523 duos
2363 3468 2500 3524 tilios
2531 3468 2829 3535 nominare,
2857 3469 2941 3524 vel
2970 3469 3176 3535 dicere,
3209 3468 3498 3524 dividenti—

1907 3559 2008 3614 bus
2036 3573 2067 3612 a
2086 3574 2207 3615 sese
2234 3560 2582 3624 substantias,
2608 3568 2732 3630 post
2772 3561 3184 3633 inseparabilem
3213 3562 3496 3616 unitatem.

1979 3649 2084 3705 Sed
2115 3652 2369 3720 quoniam
2398 3652 2767 3708 brevissimam
2797 3662 3002 3723 partem
3035 3662 3232 3708 nostra:
3259 3654 3500 3724 epistola:

1910 3741 1963 3795 in
1990 3743 2253 3813 principio
2281 3759 2501 3799 suorum
2530 3760 2761 3814 posuere
2783 3745 3067 3813 dictorum,
3093 3741 3503 3802 intenninantcs

1909 3848 1969 3887 se
1996 3833 2227 3902 quodam
2257 3848 2356 3887 nos
2385 3839 2630 3904 tempore
2651 3834 3020 3899 convictums,
3053 3835 3206 3904 quasi
3245 3851 3352 3888 non
3385 3851 3500 3890 me-

1907 3923 2166 3978 ‘diocriter
2203 3922 2578 3993 delinquentes
2625 3925 2676 3978 in
2708 3923 2942 3979 Verbum
2989 3924 3085 3978 Dei
3127 3935 3183 3978 et
3221 3923 3414 3990 Patris,
3446 3935 3502 3980 ct

1911 4025 2116 4070 naturze
2163 4016 2328 4087 ipsius
2375 4017 2827 4072 inconsultissime
2873 4016 3201 4073 ascribentes
3240 4015 3313 4084 id,
3355 4015 3500 4085 quod

1908 4109 2058 4165 carni
2099 4111 2368 4177 convenit,
2415 4110 2842 4178 incrementum;
2883 4125 2982 4180 age
3015 4108 3176 4164 etiam
3211 4124 3371 4179 super
3397 4109 3503 4166 hoc

1909 4215 2145 4270 quoque;
2176 4216 2294 4270 quae
2319 4209 2444 4256 sunt
2471 4201 2876 4272 respondenda;
2909 4202 3167 4267 dicamus,
3201 4201 3343 4254 illam
3383 4216 3501 4254 om—

1912 4305 2033 4343 nem
2058 4299 2262 4360 partem
2292 4291 2533 4360 epistolm
2555 4299 2888 4361 apponentes
2919 4311 2930 4344 :
2962 4291 3210 4346 timentes
3238 4289 3382 4345 enim
3423 4289 3502 4344 illi

1909 4379 2117 4436 scilicet
2162 4382 2463 4444 veritatem,
2515 4388 2572 4435 et
2618 4381 2910 4450 subrepere
2948 4380 3151 4453 [Baluz.
3196 4378 3499 4452 subripere]

1911 4473 2244 4529 auditoribus
2287 4473 2632 4538 festinantes,
2675 4481 2882 4544 partem
2932 4474 3076 4528 illam
3124 4475 3500 4529 tantummodo

207 4580 343 4622 nem
381 4574 648 4621 rectorum
677 4567 987 4635 dogmatum
1015 4568 1362 4637 pertinentia,
1391 4567 1639 4623 consulto
1668 4584 1807 4637 pne-
1839 4576 1886 4636 ο
1911 4576 2226 4640 posuerunt,
2257 4584 2375 4638 qua:
2405 4569 2532 4638 ipsis
2558 4568 2702 4623 utilis
2730 4568 3028 4633 videbatur,
3055 4582 3152 4638 per
3175 4581 3336 4635 quam
3374 4581 3500 4636 pos-

205 4663 448 4710 tereunt.
490 4647 753 4710 Invadunt
791 4673 918 4712 vero
955 4659 1086 4713 satis
1127 4659 1339 4727 agiliter
1375 4666 1430 4714 et
1465 4659 1720 4729 impigre,
1760 4658 1806 4714 si

203 4747 342 4817 quid
373 4747 476 4802 illis
503 4748 674 4803 visum
715 4747 904 4814 fuerit,
936 4749 1021 4804 vel
1065 4751 1432 4806 tenuissimam
1467 4752 1669 4806 habere
1710 4766 1805 4805 su-

203 4839 532 4909 spicionem,
561 4854 659 4909 per
685 4854 845 4908 quam
874 4849 1094 4910 possent
1109 4841 1312 4914 [Ratun
1338 4841 1566 4913 possint]
1594 4843 1802 4897 calum-

204 4931 361 4983 niam
381 4929 536 4983 nobis
563 4928 778 4984 inferre.
799 4929 1107 4985 Meminero
1136 4938 1318 4985 autem
1343 4947 1586 4987 meorum
1622 4932 1799 4988 dicto-

202 5035 368 5084 rum;
417 5020 606 5090 scripsi
654 5020 798 5075 enim
852 5022 907 5075 in
954 5021 1184 5090 epistola
1231 5021 1298 5074 ad
1346 5023 1652 5077 Nestorium
1699 5023 1804 5078 hoc

199 5109 374 5165 modo
424 5109 613 5182 (Epist.
646 5111 710 5178 5,
743 5127 884 5165 num.
920 5109 1006 5181 l9)
1042 5129 1055 5164 :
1098 5110 1258 5166 Voces
1306 5121 1476 5166 autem
1507 5112 1804 5168 Saluatoris

195 5204 393 5267 nostri,
424 5220 536 5275 qua:
562 5214 682 5259 sunt
706 5206 761 5259 in
783 5204 1107 5279 Evangeliis,
1139 5222 1298 5278 neque
1327 5207 1524 5260 duabus
1553 5206 1802 5261 substan-

1909 4669 2030 4716 sent
2050 4661 2257 4715 ratione
2285 4661 2579 4716 coloratam
2622 4661 2944 4715 calumniam
2977 4660 3130 4714 nobis
3158 4658 3375 4713 inferre.
3421 4658 3499 4712 Ita

1910 4760 2090 4806 autem
2118 4767 2177 4807 se
2197 4752 2359 4807 habet
2378 4753 2632 4822 scriptum
2669 4770 2680 4804 :
2713 4751 2782 4806 Et
2808 4755 2854 4806 si
2882 4753 3126 4817 audieris,
3158 4750 3302 4821 quod
3333 4752 3498 4821 proli-

1910 4845 2086 4901 ciebat
2112 4843 2266 4899 Jesus
2293 4851 2470 4911 aetate,
2501 4855 2555 4899 et
2576 4846 2765 4914 gratia,
2791 4855 2847 4900 et
2868 4845 3149 4915 sapientia,
3185 4861 3248 4897 ne
3289 4844 3502 4913 sapiens

1908 4953 1975 4990 ea:
2004 4937 2238 5007 profectu
2265 4937 2424 5006 fuisse
2444 4934 2542 4989 Dei
2580 4935 2799 4989 Verbum
2820 4937 3222 4999 existimaveris;
3248 4935 3465 4988 memine

1911 5028 1984 5081 ris
2012 5035 2181 5081 autem
2222 5029 2389 5097 potius
2411 5029 2484 5081 ita
2505 5027 2773 5081 scribentis
2795 5027 3074 5080 beatissimi
3112 5026 3267 5078 I’auli
3297 5043 3312 5078 :
3340 5023 3495 5077 (111ῖί-

1910 5125 2026 5171 stus
2049 5117 2142 5170 Dei
2171 5117 2358 5182 virtus,
2402 5125 2458 5172 et
2485 5116 2579 5172 Dei
2627 5117 2888 5186 sapientia
2921 5116 2962 5187 (l
2991 5115 3110 5171 Cor.
3144 5133 3190 5180 ι,
3235 5115 3344 5184 18);
3390 5113 3506 5168 Sed

1910 5226 2003 5264 nec
2037 5210 2166 5263 illud
2205 5219 2389 5265 temere
2426 5227 2578 5264 ausus
2603 5211 2760 5281 fueris
2806 5210 3002 5275 dicere,
3048 5208 3184 5280 quod
3210 5209 3500 5280 profectum

1379 5360 1922 5420 CASTIGATIONES
1963 5365 2048 5419 ET
2088 5365 2316 5420 ΝΟΤίΕ.

278 5489 305 5516 ι
349 5477 488 5542 Quid
506 5481 662 5550 igitur
688 5480 763 5533 ita
790 5478 1269 5550 anathematismus.
1301 5477 1379 5532 lta
1409 5487 1620 5534 veteres
1647 5479 1789 5535 libri.

197 5551 312 5604 Sed
344 5551 395 5603 in
421 5549 785 5605 Bellovacensi
834 5556 1088 5618 praeterea
1130 5549 1364 5619 additum
1395 5556 1478 5603 est
1512 5551 1664 5618 quasi
1693 5567 1792 5619 pro

199 5622 364 5676 titulo
395 5639 406 5672 :
433 5621 905 5674 Anathemutismus
933 5621 1157 5690 quintus.
1181 5617 1375 5673 Verum
1406 5617 1579 5673 nullus
1608 5617 1794 5676 titulus

199 5692 556 5761 apponendus
585 5701 686 5755 est,
717 5706 836 5748 cum
865 5707 971 5746 non
1017 5697 1272 5760 sequatur
1301 5691 1645 5760 reprehensio
1683 5693 1794 5746 lue-

205 5763 383 5818 retici.
426 5762 624 5816 Bswz.

1971 5481 2324 5553 bﬂBaluzius:
2359 5481 2525 5553 Voces
2542 5482 2743 5553 quidem
2784 5483 3012 5552 singulas
3045 5499 3157 5553 (ματ
3195 5485 3298 5536 sint
3339 5484 3491 5536 dieue

1900 5553 1962 5605 de
1988 5550 2213 5623 Christo,
2237 5553 2314 5606 vel
2341 5569 2456 5623 qua:
2476 5551 2538 5604 ab
2554 5550 2672 5623 ipso
2702 5550 2931 5622 probala:
2959 5550 3096 5616 sunt,
3119 5556 3378 5623 sapienter
3407 5568 3488 5605 ac-

1900 5622 2163 5692 cipiendas
2192 5621 2422 5692 esse,et,
2455 5631 2558 5675 etc.
2589 5621 2738 5676 Enrt'.

1976 5703 1996 5729 ι·
2042 5692 2220 5746 Baluz.
2266 5711 2278 5745 :
2315 5691 2478 5746 Deum
2525 5693 2741 5745 Verbum
2770 5710 2835 5745 ea:
2876 5709 3115 5749 mensura
3155 5693 3486 5748 humanitatis

1902 5763 2063 5834 ipsius
2093 5767 2436 5834 agnoscimus.
2465 5762 2628 5831 Nam,
2657 5772 2759 5819 etc.
2788 5761 2941 5820 Ευιτ.
