3960 6184
482 298 585 353 947

484 421 652 473 inlatis
680 424 727 471 et
754 415 1038 486 sapientia,
1069 420 1119 466 et
1145 414 1356 483 gratiae,
1389 411 1582 464 homini
1610 413 1926 481 assignemus
1957 427 1972 464 :
2006 412 2059 466 id
2089 417 2137 474 Α

483 512 619 564 enim
648 509 776 561 nihil
802 504 943 559 aliud
971 513 1064 566 est,
1097 504 1198 556 nisi
1225 502 1448 556 dividere
1467 503 1518 555 in
1551 501 1678 554 duas
1707 511 1876 571 partes
1903 518 2059 554 mium

485 600 763 654 Christum.
809 593 932 659 Sed,
973 603 1027 646 ut
1055 594 1166 647 dixi
1205 592 1415 658 dudum,
1447 609 1559 645 cum
1606 601 1726 645 ante
1765 592 1956 646 scecula
1993 595 2062 646 sit

483 693 642 759 ﬁlius,
673 688 962 741 novissimis
1005 683 1312 755 temporibus
1350 684 1488 754 ﬁlius
1531 684 1688 754 fuisse
1723 683 1911 738 dicitur
1938 683 2057 749 Dei,

482 782 654 834 carnis
694 796 803 834 sua:
846 779 1224 850 generationem
1265 777 1636 847 dispensatorie
1673 778 1936 847 proprium
1974 779 2058 846 fa-

484 872 622 923 ciens
653 885 669 920 :
699 871 773 922 ita
800 871 973 934 etiam,
1007 885 1120 922 cum
1143 869 1210 922 sit
1231 868 1487 937 sapientia
1514 868 1776 937 genitoris,
1809 867 2061 936 proficere

483 961 736 1029 sapientia
766 960 972 1024 dicitur,
1002 961 1086 1030 qui
1129 968 1204 1012 est
1249 959 1665 1028 perfectissimus,
1696 966 1868 1027 utpote
1897 956 2057 1025 Deus,

483 1049 816 1103 humanitatis
845 1049 1074 1119 propria,
1105 1058 1311 1120 prOpter
1331 1065 1581 1102 summam
1604 1050 1802 1112 ἕνωσιν,
1834 1050 1888 1102 in
1909 1066 1965 1102 se
1981 1051 2061 1108 [a-

483 1127 751 1194 miliariter
797 1142 1071 1210 accipiens.
1121 1138 1225 1194 Pro
1276 1155 1382 1209 qua
1414 1140 1573 1208 igitur
1600 1156 1782 1206 causa,
1826 1142 1938 1196 Deo
1978 1141 2058 1196 di-

483 1239 638 1284 cente
666 1250 676 1283 :
708 1231 965 1285 Judicium
982 1233 1179 1302 justum
1218 1231 1448 1302 judicate
1479 1231 1654 1303 (Deut.
1687 1249 1724 1297 ι,
1766 1231 1888 1304 16);
1917 1233 2058 1288 veri-

482 1331 647 1377 tatem
679 1324 777 1393 ipsi
800 1332 1147 1394 corrumpunt
1172 1342 1184 1376 :
1209 1339 1384 1392 neque
1409 1324 1550 1379 enim
1588 1324 1903 1379 divisionem
1933 1326 2058 1380 sub-

483 1413 798 1467 stantiarum
861 1421 985 1484 post
1046 1415 1223 1470 ἕνωσιν
1280 1414 1601 1480 asserimus;
1641 1429 1813 1485 neque
1841 1414 2056 1470 deitatis

483 1514 726 1559 naturam
771 1506 1098 1561 incremento
1127 1514 1181 1560 et
1208 1507 1450 1576 profectu
1507 1505 1731 1561 dicimus
1779 1506 1988 1576 eguisse
2039 1525 2050 1559 :

483 1594 610 1648 illud
639 1603 817 1650 autem
848 1596 1032 1665 magis,
1062 1596 1205 1664 quod
1243 1611 1340 1667 per
1366 1597 1818 1667 dispensationem
1857 1612 1948 1651 sua
1979 1596 2055 1652 fe-

482 1689 615 1743 cerit
643 1703 705 1743 ea
726 1704 845 1757 quae
870 1697 992 1744 sunt
1019 1689 1193 1745 carnis
1212 1689 1447 1761 propria,
1472 1697 1530 1744 ut
1555 1698 1682 1760 pote
1713 1706 1834 1744 caro
1864 1691 2050 1760 factus,

477 1779 630 1848 juxta
657 1778 1006 1849 Scripturam.

555 1911 836 1965 Homiliam
858 1912 1165 1981 paschalem
1188 1912 1403 1966 nomine
1419 1912 1656 1981 epistola:
1677 1913 1928 1982 appellat,
1948 1929 2055 1968 non

481 1982 625 2053 quod
653 1997 966 2053 sermonon
993 1982 1095 2053 sit,
1127 1990 1180 2038 et
1208 1982 1296 2036 ille
1323 1983 1538 2050 quidem
1568 1983 1806 2053 prolixus
1847 1999 1910 2038 ac
1939 1984 2051 2053 ela-

482 2051 732 2117 boratus;
763 2051 855 2106 sed
884 2052 1026 2120 quod
1064 2068 1250 2107 revera
1291 2051 1593 2107 mitteretur
1631 2053 1685 2106 in
1721 2053 1907 2108 orbem
1944 2051 2056 2108 fere

482 2127 676 2193 totum,
702 2130 757 2176 et
783 2122 1076 2190 prm'sertim
1107 2123 1156 2176 in
1173 2123 1441 2176 Orientale
1456 2123 1759 2193 imperium,
1783 2123 1848 2178 ad
1870 2139 2057 2178 omnes

485 2191 740 2258 majores,
777 2201 939 2266 atque
977 2194 1310 2266 αὐτοκεφριλάς
1339 2193 1513 2266 sedes.
1535 2191 1687 2266 unde
1716 2195 1801 2266 ad,
1821 2194 2057 2249 minores

481 2269 744 2327 manaret,
774 2262 1136 2332 iudicaretque
1160 2262 1302 2318 diem
1327 2263 1628 2318 celebrandi
1653 2263 1949 2320 Paschatis.

497 2459 500 2462 ἢ
554 2393 710 2460 Quod
745 2409 874 2450 vero
900 2395 992 2449 tali
1038 2394 1161 2450 ﬁdei
1182 2403 1237 2451 et
1265 2387 1503 2466 opinioni
1549 2403 1855 2451 sanctorum
1896 2396 2057 2450 etiam

483 2485 697 2542 Patrum
721 2488 914 2543 chorus
934 2489 1207 2555 assentiat,
1229 2488 1488 2559 probabo,
1512 2488 1752 2557 apposita
1779 2495 1930 2558 parte
1951 2496 2058 2540 tra-

483 2586 654 2633 ctatus
697 2578 864 2632 habiti
918 2593 950 2632 a
995 2578 1166 2633 beata
1211 2579 1484 2633 memoria:
1523 2577 1720 2644 Attico,
1777 2577 1869 2646 qui
1898 2578 1972 2631 ita
2002 2591 2058 2631 se

482 2667 664 2722 habet.

727 2799 907 2838 ATTICI
933 2798 1539 2838 CONSTANTINOPOLITA‘N!
1569 2797 1818 2837 EPISCOPI.

553 2892 726 2948 Hodie
763 2892 997 2946 Christus
1047 2891 1302 2946 Dominus
1355 2892 1633 2947 clementia:
1682 2895 2058 2963 generationem

482 2985 736 3054 suscepit;
784 2999 905 3036 nam
930 2999 1063 3047 eam,
1105 2999 1218 3056 quae
1246 2982 1431 3036 divine
1475 2983 1765 3053 dignitatis.
1785 2982 1899 3052 jam
1939 2991 2060 3036 ante

481 3073 750 3127 habuerat.
781 3072 849 3126 Ει
875 3072 1070 3142 adjecit
1087 3088 1249 3144 porro
1270 3090 1282 3126 :
1307 3071 1599 3126 Clementia:
1628 3069 1846 3126 Verbum
1873 3073 2058 3125 exina-

483 3166 642 3228 nitur,
672 3163 806 3236 quod
821 3172 1009 3218 natura
1035 3161 1404 3217 inexinanibile
1428 3169 1504 3215 est
1534 3177 1550 3214 :
1581 3175 1638 3216 se
1660 3162 1795 3215 enim
1823 3160 2062 3215 exinani-
2088 3151 2130 3210 C

483 3254 559 3308 vit
578 3253 808 3313 formam
831 3254 970 3309 servi
999 3253 1265 3323 accipiens
1287 3254 1304 3324 (
1332 3251 1523 3323 Philip.
1557 3269 1614 3315 ιι,
1640 3252 1745 3322 7);
1772 3253 1946 3306 carnis
1972 3269 2064 3306 ex-

483 3361 601 3414 pers
629 3344 829 3416 [Baluz.
861 3341 1242 3413 incarnabilis],
1284 3344 1338 3396 in
1365 3358 1522 3396 carne
1547 3343 1636 3412 fit,
1670 3359 1791 3396 nam
1828 3341 2061 3396 Verbum

484 3449 612 3488 caro
641 3434 837 3489 factum
867 3442 948 3489 est
971 3433 1148 3505 (Jean.
1176 3450 1214 3497 ι,
1247 3432 1366 3505 M);
1411 3434 1495 3506 qui
1528 3435 1743 3488 tractari
1771 3449 1873 3486 non
1899 3440 2062 3504 potest

483 3534 693 3596 propter
732 3525 1106 3596 incorporalem
1134 3533 1407 3587 naturam,
1441 3532 1816 3588 contrectatur;
1839 3525 1923 3596 qui
1963 3525 2066 3577 ini-

487 3620 614 3672 tium
635 3634 737 3672 non
761 3615 931 3682 habet,
947 3616 1082 3674 subit
1101 3618 1305 3671 initium
1323 3616 1526 3689 (Baluz.
1549 3617 1610 3687 ﬁt
1633 3616 1725 3671 sub
1752 3615 1922 3687 initio]
1949 3634 2065 3671 cor-

487 3711 696 3781 pOrale;
726 3711 1002 3780 perfectus,
1032 3709 1246 3774 crescit;
1276 3708 1598 3773 invertibilis,
1628 3709 1870 3779 pro/icit;
1900 3709 2060 3774 dives,

485 3804 542 3856 in
563 3800 862 3856 umbraculo
885 3800 1084 3873 [Baluz.
1118 3802 1173 3855 in
1201 3798 1484 3870 caenaculo]
1514 3802 1595 3871 ﬁt,
1618 3801 1703 3873 qui
1733 3803 2064 3872 comprehen-

486 3892 560 3946 dit
581 3890 796 3946 nubibus
819 3891 1021 3958 caelum,
1051 3893 1240 3963 pannis
1270 3891 1570 3958 involvitur;
1600 3909 1693 3946 rea:
1720 3894 1984 3962 reponitur
2009 3893 2064 3946 in

486 3984 726 4053 prcesepi.

558 4075 707 4141 Quon
750 4090 878 4130 vero
904 4075 1141 4130 dividere
1176 4076 1501 4130 substantias
1537 4083 1662 4145 post
1699 4075 1958 4129 unitatem
1998 4075 2068 4128 sit

487 4167 685 4236 grande
707 4175 1008 4238 peccatum,
1036 4168 1201 4223 immo
1228 4167 1397 4236 magis
1421 4174 1626 4221 evertat
1654 4165 1955 4220 venerabile
1983 4164 2066 4219 ln-

488 4258 814 4313 carnationis
863 4259 1199 4329 mysterium,
1229 4257 1460 4313 sciemus
1506 4255 1871 4319 nihilominus,
1902 4255 1947 4308 si
1988 4255 2066 4307 in-

489 4349 820 4417 spexerimus
839 4347 981 4402 dicta
995 4349 1233 4418 subjecta
1246 4345 1370 4402 Julii
1392 4354 1446 4400 et
1465 4344 1675 4411 Felicis,
1698 4344 1791 4412 qui
1814 4343 2066 4397 Romamn
2100 4369 2104 4374 -

490 4436 740 4492 Ecclesia:
761 4437 1105 4506 prmfuerunt.

967 295 1158 352 MARII
1200 293 1641 350 MERCATORIS
1680 291 2248 348 TRANSLATIONES
2293 289 2644 346 V'ItRlORU-M
2685 287 3211 346 OPUSCULORUM.

3635 282 3739 340 94$

2258 424 2458 464 FELICIS
2482 423 2799 462 SANCTISSIBII
2829 422 2982 460 ROlhl-l
3006 419 3235 458 EPlSCOPl
3265 416 3333 456 ετ
3363 415 3648 456 κικπιιε.

2234 523 2310 577 De
2337 524 2694 577 incarnatione
2721 539 2835 576 vero
2873 519 3024 574 Verbi
3044 529 3094 572 et
3117 519 3238 590 ﬁde.
3273 517 3541 572 Credimus
3559 518 3616 570 in
3638 516 3740 570 Do-

2161 617 2356 668 minum
2392 623 2622 667 nostrum
2664 613 2841 666 Iesum
2887 610 3164 674 Christum,
3204 619 3383 662 natum
3408 624 3472 661 e1:
3525 606 3742 677 Virgine

2164 705 2334 758 Maria
2363 722 2379 758 :
2409 705 2491 758 hic
2513 706 2647 758 enim
2671 713 2746 758 est
2763 703 2932 757 Filius
2956 700 3050 755 Dei
3078 710 3320 763 internus,
3343 708 3394 752 et
3423 697 3667 761 Verbum,
3693 706 3743 750 et

2160 812 2264 850 non
2285 796 2435 849 homo
2461 813 2494 848 a
2524 795 2632 849 Deo
2651 803 2966 863 assumptus,
2993 801 3050 844 ut
3077 793 3144 845 sit
3171 790 3308 844 alius
3326 798 3514 860 prazter
3533 790 3740 857 ipsum;

2161 887 2250 940 sed
2277 904 2390 940 cum
2418 894 2550 940 esset
2594 885 2732 939 Deus
2767 887 3045 956 perfectus,
3078 886 3245 954 factus
3290 883 3442 936 simul
3469 891 3545 934 est
3587 881 3743 932 homo

2159 983 2432 1051 perfectus,
2456 981 2756 1033 incarnatus
2784 994 2848 1032 ex
2878 977 3105 1047 Virgine.

2232 1071 2306 1123 De
2333 1069 2572 1139 epistolis
2599 1068 2720 1122 Julii
2749 1077 2804 1121 et
2833 1067 3023 1121 Felicis
3049 1079 3388 1139 summorum
3402 1060 3742 1131 pont'ﬁwm,

2159 1140 2278 1194 vide
2299 1134 2638 1194 eruditissimi
2659 1139 2860 1192 Petavii
2887 1154 2989 1192 non
3017 1147 3122 1190 tam
3142 1134 3552 1204 disputationem
3573 1147 3745 1204 quam

2158 1210 2561 1275 dubitationem,
2601 1216 2730 1262 tom.
2763 1208 2828 1262 Ν
2857 1208 3042 1276 Dogm.
3073 1199 3265 1261 eccles.
3297 1205 3387 1259 lib.
3419 1219 3488 1267 tv,
3517 1217 3639 1271 cap.
3686 1199 3742 1252 6.

2161 1279 2264 1350 §9.

2524 1397 2549 1424 ⁸
2588 1401 3060 1441 ANATHEMATISMUS
3087 1399 3358 1439 εεντιιιιιε.

2226 1504 2284 1560 Si
2309 1505 2428 1574 quis
2455 1504 2657 1570 Jesum,
2687 1512 2747 1558 ut
2774 1503 3067 1568 hominem,
3097 1499 3411 1571 operatione
3435 1497 3524 1552 Dei
3552 1496 3751 1560 Verbi,

2156 1596 2395 1665 adjutum
2425 1595 2630 1668 [Belum
2659 1594 2784 1648 add.
2816 1590 3032 1662 Filium]
3062 1592 3224 1655 dicat,
3263 1597 3318 1644 et
3363 1587 3584 1655 gloriam
3610 1583 3754 1638 Uni-

2156 1687 2342 1756 geniti,
2390 1695 2447 1741 ut
2499 1685 2587 1740 alii
2634 1695 2830 1756 praeter
2885 1684 3087 1755 ipsum,
3127 1681 3404 1749 assignat;
3455 1677 3755 1731 anathema

2090 1779 2135 1838 Β
2162 1779 2250 1834 sit.

2549 1881 2911 1922 REPREHENSIO
2957 1877 3365 1919 BJSRETICORUI.

2225 1984 2551 2055 Operatioue
2579 1983 2821 2052 adjutum
2853 1979 2921 2034 ab
2953 1978 3151 2048 Spiritu
3179 1975 3460 2030 Dominum
3496 1978 3760 2026 nostrum

2156 2073 2340 2131 Jesum
2371 2074 2666 2140 Christum,
2697 2080 2758 2127 ut
2777 2071 3048 2127 hominem
3072 2066 3406 2138 simpliciter,
3425 2073 3516 2118 aut
3533 2071 3592 2115 ut
3615 2077 3763 2131 pro-

2157 2171 2399 2242 phetam,
2429 2177 2520 2224 aut
2548 2177 2606 2223 ut
2627 2166 2950 2238 apostolum,
2975 2176 3135 2216 nemo
3163 2167 3246 2215 est
3271 2158 3364 2227 qui
3389 2154 3758 2217 conﬁteatur;

2159 2261 2484 2332 apostolicas
2511 2267 2691 2314 tamen
2724 2271 2884 2314 voces
2897 2256 2964 2311 de
2985 2255 3102 2324 ipso
3124 2251 3314 2315 dictas,
3342 2256 3558 2340 propter
3582 2255 3759 2340 natu-

2158 2367 2272 2406 ram
2302 2352 2480 2408 carnis
2502 2349 2790 2412 visibilem,
2824 2361 2925 2401 nec
2949 2357 3148 2412 negare
3193 2335 3493 2410 possumus,
3522 2351 3622 2391 nec
3651 2335 3761 2390 de-

2159 2442 2290 2509 lere,
2312 2441 2474 2496 modo
2501 2440 2738 2496 dicentes
2764 2455 2776 2490 :
2804 2434 3097 2492 Secundum
3121 2431 3464 2502 operationem
3482 2428 3761 2498 principa-

2159 2542 2239 2588 tus
2263 2534 2462 2588 virtutis
2505 2532 2690 2602 ipsius,
2721 2545 2874 2600 quam
2903 2535 3144 2598 operatus
3182 2532 3259 2578 est
3286 2524 3342 2576 in
3365 2520 3585 2583 Christo,
3616 2535 3759 2572 sus-

2159 2626 2324 2679 citans
2351 2625 2519 2694 ipsum
2555 2639 2587 2676 a
2631 2622 2848 2678 mortuis
2897 2617 3130 2690 (Ephes.
3163 2632 3208 2680 ι,
3243 2614 3366 2683 l9).
3396 2612 3462 2666 Et
3504 2625 3712 2665 rursus
3743 2627 3757 2661 :

2162 2713 2324 2780 Quem
2352 2714 2488 2768 Deus
2517 2713 2783 2767 suscitavit
2820 2727 2853 2763 α
2880 2709 3117 2772 mortuis,
3147 2705 3348 2760 solvens
3370 2702 3564 2756 dolores
3589 2715 3760 2753 mor-

2161 2807 2227 2859 tis
2277 2805 2422 2876 (Act.
2457 2820 2526 2870 n,
2557 2801 2681 2872 24).
2725 2799 2794 2854 Ει
2833 2813 3060 2854 rursus:
3104 2796 3302 2850 Virtute
3344 2792 3437 2845 Dei
3479 2789 3761 2844 excitatus

2163 2899 2350 2970 (Ibid.,
2366 2897 2478 2969 35),
2504 2905 2559 2952 et
2579 2909 2695 2965 qua:
2715 2901 2841 2950 sunt
2859 2893 3050 2948 horum
3069 2887 3281 2944 similia.

2229 2988 2336 3043 Sed
2377 2988 2502 3042 licet
2540 2987 2655 3041 haec
2683 2987 2757 3039 ita
2785 2984 3046 3048 dicantur,
3080 2987 3299 3051 propter
3327 2975 3380 3031 id
3400 2974 3541 3045 quod
3564 2987 3759 3042 appa-

2161 3087 2277 3144 ret;
2308 3093 2468 3133 nemo
2515 3085 2695 3132 tamen
2745 3071 3128 3129 existimaverit
3172 3083 3315 3132 eum,
3365 3071 3424 3120 ιιι
3466 3062 3761 3118 hominem

2163 3170 2494 3240 simpliciter,
2520 3168 2836 3239 operatione
2861 3163 3122 3234 adjuvari,
3153 3169 3246 3216 aut
3272 3169 3334 3214 ιιι
3359 3164 3625 3220 sanctum,
3662 3164 3763 3210 aut

2162 3271 2221 3317 ut
2239 3263 2575 3333 prophetam,
2601 3269 2693 3315 aut
2717 3267 2777 3314 ut
2805 3256 3103 3329 apostolum
3130 3271 3143 3308 :
3169 3267 3295 3322 ergo
3323 3251 3538 3315 divinas,
3562 3263 3764 3317 neque

2161 3354 2422 3418 dolemus,
2455 3369 2628 3422 neque
2657 3366 2930 3420 negamus,
2969 3356 3063 3402 aut
3091 3345 3358 3416 imperite,
3385 3350 3473 3396 aut
3503 3355 3602 3411 per
3635 3340 3767 3412 bla-

2115 3465 2117 3467 '
2161 3447 2458 3517 sphemiam
2487 3443 2997 3498 anathematizamus
3021 3453 3182 3494 voces
3221 3435 3388 3490 dictas
3425 3442 3475 3487 et
3516 3429 3763 3501 posita‘s,

2162 3546 2384 3610 propter
2397 3537 2661 3593 visibilem
2687 3534 2863 3591 carnis
2887 3540 3164 3596 naturam;
3194 3541 3366 3596 neque
3387 3532 3442 3578 ut
3469 3523 3766 3576 hominem

2163 3630 2494 3699 simpliciter,
2521 3635 2613 3682 aut
2632 3633 2691 3681 ut
2718 3633 2978 3688 sanctum,
3008 3629 3099 3676 aut
3125 3627 3182 3673 ut
3209 3617 3541 3688 prophetam,
3570 3621 3685 3666 aut
3706 3621 3769 3667 ut

2165 3721 2485 3792 apostolum,
2514 3719 2826 3790 Operatione
2852 3715 3090 3785 adiutum
3119 3711 3360 3766 dicimus.
3391 3706 3569 3774 Neque
3603 3705 3766 3758 extim

2163 3813 2377 3868 dicebat
2406 3831 2418 3863 :
2453 3810 2582 3866 Haec
2605 3809 2733 3863 dicit
2763 3806 3045 3870 Dominus;
3072 3803 3165 3858 sed
3194 3812 3250 3856 ut
3269 3797 3408 3853 ﬁlius
3434 3794 3763 3864 legislator:

2163 3904 2276 3977 Ego
2303 3907 2412 3959 dixi
2438 3903 2577 3958 vobis
2609 3901 2822 3974 (Matth.
2853 3916 2906 3964 v,
2930 3897 3040 3967 52).

2236 4016 2618 4072 Animadverte
2656 4015 2921 4069 Andream
2952 4011 3026 4064 ita
3055 4007 3308 4081 perplexe
3331 4002 3517 4081 ⁵ιοίῐυίν
3555 4007 3626 4081 Ψ

2164 4088 2353 4142 deatur
2381 4088 2531 4153 sequi
2579 4100 2815 4139 errorem
2866 4075 3117 4153 Nestorii,
3147 4075 3291 4146 quod
3331 4075 3646 4153 incarnatio
3691 4075 3770 4124 sit

2165 4158 2279 4212 sola
2312 4145 2470 4210 Verbi
2499 4155 2753 4211 habitatio
2785 4155 2836 4207 in
2865 4150 3112 4213 homine;
3143 4145 3386 4216 quamvis
3423 4145 3571 4221 enim
3599 4155 3770 4195 asse-

2164 4235 2266 4292 rat,
2299 4225 2554 4296 Spiritum
2604 4233 2880 4296 sanctum,
2931 4221 2998 4296 de
3053 4234 3160 4286 quo
3209 4231 3338 4296 sane
3385 4220 3618 4296 qumstio
3645 4225 3770 4296 non

2164 4284 2491 4359 vertebatur,
2519 4303 2609 4347 aut
2630 4294 2846 4347 verbum
2870 4284 3198 4362 potiusgnon
3224 4284 3445 4356 perinde
3465 4288 3769 4362 operatum

2164 4366 2326 4420 fuisse
2355 4373 2513 4432 atque
2542 4367 2593 4417 in
2625 4364 2832 4417 emteris
2853 4360 3186 4432 hominibus;
3211 4372 3319 4432 non
3333 4359 3552 4432 exponit
3568 4359 3768 4432 tamen

2165 4422 2444 4489 diversum'
2461 4434 2696 4494 modum,
2729 4442 2887 4500 atque
2911 4431 2982 4484 ita
3014 4427 3347 4500 nou__re_cedit
3370 4422 3532 4477 verbo
3560 4422 3703 4500 satis
3732 4435 3766 4473 a

2099 4519 2142 4577 ι)
2173 4503 2336 4557 Paulo
2365 4491 2717 4577 Samosateno
2759 4491 3058 4577 asserente,
3089 4497 3360 4577 Christum
3384 4507 3509 4577 Esse
3534 4491 3765 4577 quidem

989 4601 1118 4641 ιιιιιι
1135 4602 1362 4641 EPISCOP!
1392 4602 1568 4639 ROME.

562 4723 888 4777 Prcedicatur
915 4728 1086 4774 autem
1123 4719 1191 4773 ad
1218 4717 1712 4772 consummationem
1740 4717 1882 4788 ﬁdei,
1906 4727 1954 4771 et
1982 4719 2067 4770 in-

491 4821 737 4866 carnatus
765 4829 829 4866 ea:
883 4810 1096 4882 Virgine
1122 4807 1298 4863 Maria
1351 4808 1445 4861 Dei
1474 4805 1521 4860 F
1525 4807 1646 4862 ilius
1665 4847 1680 4872 ,
1712 4809 1794 4879 qui
1820 4806 2070 4862 habitavit

488 4905 544 4958 in
570 4902 737 4967 nobis,
787 4917 890 4954 non
922 4901 977 4954 in
1006 4900 1212 4954 homine
1257 4907 1496 4969 operatus
1524 4905 1600 4951 est
1641 4914 1658 4951 :
1705 4897 1799 4950 hoc
1845 4899 1980 4951 enim
2014 4898 2068 4950 in

489 4994 751 5064 praphetis
783 5001 832 5046 et
873 4991 1118 5062 apostolis
1155 4990 1322 5046 locum
1352 4989 1529 5055 habet;
1561 4992 1816 5061 perfectus
1848 4989 1986 5044 Deus
2013 4991 2068 5044 in

490 5101 664 5150 carne,
686 5087 938 5155 perfectus
957 5083 1105 5137 homo
1120 5083 1174 5136 in
1195 5083 1398 5151 spiritu,
1422 5097 1527 5134 non
1541 5079 1641 5134 duo
1661 5080 1779 5150 ﬁlii,
1793 5078 1884 5133 sed
1903 5096 2034 5132 unus
2047 5097 2064 5145 ;

489 5189 593 5227 non
619 5189 749 5226 unus
779 5173 998 5245 [Baluz.
1029 5187 1136 5227 om.
1164 5188 1267 5225 non
1293 5168 1464 5241 unus]
1493 5170 1696 5242 quidem
1725 5171 1980 5224 naturalis
2003 5171 2068 5241 ﬁ-

490 5261 609 5326 lius,
626 5264 710 5333 qui
727 5263 1005 5332 assumpsit
1025 5261 1308 5325 hominem;
1326 5261 1458 5313 alter
1478 5275 1592 5312 vero
1614 5258 1848 5312 mortalis
1869 5276 2070 5313 assum-

491 5361 607 5421 ptus
640 5369 671 5405 a
700 5351 826 5416 Deo,
849 5351 938 5406 sed
955 5368 1086 5404 unus
1101 5352 1392 5422 unigenilus
1411 5351 1466 5403 in
1493 5349 1636 5413 caelo,
1653 5356 1701 5401 et
1728 5347 1929 5420 [Baluz.
1956 5365 2064 5405 om.

491 5438 562 5513 et]
593 5444 880 5513 unigenitus
908 5443 961 5495 in
1001 5451 1136 5495 terra
1167 5439 1323 5494 Deus.

2172 4575 2683 4644 purumihominem,
2708 4572 2801 4644 sed
2842 4571 2897 4644 in
2914 4585 3023 4644 quo
3051 4566 3356 4644 specialiter
3383 4563 3524 4616 Deus
3543 4574 3764 4644 Δ(ψει-ετ

2169 4634 2333 4698 retur.
2367 4643 2431 4696 Et
2454 4634 2834 4712 v'ervarillus
2863 4634 3238 4712 Orientalibus,
3272 4634 3513 4712 adusque
3540 4639 3770 4712 tempus

2169 4714 2314 4768 inita:
2339 4713 2486 4783 pacis
2514 4705 2729 4780 objeeit,
2775 4711 2918 4783 quod
2940 4725 3063 4783 cum
3092 4705 3337 4783 Nestorio
3380 4705 3554 4783 πρίῃ-εει
3584 4705 3770 4783 senti-

2168 4791 2308 4844 rent,
2341 4769 2441 4838 ἷξιεὶ
2470 4769 2701 4852 ηιξιιίρηι
2719 4769 2899 4836 verbis
2923 4769 3766 4852 ambiguisntegerentfnl‘ixtrem:

2167 4853 2280 4907 hwc
2298 4841 2500 4923 verba:
2533 4851 2710 4923 Neque
2735 4853 2868 4904 enim
2900 4841 3100 4923 dicebat
3127 4865 3144 4923 ς
3177 4841 3298 4923 Haec
3318 4843 3446 4923 dicit
3467 4841 3767 4923 'Domin‘us;

2171 4923 2261 4977 sed
2285 4932 2340 4975 ut
2369 4910 2825 4994 Filiuslegislator
2852 4937 2868 4973 :
2899 4919 3020 4994 Ego
3033 4919 3142 4972 dixi
3167 4916 3320 4971 vobis
3333 4931 3356 4994 ;_
3379 4913 3480 4992 etsi
3506 4910 3771 4994 videntur

2172 4993 2484 5061 QUibUSdam
2533 4979 2845 5065 Qt-ieutales»
2876 4979 3184 5065 absolvere,
3214 4984 3576 5065 suspicionem

2171 5049 2389 5117 movent
2416 5082 2427 5114 :
2460 5061 2586 5130 quid
2610 5064 2751 5116 enim
2781 5060 2921 5114 aliud
2942 5049 3440 5126 signiﬁcant,quam
3464 5050 3552 5105 vel
3573 5049 3768 5103 υἰυθε-

2171 5136 2302 5199 σίαν,
2334 5133 2417 5187 vel
2448 5137 2695 5189 κοινωνίαν
2721 5143 2809 5192 τῆς
2833 5133 3106 5186 αὐθεντίας.

2637 5267 2664 5303 Π
2674 5264 2916 5304 ESPONSIO
2955 5261 3277 5303 οιιτιιοιιοιι.

2242 5353 2395 5407 Nunc
2422 5367 2637 5422 quoque
2664 5351 2818 5405 nobis
2840 5348 3186 5403 nihilominus
3215 5343 3399 5398 iisdem
3425 5337 3622 5398 verbis,
3655 5348 3770 5386 ea-

2173 5443 2402 5513 demque
2455 5444 2695 5509 ratione,
2724 5438 3155 5512 respondendum
3189 5442 3288 5491 est.
3322 5431 3474 5488 linus
3498 5440 3636 5484 enim
3670 5431 3773 5478 est

1645 5573 2188 5632 CASTIGATIONES
2228 5574 2314 5630 ET
2354 5573 2576 5631 NOTIE.

567 5706 590 5733 ι
629 5695 1018 5751 Ριῖῐὲἴὲΐῐηίδευὸ
1046 5709 1172 5764 ergo
1203 5703 1280 5752 est
1307 5704 1495 5748 sextus.
1521 5695 1714 5747 BALL’Z-
