3978 6188
172 279 278 332 939

893 279 950 334 S.
990 231 1265 332 (ZYRIDLI
1309 274 1829 332 APOLOGETICUS
1869 278 2231 340 ADVERSUS
2268 282 2718 339 ORIENTALES.

3329 283 3444 338 950’-

171 404 322 448 Certe
348 391 595 446 Dominus
617 400 797 447 noster
823 392 976 448 Jesus
994 391 1256 454 Christus,
1274 392 1364 460 qui
1393 391 1606 460 quidem
1633 407 1752 446 esse
1778 395 1823 453 A
1855 397 2108 463 possibile
2130 414 2246 455 esse
2275 400 2552 454 hominum
2580 399 2867 462 mentibus,
2892 405 2942 452 te
2963 413 3121 468 posse
3149 409 3436 464 cognosce-

169 483 431 542 creditur,
467 491 520 535 et
550 481 798 546 Verbum,
828 481 970 550 quod
999 487 1081 535 est
1127 496 1192 535 ex
1233 479 1340 534 Deo
1370 479 1527 535 Patre
1564 481 1760 550 sempi-

169 583 407 636 ternum,
437 579 490 626 et
518 579 642 625 ante
662 572 854 625 smeula
885 580 910 606 κ
940 578 994 626 et
1018 571 1180 624 homo
1200 570 1290 638 qui
1329 570 1634 624 novissimis
1662 585 1762 623 sa:-

169 661 645 730 culi‘temporibus
674 667 754 715 est
774 659 961 724 factus,
1003 660 1200 730 quique
1229 660 1549 730 praecipuam
1576 660 1764 714 habuit

169 750 712 819 inaestimabilemque
746 749 1149 816 generationem
1179 748 1472 806 secundum
1510 764 1760 815 carnem;

169 842 272 896 sed
295 858 431 896 unus
458 841 639 905 Filius,
674 849 729 896 et
758 841 917 906 Deus,
951 848 1005 894 et
1032 841 1312 906 Dominus,
1343 841 1667 910 operabatur
1693 840 1767 894 si-

169 949 304 1002 gna,
335 926 666 1004 virtutesque
700 949 860 1002 supra
888 931 1180 996 hominem,
1211 932 1601 997 demonstrans,
1643 931 1768 987 licet

174 1027 382 1082 factum
429 1043 582 1090 caro,
632 1025 979 1080 nihilominus
1007 1025 1084 1080 sic
1111 1039 1325 1094 quoque
1354 1039 1413 1079 se
1452 1039 1570 1078 esse
1599 1023 1766 1078 Deum

172 1133 388 1183 verum,
420 1125 472 1172 et
500 1115 674 1170 Patris
701 1116 954 1169 virtutem
987 1133 999 1167 :
1035 1130 1207 1184 neque
1235 1115 1378 1170 enim
1405 1114 1567 1169 homo
1596 1113 1769 1169 lactus

173 1207 342 1262 desiit
380 1223 516 1272 esse,
551 1206 694 1276 quod
724 1204 919 1259 fuerat.

253 1297 496 1365 Denique
543 1296 796 1365 implebat
823 1294 1108 1358 mirabilia,
1150 1293 1313 1348 modo
1341 1293 1631 1362 obiurgans
1659 1291 1768 1347 da:-

178 1391 390 1456 monia,
433 1387 594 1442 modo
625 1387 960 1442 contundens
999 1386 1252 1442 Satanam
1275 1425 1288 1450 ,
1319 1384 1480 1439 modo
1509 1383 1664 1438 caecis
1689 1383 1771 1436 lu—

178 1497 312 1535 men
343 1480 666 1545 immittcns,
713 1487 955 1534 mortuos
990 1479 1268 1542 suscitans,
1302 1491 1449 1530 mare
1475 1475 1771 1545 gurgitibus

178 1572 413 1626 szeviens
441 1587 548 1626 uno
575 1571 790 1640 sopiens
827 1570 1010 1633 verbo,
1052 1585 1160 1623 non
1190 1577 1249 1623 ut
1291 1569 1560 1622 hominem
1588 1566 1770 1622 nescio

180 1678 369 1732 quem,
395 1671 448 1717 ct
463 1663 624 1716 alium
651 1669 847 1730 praater
875 1677 932 1715 se
945 1659 1214 1714 Christum
1240 1659 1556 1724 clariticans,
1579 1673 1769 1728 quem-

1861 503 1940 553 re,
1973 488 2108 543 sicut
2136 497 2191 544 et
2221 489 2480 544 Patrem?
2508 489 2645 554 Non,
2687 490 2877 558 inquit,
2899 490 3196 544 visibilibus
3233 496 3437 542 tantum

1861 581 2094 647 cognitio
2123 580 2190 635 de
2219 596 2305 634 me
2331 581 2640 635 continetur
2671 599 2682 634 :
2715 596 2834 635 sum
2863 582 3004 636 enim
3033 580 3174 635 Deus
3200 580 3253 634 in
3281 594 3452 634 carne-

1863 678 1918 726 et
1937 671 2215 738 sanguine,
2245 671 2536 725 secundum
2557 685 2773 725 carnem
2788 669 3221 739 cognoscendus;
3252 684 3442 724 secun-

1863 761 1990 816 dum
2018 761 2310 816 divinitatis
2337 769 2582 816 naturam
2629 769 2684 815 et
2722 762 2980 829 gloriam,
3024 776 3122 831 par
3149 759 3444 828 similisque

1865 851 1978 907 Deo
2009 851 2180 919 Patri,
2213 859 2267 906 et
2313 866 2528 906 omnem
2585 852 2965 921 cogitationem
2999 849 3344 922 supervolans
3381 865 3444 904 ac

1865 957 2186 997 sermonem.

1938 1032 2078 1102 Ergo
2099 1042 2158 1088 ut
2185 1034 2251 1088 ad
2278 1035 2616 1104 propositum
2644 1033 2944 1098 redeamus,
2986 1046 3160 1098 neque
3187 1030 3445 1100 apostoli-

1867 1139 1957 1178 cas
1977 1139 2294 1180 evacuamus
2315 1140 2495 1188 voces,
2523 1124 2686 1188 absit;
2709 1139 2810 1176 nec
2835 1137 2991 1176 secus
3011 1136 3170 1188 quam
3199 1125 3447 1188 oporteat

1867 1215 2178 1280 sentientes,
2230 1215 2648 1290 ἒνανθρωπήσεως
2695 1213 2890 1266 rationi
2919 1223 3304 1280 repugnamus;
3355 1209 3447 1262 sed

1868 1323 2048 1361 sacras
2067 1307 2236 1375 magis
2265 1307 2472 1360 litteras
2499 1305 2696 1373 ubique
2723 1310 3026 1371 sequentes,
3053 1308 3107 1354 et
3147 1300 3449 1354 divinorum

1869 1395 2150 1451 doctorum
2191 1396 2334 1450 dicta
2383 1394 2676 1459 ﬁrmantes,
2725 1393 2828 1446 illis
2876 1387 3445 1463 insurgimus[Batuz.

1869 1487 2204 1556 exsurgimus
2226 1484 2268 1558 ],
2309 1486 2400 1555 qui
2444 1484 2695 1540 Ecclesiae
2743 1491 2887 1538 recta
2935 1482 3185 1550 dogmata
3230 1496 3448 1551 perver-

1869 1585 2008 1632 tunt.

1941 1665 2094 1733 Quod
2119 1681 2246 1720 vero
2285 1663 2446 1720 Pater
2475 1680 2504 1719 a
2533 1663 2760 1719 mortuis
2785 1663 2994 1716 dicatur
3028 1661 3313 1716 suscitassc
3341 1659 3448 1715 Do-

181 1753 476 1807 admodum
516 1767 679 1806 unum
717 1751 947 1820 aliquem
984 1750 1364 1820 prophetarum
1414 1758 1468 1804 et
1510 1749 1775 1818 εροδιοιο-
1808 1759 1847 1816 Β
1877 1755 2077 1811 minum
2105 1754 2286 1810 Jesum
2331 1754 2620 1819 Christum,
2669 1752 2917 1807 videlicet
2944 1751 3089 1820 quod
3121 1766 3184 1804 ea
3213 1766 3300 1805 res
3325 1765 3449 1817 erga

179 1861 340 1908 rum;
390 1843 483 1898 sed
522 1843 622 1897 sibi
651 1842 878 1910 gloriam
922 1841 1154 1910 pariens,
1182 1848 1241 1893 ut
1270 1840 1409 1894 Deus
1433 1847 1623 1894 natura
1651 1853 1769 1894 esse

182 1935 255 1988 ab
287 1934 535 1987 omnibus
563 1933 891 1997 crederetur,
917 1932 1042 1986 licet
1069 1930 1238 1986 factus
1257 1931 1326 1985 sit
1344 1931 1526 1985 homo.

260 2023 448 2078 Nonne
486 2023 646 2091 igitur
673 2021 1145 2090 ﬂagitiosissimum
1191 2029 1292 2087 est,
1330 2021 1443 2093 pati
1467 2020 1770 2076 Nestorium

181 2113 456 2166 dicentem
500 2111 696 2181 (Serm.
731 2110 816 2176 10,
839 2111 976 2165 velut
1001 2113 1055 2165 in
1085 2111 1385 2182 Macedon.)
1419 2129 1432 2164 :
1467 2109 1770 2166 Communes

183 2210 327 2261 enim
348 2217 466 2262 sunt
495 2206 765 2260 Trinitatis
802 2208 1145 2276 operationes,
1177 2215 1225 2259 et
1274 2205 1623 2260 tantummodo
1652 2205 1772 2259 sub-

188 2298 398 2349 stantiis
418 2296 700 2350 dividendw
730 2313 747 2349 :
774 2297 1025 2366 unigeniti
1048 2312 1164 2349 vero
1191 2295 1444 2367 praeclara
1465 2295 1651 2366 gloria,
1676 2294 1774 2348 ali-

183 2386 398 2456 quando
425 2385 574 2440 Patri
622 2387 888 2457 assignata
934 2395 1030 2446 est,
1073 2386 1352 2458 aliquando
1400 2385 1639 2456 Spiritui,
1672 2384 1772 2438 ati-

184 2476 397 2548 quando
417 2474 605 2530 Christi
625 2477 817 2530 virtuti.
837 2475 940 2530 Aut
954 2476 1182 2546 probent
1204 2476 1362 2544 igitur
1381 2474 1772 2544 obiurgatores,

185 2569 359 2622 alium
385 2581 506 2622 esse
529 2565 800 2622 Christum
824 2567 1072 2634 seorsim,
1094 2576 1144 2622 et
1167 2568 1452 2637 separatim
1479 2566 1778 2634 intelligen-

184 2659 340 2721 dam,
367 2659 456 2712 cui
499 2673 652 2712 suam
701 2658 956 2714 virtutem
1007 2658 1260 2728 imposuit
1306 2658 1637 2727 unigenitum
1679 2657 1776 2712 Dei

187 2749 451 2812 Verbum,
501 2750 658 2818 quasi
713 2751 849 2805 alius
895 2750 965 2806 sit
1009 2751 1233 2806 seorsim
1286 2749 1442 2815 ﬁlius,
1475 2758 1669 2819 praeter
1721 2766 1778 2806 se

189 2843 402 2912 ipsum;
435 2851 527 2896 aut
551 2843 597 2897 si
629 2858 735 2897 non
766 2849 848 2897 est
873 2841 1026 2906 alius,
1052 2841 1147 2897 sed
1183 2857 1321 2896 unus
1350 2851 1509 2912 atque
1538 2841 1697 2907 idem,
1725 2849 1780 2897 et

189 2949 262 2989 ex
303 2933 466 2988 Patre
492 2933 816 3001 unigenitus,
848 2941 903 2987 et
940 2948 1007 2988 ex
1049 2933 1275 2988 muliere
1302 2933 1464 2987 homo
1488 2933 1778 2987 secundum

189 3038 448 3088 carnem;
479 3038 636 3091 quam
659 3023 728 3076 ob
755 3038 973 3078 causam
1001 3038 1100 3077 nos
1121 3023 1309 3078 melius
1337 3021 1508 3076 fuerat
1528 3023 1774 3085 reticere,

192 3130 261 3170 ac
288 3131 398 3170 non
427 3115 595 3184 magis
621 3115 984 3169 deliramentis
1009 3115 1150 3169 illius
1174 3115 1280 3169 vim
1302 3129 1572 3185 opponere
1593 3115 1782 3170 verita-
1807 3129 1850 3187 ρ

193 3206 297 3270 tis,
330 3214 387 3260 et
406 3205 743 3276 splendorem
771 3206 1010 3260 veritatis
1036 3205 1343 3273 dogmatum
1371 3205 1682 3260 declarare?

274 3297 405 3350 Erat
424 3296 656 3365 quidem,
687 3304 743 3350 et
762 3305 843 3351 est
864 3296 1004 3351 Deus
1033 3296 1230 3363 Filius;
1272 3297 1366 3352 sed
1407 3297 1659 3367 quoniam
1681 3297 1780 3351 hu-

192 3388 475 3442 manitatis
504 3403 805 3442 mensuram
835 3387 996 3444 semel
1036 3389 1288 3458 suscepit,
1322 3403 1422 3443 nec
1442 3389 1783 3444 inhonoravit

193 3479 676 3547 dispensationem,
691 3479 978 3548 omniaque
999 3478 1205 3552 [Batuz.
1229 3479 1323 3533 sed
1344 3479 1544 3552 omnia]
1567 3489 1786 3550 propter

195 3568 608 3632 exinanitatem,
630 3568 962 3622 voluntarius
978 3569 1148 3623 nostri
1171 3584 1330 3623 causa
1359 3571 1629 3624 sustinuit.
1661 3571 1785 3624 ldeo

197 3673 328 3711 cum
353 3656 504 3724 juxta
524 3671 676 3711 suam
709 3665 954 3711 naturam
979 3658 1091 3728 ipse
1119 3660 1188 3712 sit
1215 3659 1323 3712 vita
1343 3699 1357 3722 ,
1384 3674 1452 3713 ex
1476 3658 1632 3713 Patre
1657 3660 1787 3714 dici-

199 3757 294 3799 tur
322 3745 610 3810 viviﬁcari;
641 3753 697 3801 et
725 3763 844 3800 cum
886 3748 957 3802 sit
1003 3750 1186 3817 gloriae
1231 3750 1509 3812 dominus,
1563 3750 1786 3817 gloriam

198 3835 404 3890 dicitur
428 3836 722 3904 accepisse;
753 3836 830 3889 ait
851 3838 992 3892 enim
1022 3838 1277 3893 Hebraeus
1291 3839 1627 3903 exllebneis,
1660 3840 1790 3906 legis

198 3925 414 3994 peritus
442 3923 647 3996 [Batuz.
668 3925 962 3998 legislator]
984 3944 1127 3994 vere,
1153 3938 1206 3982 et
1226 3945 1290 3983 ex
1322 3929 1460 3983 tribu
1483 3928 1785 3998 Benjamin:

199 4017 409 4071 Paulus
437 4019 730 4088 Apostolus,
761 4037 863 4074 non
892 4037 956 4074 ea:
977 4021 1282 4087 hominibus,
1325 4039 1484 4093 neque
1507 4039 1596 4092 per
1623 4023 1790 4075 homi-

199 4126 318 4173 nes,
352 4109 441 4162 sed
484 4127 572 4179 per
608 4110 787 4164 Iesum
812 4111 1102 4182 Christum,
1132 4123 1181 4167 et
1228 4113 1392 4167 Deum
1439 4113 1668 4179 Patrem,
1707 4115 1792 4185 qui

199 4218 328 4254 eum
366 4203 625 4255 suscitavit
648 4221 680 4256 a
700 4206 935 4270 mortuis,
968 4205 1185 4276 gloriam
1217 4207 1347 4260 dans
1376 4210 1424 4261 ei
1457 4206 1600 4278 (Cal.
1633 4225 1669 4271 l,
1702 4207 1723 4258 l
1750 4209 1786 4274 ).

204 4291 320 4344 Sed
353 4294 454 4345 etsi
483 4293 691 4347 dicatur
729 4310 759 4347 a
783 4293 940 4349 Patre
969 4297 1192 4362 gloriam
1225 4299 1514 4367 accepisse,
1543 4299 1664 4366 quia
1693 4299 1795 4352 hoc

205 4382 279 4434 ad
325 4380 710 4438 lncarnationis
752 4401 1055 4440 mensuram
1084 4388 1344 4455 pertinet;
1375 4389 1476 4442 scit
1521 4397 1698 4443 tamen
1734 4403 1792 4443 se

207 4486 300 4535 eo,
347 4472 490 4538 quod
521 4473 660 4527 Deus
687 4484 788 4538 est,
829 4476 1029 4531 habere
1055 4475 1399 4544 dignitatem,
1430 4492 1548 4546 qua:
1577 4478 1791 4532 modum
1823 4495 1870 4552 ι)
1897 4527 1939 4552 _,

204 4563 383 4616 totius
410 4573 667 4620 creatum
714 4568 1066 4635 transcendit;
1103 4569 1178 4622 ait
1225 4571 1366 4624 enim
1399 4589 1411 4623 :
1455 4571 1643 4625 Omnia
1670 4573 1795 4626 mihi

211 4652 411 4705 tradita
453 4665 572 4708 sunt
597 4673 630 4708 a
677 4656 840 4710 Patre
865 4674 976 4712 meo
994 4697 1008 4721 ,
1039 4667 1090 4712 et
1119 4675 1266 4714 nemo
1293 4661 1431 4713 novit
1455 4659 1667 4727 Filium,
1697 4663 1798 4716 nisi

209 4744 412 4806 Pater;
445 4759 603 4816 neque
631 4745 844 4800 Patrem
872 4749 984 4819 quis
1013 4750 1150 4802 novit
1175 4751 1277 4804 nisi
1297 4749 1344 4802 F
1349 4751 1485 4817 ilius,
1515 4760 1564 4806 et
1593 4754 1672 4806 cui
1701 4751 1796 4806 Fi-

208 4834 314 4888 lius
341 4834 553 4889 voluerit
578 4837 801 4891 revelare
831 4837 1040 4908 (Matth.
1074 4855 1146 4904 ιι,
1168 4838 1278 4906 ‘27).

287 4927 445 4981 Dicat
469 4928 660 4997 aliquis
687 4930 908 4999 cupiens
935 4931 1142 4986 discere
1174 4951 1186 4983 :
1217 4930 1274 4985 Si
1302 4933 1482 4987 omnia
1513 4934 1604 4987 tibi
1633 4950 1661 4986 a
1692 4934 1796 4988 Pa-

211 5028 300 5089 t_re
345 5018 537 5074 tradita
583 5029 726 5086 sunt,
765 5022 919 5089 quasi
948 5022 1039 5090 qui
1066 5022 1235 5090 gloria
1257 5024 1488 5091 egueris,
1513 5032 1567 5078 et
1600 5025 1798 5080 habere

207 5109 469 5164 debueris
497 5111 548 5164 in
578 5127 767 5167 omnes
792 5113 1227 5176 dominationem,
1257 5123 1477 5184 prepter
1496 5117 1799 5172 humanita-

209 5208 329 5254 tem
362 5199 578 5272 [Batus.
611 5202 898 5257 humanum
925 5200 1194 5274 modum];
1219 5205 1488 5273 quomodo
1515 5206 1668 5271 dicis,
1695 5209 1794 5262 im-

1871 1862 2085 1902 carnem
2117 1847 2282 1917 ipsius
2311 1845 2643 1916 impleretur,
2673 1843 2806 1897 nulli
2836 1857 2954 1896 esse
2979 1842 3198 1895 dubium
3246 1850 3448 1912 potest;

1871 1939 1984 2008 ipse
2012 1953 2142 1992 vero
2164 1978 2178 2004 ,
2221 1953 2344 1992 cum
2381 1936 2450 1990 sit
2494 1934 2702 1989 viviﬁca
2740 1941 2796 1988 et
2841 1929 3029 1987 etlicax
3054 1932 3222 1986 virtus
3258 1931 3448 1995 Patris,

1871 2027 2127 2096 templum
2172 2041 2327 2079 suum
2355 2023 2680 2088 viviticabat,
2713 2023 2861 2092 juxta
2891 2021 3020 2076 illud
3055 2040 3065 2074 :
3101 2021 3294 2076 Solvite
3323 2030 3450 2074 tem-

1872 2117 2012 2188 plum
2039 2116 2196 2181 istud,
2215 2125 2264 2170 et
2285 2117 2337 2169 in
2357 2115 2525 2169 triduo
2549 2112 2871 2184 rewdiﬁcabo
2893 2113 3023 2166 illud
3047 2112 3223 2183 (Joan.
3249 2129 3307 2177 ll,
3339 2111 3448 2182 l9).

1872 2206 2036 2274 Igitur
2063 2220 2258 2275 corpus
2305 2204 2435 2258 illud
2476 2201 2850 2257 viviﬁcandum
2889 2217 2997 2255 non
3045 2208 3161 2255 erat
3198 2201 3453 2266 alienum,

1874 2311 1974 2350 nec
2002 2296 2158 2350 unius
2185 2295 2462 2350 hominum
2494 2293 2661 2348 nostri
2691 2291 2960 2356 similium,
2990 2290 3085 2346 sed
3132 2291 3297 2362 ipsius
3324 2306 3454 2362 pro-

1871 2388 2046 2457 prium
2067 2387 2245 2442 Verbi.

2293 2491 2768 2532 ANATHEHATISIIUS
2803 2489 3060 2531 OCTAVUS.

1948 2588 2005 2643 Si
2027 2587 2143 2658 quis
2169 2586 2351 2647 dicere,
2371 2587 2584 2651 audeat,
2613 2591 2944 2655 assumptum
2963 2583 3238 2638 hominem
3260 2582 3457 2638 coado-

1877 2682 1985 2737 rari
2009 2689 2260 2750 oportere
2300 2696 2422 2735 cum
2453 2680 2584 2742 Deo,
2615 2687 2669 2733 et
2699 2677 3108 2746 congloriticari,
3140 2684 3194 2732 et
3215 2692 3457 2731 connun-

1877 2771 2061 2842 cupari
2104 2772 2271 2824 Deum
2299 2777 2575 2840 tamquam
2614 2769 2843 2822 alterum
2872 2783 2993 2822 cum
3023 2768 3223 2832 altero;
3251 2782 3315 2822 ac
3351 2783 3459 2820 non

1879 2861 2048 2930 magis
2071 2876 2174 2914 una
2199 2859 2547 2914 veneratione
2573 2859 2704 2912 colit
2724 2857 3059 2921 Emmanuel,
3089 2865 3146 2911 et
3172 2872 3334 2910 unam
3360 2857 3461 2926 ipsi

1879 2951 2321 3021 gloriticationem
2349 2949 2590 3019 deputat,
2622 2965 2688 3003 eo
2711 2949 2853 3017 quod
2892 2947 3113 3002 Verbum
3133 2964 3254 3004 caro
3278 2950 3345 3003 sit
3379 2950 3462 3020 {a-

1880 3051 2013 3096 ctum
2037 3040 2216 3110 (Joan.
2247 3055 2281 3106 ι,
2316 3039 2439 3111 M);
2470 3039 2754 3092 anathema
2777 3038 2864 3093 sit.

2331 3164 2692 3206 ιεωιειιεηδιο
2729 3165 3014 3205 BERETICI.

1949 3263 2241 3319 Coadorari
2269 3270 2323 3319 et
2351 3262 2762 3332 congloriticari,
2791 3269 2850 3316 ut
2879 3261 2947 3316 de
2972 3261 3237 3331 personis,
3270 3268 3360 3314 aut
3394 3261 3462 3315 de

1881 3355 2210 3418 substantiis,
2235 3363 2325 3409 aut
2345 3354 2412 3408 dc
2437 3351 2555 3408 ﬁliis
2574 3353 2780 3408 duobus
2801 3367 2906 3406 non
2929 3351 3172 3416 dicimus,
3191 3360 3461 3419 tamquam

1883 3447 1929 3502 si
1957 3447 2105 3502 carni
2132 3447 2286 3501 aliter
2309 3445 2448 3519 [Bal.
2476 3443 2782 3515 carnaliter]
2813 3445 3086 3498 veneratio
3118 3443 3235 3507 ﬁat,
3257 3451 3312 3496 et
3352 3443 3464 3496 Deo

1886 3537 2062 3591 Verbo
2101 3537 2276 3600 aliter,
2299 3536 2392 3591 sed
2417 3537 2587 3603 magis
2632 3551 2792 3588 unam
2830 3535 3250 3598 venerationem,
3279 3543 3335 3588 et
3362 3549 3463 3587 car.-

1887 3628 2022 3693 tera,
2049 3634 2108 3682 ut
2137 3629 2228 3682 uni
2256 3628 2364 3680 tilio
2393 3627 2684 3690 offerimus,
2709 3627 2782 3681 ita
2811 3633 2866 3681 et
2893 3627 3036 3694 quod
3058 3626 3260 3697 [Buluz.
3285 3642 3386 3679 om.
3411 3633 3466 3678 ct

1887 3718 2051 3788 quod]
2081 3719 2310 3786 positum
2335 3725 2435 3774 est.
2473 3717 2621 3772 Sicut
2648 3719 2809 3771 etiam
2835 3717 2949 3785 ipse
2977 3718 3029 3770 in
3062 3717 3089 3756 ι»
3121 3718 3289 3770 altero
3318 3725 3466 3770 tomo

1889 3809 2018 3862 dicit
2047 3807 2302 3877 (Mamilia
2331 3808 2397 3860 ΓΙ
2427 3807 2682 3877 paschali)
2710 3825 2722 3858 :
2755 3806 2880 3860 Cum
2906 3807 3197 3860 consederet
3224 3808 3380 3870 enim,
3411 3817 3468 3859 ut

1900 3897 2138 3960 Verbum,
2160 3913 2252 3950 suo
2282 3896 2450 3961 Patri,
2473 3904 2522 3949 et
2554 3913 2618 3950 ex
2637 3898 2748 3966 ipso
2775 3898 2862 3960 sit,
2892 3905 2940 3949 et
2976 3897 3029 3949 in
3053 3899 3162 3965 ipso
3191 3912 3280 3965 per
3315 3904 3468 3948 natu-

1894 4004 2032 4050 ram,
2064 3987 2304 4039 audiebat
2333 3996 2502 4040 tamen
2526 3986 2774 4041 dicentem
2802 3988 2954 4040 etiam
2982 4003 3093 4040 cum
3121 4003 3308 4040 carne:
3331 3985 3470 4041 Sede

1892 4075 1960 4129 ad
2003 4074 2280 4130 dexteram
2331 4091 2536 4141 meam,
2586 4075 2757 4132 donec
2803 4091 2998 4146 ponam
3052 4075 3295 4130 inimicos
3345 4082 3470 4129 tuos

1892 4166 2181 4220 scabellum
2221 4167 2417 4237 pedum
2458 4174 2670 4222 tuorum
2715 4165 2884 4236 (Psat.
2923 4181 3036 4231 cxx,
3079 4165 3160 4236 l);
3199 4165 3272 4218 ita
3313 4166 3469 4218 etiam

1896 4254 2104 4308 adorari
2141 4257 2305 4326 ipsum
2339 4256 2581 4320 dicimus,
2615 4265 2718 4308 tam
2745 4272 2778 4308 a
2805 4255 2978 4320 nobis,
3019 4271 3172 4326 quam
3209 4271 3241 4308 a
3275 4256 3470 4308 sanctis

1895 4347 2112 4416 angelis.

1967 4436 2046 4489 Ad
2075 4438 2187 4491 hmc
2216 4438 2376 4506 igitur
2403 4437 2644 4502 dicimus,
2673 4437 2816 4506 quod
2844 4437 2996 4493 valde
3033 4437 3274 4504 indocte,
3304 4440 3472 4509 impe-

1897 4527 2106 4595 riteque
2146 4527 2350 4598 [_Batuz.
2375 4528 2531 4582 docte
2573 4529 2868 4602 periteque]
2896 4529 3196 4598 objurgavit
3236 4546 3348 4594 eos,
3379 4532 3470 4599 qui

1897 4633 2017 4672 cum
2057 4634 2220 4673 carne
2247 4619 2457 4673 adorari
2496 4637 2659 4675 unum
2686 4621 3038 4690 eumdemque
3066 4622 3229 4675 tilium
3264 4623 3467 4683 volunt,

1897 4721 2172 4783 tamquam
2219 4715 2263 4770 si
2291 4715 2446 4784 longe
2474 4716 2683 4772 diversa
2712 4717 2819 4772 sint
2860 4718 3000 4772 inter
3026 4733 3084 4772 se
3114 4720 3208 4773 σὺν
3239 4725 3294 4771 et
3320 4720 3467 4787 μετὰ.

1897 4806 2042 4876 quod
2069 4806 2182 4875 ipse
2211 4807 2283 4860 ita
2313 4807 2506 4876 posuit,
2533 4816 2590 4862 ut
2610 4824 2768 4877 supra
2789 4818 3142 4864 memoratum
3169 4817 3271 4873 est,
3292 4809 3474 4862 dicens

1897 4913 2010 4949 cum
2038 4913 2193 4950 carne
2219 4897 2428 4951 adorari
2451 4908 2711 4968 oportere;
2747 4899 3016 4967 abnegans
3040 4916 3169 4955 vero
3195 4900 3473 4955 coadorari

1896 5002 2111 5043 carnem
2140 5004 2262 5043 cum
2290 4988 2509 5044 deitate.

2357 5116 2636 5156 BESPONSIO
2681 5117 2997 5157 οιιτηουοιι.

1971 5211 2317 5266 Acutissimos
2329 5227 2428 5268 nos
2447 5213 2655 5269 divinus
2675 5211 3071 5280 Paulusell'ecit,
3090 5215 3271 5270 dicens
3298 5235 3308 5270 :
3341 5215 3473 5269 Vos-

1381 5299 1922 5359 CASTIGATIONES
1964 5304 2050 5358 ET
2090 5305 2315 5359 ΝΟΤιΕ.

289 5401 314 5426 η
362 5388 652 5462 Baluzitis:
705 5386 770 5441 Et
810 5390 894 5460 qui
941 5391 1228 5462 novissimis
1272 5391 1447 5446 secuti
1494 5391 1796 5462 temporibus

211 5462 477 5532 homo_est
504 5461 687 5529 factus,
716 5459 912 5532 quique,
944 5468 1046 5532 etc.
1079 5459 1232 5532 Eutr.

293 5531 320 5601 β
370 5527 548 5582 Primo
596 5527 747 5601 tonio.
781 5527 833 5601 Id
857 5538 943 5601 est
991 5527 1042 5582 in
1080 5531 1295 5584 homilia
1325 5531 1558 5600 paschali
1597 5531 1796 5601 l7qu:e

255 5599 456 5670 rimus
480 5607 658 5670 tomus
685 5599 866 5669 Cyrilli
915 5609 1250 5669 nuncupatur
1294 5599 1452 5655 etiam
1503 5601 1634 5655 infra
1670 5599 1791 5670 pag.

224 5669 329 5724 ‘160
357 5678 412 5725 et
433 5669 529 5722 261
567 5669 898 5740 (Repreliens.
943 5671 1116 5726 timet.
1150 5672 1405 5726 auat/tem.
1444 5671 1559 5741 ll);
1592 5669 1684 5728 sed
1725 5669 1796 5728 ta-

1904 5411 2026 5470 men
2058 5395 2190 5448 infra
2219 5411 2340 5466 pag.
2368 5395 2472 5470 249
2493 5405 2547 5451 et
2571 5398 2674 5470 26G
2703 5398 2882 5470 (Repr.
2916 5401 3041 5454 liter.
3067 5401 3242 5452 anatli.
3267 5398 3298 5449 8
3319 5411 3368 5452 ct
3393 5398 3475 5461 ιε)

1904 5466 2108 5539 primus
2137 5474 2314 5539 tomus
2351 5467 2580 5539 refertur
2608 5469 2675 5522 ad
2703 5466 2982 5539 epistolam
3005 5486 3163 5537 quam
3196 5470 3333 5522 idem
3373 5471 3477 5539 Cy-

1903 5535 2053 5610 rillus
2068 5537 2291 5610 scripsit
2333 5535 2982 5610 adumonacbos/Egypti
3011 5535 3263 5594 adversus
3292 5535 3476 5610 Nesto-

1900 5605 2354 5659 rium.Fatendum
2375 5607 2716 5663 nihilominus
2734 5618 2816 5665 est
2841 5605 2962 5666 eam
2990 5611 3167 5665 vocari
3190 5626 3240 5666 sc
3250 5608 3476 5664 cundum

1903 5683 2104 5730 tomum
2133 5677 2184 5731 in
2213 5691 2332 5747 pag.
2364 5675 2483 5731 €260.
2509 5678 2705 5733 BALUZ.
