3978 6188
452 316 548 371 ὓόὶ

451 432 690 499 metii’sos
720 424 946 497 proba.‘e,
984 424 1028 475 si
1057 422 1177 475 estis
1211 421 1266 473 in
1291 419 1396 491 ﬁde
1426 418 1489 489 (Il
1517 415 1634 472 Cor.
1679 432 1790 481 xm,
1825 414 1898 486 5).
1928 414 2036 469 llu-
2066 420 2112 477 Α

453 534 641 573 manus
669 516 866 572 etenim
896 528 1103 577 sensus,
1130 513 1231 566 etsi
1257 510 1486 581 quadam
1512 508 1789 578 jactantia,
1819 516 1871 560 et
1893 523 2042 561 amo-

450 629 508 666 re
536 612 615 667 sui
646 618 797 665 extra
828 615 1033 662 rectam
1069 606 1317 659 semitam
1361 602 1581 667 feratur,
1626 607 1680 654 et
1725 615 1755 652 a
1803 600 2043 654 veritatis

446 699 784 769 dogmatibus
807 699 1189 752 abhorrentem
1230 694 1425 748 habeat
1452 699 1688 757 motum,
1720 707 1845 746 suas
1874 706 2040 746 novas

449 793 764 860 ineptasque
800 788 1158 857 cogitationes
1187 787 1299 855 ipse
1329 786 1529 839 sentire
1557 783 1838 848 formidat;
1870 798 1928 837 se
1954 790 2037 835 ta-

446 899 570 937 men
598 882 849 937 facillime
876 880 1203 944 emendabit,
1232 886 1543 933 sanctorum
1584 875 1802 930 Patrum
1832 882 2038 929 scruta-

443 985 531 1031 tus
560 974 774 1030 labores
812 980 867 1028 et
892 972 1110 1042 scripta,
1134 971 1227 1040 qui
1270 978 1494 1040 propter
1524 967 1874 1023 rectissimam
1902 966 2036 1035 dog-

444 1076 647 1122 matum
677 1067 958 1122 scientiam
986 1064 1411 1119 memorabiliter
1450 1064 1517 1118 ab
1543 1062 1791 1117 omnibus
1830 1061 2034 1116 collau-

441 1161 657 1225 dantur,
686 1167 906 1227 tumque
944 1173 1097 1213 suam
1128 1156 1285 1211 ﬁdem
1314 1156 1451 1211 bene
1479 1154 1744 1225 probabit.
1778 1153 2033 1223 Proposi-

443 1259 557 1303 tum
583 1258 666 1305 est
694 1249 836 1303 enim
866 1247 1134 1313 omnibus,
1164 1248 1255 1315 qui
1295 1254 1475 1300 mente
1518 1251 1641 1299 sunt
1682 1259 1840 1310 sana,
1882 1244 2033 1312 sequi

441 1342 727 1410 opiniones
758 1340 1002 1405 illorum;
1028 1337 1463 1408 quandoquidem
1496 1337 1597 1405 ipsi
1623 1350 1839 1405 quoque
1878 1350 2033 1389 suum

440 1446 658 1486 sensum
688 1430 995 1500 apostolica:
1023 1438 1077 1484 et
1104 1429 1425 1497 evangelica:
1454 1427 1757 1483 traditionis
1803 1427 2030 1496 implen-

442 1533 541 1587 tes,
583 1530 638 1577 et
667 1522 789 1577 ﬁdei
818 1522 1085 1576 rationem
1128 1527 1275 1574 recte
1312 1527 1366 1574 et
1396 1518 1937 1589 irreprehensibiliter
1965 1536 2031 1573 ex

440 1612 605 1667 sacris
645 1612 838 1666 litteris
874 1611 1241 1680 concipientes
1264 1649 1279 1674 ,
1327 1610 1525 1663 lumina
1558 1619 1711 1664 erant
1752 1610 2030 1665 inmundo

438 1704 641 1759 verbum
670 1706 785 1759 vita:
834 1703 1074 1758 [tabentes
1121 1702 1338 1773 (Philip.
1367 1719 1421 1767 ιι,
1453 1700 1561 1773 16),
1594 1703 1732 1758 sicut
1772 1702 2028 1772 scriptum

440 1808 541 1853 est.

508 1888 704 1945 Scribit
742 1889 903 1958 igitur
931 1889 1275 1959 sempiternre
1323 1887 1596 1942 memoria:
1642 1886 1808 1942 Pater
1844 1894 2032 1942 noster

437 1980 722 2051 episcopus
751 1980 1074 2035 Athanasius
1101 1980 1168 2034 de
1212 1979 1454 2034 omnium
1504 1978 1772 2033 salvatore
1817 1977 2031 2033 Christo

436 2074 578 2135 (Lib.
612 2074 674 2129 de
705 2073 882 2128 Incar.
923 2073 1077 2127 Verbi
1102 2083 1224 2127 tom.
1257 2071 1321 2142 ll)
1350 2090 1362 2125 :
1396 2070 1711 2142 Conﬁtemur
1737 2088 1847 2125 esse
1865 2074 2031 2142 ipsum

446 2166 637 2221 filium
664 2166 775 2233 Dei,
807 2176 858 2221 et
884 2165 1051 2221 Deum
1088 2165 1367 2220 secundum
1393 2167 1650 2236 spiritum,
1676 2175 1725 2219 et
1743 2166 1909 2235 ﬁlium
1938 2166 2031 2221 ho-

437 2261 591 2314 mmis
612 2259 892 2313 secundum
909 2274 1116 2312 carnem
1131 2274 1147 2317 .'
1170 2274 1272 2312 non
1292 2257 1421 2312 duas
1444 2267 1654 2311 naturas
1670 2272 1827 2310 unum
1842 2256 2027 2326 ﬁlium,

436 2367 591 2403 unam
612 2349 958 2416 adorandum,
974 2359 1023 2404 et
1036 2349 1251 2404 alteram
1266 2366 1369 2403 non
1387 2348 1743 2413 adorandum;
1766 2347 1856 2401 sed
1874 2364 2030 2402 unam

437 2453 677 2496 naturam
701 2442 854 2497 Verbi
874 2444 1221 2509 incarnatam,
1240 2450 1288 2494 et
1303 2440 1575 2495 adoratam
1592 2440 1797 2513 [Baluz.
1812 2440 2033 2494 adoran-

436 2530 578 2603 dmn]
601 2549 713 2587 cum
735 2549 890 2587 carne
908 2533 1089 2604 ipsius,
1112 2549 1217 2585 una
1245 2532 1603 2596 veneratione;
1626 2547 1789 2602 neque
1818 2529 1943 2584 duos
1965 2531 2029 2600 ﬁ-

438 2627 554 2689 lios,
579 2624 738 2678 alium
776 2623 978 2696 quidem
1016 2622 1216 2677 Filium
1262 2620 1561 2676 Dei.rerum
1589 2630 1640 2675 et
1676 2620 2030 2687 adorandum;

437 2717 598 2769 alium
623 2723 793 2768 autem
812 2731 876 2768 ex
903 2713 1097 2777 Maria,
1123 2713 1379 2767 hominem
1404 2729 1508 2767 non
1537 2711 1881 2779 adorandum,
1917 2730 2033 2784 gra-

438 2811 508 2862 tia
530 2807 727 2863 Filium
750 2806 848 2863 Dei
873 2810 1086 2879 factum,
1116 2811 1249 2863 sicut
1271 2810 1520 2864 homines.
1548 2808 1718 2865 Porro
1739 2818 1860 2880 post
1882 2811 1984 2865 alia
2014 2830 2026 2864 :

438 2897 538 2960 Qui
558 2899 715 2968 igitur
740 2915 806 2952 ea:
841 2897 1054 2968 Virgine
1097 2896 1275 2951 Maria
1302 2908 1455 2952 natus
1494 2906 1584 2965 est,
1620 2896 1792 2952 Filius
1823 2898 2025 2971 [Baluz.

437 2990 559 3043 add.
587 2988 682 3061 est]
706 2989 803 3045 Dei
833 3000 1037 3056 natura,
1062 2999 1112 3045 et
1132 2988 1271 3046 Deus
1296 3008 1423 3058 rere,
1450 3007 1553 3046 non
1573 2993 1766 3063 gratia,
1797 3009 1889 3045 nec
1909 3010 2031 3063 par-

439 3082 668 3151 ticipant.
701 3080 978 3136 secundum
1014 3098 1219 3136 carnem
1248 3092 1397 3136 natus
1426 3091 1503 3137 est
1537 3083 1686 3137 homo
1718 3099 1783 3136 ea:
1822 3081 2029 3148 Maria;

438 3173 715 3227 secundum
742 3174 976 3245 spiritum
997 3190 1112 3228 vero
1132 3175 1241 3244 ipse
1263 3171 1432 3227 Filius
1456 3172 1554 3227 Dei
1579 3183 1627 3228 et
1642 3172 1801 3227 Deus.
1821 3172 2026 3247 [Baluz.
2059 3186 2103 3249 ρ

438 3264 560 3319 add.
579 3262 649 3318 Et
669 3263 887 3335 rursus].
908 3263 969 3319 Si
986 3266 1097 3336 quis
1112 3273 1283 3319 autem
1304 3273 1483 3319 contra
1500 3265 1626 3329 haec,
1646 3266 1779 3319 velut
1798 3282 1862 3318 ea:
1881 3281 2032 3319 sacra

441 3354 733 3425 Scriptura,
753 3354 916 3421 docet,
942 3356 1100 3409 alium
1122 3355 1297 3409 dicens
1327 3353 1522 3410 Filium
1546 3354 1662 3421 Dei,
1686 3363 1737 3409 et
1756 3356 1915 3409 alium
1937 3372 2032 3408 na-

441 3458 547 3500 tum
575 3464 640 3501 ea:
660 3445 855 3509 Maria,
888 3447 1059 3517 gratia
1085 3446 1251 3516 ﬁlium
1279 3434 1492 3517 factum,
1524 3446 1657 3500 sicut
1678 3462 1803 3510 nos;
1826 3456 1875 3500 et
1899 3446 2034 3518 quod

440 3546 559 3591 sunt
591 3536 691 3590 duo
725 3536 843 3606 filii,
866 3552 1000 3590 unus
1029 3545 1216 3589 natura
1235 3533 1405 3588 Filius
1428 3534 1525 3588 Dei
1544 3576 1558 3600 ,
1583 3552 1647 3589 ea:
1673 3534 1803 3601 Deo,
1827 3546 1877 3589 et
1900 3552 2031 3590 unus

441 3632 613 3702 gratia
626 3630 778 3684 homo
798 3646 863 3683 ea:
878 3627 1085 3694 Maria;
1108 3638 1196 3681 aut
1216 3628 1261 3681 si
1281 3630 1392 3700 quis
1408 3627 1620 3682 Domini
1642 3629 1804 3682 nostri
1826 3645 2031 3682 carnem

438 3723 655 3793 desuper
683 3722 824 3788 dicit,
858 3738 919 3775 ac
951 3738 1054 3775 non
1076 3738 1140 3775 e1:
1168 3720 1385 3792 Virgine
1408 3719 1603 3785 Maria,
1630 3730 1719 3773 aut
1738 3738 2033 3775 conversam

438 3816 679 3870 deitatem
691 3817 746 3870 in
763 3831 989 3881 carnem,
1009 3824 1101 3868 aut
1119 3815 1407 3885 confusam,
1426 3821 1516 3866 aut
1543 3822 1926 3875 commutatam,
1945 3822 2034 3866 aut

436 3906 729 3977 passibilem
755 3905 959 3961 Domini
977 3906 1182 3979 [Baluz.
1201 3904 1493 3959 add.nostri
1513 3903 1601 3958 hic
1621 3912 1677 3957 et
1697 3901 1853 3975 infra]
1876 3904 2035 3957 deita-

439 4011 558 4065 tem,
588 4010 678 4054 aut
706 4016 809 4055 non
837 3999 1161 4054 adorandum
1190 3997 1402 4051 Domini
1433 4014 1661 4062 carnem,
1690 4005 1746 4050 ut
1786 3997 2030 4063 hominis,

438 4101 529 4147 aut
565 4109 669 4147 non
698 4091 1052 4156 adorandum,
1094 4100 1150 4143 ut
1187 4088 1401 4143 Domini
1429 4098 1480 4141 et
1513 4088 1613 4142 Dei
1654 4105 1889 4152 carnem;
1916 4106 2030 4143 eum

440 4185 844 4239 anathematth
889 4191 1072 4238 sancta
1109 4191 1158 4237 et
1194 4181 1449 4235 catholica
1476 4178 1730 4245 Ecclesia,
1777 4180 2032 4251 obtempe—

439 4295 563 4331 rans
593 4278 764 4332 divino
791 4276 1037 4348 Apostolo
1066 4275 1253 4330 dicenti
1284 4291 1302 4328 :
1337 4273 1396 4329 Si
1421 4273 1541 4344 quis
1571 4273 1722 4328 vobis
1760 4274 2029 4343 evangeli-

440 4368 640 4422 zaverit
669 4376 863 4439 praeter
890 4369 942 4424 id
969 4368 1113 4440 quod
1142 4367 1442 4438 accepistis,
1477 4365 1763 4420 anathema
1788 4365 1857 4421 sit
1886 4364 2026 4437 (Gal.

439 4476 475 4521 ι,
506 4456 583 4527 9).

510 4551 635 4607 "th
674 4550 746 4605 ita
777 4550 868 4605 illo
920 4551 1185 4605 sentiente
1227 4558 1281 4605 et
1326 4552 1594 4606 scribente
1640 4550 1814 4613 nobis,
1847 4550 2029 4619 gloriae
2062 4572 2106 4629 ο

437 4642 636 4699 Christi
666 4642 855 4708 hostis,
898 4648 1059 4710 atque
1098 4640 1312 4695 rebellis
1342 4641 1647 4706 Nestorius,
1680 4640 2025 4696 etirenatam-

435 4750 540 4805 que
562 4735 614 4789 in
632 4749 755 4789 eum
772 4733 1008 4801 linguam
1021 4732 1255 4795 solvens,
1272 4732 1344 4784 ita
1366 4731 1439 4784 ait
1458 4730 1649 4796 (Serm.
1667 4730 1701 4783 2
1715 4731 1806 4785 sub
1817 4731 1995 4802 ﬁnem)
2014 4750 2025 4783 :

436 4827 786 4898 Conﬁtenmur
806 4827 1040 4897 eum,qui
1071 4834 1146 4879 est
1170 4825 1224 4877 in
1244 4824 1449 4878 homine
1478 4822 1658 4877 Deum.
1689 4822 1929 4877 Calamus
1960 4824 2035 4877 di-

436 4923 551 4975 vina
585 4921 948 4993 conjunctione
976 4936 1090 4973 cum
1116 4917 1226 4971 Deo
1260 4915 1424 4971 Verbo
1446 4915 1833 4969 coadorandum
1864 4916 2030 4969 homi-

434 5029 567 5066 nem.
595 5012 783 5069 Nonne
822 5013 982 5083 plane
1012 5011 1283 5066 hominem
1322 5007 1567 5084 Θεοφόρον
1600 5009 1843 5063 nominat
1879 5007 2026 5063 Chri-

434 5105 613 5157 stum?
644 5119 823 5159 nonne
858 5102 1292 5171 conjunctionem
1324 5108 1529 5155 tantum
1560 5099 1792 5153 hominis
1829 5098 2023 5153 laetam

434 5209 554 5250 esse
582 5195 710 5251 dicit
737 5195 802 5250 ad
842 5194 1029 5257 Deum,
1062 5193 1355 5248 secundum
1380 5191 1542 5257 illud,
1568 5190 1715 5260 quod
1745 5198 1829 5245 est
1874 5188 2025 5244 Pauli

434 5302 567 5341 voce
591 5294 963 5350 memoratum,
1000 5282 1100 5349 Qui
1121 5284 1349 5337 adliceret
1374 5282 1625 5347 Domino,
1651 5299 1781 5337 unus
1813 5283 2023 5352 spiritus

435 5387 507 5436 ist
527 5378 569 5449 (Ι
593 5376 709 5433 Cor.
741 5395 811 5443 v1,
838 5376 947 5448 Π).

504 5471 664 5540 Atqui
692 5470 822 5526 illud
842 5478 924 5525 εει
959 5484 1168 5533 verum,
1192 5467 1463 5522 Christum
1485 5481 1649 5520 unum
1671 5463 2025 5531 eumdemque

2064 1809 2103 1866 Β

962 310 1010 363 Μ
1036 306 1154 361 χιιιι
1194 303 1635 360 MEilCATORlS
1677 299 2032 356 TRANSLH

2137 297 2245 354 ιεδ
2285 296 2589 354 νΑιιιοιιυ
2603 297 2646 352 .\l
2689 296 3217 355 OPl‘SCULORUM.

3633 296 3766 355 952

2140 416 2309 469 Deum
2353 414 2512 471 simul
2553 422 2609 469 et
2649 413 2957 483 hominem,
2990 423 3046 470 et
3094 432 3201 470 non
3231 416 3503 474 hominem
3544 426 3765 481 nescio

2145 523 2324 576 quem,
2356 507 2646 576 separatim
2676 514 2731 561 et
2751 508 2976 561 seorsim
2999 508 3419 577 intelligendum,
3443 520 3496 568 et
3524 524 3767 570 tantum

2145 599 2524 669 conjunctione
2564 600 2674 654 Deo
2702 599 3082 655 adhaerentem.
3122 601 3254 656 Nam
3278 614 3399 674 post
3429 607 3569 662 illam
3599 610 3764 664 incf-

2144 688 2358 744 labilem
2389 690 2788 756 adunationem,
2813 692 2926 746 sive
2954 693 3073 760 quis
3100 693 3295 749 dixerit
3321 696 3483 753 Deum
3512 700 3765 757 Emma-

2142 782 2295 849 nuel,
2346 783 2620 837 hominem
2666 782 2867 838 factum
2911 792 2967 838 et
3011 784 3347 843 incarnatum
3375 790 3467 845 Dei
3497 792 3769 849 Verbum

2142 886 2359 948 oportet
2386 879 2651 949 accipere,
2700 880 2814 935 sive
2856 881 2977 950 quis
3019 882 3295 939 hominem
3338 890 3765 959 nominaverit;

2141 970 2341 1024 scimus
2368 980 2567 1036 tamen,
2600 986 2719 1026 cum
2749 972 2852 1026 hoc
2880 987 2999 1026 esse
3039 974 3203 1028 etiam
3248 974 3481 1032 Verbum
3532 979 3761 1037 Patris.

2142 1057 2237 1112 Est
2276 1059 2439 1128 igitur
2480 1060 2651 1127 aliud,
2702 1061 2881 1118 dicere
2926 1062 3121 1117 Filium
3150 1064 3245 1120 Dei
3284 1066 3457 1125 Patris
3495 1072 3770 1129 Verbum

2142 1168 2303 1206 unum
2335 1167 2457 1206 cum
2486 1168 2648 1207 carne
2676 1152 2775 1208 sibi
2817 1153 3126 1223 conjuncta,
3169 1166 3224 1210 et
3250 1158 3395 1214 aliud
3433 1161 3610 1218 dicere
3634 1204 3655 1228 ,
3702 1165 3772 1217 in

2139 1243 2357 1297 homine
2373 1257 2491 1297 esse
2508 1243 2694 1307 Deum,
2714 1244 3164 1312 quemadmodum
3186 1246 3348 1301 etiam
3372 1250 3425 1303 in
3452 1254 3775 1324 prephetis

2138 1334 2258 1397 fuit,
2290 1334 2403 1389 sive
2426 1334 2477 1387 in
2505 1335 2658 1389 nobis
2687 1335 2818 1403 ipsis
2845 1350 2941 1405 per
2966 1334 3226 1405 Spiritum
3247 1349 3510 1395 sanctum.

2209 1427 2335 1483 Sine
2365 1428 2604 1498 periculo
2634 1436 2814 1481 autem
2843 1436 2898 1481 et
2927 1420 3483 1498 irreprehensihiliter,
3522 1443 3576 1486 ut
3610 1434 3771 1503 opi-

2138 1535 2255 1584 nor,
2281 1518 2384 1573 hoc
2413 1518 2629 1581 dixeris,
2662 1518 2805 1587 quod
2827 1518 3162 1574 incarnatum
3191 1521 3288 1576 Dei
3314 1521 3575 1591 Verbum,
3608 1542 3769 1580 csun

2134 1610 2205 1664 sit
2233 1626 2371 1665 unus
2400 1610 2555 1677 lilius,
2587 1625 2695 1665 non
2724 1610 2841 1664 sine
2865 1610 3080 1680 prepria
3102 1626 3281 1677 carne,
3308 1613 3403 1667 sed
3434 1630 3555 1668 cum
3587 1616 3764 1685 ipsa,

2135 1713 2219 1760 est
2261 1705 2442 1775 potius
2487 1703 2855 1761 adorandum:
2882 1704 3335 1773 quemadmodum
3363 1708 3522 1761 etiam
3550 1710 3769 1765 omnis

2134 1797 2312 1849 anima
2339 1795 2394 1849 in
2423 1810 2522 1849 suo
2547 1808 2777 1863 corpore
2797 1795 3113 1858 honoratur,
3139 1802 3195 1851 et
3216 1798 3571 1866 appellatione
3592 1815 3761 1862 una,

2133 1885 2278 1955 quod
2306 1901 2373 1940 ex
2402 1884 2612 1939 duobus
2634 1892 2734 1952 est,
2759 1892 2817 1939 ut
2838 1902 3002 1939 unum
3026 1887 3224 1941 animal
3250 1890 3568 1944 nominatur.
3586 1889 3763 1947 Cum

2133 1988 2191 2035 tu
2221 1981 2383 2050 igitur
2409 1979 2475 2034 de
2496 1978 2712 2035 Christo
2740 1981 2980 2036 omnium
3008 1982 3279 2038 salvatore
3311 2000 3618 2042 sermonem
3658 1987 3761 2043 fa-

2132 2070 2297 2136 ciens,
2323 2070 2528 2125 dividas
2556 2085 2699 2138 eum,
2731 2071 2824 2141 qui
2844 2087 2984 2126 unus
3021 2082 3135 2139 εει,
3176 2073 3229 2128 in
3256 2074 3389 2131 duos
3411 2077 3623 2150 [Baluz.
3660 2079 3765 2134 di-

2131 2161 2284 2215 vidas
2308 2177 2475 2216 unum
2519 2162 2574 2217 in
2613 2160 2764 2233 duo],
2796 2171 2852 2217 et
2892 2163 3163 2219 hominem
3185 2167 3409 2222 seorsim
3436 2178 3490 2223 et
3516 2186 3765 2240 separa-

2134 2253 2228 2307 tim
2259 2254 2664 2323 intelligendum
2699 2257 3049 2325 pronunties,
3080 2257 3275 2313 deinde
3314 2259 3509 2317 audeas
3546 2263 3761 2319 dicere

2134 2342 2339 2415 [Baluz.
2359 2344 2545 2399 audias
2564 2343 2785 2417 dicere],
2805 2361 2930 2400 eum
2952 2346 3234 2402 coadorari
3252 2358 3517 2418 og‘tortere,
3533 2360 3584 2406 et
3604 2368 3763 2408 con-

2132 2434 2433 2504 nuncupari
2455 2433 2643 2499 Deum,
2675 2444 2949 2505 tamquam
2972 2438 3017 2492 si
3046 2438 3182 2493 alius
3205 2440 3275 2494 sit
3302 2449 3494 2509 prmter
3525 2442 3756 2511 ipsum,

2133 2521 2300 2578 Filius
2320 2523 2445 2588 Dei;
2470 2525 2590 2595 quis
2619 2532 2722 2589 est,
2754 2528 2848 2596 qui
2873 2526 3016 2583 ferre
3058 2531 3249 2599 possit,
3297 2541 3352 2587 et
3392 2542 3593 2588 tantam
3643 2535 3763 2590 lin-

2132 2624 2249 2681 guze
2274 2614 2627 2683 petulantiam
2650 2616 2865 2672 silentio
2890 2620 3204 2688 prmterire?
3231 2618 3552 2692 Oportuerat
3577 2628 3759 2681 enim

2132 2698 2304 2776 magis
2331 2706 2510 2763 dicere
2536 2726 2549 2762 :
2577 2706 2823 2765 Calamus
2864 2710 3035 2766 Deum
3088 2711 3334 2781 Verbum,
3365 2716 3499 2787 quod
3526 2720 3760 2789 factum

2132 2805 2211 2851 est
2236 2797 2409 2865 homo,
2448 2807 2497 2853 et
2522 2809 2850 2871 nuncupatur
2878 2801 3041 2867 Deus,
3084 2812 3135 2858 et
3180 2806 3237 2858 in
3267 2806 3586 2862 humanitate
3636 2812 3760 2865 ad-

2133 2896 2313 2940 oratur
2337 2926 2351 2954 ,
2390 2889 2511 2960 quia
2558 2894 2607 2943 et
2655 2898 2843 2946 natura
2889 2889 3029 2947 Deus
3069 2902 3165 2960 est,
3207 2904 3257 2951 et
3298 2915 3363 2952 ex
3402 2897 3511 2953 Deo
3559 2897 3764 2958 Patre

2133 2984 2307 3031 natus.

2207 3076 2233 3105 ⁸
2273 3068 2380 3124 Sed
2422 3069 2656 3125 dixerint
2684 3070 2853 3149 forte,
2886 3073 2979 3143 qui
3008 3090 3076 3131 ex
3102 3076 3332 3133 adverso
3353 3120 3367 3145 ,
3412 3087 3465 3133 tu
3503 3095 3761 3151 quoque

2134 3174 2258 3214 reus
2288 3160 2413 3224 eris,
2445 3161 2685 3217 scribens
2714 3163 2766 3217 in
2798 3165 3046 3233 epistola,
3079 3167 3215 3239 quod
3243 3166 3411 3222 Filius
3432 3167 3583 3223 Patri
3610 3188 3761 3225 cum

2136 3266 2230 3304 sua
2252 3267 2407 3306 carne
2439 3253 2758 3319 consederit;
2804 3263 2859 3309 et
2887 3254 3081 3311 deinde
3109 3258 3507 3326 reprehendens
3534 3258 3759 3316 dicen-

2135 3349 2263 3409 tem,
2281 3343 2418 3413 quod
2432 3352 2667 3414 aporteat
2682 3345 2958 3400 coadorari
2978 3346 3238 3401 hominem
3264 3365 3375 3402 cum
3396 3347 3502 3403 Deo
3532 3348 3757 3416 Verbo,

2131 3441 2182 3486 et
2202 3435 2587 3505 connuncupari
2615 3433 2781 3489 Deum
2804 3452 2821 3489 :
2846 3437 3180 3492 tantumdem
3206 3446 3289 3492 est
3314 3439 3483 3502 enim,
3528 3449 3584 3494 et
3638 3444 3759 3496 σὺν

2132 3522 2330 3588 dicere,
2362 3532 2418 3578 et
2451 3526 2597 3599 μετὰ.
2634 3524 3038 3595 Redarguamus
3084 3529 3232 3598 ipsos
3274 3532 3381 3585 vim
3410 3531 3757 3598 ignorantes

2133 3615 2417 3683 dictorum,
2444 3626 2499 3672 et
2526 3626 2773 3675 naturam
2801 3636 2981 3675 rerum
3004 3622 3224 3677 minime
3249 3623 3517 3678 intuentes
3548 3642 3560 3676 :
3593 3639 3759 3694 quo-

2134 3710 2235 3767 ties
2254 3712 2396 3766 enim
2426 3712 2478 3767 in
2505 3728 2610 3767 una
2635 3728 2886 3784 persona,
2912 3723 2965 3769 et
2987 3715 3039 3769 in
3061 3715 3268 3788 [Balus.
3299 3734 3401 3771 om.
3426 3715 3500 3788 in]
3529 3726 3755 3774 natura

2134 3819 2260 3870 una,
2292 3804 2405 3859 sive
2434 3805 2749 3871 substantia,
2782 3822 2962 3862 sermo
2988 3808 3284 3877 explanans
3309 3824 3400 3874 ea,
3433 3823 3500 3863 ex
3527 3809 3758 3878 quibus

2133 3895 2202 3950 sit
2230 3897 2528 3967 composita
2557 3898 2880 3953 naturaliter
2907 3898 3114 3971 [Baluz.
3148 3900 3272 3954 add.
3306 3902 3419 3971 ipsa
3445 3901 3757 3975 persona],

2134 3986 2317 4055 adjicit
2343 3987 2457 4041 sive
2484 3990 2542 4044 τὸ
2572 3991 2668 4043 σὺν
2690 4029 2705 4054 ,
2750 3989 2864 4043 sive
2891 3991 2950 4044 τὸ
2979 3994 3138 4062 μετὰ,
3172 4000 3350 4047 servat
3378 3992 3765 4059 signiﬁcatio-

2132 4094 2258 4133 nem
2285 4080 2525 4144 unitatis,
2548 4089 2605 4135 et
2629 4097 2737 4137 non
2766 4082 2820 4136 in
2849 4082 2985 4137 duas
3009 4091 3193 4153 partes
3228 4083 3449 4139 divisam
3476 4098 3601 4139 esse
3635 4086 3763 4142 de-

2134 4168 2269 4225 finit.
2294 4170 2516 4238 Quoties
2544 4180 2746 4236 autem,
2778 4174 3095 4229 substantiis
3124 4175 3179 4229 in
3220 4175 3355 4231 duas
3376 4186 3557 4246 partes
3600 4187 3763 4235 ante

2132 4262 2335 4325 divisis,
2366 4262 2435 4316 ad
2459 4262 2857 4331 signiﬁcandam
2878 4272 3163 4333 utramque
3190 4266 3475 4335 separatim
3496 4273 3553 4320 et
3571 4281 3764 4322 seor-

2133 4354 2344 4420 sim,’-ré
2386 4357 2482 4410 σὺν
2510 4354 2726 4421 dicitur,
2759 4355 2872 4410 sive
2900 4357 2957 4411 τὸ
2980 4358 3127 4427 μετὰ,
3155 4364 3285 4412 tunc
3316 4364 3463 4411 certe
3490 4357 3757 4414 duorum

2133 4453 2226 4500 aut
2253 4446 2508 4517 plurium,
2537 4453 2591 4500 et
2611 4462 2719 4500 non
2746 4446 2903 4500 unius
2930 4461 3029 4516 per
3056 4447 3524 4516 compositionem,
3557 4446 3757 4516 signi-

2134 4537 2311 4593 ficatio
2339 4545 2453 4604 est,
2486 4545 2547 4593 ut
2577 4538 2622 4593 si
2652 4537 2858 4611 [Batus.
2889 4536 3013 4591 add.
3039 4535 3201 4608 forte]
3236 4538 3444 4602 dixero,
3483 4538 3756 4595 cohone-

2135 4631 2241 4685 rari
2272 4630 2477 4703 [Balus.
2511 4628 2817 4700 coadorari]
2843 4645 2965 4685 cum
2988 4645 3087 4685 suo
3108 4644 3338 4699 corpore
3358 4629 3588 4685 hominis
3622 4633 3753 4686 ani-

2132 4736 2311 4787 mam,
2354 4737 2478 4777 cum
2524 4721 2731 4794 [Batus.
2765 4720 2823 4776 Si
2849 4722 2971 4791 quis
2998 4719 3249 4792 fortasse]
3291 4721 3468 4777 honor
3511 4721 3752 4781 delatus

2131 4813 2291 4868 luerit
2317 4814 2542 4880 homini,
2575 4814 2667 4884 qui
2694 4822 2778 4869 est
2798 4829 2865 4869 ex
2894 4823 3126 4884 utroque
3155 4814 3521 4884 compositus;
3551 4824 3656 4869 aut
3695 4818 3750 4873 si

2129 4907 2249 4977 quis
2277 4906 2505 4971 dixerit,
2549 4907 2781 4961 animam
2830 4922 2996 4961 unum
3045 4922 3165 4961 esse
3211 4906 3412 4960 animal
3455 4921 3575 4960 cum
3628 4923 3747 4963 suo

2130 5013 2357 5067 corpore
2390 5016 2401 5049 :
2436 5013 2544 5052 non
2572 5007 2719 5052 certe
2747 4998 2800 5051 in
2846 4997 2981 5053 duos
3020 4997 3266 5052 homines
3304 5013 3469 5052 unum
3499 4996 3744 5063 dividit;

2130 5091 2225 5145 sed
2254 5098 2477 5161 apparet
2504 5090 2673 5158 magis
2703 5090 2849 5144 illum
2879 5107 2988 5144 non
3018 5092 3292 5157 ignorasse
3321 5106 3403 5156 ea,
3433 5105 3499 5144 ex
3526 5090 3746 5159 quibus

2129 5182 2292 5236 homo
2322 5182 2405 5235 vel
2437 5181 2524 5247 sit,
2566 5182 2652 5235 vel
2684 5182 3015 5250 compositus
3041 5182 3127 5235 sit.
3162 5179 3255 5235 Sin
3284 5189 3461 5235 autem
3489 5180 3696 5236 dixero
3724 5201 3741 5236 :

2130 5271 2319 5328 Petrus
2352 5282 2406 5328 et
2444 5272 2677 5327 Joannes
2706 5280 3188 5342 connuncupantur
3233 5273 3510 5337 homines;
3542 5272 3633 5325 vel
3690 5275 3743 5329 si

2056 5390 2057 5393 η
2125 5365 2313 5420 dixero
2339 5383 2351 5417 :
2375 5364 2509 5419 Cum
2535 5364 2695 5420 Petro
2715 5364 2953 5419 Joannes
2979 5365 3302 5420 ascendebat
3342 5365 3393 5419 in
3429 5363 3736 5433 templum;

2127 5464 2184 5517 τὸ
2214 5464 2309 5514 σὺν
2345 5458 2493 5527 jam,
2542 5460 2656 5513 sive
2700 5457 2759 5514 τὸ
2803 5460 2929 5532 μετὰ
2957 5497 2971 5522 ,
3022 5474 3129 5513 non
3170 5457 3332 5511 unius
3372 5456 3735 5525 signiﬁcatio-

432 5567 638 5643 [nam
672 5578 878 5629 verum,
905 5563 1078 5635 ipsum
1107 5560 1482 5629 eumdemqne,
1509 5557 1639 5629 etc.]
1669 5557 1830 5612 fuisse
1857 5554 2026 5622 magis
2126 5568 2248 5606 nem
2280 5553 2458 5612 habet,
2488 5566 2663 5619 neque
2692 5550 2835 5605 enim
2873 5548 3201 5621 compositus
3238 5556 3321 5603 est
3361 5545 3548 5601 Petrus
3590 5561 3733 5601 cum

1604 5648 1854 5707 CASTIG
1865 5645 2063 5702 ATION
2074 5644 2155 5699 ES
2198 5645 2279 5698 LT
2320 5643 2544 5699 NOTAE.

512 5755 524 5776 ⁵
569 5753 749 5809 Balnz.
782 5750 887 5805 Sed
919 5749 1143 5803 dixerint
1163 5764 1187 5801 e
1211 5746 1407 5800 diverso
1436 5763 1445 5796 :
1474 5753 1521 5796 tu
1548 5758 1740 5813 quoque
1757 5756 1893 5803 reus,
1919 5747 2019 5792 etc.
2062 5735 2211 5791 Em.
