3978 6188
328 283 437 341 953

1070 282 1126 339 S.
1166 281 1434 339 CYRlLLl
1473 281 1991 339 APOLOGETICUS
2029 279 2390 338 ADVERSUS
2430 280 2880 337 ORIENTALES.

3481 281 3584 339 955

327 396 566 459 Joanne;
604 393 698 449 sed
728 408 826 448 nec
853 408 950 463 pro
980 409 1088 448 uno
1114 394 1333 449 homine
1362 394 1518 448 ambo
1546 392 1898 447 aestimantur.
1930 400 1972 452 Α
2004 372 2173 445 autem
2193 409 2284 463 ego
2304 394 2357 445 in
2374 392 2568 461 Spiritu
2589 392 2683 446 Dei
2696 394 2846 463 ejicio
2860 394 3111 448 dwmonia
3131 393 3342 464 (Matth.
3362 396 3583 463 xn,28),

400 487 509 541 Cur
532 486 691 554 igitur
727 485 1007 539 veritatem
1035 492 1408 553 corrumpunt,
1439 499 1604 538 unum
1630 480 1899 536 Christum

328 582 383 636 in
429 583 565 637 duos
610 594 707 651 per
744 580 1063 648 imperitiam
1090 578 1431 632 dividentes?
1476 576 1583 630 Aut
1619 575 1663 629 si
1691 580 1900 645 putant,

327 671 473 741 quod
504 686 603 726 nos
637 669 909 724 consedere
952 668 1103 722 Patri
1141 668 1379 722 dicentes
1418 666 1614 721 Filium
1658 682 1772 719 cum
1810 681 1903 719 suo

327 777 561 830 corpore,
593 759 726 813 duos
754 758 975 826 intelligi
1003 756 1305 811 dederimus
1333 756 1487 822 ﬁlios,
1518 755 1799 825 exquirant
1820 753 1904 807 die

330 851 598 918 ligentius,
630 866 697 904 an
725 865 831 903 non
856 889 871 913 ,
920 864 1082 903 unum
1122 848 1358 903 dicentes
1393 846 1577 912 ﬁlium,
1609 862 1715 900 uno
1744 846 1905 899 etiam

329 956 587 997 consessu
607 955 728 994 eum
748 939 971 994 dicimus
990 938 1376 1003 honorandum,
1398 953 1503 992 non
1524 952 1652 991 vero
1672 936 1903 999 duobus;

330 1032 405 1086 ita
432 1041 489 1085 ut
515 1046 653 1085 unus
679 1028 891 1098 quidem
918 1029 1140 1093 seorsim
1172 1029 1385 1098 corpori
1408 1027 1730 1091 destinetur,
1772 1027 1907 1081 alter

330 1138 462 1176 vero
484 1121 673 1175 iterum
706 1121 900 1186 verbo;
930 1118 1022 1173 sed
1051 1133 1340 1187 numquam
1382 1118 1484 1172 hoc
1527 1117 1904 1187 probaverint;

2002 481 2258 536 Dominus
2279 492 2360 536 est
2380 490 2556 536 tamen
2580 482 2782 555 [Baluz.
2799 500 2898 537 om.
2916 482 3135 554 tamen],
3149 486 3239 554 qui
3261 484 3385 539 iacit
3404 485 3454 538 in
3471 484 3590 553 Spi—

2000 568 2124 633 ritu,
2144 584 2318 637 neque
2338 571 2477 624 enim
2495 571 2700 627 alienus
2719 581 2800 628 est
2826 572 2989 627 Filius
3014 589 3044 626 a
3072 572 3229 628 Patre
3246 575 3327 628 vel
3348 574 3579 643 Spiritu;

2003 673 2103 713 nec
2122 658 2305 713 divisa:
2331 674 2431 715 nec
2458 661 2683 715 seorsim
2708 664 2896 732 posita
2928 672 3052 717 sunt
3082 663 3357 719 Trinitatis
3391 680 3583 733 opera-

2003 748 2205 814 tiones;
2233 750 2326 804 sed
2355 751 2570 820 pr0pria
2595 751 2868 807 Trinitatis
2895 765 2977 807 est
3003 753 3415 823 uniuscujusque
3457 755 3583 807 sub-

2003 840 2211 895 stantiae
2229 842 2493 909 operatio,
2506 857 2623 910 qua:
2645 843 2697 895 in
2713 841 2986 912 Scriptura
3009 853 3301 898 memorata
3317 853 3424 908 est;
3443 844 3583 898 sicut

2005 940 2061 985 et
2088 946 2301 985 omnem
2350 940 2650 986 creaturam
2689 932 2850 986 modo
2898 932 3015 985 Filii
3058 948 3192 1002 opus
3238 932 3400 988 fuisse
3446 933 3585 987 Scri-

2004 1030 2161 1093 ptura
2190 1032 2594 1089 commemorat,
2634 1024 2814 1079 dicens
2852 1042 2864 1076 :
2912 1023 3075 1078 Verba
3104 1024 3313 1079 Domini
3343 1026 3452 1079 caeli
3487 1026 3581 1094 ﬁr—

2006 1114 2131 1166 mati
2160 1122 2279 1165 sunt
2302 1112 2470 1182 (Psal.
2502 1128 2668 1177 xxxn,
2698 1113 2774 1184 6);
2805 1114 2965 1167 modo
2994 1114 3221 1182 Spiritus
3255 1116 3456 1179 sancti;
3488 1115 3582 1168 ad-

332 1229 497 1267 unum
526 1212 665 1267 enim
690 1226 810 1267 cum
836 1226 930 1265 sua
950 1225 1109 1265 carne
1134 1208 1354 1273 Filium,
1384 1208 1549 1261 Deum
1568 1207 1721 1261 simul
1744 1215 1799 1260 et
1820 1206 1912 1260 ho—
2001 1201 2119 1270 jicit
2159 1203 2299 1256 enim
2335 1220 2346 1253 :
2377 1211 2427 1255 et
2466 1205 2647 1273 spiritu
2690 1206 2796 1257 oris
2840 1206 2949 1273 ejus
2994 1205 3157 1257 omnis
3202 1206 3359 1258 virtus
3407 1222 3581 1259 eorum

331 1306 530 1359 minem
551 1344 565 1368 ,
607 1303 849 1357 eumdem
880 1317 984 1355 uno
1013 1316 1266 1355 consessu
1293 1315 1413 1354 cum
1441 1298 1597 1352 Patre
1623 1297 1910 1351 asserimus
2009 1292 2218 1365 (ΠΜ).
2243 1293 2347 1348 Sed
2370 1310 2475 1348 non
2504 1296 2630 1363 quia
2659 1312 2765 1350 non
2787 1297 2955 1365 possit
2983 1295 3142 1351 Pater
3170 1299 3347 1351 omnia
3386 1297 3580 1364 facere,

332 1393 724 1449 honorandum.
754 1390 1083 1445 Cohonorari
1104 1397 1280 1443 autem
1309 1388 1503 1449 dicere,
1528 1394 1582 1440 et
1601 1401 1909 1440 connuncu-
2008 1394 2261 1456 operatur
2304 1394 2359 1441 et
2396 1387 2590 1454 Filius;
2623 1397 2649 1426 ι
2678 1404 2781 1444 nec
2825 1391 3027 1458 pariter
3063 1390 3187 1458 quia
3230 1390 3469 1444 inﬁrmus
3514 1391 3584 1444 sit

333 1484 449 1555 pari
475 1485 668 1549 Deum;
699 1482 857 1553 plane
885 1489 966 1536 est
1004 1480 1246 1537 conﬁteri
1274 1479 1409 1533 duos
1433 1494 1551 1532 esse
1575 1478 1911 1532 cohonoran-
2009 1477 2173 1533 Filius
2192 1478 2258 1532 ad
2286 1479 2597 1544 creandum,
2640 1480 2928 1534 assumitur
2967 1480 3196 1550 Spiritus
3231 1499 3242 1533 :
3276 1497 3458 1535 verum
3501 1491 3583 1535 est

333 1578 453 1641 dos,
483 1584 537 1630 et
559 1574 1077 1643 connuncupandos;
1102 1573 1245 1642 quod
1270 1572 1549 1627 dementia:
1568 1571 1782 1641 plenum
1806 1577 1904 1635 est,
2009 1570 2171 1633 enim,
2198 1568 2342 1637 quod
2372 1571 2546 1622 omnia
2573 1587 2664 1638 per
2690 1572 2856 1640 ipsum
2886 1573 3025 1641 facta
3054 1580 3174 1624 sunt
3204 1570 3380 1641 (Joan.
3418 1588 3466 1635 ι,
3503 1572 3578 1641 5);

331 1678 389 1724 et
418 1684 446 1721 a
476 1668 635 1722 rectis
665 1666 901 1720 veritatis
929 1664 1265 1733 dogmatibus
1286 1663 1537 1717 alienum.
2009 1660 2101 1713 sed
2130 1668 2187 1713 ut
2216 1659 2494 1716 Trinitatis
2520 1660 2762 1715 eamdem
2790 1662 3141 1729 substantiam
3161 1702 3178 1728 ,
3208 1663 3455 1718 eumdem
3484 1665 3583 1719 ho-

405 1761 602 1815 Factus
621 1758 879 1826 estigitur
902 1756 1372 1811 anathematismus
1401 1754 1451 1807 in
1482 1769 1575 1809 eos
1602 1752 1692 1822 qui
1715 1767 1907 1821 usque-
1941 1750 1982 1808 Β
2012 1765 2216 1813 norem,
2244 1750 2589 1820 eamdemque
2609 1752 2859 1807 virtutem
2898 1752 3171 1823 Scriptura
3209 1755 3362 1809 nobis
3400 1756 3581 1824 expri-

331 1866 549 1921 quaque
569 1858 623 1904 et
644 1848 889 1903 omnibus
916 1846 1088 1901 modis
1115 1844 1353 1900 dividunt
1379 1843 1719 1907 Emmanuel,
1758 1857 1906 1897 seor-

331 1959 425 1997 sus
456 1942 508 1995 in
533 1940 821 2004 hominem,
850 1945 904 1992 et
930 1953 1143 1992 seorsus
1168 1937 1221 1991 in
1247 1936 1412 1991 Deum
1441 1933 1673 1988 Verbum
1703 1949 1718 1987 :
1745 1948 1907 1987 unum

332 2032 535 2088 etenim
581 2030 753 2101 ipsum
799 2029 954 2083 nobis
991 2028 1283 2082 divinarum
1330 2040 1507 2079 rerum
1553 2021 1909 2092 prmdicavere

332 2122 604 2184 doctores,
636 2128 691 2175 et
711 2119 916 2174 sincera
942 2124 1101 2187 atque
1129 2117 1433 2185 incorrupta
1456 2129 1724 2169 sacrarum
1747 2113 1910 2168 scien-

338 2213 411 2265 tia
443 2212 758 2266 litterarum.

772 2342 1245 2385 ANATHEIIATISICS
1280 2344 1460 2384 Νοιωε.

410 2444 469 2499 Si
490 2444 609 2512 quis
626 2443 786 2508 dicat,
816 2459 980 2498 unum
1002 2442 1284 2513 Dominum
1308 2440 1489 2498 Iesum
1508 2439 1775 2496 Christum
1795 2441 1911 2509 glo-

308 2533 601 2589 .riticatum
628 2549 660 2587 a
690 2532 908 2602 Spiritu,
938 2531 1133 2586 virtute
1157 2530 1352 2601 ipsius,
1380 2531 1534 2600 quasi
1573 2530 1771 2593 aliena,
1811 2529 1907 2594 uti,

336 2634 396 2678 et
424 2624 493 2676 ab
534 2622 649 2691 ipso
689 2622 930 2689 accipere
949 2660 963 2686 ,
998 2628 1057 2674 ut
1083 2620 1252 2690 possit
1280 2620 1492 2689 operari
1523 2618 1775 2673 adversus
1814 2618 1913 2671 im-

340 2713 571 2767 mundos
598 2714 834 2782 spiritus,
864 2719 919 2765 et
948 2711 1171 2781 implere
1196 2710 1248 2764 in
1276 2711 1484 2783 [Baiuz.
1517 2726 1619 2764 om.
1652 2706 1727 2779 in]
1749 2709 1914 2762 homi-

341 2806 499 2859 nibus
526 2804 672 2874 signa
696 2804 890 2870 divina,
910 2818 972 2859 ac
992 2819 1098 2857 non
1120 2803 1287 2870 magis
1308 2802 1473 2871 ipsius
1498 2816 1615 2856 esse
1638 2802 1913 2871 proprium

342 2897 620 2966 Spiritum,
652 2912 749 2965 per
776 2910 936 2966 quem
965 2902 1218 2965 operatus
1246 2901 1328 2949 est
1355 2894 1505 2962 signa
1542 2894 1753 2959 divina;
1785 2910 1915 2949 ana-

342 2989 522 3042 thema
550 2987 636 3042 sit.

732 3112 1091 3152 REPREBBNSIO
1128 3112 1533 3153 BERETICORUI.

419 3206 623 3263 Rursus
652 3223 734 3273 ea,
767 3222 885 3276 quze
914 3209 1027 3278 ipse
1057 3217 1181 3263 ante
1207 3209 1366 3275 dixit,
1398 3209 1450 3262 in
1480 3208 1712 3263 medium
1741 3206 1920 3278 profe—

344 3314 546 3363 ramus,
580 3282 633 3353 et
662 3299 853 3368 ipsum,
883 3315 1101 3353 suorum
1131 3299 1309 3355 forsan
1349 3300 1590 3366 oblitmn,
1637 3299 1922 3353 admonea-

346 3404 468 3442 mus
493 3406 505 3440 :
534 3404 705 3458 neque
731 3388 869 3442 enim
894 3389 1259 3444 tantummodo
1279 3390 1559 3445 Dominum
1580 3390 1725 3458 signa
1749 3390 1801 3443 in
1821 3391 1924 3459 spi-

347 3478 455 3531 ritu
486 3477 618 3531 dixit
644 3478 921 3546 implesse;
954 3492 1136 3531 verum
1164 3477 1323 3531 etiam
1353 3478 1523 3547 ipsum
1552 3486 1819 3533 mortuum
1842 3480 1921 3534 vi-

346 3566 618 3621 viﬁcatum
648 3582 764 3621 esse
790 3582 884 3636 per
913 3565 1200 3636 Spiritum;
1232 3568 1307 3621 ait
1333 3569 1474 3621 enim
1501 3569 1553 3621 in
1580 3569 1752 3637 primo
1773 3577 1919 3624 tomo

349 3657 542 3727 (Epist.
576 3657 645 3709 ad
672 3656 976 3711 Monac/tos.
1002 3673 1116 3727 cap.
1146 3654 1236 3726 25)
1266 3675 1277 3707 :
1311 3657 1371 3711 Si
1399 3660 1553 3729 igitur
1571 3675 1672 3711 non
1699 3667 1776 3714 est
1801 3675 1920 3729 pas-

347 3763 456 3810 sus,
489 3764 547 3800 eo
572 3747 706 3817 quod
726 3757 953 3801 mortuus
973 3757 1048 3801 est
1074 3764 1245 3811 carne,
1264 3748 1417 3817 juxta
1459 3747 1777 3818 Scripturas,
1825 3765 1918 3802 ne—

345 3853 444 3908 que
468 3838 746 3906 viviﬁcatus
766 3848 841 3892 est
865 3838 1081 3909 Spiritu.
1113 3838 1461 3893 Considerare
1482 3846 1658 3892 autem
1684 3846 1915 3907 oportet,

346 3942 508 3996 quam
534 3929 803 3983 contraria
828 3930 927 3983 sibi
958 3930 1070 3998 ipse
1098 3930 1362 3997 loquatur,
1386 3931 1439 3983 in
1466 3929 1919 3983 anathematismis

348 4018 461 4071 suis
486 4032 704 4086 negans,
738 4019 1019 4074 Dominum
1049 4021 1101 4074 in
1128 4019 1326 4089 Spiritu
1350 4020 1442 4073 Dei
1470 4020 1726 4074 daemonia
1757 4018 1919 4086 ejice-

348 4121 427 4169 re,
460 4115 513 4161 et
542 4108 643 4161 alia
667 4109 815 4177 signa
842 4108 1036 4175 facere,
1068 4117 1124 4163 et
1153 4109 1297 4162 illam
1321 4123 1505 4163 vocem
1536 4108 1769 4172 Domini,
1798 4123 1918 4177 qua

349 4197 404 4249 in
458 4196 755 4266 Evangeliis
798 4199 974 4267 posita
1021 4208 1133 4263 est,
1179 4197 1366 4252 falsam
1412 4199 1611 4253 faciens
1648 4197 1912 4253 dicentis:

349 4282 448 4339 Sin
476 4295 642 4340 autem
669 4288 723 4339 in
752 4286 949 4357 Spiritu
976 4286 1072 4341 Dei
1100 4304 1193 4358 ego
1231 4288 1484 4341 daemonia
1520 4288 1669 4358 ejicio
1699 4286 1912 4357 (Matth.

348 4391 444 4439 ιιι,
476 4374 589 4445 28).

2008 1847 2199 1902 meret,
2222 1840 2382 1896 modo
2411 1842 2485 1895 ait
2505 1858 2533 1895 a
2558 1841 2912 1908 Patre,‘modo
2933 1860 2962 1897 a
2986 1844 3139 1910 Filio,
3162 1844 3320 1899 modo
3342 1862 3368 1899 θ
3394 1856 3579 1903 sancto

2008 1928 2210 2000 Spiritu
2239 1946 2357 1986 esse
2398 1931 2537 1987 facta
2567 1952 2580 1986 :
2611 1934 2715 1989 hoc
2754 1936 2895 1989 enim
2935 1935 3096 1990 modo
3127 1936 3195 1990 ab
3227 1952 3328 1990 una
3354 1938 3582 2006 quadam

2007 2022 2301 2076 substantia
2328 2022 2505 2077 divina
2537 2023 2740 2096 [Baluz.
2773 2042 2874 2079 om.
2907 2024 3107 2096 divina]
3136 2026 3370 2097 pendere
3404 2030 3582 2083 omnia

2009 2111 2367 2180 intelligimus.
2402 2114 2534 2167 Nam
2561 2116 2700 2169 sicut
2723 2116 2953 2171 Verbum
2989 2116 3205 2179 ἔνούςιον
3227 2126 3281 2173 et
3300 2122 3585 2176 ἕννποστα·

2008 2225 2092 2258 τον
2121 2205 2448 2273 unigenitum
2475 2221 2541 2260 ex
2572 2208 2684 2275 ipsa
2716 2208 3115 2276 impassibiliter
3142 2218 3325 2263 natum
3351 2219 3463 2275 est;
3508 2213 3585 2266 sic

2010 2296 2238 2367 Spiritus
2263 2313 2329 2351 ex
2356 2299 2467 2367 ipsa
2508 2299 2659 2363 exiit,
2688 2300 2779 2369 qui
2804 2308 2885 2369 est
2912 2308 2964 2354 et
2994 2301 3106 2370 ipse
3137 2301 3190 2355 in
3218 2317 3312 2355 sua
3340 2302 3585 2357 substan-

2010 2388 2116 2452 tia;
2148 2388 2221 2440 ita
2253 2396 2311 2441 ut
2335 2404 2438 2442 una
2467 2391 2616 2445 οὐσία
2647 2389 2699 2443 in
2727 2390 2897 2444 tribus
2922 2391 3233 2445 substantiis
3260 2392 3583 2461 designetur,

2011 2485 2066 2530 et
2104 2478 2248 2530 nulla
2294 2492 2324 2530 a
2362 2492 2507 2543 sese,
2551 2478 2702 2547 juxta
2740 2479 3003 2533 rationem
3046 2480 3385 2546 substantiae,
3413 2481 3587 2535 aliena

2011 2581 2130 2622 esse
2176 2575 2453 2634 noscatur;
2499 2568 2593 2623 sed
2638 2569 3007 2624 tantummodo
3051 2571 3463 2639 proprietatibus
3490 2571 3586 2625 de-

2012 2658 2452 2723 monstrantibus,
2478 2658 2590 2712 sive
2618 2658 3025 2713 discretionibus
3044 2659 3261 2727 singula:
3281 2660 3589 2714 substantia!

2013 2745 2370 2801 declarentur.
2396 2746 2512 2812 Quo
2543 2748 2703 2815 igitur
2748 2748 2907 2803 modo
2961 2750 3175 2819 propria
3215 2758 3297 2804 cst
3347 2752 3588 2820 operatio

2014 2852 2221 2901 eorum,
2255 2853 2484 2908 quorum
2531 2839 2849 2901 substantia,
2899 2847 2954 2892 et
2997 2839 3185 2904 virtus,
3234 2845 3289 2893 et
3342 2840 3590 2895 voluntas

2014 2926 2312 2981 communis
2339 2927 2457 2980 est?
2488 2926 2689 2992 Quibus
2716 2928 2858 2982 enim
2884 2927 2985 2983 ista
3005 2929 3305 2996 communia
3326 2937 3468 2996 sunt,
3492 2945 3590 2984 eo-

2016 3033 2135 3072 rum
2164 3026 2309 3072 certe
2334 3033 2439 3072 una
2465 3026 2547 3073 est
2575 3020 2835 3088 operatio.

2488 3174 2765 3216 RESPONSIO
2801 3176 3117 3217 οιιτιιοῡοιι.

2091 3287 2304 3360 Opusne
2327 3291 2456 3345 mihi
2477 3292 2579 3346 erit
2606 3292 2819 3347 testium
2841 3293 3061 3348 vocibus
3083 3332 3099 3359 ,
3144 3293 3210 3347 ad
3237 3294 3590 3363 probandum,

2021 3380 2353 3435 adversarios
2407 3380 2624 3437 frivolas
2671 3385 2983 3454 ineptasque
3033 3386 3167 3440 velle
3207 3384 3411 3440 fabulas
3440 3402 3594 3440 exer-

2020 3486 2166 3536 cere,
2196 3479 2251 3526 et
2278 3472 2669 3528 inconsiderate
2698 3490 2796 3529 nos
2824 3475 3122 3531 maledictis
3151 3476 3426 3531 lacerare?
3454 3477 3521 3530 At
3542 3476 3594 3530 id

2020 3562 2233 3631 opinor,
2261 3565 2374 3618 sola
2403 3565 2638 3634 ipsorum
2666 3567 2829 3621 verba
2853 3583 3012 3637 posse
3040 3577 3362 3623 monstrare.

2088 3653 2147 3708 In
2191 3654 2470 3725 proposito
2499 3656 2946 3712 anathematismo
2990 3657 3390 3723 afﬁrmavimus,
3435 3659 3595 3728 plane

2018 3748 2293 3815 proprium
2323 3761 2441 3800 esse
2469 3746 2587 3800 Filii
2616 3746 2871 3815 Spiritum
2900 3757 3171 3814 sanctum,
3200 3756 3255 3803 et
3290 3766 3387 3819 per
3422 3751 3594 3818 ipsum

2018 3836 2241 3905 implere
2266 3836 2456 3889 Filium
2476 3836 2624 3903 signa
2650 3836 2857 3903 divina;
2889 3838 3176 3893 adversarii
3196 3853 3344 3903 vero,
3373 3840 3463 3906 qui
3486 3846 3595 3893 tam

2018 3926 2325 3998 frequenter
2369 3943 2613 3983 meorum
2655 3928 3029 3997 memetipsum
3075 3929 3315 3983 oblivisci
3360 3945 3595 3984 commc-

2018 4025 2250 4083 morant,
2284 4018 2548 4072 intentum
2575 4019 2675 4087 ipsi
2704 4018 3011 4074 stoliditatis
3052 4035 3116 4075 ac
3152 4019 3431 4074 dementiae
3457 4021 3595 4075 ceci-

2019 4106 2230 4172 derunt,
2260 4117 2320 4163 ut
2341 4109 2729 4173 existimarent,
2758 4124 2843 4164 me
2863 4109 3060 4174 dicere,
3085 4125 3192 4163 non
3216 4125 3310 4178 per
3338 4110 3594 4179 Spiritum

2018 4198 2213 4267 ejicere
2241 4199 2503 4253 daamonia
2531 4200 2741 4253 Filium.
2774 4199 2960 4253 Nonne
2990 4199 3149 4266 igitur
3168 4199 3279 4253 hmo
3299 4207 3483 4268 aperta
3504 4215 3593 4253 ca-

2018 4291 2217 4345 lumnia
2241 4292 2366 4345 est?
2394 4291 2526 4344 Nam
2554 4292 2597 4344 si
2622 4306 2728 4345 non
2756 4292 3039 4359 dignantur
3065 4290 3341 4355 conﬁteri,
3370 4291 3593 4359 ejectio-

2018 4394 2141 4433 nem
2167 4379 2552 4435 daemoniorum
2574 4380 2640 4433 ad
2661 4380 2808 4447 signa
2836 4379 3024 4434 referri
3046 4380 3246 4445 divina,
3267 4380 3447 4436 dicant
3464 4397 3594 4436 sane

420 4465 489 4519 At
514 4482 611 4521 nos
638 4466 917 4521 Dominum
937 4475 1177 4521 nostrum
1197 4466 1379 4521 Jesum
1407 4467 1691 4534 Christum,
1715 4475 1768 4523 et
1789 4483 1915 4537 pro-
1943 4480 1995 4540 Ι)
2018 4483 2364 4537 quaecumque
2389 4469 2491 4538 ipsi
2519 4469 2810 4535 voluerint,
2835 4478 2889 4524 et
2916 4485 3003 4526 me
3030 4470 3203 4525 modis
3229 4472 3473 4526 omnibus
3497 4471 3595 4525 cri-

346 4558 465 4627 pria
506 4559 714 4623 virtute,
743 4566 797 4612 et
819 4559 1128 4627 operatione
1153 4558 1413 4630 Spiritus,
1449 4559 1667 4629 implere
1692 4560 1914 4614 mirabi-

344 4648 421 4702 lia
442 4648 774 4703 contitemur.
807 4648 921 4703 Non
955 4649 1099 4719 quod
1127 4664 1234 4704 non
1272 4650 1466 4704 habeat
1504 4649 1616 4719 ipse
1645 4650 1915 4721 propriam

346 4738 618 4802 virtutem,
652 4747 708 4793 ut
728 4740 925 4794 virtute
952 4739 1178 4809 Spiritus
1204 4742 1373 4795 sancti
1395 4741 1641 4810 indigeat.

418 4830 519 4897 Qui
549 4846 677 4886 vero
704 4846 812 4885 non
842 4831 1027 4887 adesse
1051 4833 1179 4887 dicit
1200 4833 1403 4905 [Baluz.
1428 4850 1535 4888 non
1558 4833 1769 4905 accipit]
1796 4834 1915 4906 Spi-

343 4921 509 4975 ritum
540 4930 808 4985 sanctum,
848 4931 1007 4990 negat
1034 4939 1215 4978 sacras
1260 4923 1594 4992 Scripturas;
1643 4941 1768 4979 nam
1812 4928 1915 4982 etsi

344 5010 542 5066 alicubi
573 5011 715 5065 dicat
750 5010 1023 5081 Scriptura
1048 5012 1244 5076 divina,
1276 5013 1597 5067 mirabilium
1625 5029 1786 5083 opera
1814 5014 1915 5069 Pa-

343 5109 485 5153 trem
515 5100 755 5169 implere,
783 5103 919 5156 sicut
941 5102 1051 5155 ait:
1081 5100 1242 5154 Pater
1278 5119 1488 5156 manens
1516 5104 1568 5156 in
1607 5120 1686 5158 me
1722 5114 1770 5156 et
1808 5106 1914 5175 ipse

344 5191 473 5256 facit
500 5206 654 5259 opera
681 5207 795 5262 qua:
821 5208 913 5261 ego
954 5192 1089 5261 facio
1120 5190 1307 5261 (Joan.
1334 5209 1454 5257 xlv,
1507 5192 1622 5263 10).
1668 5192 1914 5250 Attamen

344 5280 512 5333 Filius
562 5289 643 5334 est
681 5281 772 5349 qui
810 5280 966 5343 facit,
1019 5281 1198 5335 omnia
1237 5282 1380 5335 enim
1423 5296 1541 5350 qua:
1580 5291 1702 5337 sunt
1744 5282 1916 5339 Patris

345 5366 464 5423 Filii
493 5378 649 5435 sunt;
673 5377 728 5425 et
754 5371 798 5425 si
825 5369 1082 5439 Spiritum
1108 5370 1251 5425 dicat
1279 5370 1473 5435 facere,
1499 5371 1637 5426 sicut
1663 5373 1737 5427 ait
1769 5392 1780 5425 :
1815 5372 1913 5427 Sin

2015 4558 2304 4623 minentur,
2324 4559 2479 4627 quasi
2512 4558 2717 4631 [.Baluz.
2742 4558 2908 4631 quod]
2938 4576 3045 4615 non
3066 4561 3313 4627 dixerim,
3343 4562 3457 4615 inec
3484 4576 3591 4615 non

2016 4664 2133 4705 esse
2177 4650 2329 4719 signa
2368 4650 2566 4706 divina.
2609 4650 2702 4705 Sin
2739 4667 2869 4706 vero
2916 4652 3056 4705 inter
3100 4660 3292 4706 caetera
3329 4650 3592 4704 mirabilia

2014 4741 2209 4812 ejectio
2244 4744 2408 4797 etiam
2447 4743 2833 4799 dmmoniorum
2875 4740 3271 4797 annumeranda
3306 4748 3418 4806 est;
3472 4757 3588 4805 cur,

2014 4840 2286 4902 tamquam
2309 4835 2509 4902 grande
2529 4833 2729 4903 aliquid
2749 4832 3019 4898 damnum,
3040 4834 3319 4887 veritatem
3343 4833 3590 4899 vitantes,

2018 4924 2358 4992 loquacitatis
2381 4940 2491 4979 sua:
2519 4925 2765 4979 morbum
2795 4925 2848 4978 in
2869 4924 3075 4979 honore
3101 4923 3332 4979 maxime
3366 4933 3589 4993 ponunt,

2018 5028 2119 5068 nec
2146 5024 2501 5082 aspernantur
2528 5015 2707 5085 potius
2733 5031 2867 5079 rem,
2897 5024 2951 5069 et
2979 5014 3119 5085 apud
3152 5015 3339 5079 Deum,
3370 5023 3424 5068 et
3451 5016 3592 5084 apud

2018 5107 2262 5162 homines
2284 5108 2563 5163 odiosam?
2591 5109 2741 5163 obliti
2770 5115 2949 5163 autem
2977 5108 3106 5161 mihi
3134 5107 3379 5161 videntur
3398 5105 3593 5161 Christi

2017 5198 2281 5253 dicentis:
2312 5197 2577 5263 Quomodo
2605 5201 2735 5253 dicis
2766 5202 2916 5270 fratri
2940 5209 3021 5253 tuo
3043 5215 3060 5252 :
3085 5197 3292 5262 Frater,
3340 5199 3451 5251 sine
3498 5198 3595 5267 eji-

2015 5290 2147 5342 ciam
2170 5291 2416 5359 festucam
2452 5307 2517 5345 ea:
2552 5294 2699 5344 oculo
2730 5300 2843 5354 tuo,
2872 5298 2921 5344 et
2947 5306 3063 5343 ecce
3102 5289 3293 5369 traoem
3320 5305 3423 5342 non
3455 5288 3592 5340 vides

2016 5378 2070 5430 in
2097 5379 2243 5432 oculo
2271 5387 2390 5434 tuo:
2412 5381 2689 5456 ὑποκριτά,
2719 5381 2848 5451 ejice
2874 5382 3094 5451 primum
3124 5380 3316 5433 trabem
3350 5395 3414 5432 ea:
3445 5378 3594 5433 oculo

1498 5525 2031 5583 CASTIGATIONES
2070 5530 2156 5585 ET
2195 5531 2421 5587 ΝΟΤᾸΞ.

413 5645 438 5674 ι
480 5637 668 5704 Verba,
697 5654 782 5693 nec
820 5638 1009 5708 pariter
1038 5638 1154 5709 quia
1184 5638 1414 5706 inﬁrmus
1440 5639 1505 5691 sit
1536 5636 1579 5689 F
1583 5640 1700 5693 ilius
1739 5638 1805 5693 ad
1835 5641 2107 5696 creandum
2128 5682 2140 5706 ,
2174 5646 2450 5699 assumitur
2481 5643 2727 5715 Spiritus,
2757 5644 3002 5699 Balnzius
3029 5645 3404 5715 przctcrntittit.
3434 5642 3585 5699 Emr.
