3978 6188
429 273 532 327 955

431 400 538 452 tuo,
568 397 614 442 et
641 395 760 440 tunc
781 383 970 438 videbis
997 382 1180 450 ejicere
1202 381 1449 450 festucam
1472 382 1534 430 de
1561 390 1709 429 acuta
1740 375 1921 444 παίω-ξε
1943 374 2016 426 tui
2048 377 2096 434 Α

434 479 648 549 (Matth.
679 493 770 540 vn,
802 476 853 539 '5,
885 473 918 525 4
938 483 986 525 et
1016 471 1090 540 5).

502 568 655 634 Quod
676 565 889 634 quidem
919 562 1098 616 divina
1123 559 1357 614 Trinitas
1379 558 1584 631 [Baiuz.
1615 555 1889 628 divinitas]
1911 570 2016 611 una

432 661 723 718 substantia
740 659 826 723 sit,
846 657 959 726 pari
982 656 1179 708 virtute
1201 661 1254 707 et
1276 653 1608 723 operati-one.
1630 666 1735 704 non
1753 665 1820 704 ex
1836 656 2016 704 vestra

432 753 676 808 oratione
705 747 1092 818 comperimus;
1124 746 1219 799 sed
1249 745 1300 798 id
1324 745 1394 798 ita
1426 757 1564 808 esse,
1597 757 1663 796 ex
1692 741 1868 796 divina
1898 755 2015 794 ma-

431 847 511 914 gis
535 842 809 910 Scriptura
839 839 1125 895 credimus.
1151 836 1306 902 Quod
1329 851 1458 890 vero
1481 834 1602 888 ﬁdei
1624 841 1784 888 recta:
1806 832 2010 904 [Batus

431 938 554 991 uda.
588 933 804 1005 rationi]
835 932 964 987 nihil
995 932 1153 995 obsit,
1180 930 1272 984 sed
1305 930 1474 999 prosit
1501 928 1672 995 magis
1701 927 2018 980 anathema-

433 1032 620 1083 tismus
641 1027 967 1097 propositus,
992 1024 1175 1078 videre
1206 1023 1378 1077 nullus
1411 1029 1492 1076 est
1519 1021 1674 1074 labor
1699 1039 1711 1072 :
1745 1020 1824 1073 eis
1849 1019 2013 1083 enim,

431 1122 521 1190 qui
545 1121 784 1174 dividunt
817 1134 980 1171 unum
1005 1117 1284 1169 Dominum
1311 1113 1490 1167 Jesum
1526 1111 1814 1176 Christum,
1847 1121 1902 1166 et
1928 1127 2017 1166 se-

432 1220 644 1282 parant,
694 1218 753 1263 ut
791 1225 931 1278 saepe
978 1208 1225 1272 diximus,
1275 1220 1490 1260 seorsus
1519 1205 1570 1257 in
1614 1205 1904 1268 hominem,
1965 1210 2021 1258 et.

432 1300 649 1358 seorsus
674 1303 724 1354 in
751 1302 915 1354 Deum
937 1299 1188 1360 Verbum,
1209 1307 1267 1351 ut
1281 1297 1398 1351 duae
1417 1296 1623 1350 scilicet
1653 1295 2021 1363 intelligantur

432 1411 555 1450 esse
582 1409 843 1464 persona‘;
878 1400 931 1447 et
953 1388 1071 1447 duae
1099 1392 1411 1446 substantia:
1439 1391 1578 1444 inter
1602 1406 1661 1445 se
1689 1391 1870 1445 divisae
1888 1389 2018 1461 [Ba-

436 1487 538 1541 luz.
575 1505 674 1542 om.
710 1487 852 1542 inter
871 1503 928 1541 se
951 1485 1179 1557 divisae],
1208 1485 1260 1538 id
1282 1483 1458 1540 facere
1481 1500 1585 1539 non
1609 1484 1898 1554 permittit;
1923 1499 2022 1538 nec

443 1578 691 1632 concedit
738 1578 936 1640 dicere,
991 1577 1138 1632 velut
1167 1593 1329 1630 unum
1356 1577 1629 1631 hominem
1658 1591 2018 1641 communem,
2087 1647 2090 1650 λ

439 1670 667 1740 Spiritus
708 1670 1022 1739 operatione
1062 1669 1301 1738 adjutum
1335 1669 1497 1723 fuisse
1525 1668 1737 1730 Filium,
1772 1676 1830 1721 ut
1859 1669 2022 1722 mira-

438 1760 563 1814 bilia
611 1767 795 1830 posset
844 1760 1086 1830 implere.
1137 1759 1270 1813 Nam
1309 1759 1353 1812 si
1385 1761 1456 1813 ita
1491 1767 1591 1823 est,
1626 1759 1756 1812 nihil
1787 1757 2020 1813 differta
2055 1756 2098 1815 Β

438 1852 641 1905 sanctis
666 1851 942 1920 apostolis,
967 1851 1047 1903 vel
1089 1849 1384 1919 prOpbetis,
1409 1849 1498 1918 qui
1520 1864 1618 1918 per
1646 1849 1737 1903 Dei
1777 1849 2022 1918 benigni-

439 1949 604 1996 tatem
625 1942 1004 1996 donationibus
1026 1943 1219 1996 divinis
1235 1943 1457 2012 oppleti,
1477 1942 1985 1997 dixeruntvidelicct
2005 1959 2016 1995 :

439 2031 621 2086 Gratia
649 2050 824 2087 sumus
854 2034 908 2086 id
929 2033 1066 2104 quod
1088 2051 1263 2087 sumus
1289 2033 1332 2103 (l
1362 2032 1481 2087 Cor.
1515 2024 1603 2098 xv,
1637 2031 1745 2102 10).
1778 2033 1882 2088 Sed
1906 2049 2024 2087 san-

436 2125 538 2178 ctis
585 2124 799 2191 quidem
853 2124 1003 2186 viris,
1038 2125 1089 2178 in
1119 2125 1313 2192 quibus
1336 2123 1638 2177 divinarum
1669 2122 2020 2177 donationum

435 2215 742 2270 distributio
768 2215 1030 2280 enitescit,
1062 2231 1165 2269 vox
1193 2215 1294 2270 ista
1325 2222 1473 2269 recte
1516 2215 1833 2281 conveniat;
1863 2213 2021 2268 Chri-

434 2313 521 2360 sto
549 2313 725 2360 autem
755 2307 974 2361 minime
999 2324 1012 2359 :
1045 2307 1293 2376 proprius
1321 2307 1520 2361 etenim
1550 2307 1716 2376 ipsius
1744 2316 1826 2360 est
1855 2306 2024 2377 Spiri-

437 2406 521 2450 tus
572 2405 806 2461 sanctus,
861 2397 999 2452 sicut
1043 2405 1097 2451 et
1138 2397 1233 2452 Dei
1272 2395 1478 2463 Patris;
1502 2405 1557 2451 et
1576 2398 1712 2452 sicut
1740 2395 1900 2450 Pater
1927 2413 2024 2467 per

434 2487 709 2558 Spiritum,
742 2488 814 2542 ita
842 2489 1003 2544 etiam
1028 2491 1140 2560 ipse
1167 2506 1266 2560 per
1293 2488 1547 2560 Spiritum
1566 2498 1838 2560 operatur.
1858 2490 2021 2544 Deni-

433 2596 540 2648 que
578 2580 761 2635 dicens
785 2579 982 2635 Iudaeis
1008 2599 1019 2634 :
1054 2580 1223 2635 Multa
1251 2598 1408 2651 opera
1437 2581 1570 2635 bona
1599 2580 1739 2634 vobis
1759 2581 1961 2634 ostendi
1991 2597 2022 2633 a

433 2673 596 2726 Patre
623 2691 733 2728 meo
767 2673 922 2744 (Joan
950 2691 1003 2738 ιι,
1027 2673 1114 2743 52)
1136 2683 1221 2738 ;et
1246 2692 1257 2726 :
1285 2671 1408 2727 Non
1437 2689 1502 2727 ex
1523 2690 1601 2726 me
1624 2673 1837 2742 loquor;
1863 2671 2024 2726 Pater

434 2771 605 2816 mitem
651 2765 736 2835 qui
778 2773 951 2816 manet
977 2765 1033 2816 in
1068 2781 1167 2829 me,
1200 2764 1326 2834 facit
1351 2779 1507 2833 opera
1543 2761 1717 2831 (Joan.
1754 2778 1859 2827 xiv,
1892 2761 2018 2830 28);

434 2853 547 2920 ipse
575 2852 788 2908 dicebat
823 2868 1044 2906 rursus:
1102 2853 1199 2907 Sin
1230 2861 1400 2905 autem
1439 2869 1533 2922 ego
1580 2853 1634 2905 in
1683 2853 1866 2922 spiritu
1923 2851 2020 2906 Dei

433 2945 584 3012 ejicio
612 2943 870 2998 dwmouia
900 2941 1116 3014 (Matth.
1147 2959 1239 3006 xu,
1257 2941 1370 3011 28);
1389 2943 1766 3012 operationem
1785 2958 1880 3012 per
1906 2942 2023 3013 Spi-

434 3036 597 3089 ritum
627 3035 730 3088 sibi
759 3035 1032 3089 ascribens
1059 3042 1115 3089 et
1144 3033 1308 3100 Patri,
1349 3041 1570 3104 propter
1613 3034 1858 3088 eamdem
1887 3034 2018 3106 [Ba-

435 3125 676 3180 luz.add.
707 3125 1063 3198 similemque]
1079 3126 1452 3182 substantiam.
1475 3124 1541 3180 Et
1569 3126 1756 3194 ingens
1781 3126 2015 3195 quidem,
2051 3139 2095 3202 ρ

435 3217 888 3298 longissimusque
939 3225 1228 3272 tractactus
1269 3233 1432 3287 super
1463 3217 1546 3272 bis
1576 3217 1686 3271 ﬁeri
1714 3218 1903 3287 possit,
1927 3218 2022 3274 sed

434 3317 576 3363 esset
597 3309 820 3378 aptioris
853 3309 1107 3379 temporis
1135 3311 1250 3365 lucc
1277 3310 1436 3364 latius
1459 3317 1778 3381 prepagare.

506 3420 690 3488 Igitur,
723 3437 830 3476 non
861 3429 920 3474 ut
964 3422 1139 3477 aliena
1168 3423 1382 3490 virtute,
1433 3425 1660 3482 dicimus
1705 3426 2023 3484 Emmanuel

436 3511 678 3579 adjutum
701 3525 820 3565 esse
849 3528 946 3581 per
966 3510 1259 3582 Spiritum;
1282 3514 1376 3568 sed
1407 3531 1560 3570 usum
1590 3532 1706 3571 esse
1745 3519 1932 3585 magis,
1966 3526 2025 3572 ut

435 3616 529 3654 sua
558 3601 754 3666 divine,
787 3611 842 3655 et
870 3602 1141 3672 propriam
1170 3603 1370 3658 habere
1391 3605 1642 3660 virtutem
1671 3608 2024 3664 consubstan-

437 3693 576 3746 tialis
617 3693 835 3762 spiritus
866 3693 1006 3766 ῖΒαι.
1050 3695 1361 3750 substantia:
1391 3696 1670 3769 spiritus];
1703 3698 1849 3753 beati
1878 3701 2022 3755 enim

435 3786 683 3856 discipuli
715 3788 865 3856 signa
896 3787 1155 3843 facientes
1184 3788 1471 3843 dicebant:
1514 3789 1625 3844 Viri
1655 3793 1865 3862 fratres,
1901 3795 2023 3865 quid

395 3889 529 3931 ’nos
558 3880 848 3944 intuemini,
878 3880 1025 3950 quasi
1053 3889 1234 3932 nostra
1258 3881 1462 3946 virtute,
1493 3890 1581 3934 aut
1607 3891 1862 3951 potestate
1896 3883 2024 3956 [Ba-

435 3970 539 4023 luz.
572 3971 781 4041 pietate)
811 3973 1085 4042 fecerimus
1111 3971 1378 4026 ambulare
1399 3973 1469 4025 ad
1507 3975 1792 4044 speciosam
1818 3985 2022 4045 portam

433 4061 690 4115 sedentem
712 4060 953 4116 claudum
984 4063 1118 4133 (Act.
1143 4078 1221 4129 ιιι,
1249 4060 1378 4133 12)?
1402 4061 1601 4119 Christi
1623 4080 1751 4120 vero
1776 4066 2022 4136 proprius

434 4164 516 4210 est
544 4157 763 4226 spiritus
792 4171 940 4211 suus.

506 4272 703 4326 Verum
733 4272 854 4338 illis,
887 4272 978 4343 qui
1018 4282 1202 4328 nostra
1251 4273 1560 4343 vituperare
1597 4270 1872 4337 festinant,
1916 4273 2022 4330 hoc

433 4366 611 4420 dicam
637 4385 650 4417 :
681 4365 726 4419 si
751 4382 855 4420 non
885 4366 1098 4420 videtur
1116 4366 1446 4421 horrendum
1477 4364 1682 4436 [Baluz.
1719 4365 2018 4438 horridum]

432 4457 598 4528 menti
625 4458 880 4526 ipsorum,
909 4457 1073 4511 dividi
1099 4459 1428 4513 individuum
1459 4458 1668 4523 Filium,
1700 4466 1755 4513 et
1782 4465 1842 4512 ut
1866 4473 2016 4513 com-

935 266 1124 321 MAllll
1165 260 1610 324 MERCATURIS
1648 255 2221 314 TRANSLATIONES
2262 254 2630 312 VARIORUM
2671 253 3207 312 OPUSCULORUM.

3596 256 3690 314 95E

2541 388 3022 429 ANA1‘HEI.\TISLIUS
3049 387 3292 427 DECIMUS-

2192 483 2505 539 Pontiﬁcem
2544 496 2600 540 et
2647 486 2948 556 apostolum
2978 485 3332 541 confessionis
3377 493 3570 540 nosti-1c
3617 485 3692 540 la-

2120 585 2264 632 etum
2291 591 2411 631 esse
2439 575 2731 642 Christum,
2773 576 2953 631 divina
2981 577 3261 647 Scriptura
3299 585 3692 644 commemorat,

2120 668 2380 722 obtulisse
2402 668 2564 722 etiam
2595 669 2771 738 seipse
2795 685 2896 738 pro
2919 668 3092 733 nobis,
3127 669 3178 722 in
3207 668 3429 723 odorem
3466 669 3691 723 suavita-

2123 760 2207 821 tis,
2239 759 2352 813 Deo
2380 771 2434 813 et
2461 757 2628 812 Patri.
2663 768 2689 796 ι
2713 759 2890 828 Siquis
2909 759 3071 828 igitur
3097 759 3257 825 dicat,
3301 757 3602 830 pontiﬁcem
3645 769 3693 815 et

2121 853 2425 922 apostolum
2479 861 2731 922 nostrum.
2765 868 2870 907 non
2901 868 3020 908 esse
3051 852 3246 908 factum
3270 855 3442 922 ipsum
3473 853 3692 907 Verbum

2121 945 2235 1012 Dei,
2263 956 2388 1001 tunc
2408 947 2611 1002 scilicet
2638 962 2758 1002 cum
2781 955 2865 1002 est
2892 963 3020 1002 caro
3051 947 3267 1008 factum,
3292 956 3346 1001 et
3366 948 3529 1001 homo
3552 946 3692 1016 juxta

2122 1052 2251 1103 nos;
2282 1037 2377 1091 sed
2397 1045 2458 1091 ut
2478 1037 2638 1091 alium
2663 1045 2858 1106 praeter
2887 1037 3060 1106 ipsum
3085 1053 3327 1092 seorsum
3347 1039 3614 1092 hominem
3634 1054 3693 1092 ex

2120 1127 2378 1193 muliere;
2411 1135 2502 1182 aut
2529 1127 2697 1197 siquis
2718 1129 2861 1182 dicat
2885 1144 2984 1198 pro
3007 1145 3066 1182 se
3087 1127 3344 1183 obtulisse
3366 1129 3538 1198 ipsum
3553 1129 3694 1182 obla-

2123 1218 2316 1283 tiones,
2359 1235 2422 1274 ac
2451 1235 2558 1274 non
2586 1220 2755 1288 magis
2799 1235 2899 1290 pro
2942 1220 3096 1274 nobis
3116 1220 3506 1284 tantummodo,
3537 1235 3697 1289 neque

2122 1310 2263 1364 enim
2286 1312 2431 1378 eguit
2452 1310 2733 1378 sacriﬁcio,
2761 1313 2852 1382 qui
2872 1319 3153 1382 peccatum
3176 1328 3284 1366 non
3308 1319 3564 1378 noverat;
3588 1327 3684 1366 ana

2124 1402 2303 1456 thema
2329 1403 2416 1457 sit.

2511 1509 2872 1550 REPREHENSIO
2901 1511 3311 1550 lleRETlCORUM.

2195 1604 2252 1661 Si
2299 1606 2540 1678 pontifex
2588 1616 2671 1662 est
2721 1608 2860 1662 Deus
2906 1608 3163 1669 Verbum,
3205 1609 3289 1662 cui
3335 1608 3444 1663 Deo
3473 1624 3598 1673 suo,
3626 1609 3700 1668 vel

2124 1701 2283 1770 quale
2334 1699 2653 1756 sacriﬁcium
2708 1700 2900 1754 oﬁert?
2931 1699 3034 1755 Sed
3065 1701 3261 1755 oblitus
3284 1715 3363 1755 est
3385 1691 3529 1756 beati
3562 1700 3700 1758 Pauli

2126 1795 2392 1850 dicentis:
2427 1793 2608 1865 Neque
2653 1796 2789 1848 enim
2837 1793 3078 1848 habemus
3125 1795 3438 1865 ponti/irem,
3497 1795 3585 1867 qui
3611 1812 3702 1850 non

2125 1888 2287 1956 possit
2338 1885 2610 1942 coudolere
2663 1884 3053 1956 infirmitatibus
3103 1887 3323 1950 nostris;
3370 1895 3618 1938 tentatum
3655 1889 3701 1938 in

2125 1978 2359 2032 omnibus
2389 1976 2578 2048 absque
2595 1987 2804 2046 peccato
2832 1977 2992 2050 (Heb.
3024 1996 3092 2044 tv,
3127 1977 3238 2049 15).
3263 1977 3392 2045 Quis
3415 1979 3577 2045 igitur
3597 1990 3704 2035 ten-

2125 2078 2268 2124 tatus
2296 2069 2577 2124 est?Deus
2618 2069 2870 2133 Verbum,
2919 2085 2987 2124 an
3017 2078 3207 2124 natura
3237 2070 3409 2140 magis
3455 2071 3702 2136 humana,

2125 2178 2307 2218 semen
2334 2162 2532 2216 David?
2548 2161 2615 2216 Et
2636 2178 2818 2217 rursus
2844 2181 2855 2216 :
2883 2161 3008 2218 Non
3026 2164 3124 2237 sibi
3146 2166 3355 2237 quisque
3376 2168 3531 2219 sumit
3553 2166 3706 2220 hono-

2126 2271 2253 2318 rem,
2282 2254 2374 2307 sed
2393 2255 2477 2325 qui
2506 2263 2714 2308 vocatus
2742 2262 2820 2310 est
2838 2271 2870 2307 a
2899 2253 3030 2318 Deo,
3057 2256 3487 2326 quemadmodum
3513 2257 3706 2319 Aaron;

2124 2347 2199 2399 sic
2227 2347 2384 2398 etiam
2413 2343 2647 2398 Christus
2682 2362 2736 2400 se
2763 2346 3067 2416 pontiﬁcatu
3097 2347 3263 2400 noluit
3295 2347 3500 2418 [Baluz.
3534 2344 3707 2418 coluit]

2126 2437 2420 2507 ctariﬁcare
2445 2437 2604 2508 (Heb.
2636 2455 2689 2505 v,
2721 2438 2799 2509 4).
2823 2438 2956 2506 Quis
2976 2448 3060 2493 est
3077 2454 3228 2508 ergo,
3253 2441 3345 2509 qui
3378 2455 3500 2495 cum
3530 2440 3706 2494 Aaron

2123 2539 2472 2600 comparatur
2501 2532 2555 2586 in
2584 2531 2874 2587 sacerdotii
2923 2533 3204 2602 dignitate,
3237 2542 3293 2588 et
3340 2549 3462 2589 cum
3512 2549 3584 2589 eo
3621 2532 3706 2603 qui

2128 2636 2235 2675 non
2259 2621 2357 2676 sibi
2389 2621 2650 2677 honorem
2676 2624 2858 2689 sumit,
2897 2624 2992 2678 sed
3021 2632 3244 2679 vocatus
3290 2639 3320 2678 a
3353 2624 3487 2690 Deo,
3516 2633 3707 2680 etcum

2126 2727 2213 2777 eo,
2264 2713 2356 2782 qui
2406 2713 2462 2767 in
2507 2713 2795 2769 sacerdotii
2841 2713 3064 2782 gradum
3107 2714 3387 2770 ascendit?
3427 2715 3618 2768 Divina
3647 2729 3708 2768 ne

2127 2805 2331 2878 [Baluz.
2365 2823 2467 2861 om.
2502 2806 2589 2878 ne]
2612 2814 2822 2873 natura,
2851 2822 2970 2876 qua:
2992 2817 3073 2862 est
3099 2817 3367 2863 coaeterna
3386 2823 3508 2862 cum
3533 2805 3705 2871 Patre,

2125 2910 2243 2964 qua:
2297 2896 2498 2962 omnia,
2546 2911 2666 2964 qua:
2719 2905 2844 2952 sunt
2882 2896 3074 2962 Patris,
3105 2898 3324 2967 propria
3354 2897 3535 2952 habet.
3569 2896 3636 2950 Et
3659 2896 3708 2949 in

2126 3003 2288 3058 quam
2316 2987 2651 3056 dignitatem,
2683 3003 2803 3058 qua:
2823 2989 3023 3058 se-ipsa
3053 2997 3197 3044 esset
3226 2989 3408 3053 altior,
3450 2987 3706 3044 ascende-

2126 3081 2255 3134 bat?
2309 3079 2755 3137 Saeerdotiumne
2809 3081 3053 3137 dicamus
3100 3082 3281 3137 divina
3337 3091 3526 3137 natura
3595 3097 3708 3138 esse

2129 3171 2433 3240 gloriosius,
2468 3172 2519 3226 in
2549 3173 2715 3242 quod,
2744 3188 2852 3228 non
2892 3188 2989 3243 per
3026 3189 3104 3238 se,
3137 3174 3231 3228 sed
3274 3183 3494 3229 vocatus
3521 3191 3552 3228 a
3583 3175 3705 3239 Deo,

2126 3270 2184 3317 ut
2234 3263 2323 3318 ille
2370 3263 2742 3329 ascendebat,
2796 3274 2852 3320 et
2897 3280 2994 3334 per
3040 3265 3094 3320 id
3150 3265 3586 3336 gloriﬁcabatur?
3633 3267 3708 3321 An

2122 3354 2294 3423 magis
2349 3355 2438 3409 illa
2488 3362 2698 3421 natura,
2746 3371 2866 3426 qua:
2917 3373 2984 3412 ex
3030 3360 3237 3413 semine
3266 3358 3434 3413 David
3465 3358 3628 3425 facta,
3659 3371 3710 3414 et

2125 3444 2385 3514 praeﬁnita
2407 3447 2526 3500 est?
2554 3447 2637 3502 cui
2661 3447 2824 3500 etiam
2841 3449 3043 3517 juravit
3064 3448 3207 3504 Deus
3243 3450 3536 3505 secundum
3566 3450 3709 3505 Psal-

2125 3537 2360 3604 mistam,
2383 3538 2631 3593 daturum
2661 3556 2718 3594 se
2735 3540 2785 3594 in
2800 3549 3059 3596 aeternum
3081 3543 3436 3598 sacerdotium
3463 3561 3477 3596 :
3507 3543 3709 3600 Iuravit

2125 3632 2286 3697 enim,
2313 3633 2502 3701 inquit,
2529 3632 2802 3700 Dominus,
2826 3644 2875 3688 et
2896 3653 2997 3690 non
3022 3635 3284 3707 pamitebit
3304 3654 3449 3700 eunt;
3482 3646 3535 3689 tu
3556 3653 3613 3690 es
3634 3654 3711 3689 sa-

2124 3725 2303 3779 cerdos
2333 3727 2386 3780 in
2417 3738 2683 3791 (etei-num,
2727 3727 3006 3781 secundum
3053 3727 3286 3782 ordinem
3330 3727 3708 3782 Melchisedech

2126 3814 2298 3885 (Psai.
2355 3833 2462 3882 cu,
2513 3816 2589 3884 4).
2635 3817 2966 3873 Divinitasne
2997 3817 3262 3887 Unigcniti
3293 3818 3708 3888 pollicitationes

2124 3920 2248 3960 cum
2280 3905 2630 3976 jurejurando
2668 3909 2964 3978 accipiebat
3001 3925 3032 3963 a
3072 3909 3212 3971 Deo,
3257 3925 3315 3966 se
3357 3910 3410 3964 in
3448 3918 3706 3965 mternum

2122 3996 2482 4052 sacerdotium
2530 4007 2904 4068 accepturam,
2956 4009 3011 4055 et
3058 4015 3156 4071 per
3207 4001 3262 4057 id
3313 4016 3372 4058 se
3418 4001 3706 4071 gloriosam

2123 4089 2355 4145 futuram
2377 4093 2400 4146 ?

2195 4179 2392 4251 Ecquis
2419 4199 2518 4239 nos
2542 4182 2698 4251 ferat,
2723 4186 2809 4240 vel
2858 4187 3152 4241 sentientes
3176 4189 3296 4253 ista,
3325 4187 3411 4243 vel
3440 4189 3703 4253 dicentes,

2122 4288 2188 4327 ac
2207 4289 2312 4328 non
2336 4275 2503 4344 magis
2523 4276 2704 4345 culpet
2722 4287 3103 4342 memorantes,
3129 4279 3295 4334 Deum
3318 4280 3553 4335 ordinari
3575 4297 3707 4351 pon-

2124 4363 2340 4427 tiﬁcem,
2371 4372 2424 4420 et
2455 4367 2838 4434 promissiones
2877 4385 2999 4423 cum
3049 4369 3398 4438 jurejurando
3437 4372 3700 4442 accipere,

2122 4463 2179 4510 et
2197 4457 2377 4512 vocari
2410 4457 2462 4512 in
2484 4459 2768 4514 sacerdotii
2789 4458 3123 4528 dignitatem,
3155 4475 3220 4516 ac
3252 4477 3357 4516 non
3392 4477 3490 4532 per
3515 4478 3575 4518 se
3603 4463 3701 4516 ho-

431 4564 650 4602 nmnem
679 4547 971 4612 hominem,
1001 4547 1104 4601 dici
1125 4547 1306 4602 Jesum
1337 4549 1576 4618 adjuvari
1605 4565 1705 4619 per
1733 4548 2012 4619 Spiritum,
2046 4525 2096 4585 Ῑ)
2121 4562 2308 4603 norem
2357 4550 2633 4620 accipere;
2677 4550 2770 4606 sed
2818 4552 2869 4605 in
2918 4567 3042 4606 eum
3089 4553 3289 4618 vocari,
3319 4561 3376 4607 et
3403 4554 3704 4623 comparari

433 4654 533 4692 nos
561 4639 629 4692 ab
659 4639 730 4692 ita
753 4636 1098 4692 credentibus
1117 4637 1427 4693 abhorrere.
1462 4638 1556 4693 Sin
1585 4655 1714 4694 vero
1741 4639 2014 4696 Christum

432 4746 616 4796 ιιιιιιιη,
643 4739 699 4785 et
721 4727 930 4795 Filium,
949 4737 1005 4782 et
1035 4727 1318 4782 Dominum
1351 4728 1692 4797 conﬁtentur,
1741 4733 2017 4785 eumdem-

427 4838 537 4893 qne
565 4837 682 4877 esse
706 4823 874 4880 Deum
897 4821 1053 4877 simul
1075 4829 1130 4875 et
1149 4822 1441 4888 hominem,
1465 4821 1690 4878 credant
1716 4825 2013 4890 nobiscmn,

427 4915 695 4983 quodnon
726 4913 1025 4983 adjuvetur,
1049 4914 1201 4982 quasi
1225 4913 1399 4967 aliena
1425 4923 1622 4982 pneter
1643 4914 1813 4983 ipsum
1831 4924 1886 4970 et
1905 4931 2019 4970 me-

431 5001 565 5056 liore
591 5004 788 5057 virtute
809 5005 1062 5074 spiritus;
1093 5004 1189 5058 sed
1219 5003 1334 5072 ipse
1363 5003 1532 5072 magis
1576 5012 1831 5074 operetur
1868 5005 2020 5076 signa

425 5092 607 5146 divina
628 5109 726 5161 per
752 5110 907 5148 suum
937 5095 1203 5164 spiritum,
1237 5094 1290 5148 in
1319 5110 1429 5164 quo
1457 5095 1621 5150 etiam
1651 5096 1888 5150 omnium
1922 5113 2018 5150 na-

428 5185 689 5237 scentium
708 5185 873 5239 virtus
887 5193 987 5238 est.
1008 5184 1121 5239 lloc
1130 5185 1272 5238 enim
1287 5186 1450 5242 modo
1463 5186 1708 5241 desinent
1727 5187 2016 5256 aliquando

429 5275 585 5328 nobis
630 5276 745 5329 sine
791 5292 954 5330 causa
1001 5275 1308 5343 detrahere,
1338 5286 1394 5333 et
1420 5279 1672 5335 dentibus
1695 5287 1883 5334 contra
1914 5294 2015 5335 nos

430 5366 611 5422 livoris
635 5368 955 5423 init-cudere.

2119 4655 2244 4695 cum
2271 4655 2358 4706 eo,
2383 4643 2474 4710 qui
2496 4643 2850 4697 sacerdotium
2876 4643 3079 4712 primus
3105 4644 3414 4714 acceperit?
3431 4643 3700 4714 Etporro:

2123 4731 2332 4787 Sicutet
2359 4733 2484 4786 alibi
2513 4734 2676 4806 inquit
2707 4733 2898 4788 dictum
2921 4744 2996 4789 est
3011 4751 3029 4787 :
3046 4734 3122 4788 Tu
3137 4751 3190 4789 es
3209 4735 3454 4790 sacerdos
3475 4737 3530 4789 iu
3550 4746 3702 4788 teter-

2122 4839 2243 4876 num
2299 4824 2577 4878 secundum
2627 4825 2861 4879 ordinem
2889 4824 3262 4879 Melchisedech
3319 4823 3506 4893 (llebr.
3539 4841 3589 4888 v,
3622 4823 3695 4893 7).

2123 4913 2254 4980 Quis
2301 4931 2463 4984 porro
2493 4927 2594 4980 est,
2627 4917 2719 4986 qui
2748 4917 3137 4972 Melchisedech
3166 4916 3470 4971 sacerdotio
3492 4917 3700 4970 assimi-

2122 5005 2262 5060 latus
2290 5007 2412 5060 est?
2431 5006 2559 5063 Idne
2586 5007 2824 5076 postulat
2845 5007 2982 5061 ratio
3017 5007 3250 5077 pietatis,
3283 5015 3341 5059 ut
3361 5005 3532 5059 Deum
3568 5005 3700 5058 Ver-

2119 5097 2246 5152 bum
2276 5099 2675 5165 existimemus;
2707 5114 2774 5154 an
2804 5099 2973 5168 magis
2994 5113 3232 5162 carnem,
3263 5112 3385 5167 qua:
3428 5113 3497 5150 ex
3551 5095 3702 5150 nobis

2119 5197 2390 5259 assumpta
2415 5195 2517 5252 est,
2549 5205 2668 5259 quae
2716 5191 2816 5260 ipsi
2856 5190 3285 5260 inseparabiliter
3311 5197 3368 5243 et
3423 5187 3697 5242 inconiuse

2115 5279 2400 5348 conjuncta
2429 5282 2551 5336 est?
2593 5280 2661 5335 Et
2679 5296 2841 5350 porro
2867 5281 3074 5349 inquit:
3109 5279 3208 5344 Qui
3239 5281 3292 5333 in
3323 5278 3500 5332 diebus
3528 5277 3698 5330 carnis

2115 5389 2224 5428 sua:
2271 5391 2446 5446 preces
2489 5377 2988 5447 supplicationesque
3033 5375 3102 5428 ad
3129 5390 3260 5438 eum,
3291 5373 3378 5444 qui
3418 5382 3594 5442 potens
3619 5375 3697 5420 est

1601 5503 2143 5564 CASTIGATIONES
2182 5506 2272 5561 ET
2308 5505 2532 5563 NOTAE.

496 5629 522 5656 ³
555 5618 732 5675 lialuz.
763 5638 774 5674 :
811 5619 869 5676 Si
891 5622 1000 5693 quis
1031 5623 1184 5694 igitur
1205 5620 1498 5691 pontiﬁcem
1527 5629 1574 5674 et
1596 5617 1882 5690 apostolum
1905 5629 2130 5674 nostrum
2163 5620 2354 5690 factum
2383 5636 2492 5676 esse
2523 5619 2660 5674 dicat
2690 5636 2793 5674 non
2817 5621 2982 5684 ipsum
3025 5616 3244 5673 Verbum
3277 5616 3392 5684 Dei,
3427 5627 3557 5680 tunc,
3586 5620 3690 5667 etc.

423 5690 575 5745 Eutr.
