3978 6188
260 355 352 412 961

979 350 1035 406 S.
1077 347 1355 405 CYlllLLl
1399 343 1923 403 APOLOGETICUS
1964 344 2331 401 ADVERSUS
2371 342 2826 401 ORIENTALES.

3435 350 3541 404 96°.

260 465 409 527 simul
433 503 449 530 ,
493 470 543 517 et
586 463 861 517 consedere
886 445 1007 534 fecit
1035 463 1195 535 (Eph.
1230 480 1286 528 ιι,
1317 463 1411 531 6)?
1439 461 1535 516 Cui
1578 462 1720 517 enim
1744 462 1844 516 ho-
1878 467 1921 523 Α
1951 461 2237 525 salvatori,
2282 468 2444 514 ωηιξη
2473 476 2661 514 eorum
2690 460 2928 515 audacia:
2951 468 3005 515 et
3026 461 3319 525 facinorum
3350 476 3540 517 causas

261 555 389 611 mini
428 568 525 608 sua
563 568 691 608 caro
721 553 941 607 alterius
969 554 1087 607 est?
1136 553 1323 608 Nonne
1354 553 1718 622 unusquisque
1748 568 1846 605 no-

261 655 433 701 strum
487 657 830 698 communem
868 643 1086 711 quidem
1129 659 1250 698 cum
1293 644 1465 697 altero
1512 657 1850 711 quocumque

263 733 467 808 [Baluz.
500 749 604 786 om.
641 746 764 786 cum
803 732 975 786 altero
1018 732 1377 804 quocumque]
1420 733 1583 787 habet
1610 747 1849 797 carnem,

260 824 450 879 similis
488 822 801 877 substantiae
846 823 1089 889 ratione;
1140 824 1415 893 propriam
1443 838 1573 877 vero
1615 838 1680 877 eo
1708 821 1851 891 quod

262 911 679 981 uniuscujusque
714 927 844 967 caro
883 928 990 967 non
1018 912 1089 966 sit
1110 912 1350 977 alterius,
1380 913 1474 967 sed
1505 912 1669 977 illius,
1699 912 1853 981 cujus

262 1006 382 1059 est?
429 1003 567 1070 Quid
612 1004 776 1073 igitur
816 1005 932 1058 vult
974 1005 1247 1075 propriam
1276 1005 1493 1069 dicens,
1548 1006 1705 1075 quasi
1744 1021 1853 1059 non

262 1112 430 1152 unum
470 1095 668 1164 aliquid
713 1096 935 1151 dicens?
965 1112 1088 1150 nam
1116 1097 1162 1150 si
1202 1096 1449 1164 intelligit
1471 1135 1486 1159 ,
1519 1096 1851 1151 Dominicam

261 1203 481 1243 carnem
501 1202 567 1241 ex
598 1194 779 1241 nostra
802 1202 966 1241 carne
1005 1185 1166 1241 fuisse
1190 1194 1541 1256 assumptam,
1576 1195 1629 1240 et
1651 1187 1851 1241 intelli—

263 1280 361 1347 git,
386 1278 532 1348 quod
557 1278 972 1346 uniuscujusque
1011 1294 1138 1333 caro
1177 1278 1293 1347 ejus
1321 1287 1404 1333 est
1431 1279 1669 1348 propria,
1703 1278 1855 1347 cujus

264 1380 387 1437 est,
437 1387 543 1425 non
573 1370 791 1424 alterius
814 1408 829 1434 ,
872 1370 1000 1438 quid
1045 1371 1201 1439 quasi
1249 1386 1447 1424 novum
1480 1369 1698 1434 dicens,
1728 1386 1855 1440 pro-

264 1463 436 1533 priam
467 1461 628 1517 fuisse
656 1462 1082 1516 commemorat?
1112 1461 1193 1514 An
1222 1461 1425 1517 scilicet
1453 1476 1549 1531 per
1576 1460 1853 1515 obtentum

264 1564 447 1624 negat,
476 1570 594 1609 eam
618 1570 687 1609 ex
717 1562 898 1608 nostra
926 1562 1117 1607 natura
1142 1553 1307 1609 fuisse
1335 1561 1689 1623 assumptam,
1714 1554 1854 1609 sicut

265 1651 319 1706 in
372 1646 606 1705 secundo
655 1646 860 1721 [Belum
910 1644 1107 1717 primo]
1152 1662 1251 1702 suo
1300 1655 1450 1701 tomo
1498 1646 1720 1717 (Homil.
1761 1646 1852 1715 17)

263 1739 565 1795 evidentius
591 1737 760 1791 dicit?
788 1737 858 1789 Et
883 1754 1028 1807 puer,
1074 1737 1277 1805 inquit,
1303 1746 1415 1791 erat
1435 1753 1537 1790 non
1555 1737 1709 1807 juxta
1738 1752 1852 1800 nos,

1949 553 2096 621 ipsos
2125 550 2351 605 reddere
2374 550 2616 618 jubebat,
2645 550 2829 606 dicens
2856 568 2867 603 :
2918 550 3088 605 Multa
3116 551 3250 605 bona
3278 569 3435 621 opera
3465 554 3540 623 fa-

1948 646 2028 697 cio
2063 642 2202 697 vobis
2232 661 2263 697 a
2292 644 2451 697 Patre
2480 660 2620 707 meo,
2651 643 2712 697 ob
2739 644 2874 715 quod
2893 662 3069 698 eorum
3099 646 3323 715 factum,
3347 661 3428 697 me
3456 644 3539 697 la-

1949 732 2140 803 pidatis
2170 731 2350 802 (Joan.
2383 749 2437 796 χ,
2468 731 2600 801 52)Ἰ
2629 732 2698 786 At
2721 733 2755 787 ii
2778 734 2847 788 ad
2869 742 3074 789 tantam
3104 734 3460 788 temeritatem
3486 742 3542 787 et

1950 823 2283 892 impietatem
2331 824 2719 891 cogitationum
2780 833 3191 893 veneruntyut
3244 826 3317 879 illi
3375 826 3538 879 etiam

1948 912 2402 983 blasphemiarum
2449 914 2674 969 crimina
2721 914 2957 983 objicere
2996 925 3322 971 conarentur
3349 915 3537 969 dicen-

1951 1015 2071 1060 tes:
2103 1005 2182 1059 De
2211 1004 2341 1060 bono
2369 1007 2505 1077 {acto
2534 1024 2638 1061 non
2668 1006 2961 1070 lapidamus
2992 1016 3057 1073 te,
3095 1008 3185 1062 sed
3214 1009 3277 1062 de
3300 1010 3541 1077 blasphe-

1951 1098 2077 1163 mia,
2108 1096 2244 1168 quod
2266 1107 2349 1161 tu,
2382 1114 2495 1151 cum
2523 1099 2594 1152 sis
2628 1098 2811 1163 homo,
2844 1100 2975 1169 facis
3000 1108 3045 1153 te
3082 1099 3246 1154 Deum
3275 1103 3461 1171 (Ibid,
3492 1121 3537 1157 υ.

1954 1189 2064 1259 55).
2109 1189 2198 1242 Ait
2238 1197 2418 1244 autem
2451 1174 2555 1244 ad—
2558 1191 2705 1260 ipsos
2732 1190 3019 1245 Salvator:
3054 1190 3245 1245 Nonne
3272 1202 3350 1247 est
3376 1196 3543 1263 scrip~

1954 1290 2062 1333 tum
2101 1282 2155 1333 in
2183 1280 2294 1351 lege
2326 1289 2531 1335 vestra:
2560 1280 2673 1350 Ego
2696 1281 2805 1335 dixi
2837 1300 2850 1335 :
2883 1282 2965 1336 Dii
2987 1282 3117 1336 estis
3159 1282 3329 1352 (Psal.
3361 1300 3541 1350 LXXXI,

1953 1372 2049 1443 6)?
2104 1372 2166 1428 Si
2208 1372 2327 1427 illos
2357 1374 2490 1427 dixit
2531 1373 2673 1439 deos,
2721 1374 2793 1427 ad
2819 1391 2947 1445 quos
2968 1375 3175 1429 verbum
3216 1374 3313 1429 Dei
3352 1378 3544 1445 factum

1953 1475 2050 1531 est,
2079 1477 2129 1519 et
2156 1482 2257 1520 non
2292 1475 2458 1537 potest
2500 1468 2627 1521 solvi
2653 1468 2958 1537 Scriptura;
2988 1484 3136 1538 quem
3164 1467 3325 1521 Pater
3352 1469 3547 1521 sancti-

1955 1558 2149 1627 ficavit,
2202 1565 2251 1611 et
2289 1558 2430 1610 misit
2473 1558 2529 1610 in
2564 1558 2699 1610 hunc
2738 1557 3006 1621 mundum,
3056 1574 3142 1611 vos
3173 1558 3342 1610 dicitis
3368 1597 3382 1622 ,
3413 1556 3548 1629 quod

1955 1648 2279 1718 blasphemas
2304 1686 2319 1715 ,
2348 1650 2469 1719 quia
2498 1648 2648 1702 dixi:
2694 1646 2865 1702 Filius
2908 1647 3007 1703 Dei
3036 1665 3147 1703 sum
3181 1648 3358 1719 (Joan.
3394 1666 3448 1713 ι,
3480 1648 3547 1702 54

1955 1739 2141 1811 seqq).

261 1832 320 1886 id
347 1840 443 1895 est,
468 1847 570 1884 non
593 1831 647 1883 in
674 1828 836 1893 nuda,
857 1844 949 1881 nec
966 1830 1021 1882 in
1047 1828 1157 1882 sola
1188 1830 1351 1883 nostri
1379 1827 1736 1892 similitudine,
1766 1826 1857 1881 sed
1888 1837 1932 1895 Β
2029 1829 2138 1884 Nos
2158 1844 2286 1884 vero
2306 1830 2637 1899 inquirentes
2658 1830 2990 1900 apostolatus
3008 1830 3247 1896 modum,
3269 1846 3367 1901 per
3386 1845 3548 1899 quem

262 1927 318 1979 in
350 1924 672 1977 humanitate
698 1922 903 1994 quidem
950 1930 1159 1992 prapter
1204 1930 1442 1984 carnem;
1482 1920 1683 1973 divinus
1714 1936 1853 1984 vero,

261 2031 413 2087 quasi
451 2029 607 2084 supra
651 2028 766 2075 nos,
814 2020 864 2064 et
907 2011 968 2064 de
992 2012 1135 2065 calo.
1179 2011 1245 2065 Et
1280 2010 1407 2065 item
1434 2010 1489 2064 in
1513 2009 1684 2064 altero
1709 2016 1858 2063 tomo

263 2105 529 2177 (Epistola
557 2103 627 2156 ad
656 2102 957 2173 monachos)
990 2102 1065 2155 ait
1096 2119 1109 2154 :
1141 2100 1340 2171 Corpus
1384 2102 1522 2155 enim
1558 2109 1673 2153 erat
1693 2139 1709 2166 ,
1754 2115 1858 2153 non

261 2198 479 2251 alterius
497 2196 652 2265 juxta
677 2211 801 2256 nos;
832 2194 924 2247 sed
941 2195 1205 2264 proprium
1234 2194 1398 2265 magis
1420 2194 1583 2264 ipsius
1606 2191 1705 2247 Dei
1728 2192 1858 2264 [Ba-

261 2287 369 2341 luz.
404 2285 525 2340 add.
559 2282 760 2355 Patris]
804 2283 978 2347 Verbi,
1005 2283 1141 2355 quod
1160 2294 1274 2337 erat
1304 2293 1484 2337 natum
1515 2300 1581 2337 ex
1610 2284 1747 2353 ipsa.

337 2375 468 2443 Quis
494 2376 637 2430 enim
667 2374 803 2429 dixit
823 2373 1411 2443 umquam,cujuspiam
1444 2373 1719 2427 hominum
1740 2387 1862 2443 pro-

262 2484 439 2540 priam
468 2467 676 2539 [Belua
718 2466 958 2536 priorum
982 2465 1280 2535 hominum]
1305 2480 1523 2520 carnem
1552 2464 1714 2521 fuisse
1754 2466 1860 2520 Do-

262 2560 545 2624 minicam,
577 2565 668 2631 aut
698 2558 865 2623 Abel,
896 2566 990 2612 aut
1017 2556 1158 2623 Noe,
1203 2566 1295 2611 aut
1334 2557 1493 2623 Elim,
1525 2559 1611 2613 vel
1640 2558 1860 2614 alterius

264 2653 452 2707 nescio
490 2650 645 2721 cujus
671 2651 1050 2721 superiorum?
1079 2650 1265 2720 Neque
1307 2651 1480 2706 solum
1525 2651 1861 2721 Dominicam

262 2758 486 2797 carnem
514 2742 771 2805 dicimus,
802 2757 909 2796 non
936 2741 1099 2796 fuisse
1129 2740 1427 2811 cujuspiam
1455 2742 1674 2798 alterius
1700 2758 1861 2811 supe-

263 2835 473 2889 riorum
502 2835 798 2900 hominum,
826 2834 921 2889 sed
944 2834 1109 2903 ipsius
1129 2836 1299 2903 magis
1325 2836 1535 2889 Domini
1565 2837 1859 2905 propriam,

264 2938 432 2997 atque
461 2927 759 2994 inconfuse,
799 2935 855 2982 et
893 2927 1321 2998 inseparabiliter
1362 2943 1483 2982 cum
1532 2927 1642 2982 Deo
1684 2928 1860 2983 Verbo

265 3019 632 3088 conjunctam.
663 3018 864 3073 Verum
891 3034 994 3074 nec
1021 3019 1436 3088 uniuscujusque
1465 3026 1706 3073 nostrum
1735 3035 1862 3075 caro

267 3112 410 3167 facta
426 3120 511 3167 est
531 3127 805 3181 umquam,
833 3121 892 3166 ut
924 3127 1087 3182 supra
1112 3112 1364 3177 diximus,
1396 3111 1692 3181 cujuspiam
1722 3113 1859 3166 alte-

1958 1922 2026 1977 ad
2053 1939 2153 1977 nos
2190 1922 2401 1977 venisse
2429 1922 2643 1989 dicitur,
2672 1938 2739 1978 ex
2768 1923 2934 1978 sacris
2967 1923 3159 1977 litteris
3187 1922 3551 1991 cognitionem

1957 2022 2257 2083 captamus.
2308 2014 2451 2067 Dixit
2492 2014 2634 2068 enim
2662 2014 2777 2084 ipse
2806 2030 2903 2084 per
2931 2029 3118 2069 vocem
3148 2014 3299 2068 Isaia:
3324 2032 3336 2066 :
3370 2014 3548 2079 Spiri-

1954 2115 2039 2181 tus
2066 2104 2277 2159 Domini
2316 2122 2471 2175 super
2501 2123 2600 2171 me,
2631 2115 2840 2175 propter
2866 2106 3003 2177 quod
3032 2108 3182 2160 unxit
3209 2123 3309 2169 me,
3334 2122 3551 2175 euange-

1955 2196 2117 2250 lizare
2144 2194 2453 2267 pauperibus
2475 2197 2615 2249 misit
2644 2213 2744 2260 me,
2786 2196 3095 2250 denuntiare
3121 2198 3334 2267 captiuis
3364 2197 3549 2249 remis-

1959 2289 2187 2352 sionem,
2217 2295 2267 2339 et
2296 2287 2446 2340 cacis
2474 2287 2817 2357 receptionem
2847 2287 3112 2339 oculorum
3148 2285 3303 2355 (Isai.
3332 2302 3437 2351 mu,
3472 2284 3549 2354 l).

1960 2377 2178 2432 Missum
2206 2385 2384 2431 autem
2405 2376 2631 2431 dicimus
2650 2376 2844 2430 Filium
2889 2390 2919 2429 a
2947 2376 3057 2431 Deo
3083 2384 3138 2431 et
3164 2374 3324 2431 Patre
3352 2375 3548 2430 factum

1960 2466 2234 2521 hominem
2278 2484 2290 2518 :
2349 2466 2601 2521 convenit
2660 2467 2804 2520 enim
2858 2465 3152 2520 rectissime
3205 2465 3553 2521 exinanitatis

1960 2572 2222 2613 mensura:
2248 2557 2388 2611 ratio
2417 2557 2751 2627 apostolatus
2780 2564 2835 2611 ct
2858 2571 3074 2611 nomen.
3120 2556 3339 2611 Missum
3371 2556 3551 2625 itaque

1959 2656 2062 2712 est,
2093 2655 2152 2702 ut
2179 2654 2305 2702 ante
2324 2647 2455 2712 dixi,
2485 2663 2594 2701 non
2620 2646 2820 2702 nudum
2837 2688 2851 2712 ,
2875 2655 2930 2702 et
2957 2648 3074 2701 sine
3102 2662 3287 2710 carne,
3316 2646 3411 2701 Dei
3443 2645 3545 2700 Pa-

1963 2738 2059 2793 tris
2106 2736 2368 2803 Verbum,
2418 2737 2514 2792 sed
2559 2737 2965 2806 generationem
3012 2752 3228 2807 passum
3256 2736 3552 2791 secundum

1962 2846 2201 2895 carnem,
2228 2830 2343 2885 sive
2372 2844 2439 2884 ex
2465 2837 2652 2884 sancta
2675 2828 2842 2883 Maria
2863 2844 3059 2899 corpus
3079 2829 3368 2898 accipiens,
3393 2828 3552 2896 idque

1962 2921 2303 2977 inel‘l‘abiliter
2329 2928 2385 2976 et
2414 2921 2692 2975 inconfuse
2714 2920 2815 2974 sibi
2835 2920 3152 2989 adjungens,
3177 2928 3235 2974 ut
3254 2920 3549 2989 sepissime

1961 3013 2162 3068 dictum
2192 3019 2277 3067 est
2307 3030 2319 3064 :
2356 3009 2541 3065 Illuxit
2571 3011 2716 3064 nobis
2740 3009 2884 3064 Deus
2924 3010 3194 3077 Dominus,
3210 3010 3381 3083 (juxta
3408 3010 3553 3064 Scri-

1964 3117 2144 3177 pturas
2196 3103 2344 3157 Psal.
2377 3105 2537 3167 cx'vn,
2558 3101 2671 3173 26).
3254 3098 3259 3105 ’

265 3205 403 3266 rius,
431 3203 532 3258 nisi
560 3202 676 3272 ejus
694 3204 847 3273 cujus
867 3202 926 3257 ﬁt
950 3219 1099 3259 caro.
1121 3204 1256 3259 Cum
1286 3206 1389 3259 hoc
1419 3205 1581 3272 igitur
1608 3203 1858 3259 Ecclestzc
1887 3204 1933 3267 C
2034 3197 2315 3267 Proprium
2355 3210 2483 3265 ergo
2529 3196 2694 3251 Verbi
2742 3194 2903 3250 fuisse
2941 3210 3138 3265 corpus
3165 3194 3412 3259 dicimus.
3444 3210 3553 3249 non

265 3296 559 3351 traditione
585 3296 985 3366 comprobetur,
1016 3311 1183 3365 quare
1222 3304 1331 3350 tam
1360 3296 1551 3351 crebro
1580 3296 1858 3366 propriam

266 3387 420 3451 dicit,
451 3387 553 3442 nisi
581 3387 721 3443 forte
749 3395 929 3456 neget,
959 3402 1081 3442 esse
1103 3402 1221 3441 eam
1248 3396 1445 3443 nostrae
1467 3397 1689 3442 naturae.

338 3477 521 3544 Quare
550 3485 728 3532 autem
758 3485 905 3532 vetat
946 3476 998 3531 id
1038 3476 1281 3548 proferre
1323 3496 1336 3530 :
1384 3478 1730 3549 Conjunctam
1759 3479 1860 3549 ipsi

264 3568 551 3623 secundum
600 3568 905 3639 dignitatem
951 3576 999 3621 et
1045 3568 1434 3631 auctoritatem;
1480 3583 1603 3623 cum
1646 3568 1759 3638 ipse
1807 3568 1861 3623 in

267 3656 510 3713 secundo
541 3655 760 3729 [Baluz.
794 3655 999 3729 primo]
1027 3664 1175 3712 tomo
1205 3655 1394 3728 (Hom.
1429 3656 1528 3728 l7)
1564 3658 1708 3713 dicat
1734 3675 1747 3709 ε
1774 3657 1863 3712 Ita

265 3749 412 3803 enim
440 3758 746 3819 paupertate
765 3750 928 3819 ipsius
957 3748 1133 3803 divites
1154 3751 1279 3821 facti
1306 3766 1502 3815 sumus,
1528 3767 1643 3804 cum
1674 3759 1863 3804 natura

268 3840 503 3893 humana
530 3842 586 3893 in
607 3841 721 3911 ipso
742 3840 1459 3913 sublata[Baluz.jsublevata]
1480 3844 1547 3897 sit
1566 3844 1619 3897 in
1636 3843 1863 3897 divinam

265 3942 517 3986 naturam
539 3932 751 4004 [Baluz.
778 3931 1151 4004 dignitatem]?
1178 3934 1247 3987 At
1278 3949 1379 3988 nos
1400 3934 1561 3988 etiam
1590 3934 1863 3990 contraria

265 4024 377 4079 sibi
419 4023 639 4093 ponenti
665 4022 923 4077 dicamus.
957 4022 1014 4077 Si
1050 4032 1256 4079 natura:
1299 4032 1520 4079 manent
1548 4024 1861 4090 inconfusaa,

268 4123 459 4170 manet
484 4122 663 4168 autem
688 4115 898 4178 ἴνωσιςς
930 4113 1157 4170 dicimus
1180 4131 1328 4180 vero,
1360 4123 1414 4170 et
1433 4116 1860 4182 venerationem,

268 4216 328 4261 et
356 4206 635 4270 virtutem,
666 4213 722 4259 et
748 4204 1083 4273 dignitatem,
1122 4212 1178 4259 et
1206 4206 1583 4260 auctoritatem
1609 4207 1703 4260 uni
1730 4205 1865 4261 Filio

268 4296 458 4353 offerri
478 4295 697 4359 debere,
724 4296 928 4350 naturis
948 4299 999 4350 ιν
1018 4304 1081 4372 τῇ
1103 4297 1279 4351 ὶνὼσιι
1316 4297 1657 4352 manentibus
1682 4297 1867 4352 incon-

268 4386 446 4441 fusis:
479 4386 723 4451 ostende,
769 4386 897 4455 quid
937 4386 1081 4441 aliud
1121 4386 1279 4451 desit,
1328 4387 1471 4456 quod
1500 4388 1667 4457 possit
1692 4390 1869 4445 ἕνωσιν

271 4478 656 4547 comprobare,
686 4484 743 4531 et
763 4478 1137 4543 assentiemus,
1168 4485 1223 4532 et
1250 4477 1516 4543 dabimus,
1542 4480 1658 4533 sine
1688 4488 1867 4534 tamen

1961 3291 2194 3347 hominis
2235 3289 2417 3345 nescio
2446 3287 2597 3358 cujus
2624 3287 2931 3358 specialiter
2958 3295 3013 3342 et
3039 3302 3283 3342 seorsum
3309 3286 3551 3350 alterius.

1961 3384 2054 3454 qui
2098 3391 2292 3453 prmter
2344 3382 2519 3452 ipsum
2566 3380 2897 3449 intelligatur
2944 3378 3190 3433 Christus
3244 3386 3299 3432 et
3343 3378 3547 3444 Filius;

1962 3474 2420 3546 quemadmodum
2444 3480 2623 3528 autem
2637 3470 3055 3541 uniuscujusque
3071 3477 3311 3525 nostrum
3333 3485 3551 3539 corpus,

1962 3568 2079 3639 ejus
2106 3568 2413 3638 specialiter
2439 3581 2559 3621 esse
2598 3565 2813 3629 dicitur,
2858 3562 3010 3633 cujus
3037 3570 3152 3629 est;
3193 3562 3272 3617 sic
3296 3561 3461 3617 etiam
3487 3561 3556 3616 de

1964 3660 2122 3714 unius
2149 3658 2350 3713 Christi
2390 3671 2620 3727 corpore
2666 3654 3066 3723 intelligendum
3105 3660 3229 3708 est:
3277 3667 3399 3706 nam
3430 3652 3551 3706 licet

1963 3750 2034 3804 sit
2054 3748 2254 3803 nostris
2274 3747 2594 3816 corporibus
2610 3745 2910 3809 consimile,
2936 3751 2991 3797 et
3016 3751 3324 3812 cognatum,
3354 3742 3555 3811 quippe

1962 3840 2161 3895 factum
2190 3855 2257 3894 ex
2286 3838 2540 3902 muliere;
2568 3846 2806 3889 attamen
2822 3835 2989 3905 ipsius
3008 3834 3304 3904 proprium,
3337 3841 3396 3887 ut
3424 3841 3552 3887 ante

1964 3930 2229 3993 diximus,
2259 3936 2314 3984 et
2352 3927 2682 3995 intelligitur,
2713 3934 2767 3979 et
2797 3932 3037 3980 vocatur.
3089 3923 3194 3978 Sed
3218 3922 3553 3991 quandoqui-

1966 4020 2090 4075 dem
2121 4019 2327 4093 [ltaluz.
2353 4016 2631 4087 quoniam]
2665 4016 2774 4070 vita
2801 4023 2883 4070 est
2909 4014 3227 4068 naturaliter
3253 4013 3347 4067 Dei
3377 4011 3555 4091 Patris

1966 4111 2223 4176 Verbum,
2247 4108 2509 4163 vivillcam
2535 4122 2685 4161 suam
2707 4120 2920 4162 carnem
2944 4103 3139 4168 effecit,
3162 4104 3370 4172 hocque
3392 4102 3553 4156 modo

1967 4201 2108 4255 facta
2140 4206 2224 4254 est
2266 4198 2422 4254 nobis
2449 4195 2660 4252 viviﬁca
2689 4194 3014 4256 benedictio.
3063 4193 3294 4261 ideoque
3338 4192 3553 4246 dicebat

1967 4291 2249 4347 Christus:
2282 4291 2468 4356 Amen,
2497 4305 2646 4341 amen
2677 4288 2791 4340 dico
2815 4288 2954 4340 vobis
2977 4325 2990 4339 .
3022 4284 3132 4356 Ego
3159 4300 3271 4337 sum
3299 4283 3451 4353 panis
3479 4284 3554 4335 vi-

1968 4400 2080 4447 rus,
2111 4383 2197 4453 qui
2228 4382 2292 4433 de
2316 4379 2440 4432 creto
2462 4376 2725 4441 descendi,
2747 4386 2797 4430 et
2816 4378 2971 4429 vitam
2995 4377 3129 4429 dans
3146 4372 3337 4428 mundo
3369 4371 3547 4443 (Ioan.

1947 4488 2176 4539 xxxvm,
2198 4473 2310 4544 52).
2321 4471 2386 4526 Et
2394 4485 2555 4543 porro
2570 4488 2584 4525 :
2599 4468 2776 4542 Siquis
2789 4468 3073 4525 manducat
3090 4484 3493 4528 meamcarnem.
3504 4473 3553 4515 et

271 4570 598 4626 confusione
624 4578 955 4625 naturarum.
987 4570 1094 4625 Sed
1118 4571 1351 4637 scilicet,
1382 4571 1451 4626 ad
1492 4573 1866 4642 probationem
1899 4580 1947 4640 ι)
1972 4567 2097 4622 bibit
2143 4582 2310 4620 meum
2349 4563 2674 4635 sanguinem,
2715 4562 2869 4615 ίηηιι
2906 4571 3110 4625 "uiuet,
3134 4567 3185 4612 ει
3224 4574 3317 4628 ego
3353 4557 3408 4609 ίη
3432 4556 3554 4626 ipsa

270 4675 500 4717 summ
518 4662 764 4727 ἕνὼσιως,
786 4660 917 4715 nihil
942 4662 992 4715 ei
1013 4663 1140 4717 satis
1161 4656 1265 4729 eSt,
1287 4661 1430 4733 quod
1455 4680 1560 4718 non
1580 4664 1871 4719 confundat

272 4759 501 4806 naturas
526 4769 538 4804 :
568 4762 625 4805 at
644 4768 744 4806 nos
765 4759 984 4807 naturas
1005 4753 1221 4821 quidem
1243 4754 1551 4810 inconfusas
1574 4770 1868 4821 servamus,

272 4851 335 4897 ct
364 4857 627 4897 summam
654 4842 997 4913 divinumque
1024 4844 1229 4916 [Balu:.
1277 4846 1401 4900 add.
1453 4846 1771 4917 unitatem],
1818 4856 1873 4902 et

277 4932 440 4987 nobis
486 4933 930 5002 inintelligibilem
972 4935 1189 5008 [Baluz.
1237 4937 1645 5009 intelligibilem]
1691 4940 1870 4993 ἕνωσιν

273 5024 623 5092 conﬁtemur,
653 5028 833 5082 omnia
877 5027 943 5081 ad
974 5028 1140 5099 ipsius
1182 5030 1644 5096 gloriﬁcationem,
1676 5038 1734 5085 ut
1762 5031 1873 5085 Deo

273 5124 338 5171 et
368 5117 458 5171 uni
488 5117 644 5183 Filio,
694 5118 1003 5182 oll'erentes,
1053 5119 1402 5189 dicentesque
1447 5120 1514 5175 ad
1560 5135 1684 5175 eum
1730 5121 1874 5176 beati

275 5205 431 5262 Petri
479 5224 649 5264 voce:
684 5208 760 5263 Tu
804 5226 858 5264 es
905 5207 1139 5264 Christus
1178 5209 1348 5265 Filius
1395 5210 1493 5265 Dei
1522 5214 1617 5266 vivi
1648 5210 1867 5283 (Matth.

277 5315 394 5363 xw,
428 5298 537 5368 l6).

758 5450 1038 5491 uesrousno
1068 5449 1389 5507 onynonoxn.

358 5568 754 5639 lnstigabantur
794 5569 1078 5639 aliquando
1122 5570 1174 5624 in
1205 5569 1412 5624 furores
1456 5569 1648 5639 impios
1676 5570 1868 5625 miser-

279 5662 407 5715 rimi
436 5661 623 5727 ludzei,
655 5661 776 5715 telis
806 5661 1014 5715 invidia:
1040 5662 1220 5715 animo
1248 5660 1503 5725 sauciati;
1536 5661 1628 5714 sed
1651 5676 1773 5716 cum
1805 5662 1870 5715 ad

280 5751 394 5803 hoc
415 5765 600 5803 manus
619 5750 782 5803 etiam
803 5749 1092 5804 sceleratas
1114 5748 1369 5805 inferrent
1389 5749 1604 5805 Christo
1628 5750 1868 5805 omnium

1977 4657 2165 4732 (Ibid..
2208 4674 2255 4711 υ.
2300 4654 2409 4731 57).
2450 4653 2711 4719 Attende,
2746 4652 3021 4723 quomodo
3046 4652 3245 4719 ubique
3271 4662 3467 4717 corpus
3487 4663 3555 4701 ex

1975 4747 2199 4803 muliere
2225 4759 2382 4800 suum
2410 4745 2683 4809 nominat,
2714 4750 2938 4813 propter
2965 4754 3227 4796 summam
3248 4740 3444 4794 ἕνωσιν.

2045 4837 2180 4894 Cum
2226 4838 2302 4892 ita
2347 4852 2406 4891 se
2445 4835 2642 4890 habeat
2681 4834 2922 4906 mysterii
2960 4832 3133 4899 ratio,
3164 4846 3349 4886 rursus
3376 4831 3430 4885 in
3460 4845 3558 4884 suo

1979 4938 2210 4986 tractatu
2255 4929 2533 4984 Nestorius
2582 4927 2793 4998 (Serm.
2828 4924 2940 4992 9):
2992 4924 3209 4990 Audite,
3262 4923 3462 4991 inquit,
3510 4933 3560 4975 et

1976 5024 2169 5093 scripta
2216 5020 2489 5091 diligenter
2533 5018 2785 5072 attendite
2814 5034 2832 5070 :
2880 5016 2982 5083 Qui
3019 5015 3306 5069 manducat
3342 5028 3560 5068 carnem

1975 5128 2168 5168 meam.
2210 5110 2470 5165 Memento
2510 5110 2646 5182 quod
2683 5109 2747 5162 de
2783 5124 2939 5162 carne
2978 5108 3045 5161 sit
3079 5106 3216 5178 quod
3268 5105 3474 5167 dicitur,
3511 5112 3562 5157 et

1974 5222 2078 5259 non
2108 5222 2139 5257 a
2172 5221 2254 5258 me
2280 5204 2513 5275 ﬁngatur
2558 5218 2743 5256 nomen
2774 5200 2945 5253 carnis
2964 5240 2977 5264 ,
3003 5216 3067 5252 ne
3095 5198 3270 5252 videar
3288 5196 3392 5250 illis
3421 5195 3565 5249 aliud

1975 5313 2069 5367 pro
2098 5296 2203 5349 alio
2242 5296 2613 5365 interpretari:
2663 5292 2766 5359 Qui
2805 5291 3092 5346 manducat
3119 5302 3338 5343 carnem
3366 5301 3563 5348 meam,

1976 5395 2031 5441 et
2058 5386 2192 5441 bibit
2220 5385 2535 5454 sanguinem
2561 5398 2761 5438 meum.
2804 5380 3071 5453 Numquid
3099 5380 3258 5433 dicit:
3291 5375 3390 5441 Qui
3412 5393 3565 5430 man;

1979 5478 2135 5531 ducat
2154 5478 2391 5531 deitatem
2413 5493 2595 5541 meam,
2630 5484 2681 5529 et
2707 5474 2832 5529 bibit
2859 5474 3097 5528 deitatem
3117 5471 3323 5525 meam?
3350 5468 3456 5524 Sed
3476 5465 3565 5535 qui

1981 5572 2267 5627 manducat
2300 5585 2519 5626 carnem
2548 5583 2722 5624 meam
2757 5575 2814 5622 et
2845 5566 2978 5621 bibit
3007 5565 3325 5634 sanguinem
3364 5573 3562 5617 meum.

1983 5662 2037 5715 in
2068 5676 2153 5716 me
2183 5670 2402 5726 manet,
2452 5669 2507 5717 et
2536 5674 2637 5729 ego
2677 5658 2731 5713 in
2758 5658 2893 5727 ipso.
2938 5654 3278 5719 Mementote,
3328 5650 3464 5722 quod
3505 5648 3567 5698 de

1984 5769 2140 5807 carne
2168 5763 2242 5808 est
2276 5753 2412 5825 quod
2441 5754 2628 5808 dicitur
2674 5768 2690 5804 :
2729 5749 2878 5806 Sicut
2910 5748 3054 5807 misit
3082 5761 3169 5802 me
3198 5748 3347 5799 vivus
3378 5740 3566 5803 Pater,
