3978 6188
464 352 570 408 965

965 344 1012 399 Μ
1036 341 1154 397 \Rll
1193 336 1623 395 MERCATORIS
1661 330 2223 389 TRANSLATIONES
2263 328 2621 385 VARIORUM
2660 325 3182 384 OPUSCULORUM.

3611 330 3707 384 964

472 484 544 520 ἠε
573 465 654 537 qui
684 475 926 533 appareo.
969 457 1073 511 Sed
1110 458 1239 525 forte
1274 451 1416 505 aliud
1453 467 1544 519 pro
1580 450 1681 502 atio
1711 448 2033 515 interpretor.
2066 451 2110 504 Α
2142 442 2301 496 Pater
2356 448 2539 495 noster
2567 447 2621 493 et
2671 439 2957 508 episcopus
2986 430 3327 519 Athanasius,
3361 440 3412 492 in
3468 439 3599 495 libro
3649 444 3711 496 de

469 556 747 609 Audiamus
776 551 897 623 quid
924 549 1179 619 sequitur.-
1211 544 1360 598 Sicut
1398 543 1541 595 misit
1569 556 1653 593 me
1682 540 1833 593 vivus
1861 537 2036 590 Pater.

470 649 569 702 Ille
597 648 832 699 deitatem
864 642 1025 705 dixit,
1068 656 1159 709 ego
1181 638 1295 690 dico
1325 637 1712 687 humanitatem.
1765 631 2039 685 Videamus

467 743 576 811 quis
598 740 662 792 sit
684 752 865 806 pravus
894 736 1143 801 interpres
1169 747 1184 783 :
1214 730 1363 783 Sicut
1393 726 1535 779 misit
1562 740 1648 779 me
1676 724 1829 781 vivus
1859 722 2035 777 Pater.

467 831 607 883 Dicit
635 827 899 881 hwreticus
920 822 1055 895 quod
1077 822 1315 874 deitatem
1344 819 1425 871 hic
1456 817 1621 881 dicat,
1655 817 1710 869 id
1738 826 1813 868 est
1848 831 1864 867 :
1894 813 2043 867 Misit

467 940 546 975 me
574 920 737 974 Deum
775 916 994 971 Verbum
1023 916 1159 967 vivus
1188 912 1364 973 Pater,
1392 912 1543 980 juxta
1572 908 1707 968 illos,
1739 916 1787 960 et
1816 922 1908 976 ego
1933 907 2040 958 vivo

373 1068 377 1075 ,
472 1014 606 1066 Deus
664 1011 885 1064 Verbum
936 1016 1143 1077 propter
1191 1004 1438 1066 Patrem;
1483 1000 1667 1054 deinde
1713 1002 1910 1070 infert:
1941 997 2041 1063 Qui

468 1104 753 1158 manducat
781 1118 879 1164 me,
908 1108 955 1153 et
973 1100 1060 1152 ille
1080 1098 1223 1151 viret.
1265 1096 1399 1161 Quid
1422 1092 1836 1147 manducamus?
1868 1091 2043 1143 Deita-

471 1207 578 1250 tem
610 1212 675 1247 an
717 1193 965 1247 carnem?
994 1190 1061 1242 At
1101 1190 1168 1242 de
1213 1188 1296 1241 his
1324 1186 1538 1255 quidem
1558 1227 1570 1247 ,
1613 1200 1730 1251 quze
1760 1193 1867 1235 tam
1896 1179 2044 1249 ﬂagi-

472 1288 606 1339 tiose
642 1282 1049 1352 petulanterque
1078 1279 1239 1341 dixit,
1272 1276 1567 1341 longiorem
1598 1272 1877 1325 habuimus
1899 1278 2044 1326 certe

471 1388 792 1431 sermonem.
833 1371 970 1437 Quid
997 1385 1125 1424 vero
1162 1369 1230 1421 sit
1258 1366 1401 1435 quod
1428 1365 1556 1418 velit
1584 1363 1877 1428 intelligere
1895 1401 1908 1423 ,
1940 1377 2043 1413 non

472 1466 637 1518 Deum
676 1462 890 1517 Verbum
920 1462 1130 1513 missum
1162 1474 1290 1518 esse,
1320 1456 1520 1518 dicens,
1552 1454 1753 1523 [Baluz.
1787 1451 1909 1505 add.
1933 1450 2043 1521 sed]

469 1560 793 1610 incarnatum
814 1562 863 1606 et
890 1554 1142 1605 hominem
1165 1553 1356 1621 factum
1375 1588 1388 1612 ,
1419 1561 1685 1616 seponens
1710 1545 1761 1597 in
1789 1552 1959 1613 parte,
1992 1552 2047 1598 et

472 1662 706 1710 seorsus,
736 1653 796 1698 ut
819 1644 929 1713 ipse
958 1644 1051 1707 ait,
1082 1658 1193 1694 eum
1216 1641 1299 1711 qui
1321 1646 1550 1708 apparet,
1572 1636 1753 1689 videre
1784 1651 1888 1688 non
1918 1649 2045 1702 pos-

472 1752 609 1800 sum,
642 1736 803 1787 immo
834 1732 1171 1801 perspicuum
1201 1737 1282 1782 est
1306 1727 1493 1794 magis,
1517 1732 1812 1794 patensque
1836 1723 2041 1791 ]Baluz.

2142 542 2325 589 sancta
2350 533 2610 586 Triuitate
2636 550 2647 583 :
2677 532 2741 585 Et
2760 531 3135 595 ostendebatur,
3167 530 3303 600 quod
3324 547 3423 583 non
3448 548 3533 599 per
3551 533 3710 600 phan-

2143 629 2354 691 tasiam,
2385 627 2475 679 sed
2509 642 2621 679 vere
2646 626 2831 677 habeat
2877 640 3058 692 corpus
3092 640 3109 676 :
3153 622 3391 675 decuerat
3419 633 3583 675 autem
3610 622 3710 677 Do-

2140 720 2338 772 minum
2355 716 2647 771 induentem
2666 731 2871 768 carnem
2892 715 3188 778 humanam,
3216 722 3370 767 totam
3394 729 3506 765 cum
3526 717 3709 780 passim

2142 808 2291 861 nibus
2322 808 2428 861 suis
2466 806 2705 870 induere;
2726 815 2782 858 ut
2809 803 3233 876 quemadmodum
3260 805 3419 873 ipsius
3458 806 3709 874 proprium

2143 900 2301 970 fuisse
2329 898 2543 951 dicimus
2564 913 2767 966 corpus,
2796 897 2868 949 sic
2885 896 3042 949 etiam
3063 897 3291 964 corporis
3313 897 3577 965 passiones
3598 914 3709 964 pro-

2143 990 2271 1059 price
2288 990 2449 1058 ipsius
2474 1005 2582 1041 esse
2601 988 2856 1051 dicantur,
2873 996 2923 1040 et
2942 996 3149 1057 propter
3169 986 3409 1039 deitatem
3430 988 3595 1056 ipsum
3617 1005 3710 1043 non

2145 1091 2409 1152 tangerent
2436 1081 2722 1151 passiones.
2761 1078 2829 1132 Et
2856 1094 3039 1132 rursus
3073 1096 3086 1129 :
3118 1077 3249 1131 Hcce
3294 1080 3581 1132 necessario
3606 1091 3715 1133 ante

2146 1174 2492 1237 tractavimus,
2522 1182 2577 1224 ut
2615 1173 2659 1225 si
2698 1172 2957 1224 videamus
2997 1172 3196 1241 ipsum,
3228 1187 3317 1241 per
3356 1187 3505 1224 suum
3542 1188 3715 1241 corpus

2144 1273 2402 1335 tamquam
2440 1281 2530 1333 per
2555 1264 2979 1328 instrumentum,
3025 1263 3199 1316 divine
3229 1265 3518 1333 facientem,
3551 1265 3623 1317 rel
3645 1265 3718 1316 di-

2144 1364 2356 1417 centem,
2384 1370 2767 1424 cognoscamus,
2791 1354 2945 1424 quod,
2968 1362 3023 1406 ut
3053 1353 3211 1416 Deus,
3235 1354 3344 1407 hcec
3374 1362 3628 1423 operetur.
3657 1353 3718 1408 Et

2144 1446 2259 1501 haec
2285 1445 2499 1513 quidem
2520 1446 2710 1499 beatus
2732 1444 2890 1499 Pater
2919 1453 3103 1499 noster
3127 1445 3470 1498 Athanasius.

2215 1536 2478 1592 Caeterum
2506 1537 2605 1591 etsi
2627 1536 2899 1606 proprium
2927 1552 3123 1605 corpus
3143 1535 3308 1590 Verbi
3335 1536 3564 1595 dicatur,
3596 1544 3717 1587 atta-

2145 1644 2268 1684 men
2298 1636 2381 1683 est
2405 1644 2473 1683 ex
2501 1629 2744 1694 muliere,
2791 1643 2856 1682 eo
2885 1628 3029 1696 quod
3059 1644 3176 1683 esse
3218 1628 3533 1696 intelligitur
3581 1644 3715 1681 caro.

2146 1723 2343 1777 Beatus
2360 1723 2571 1791 quidem
2603 1720 2799 1776 Paulus
2830 1738 2842 1773 :
2875 1720 3082 1775 Primus
3112 1721 3282 1785 homo,
3315 1720 3503 1788 inquit,
3536 1720 3602 1772 de
3626 1728 3717 1772 tero

471 1822 831 1896 prmsensque]
872 1830 1261 1884 commentum,
1303 1819 1567 1872 rationem
1595 1816 1738 1870 enim
1763 1813 2048 1869 labefactat
2078 1818 2120 1875 Β
2150 1833 2229 1880 ra,
2272 1816 2334 1869 de
2376 1817 2524 1879 timo;
2570 1815 2821 1869 secundus
2851 1814 2914 1867 de
2941 1813 3067 1867 ccelo
3108 1816 3146 1884 (l
3177 1812 3296 1867 Cor.
3341 1829 3429 1877 xv,
3461 1812 3575 1879 47).
3616 1811 3718 1880 Ipse

472 1920 727 1978 ενώσιως,
756 1923 814 1966 ut
840 1912 1037 1966 Christi
1075 1925 1270 1979 corpus
1310 1922 1595 1963 commune
1630 1906 1906 1969 videatur;
1940 1920 2048 1958 non

473 2025 601 2062 vero
632 2007 842 2079 [Belua
873 2003 1033 2075 vere]
1067 2003 1339 2074 proprium
1368 2001 1515 2071 ejus,
1548 2000 1640 2069 qui
1666 1999 1845 2054 omnia
1878 1998 2050 2051 viviti-

474 2115 598 2154 care
624 2108 816 2168 potens
839 2106 939 2150 est.

545 2229 778 2297 Longior
808 2227 894 2282 ille
933 2242 1108 2281 sermo
1142 2233 1222 2279 est
1248 2224 1382 2297 liber
1409 2231 1627 2297 quartus
1655 2220 2050 2297 Contradictio:

474 2316 621 2364 num,
652 2291 703 2351 iii
729 2300 880 2368 cujus
908 2298 1081 2368 capite
1122 2303 1315 2363 quarto
1346 2295 1455 2348 hanc
1486 2292 1612 2368 ipsa
1628 2292 1786 2345 verba
1824 2291 2051 2345 Nestorii

473 2361 809 2441 referuntur;
827 2376 881 2441 et
904 2361 1121 2441 copiose
1142 2361 1464 2441 tractantur.
1503 2361 1650 2441 Unde
1684 2370 1937 2441 apertum
1970 2370 2051 2415 est

472 2456 609 2508 opus
632 2430 1125 2508 Contradictidnum
1152 2436 1483 2508 elaboratum
1514 2432 1660 2500 prius
1680 2430 1859 2508 fuisse,
1878 2445 2050 2508 quam

472 2499 830 2563 orientalibus
848 2576 853 2577 ί
867 2505 905 2559 C
914 2506 1109 2577 yrillus
1120 2505 1469 2577 responderet
1483 2520 1495 2566 ;
1516 2499 1685 2567 atque
1716 2500 1851 2577 inde
1865 2499 2050 2577 iugem

473 2581 687 2649 accipit,
718 2576 861 2646 quod
890 2569 943 2629 in
969 2569 1284 2629 Prml‘atiohe
1314 2572 1512 2626 dictum
1541 2578 1623 2624 est
1650 2571 1757 2627 col.
1791 2569 2047 2627 699-748.

544 2714 769 2771 Parvula
796 2712 1009 2782 quidem
1055 2710 1321 2776 videntur,
1354 2717 1409 2764 et
1434 2708 1724 2779 perexigua
1752 2708 1863 2762 Deo
1887 2706 2052 2762 verbo

473 2808 653 2863 omnia
681 2806 935 2860 humana.
960 2802 1090 2856 Post
1115 2815 1274 2869 quam
1301 2815 1433 2854 vero
1460 2800 1733 2867 dignatum
1761 2805 1843 2852 est
1871 2805 2053 2852 nostra

474 2912 633 2953 causa
660 2894 1045 2950 exinanitatem
1073 2889 1272 2945 mundo
1314 2889 1722 2943 saluberrimam
1758 2889 2050 2955 sustinere,

474 2988 685 3043 etiamsi
710 2986 920 3040 dicatur
944 2984 1165 3038 missum
1188 2996 1305 3036 esse
1326 2980 1629 3034 denuntiare
1649 2980 1857 3049 captivis
1884 2980 2057 3033 remis-

473 3082 701 3145 sionem,
735 3079 880 3132 cwcis
921 3076 1257 3145 receptionem
1300 3072 1590 3135 oculorum;
1634 3071 1687 3124 in
1727 3072 1830 3126 hoc
1874 3078 2054 3125 tamen

2149 1918 2329 1963 autem
2356 1907 2601 1962 Christus
2633 1926 2646 1960 :
2675 1906 2842 1961 Nemo
2871 1907 3099 1960 ascendit
3118 1907 3172 1959 in
3194 1905 3394 1970 aetum,
3417 1904 3613 1972 inquit,
3634 1905 3719 1956 nisi

2148 2003 2232 2073 qui
2253 2001 2315 2054 de
2343 2000 2465 2054 creto
2493 1999 2751 2054 descendit
2770 1997 2939 2051 Filius
2961 1998 3177 2051 hominis
3196 1996 3374 2065 (Joan.
3402 2012 3475 2073 nl,
3504 1995 3616 2063 15).
3641 1994 3723 2047 Di-

2149 2096 2320 2149 cimus
2346 2101 2543 2157 autcm,
2577 2094 2721 2159 quod
2746 2106 2854 2143 non
2881 2091 2949 2143 de
2975 2089 3113 2143 cmlo
3148 2105 3345 2157 corpus
3383 2066 3724 2155 coniunctum

2149 2184 2250 2240 sibi
2279 2182 2524 2238 deferens
2555 2183 2790 2237 Verbum
2818 2182 2931 2234 haec
2958 2181 3121 2243 dicat,
3155 2189 3181 2215 ⁸
3222 2179 3317 2232 sed
3360 2179 3505 2247 quod
3547 2178 3725 2231 desur-

2149 2292 2264 2333 sum
2286 2275 2522 2331 existens
2550 2274 2689 2329 etde
2717 2274 2873 2337 cmlo,
2901 2289 3095 2342 corpus
3122 2272 3223 2326 sibi
3253 2270 3563 2340 adjunctum
3595 2271 3725 2324 fece-
3787 2318 3797 2324 .

2151 2369 2221 2421 rit
2248 2365 2606 2431 ineﬁ'abilitcr,
2632 2364 3089 2427 inmstimahiliter,
3117 2361 3621 2425 inconvertibiliter,
3655 2360 3725 2413 iu-

2150 2460 2410 2526 conl‘use;
2461 2459 2689 2526 ideoque
2730 2456 2797 2511 de
2824 2456 2963 2510 coelo
3008 2456 3083 2509 ait
3117 2470 3176 2509 se
3205 2469 3344 2521 esse,
3375 2453 3537 2507 etiam
3590 2461 3725 2515 tunc,

2155 2567 2277 2607 cum
2304 2551 2500 2605 factum
2530 2558 2612 2604 est
2641 2549 2805 2603 Filius
2826 2547 3077 2602 hominis.

2221 2643 2354 2697 Cum
2398 2642 2559 2710 igitur
2582 2649 2747 2706 recte,
2780 2647 2835 2693 et
2862 2638 3049 2709 procul
3079 2637 3224 2693 omni
3253 2636 3428 2707 culpa,
3459 2636 3644 2691 habita
3668 2635 3726 2690 sit

2151 2743 2334 2789 nostra
2362 2734 2555 2799 oratio,
2587 2748 2707 2802 qum
2755 2732 3185 2801 objurgatoribus
3238 2731 3599 2785 maledicendi
3642 2730 3727 2782 fuit

2152 2826 2387 2888 occasio,
2420 2824 2465 2879 si
2493 2823 2970 2877 anathematismus
2995 2821 3348 2891 quorumdam
3392 2819 3727 2889 blasphemiis

2152 2914 2491 2977 adversetur,
2534 2927 2812 2983 opponens
2849 2910 3128 2965 mendacio
3156 2910 3468 2973 veritatem;
3497 2906 3524 2945 ι’
3548 2909 3729 2978 Opinor

2152 3014 2332 3058 autem
2360 3020 2447 3058 me
2475 3005 2617 3058 nulla
2646 3004 2700 3058 in
2728 3018 2787 3058 re
2816 3002 3123 3071 deliquisse,
3146 3001 3193 3055 si
3219 2999 3491 3055 Christum
3518 3015 3640 3054 esse
3665 2998 3727 3053 di-

2152 3097 2339 3161 xerim,
2371 3114 2525 3167 supra
2554 3112 2647 3149 nos
2674 3104 2870 3149 natum.
2901 3096 3034 3147 Nam
3080 3093 3181 3148 etsi
3220 3093 3364 3147 Deus
3410 3092 3643 3147 Verbum
3668 3093 3727 3145 sit

473 3168 819 3238 gloriﬁcatur,
852 3166 1003 3235 quasi
1046 3178 1358 3234 perpessum
1386 3162 1613 3217 carnalis
1641 3162 2051 3232 dispensationis
2080 3179 2124 3241 ς
2156 3186 2326 3241 {auus
2354 3162 2535 3250 homo,
2566 3193 2650 3240 est
2678 3193 2855 3240 tamen
2884 3186 2962 3239 sic
2988 3200 3201 3253 quoque
3230 3199 3337 3239 non
3370 3183 3729 3238 tantummodo

475 3261 850 3315 humilitatem.
882 3257 991 3313 Nec
1031 3257 1314 3326 quisquam
1342 3255 1641 3324 sapientum
1669 3254 2045 3326 reprehendat,

474 3351 789 3407 sustinuisse
820 3349 991 3417 ipsum
1021 3357 1204 3401 nostra
1233 3352 1454 3416 propter
1478 3359 1598 3399 nos.

546 3441 736 3495 Nonne
773 3438 931 3506 igitur
958 3435 1248 3500 afﬁrmans,
1281 3435 1443 3488 alium
1471 3433 1754 3504 quemdam
1776 3433 1969 3488 Filium
1998 3440 2052 3489 et

473 3532 764 3594 Christum,
796 3536 989 3598 prater
1018 3528 1185 3581 Deum
1212 3525 1467 3591 Verbum,
1500 3540 1621 3581 eum
1668 3541 1814 3591 esse,
1841 3528 1931 3595 qui
1959 3542 2054 3596 ap-

474 3632 644 3694 paret,
675 3623 760 3678 cui
793 3622 957 3677 etiam
995 3620 1095 3675 soli
1124 3618 1457 3688 apostolatus
1498 3617 1751 3684 ofﬁcium,
1775 3627 1832 3674 et
1856 3635 2051 3674 nomen

474 3718 733 3777 attribuit,
759 3717 1169 3789 ἀνθρωποφαγίαν
1192 3720 1432 3766 nostrum
1454 3711 1592 3783 [BaL
1619 3710 1947 3782 nostrorum]
1969 3712 2053 3767 di-

473 3809 547 3863 cit
573 3822 693 3862 esse
721 3806 1052 3876 mysterium,
1078 3812 1133 3857 et
1169 3803 1223 3856 in
1245 3801 1480 3871 perditas
1508 3804 1858 3870 cogitationes
1884 3803 2053 3857 scele—

473 3906 588 3977 rate
616 3896 880 3951 convertit
906 3895 1111 3949 animos
1133 3893 1455 3958 auditorum,
1488 3894 1732 3949 humanis
1760 3895 2053 3949 rationibus

474 3990 679 4063 [Batuz.
708 3984 1228 4056 ratiocinationibus]
1275 4000 1340 4039 ea
1379 3985 1695 4054 subjiciens,
1740 4002 1857 4055 qua:
1898 3988 2053 4041 unice

475 4080 613 4154 [BaL
644 4096 747 4133 om.
765 4075 943 4147 unice]
968 4085 1023 4131 et
1048 4075 1364 4145 inexquisita
1396 4075 1496 4130 ﬁde
1523 4076 1813 4130 creduntur
1842 4094 1853 4129 :
1880 4092 2053 4147 neque

472 4177 645 4239 enim,
694 4175 818 4243 quia
846 4172 1018 4227 deitas
1068 4187 1176 4225 non
1226 4170 1592 4233 manducatur,
1642 4170 1764 4224 ideo
1808 4180 2051 4226 sanetum

472 4264 671 4318 Christi
698 4279 893 4333 corpus
921 4262 1120 4317 dixeris
1148 4276 1265 4316 esse
1291 4275 1594 4315 commune.

543 4355 692 4407 Scire
720 4362 898 4407 autem
929 4366 1146 4407 necesse
1175 4358 1275 4417 est,
1307 4357 1366 4404 ut
1400 4365 1539 4420 saepe
1566 4349 1829 4415 diximus,
1857 4366 2050 4421 corpus

473 4458 591 4503 esse
618 4443 889 4511 proprium
919 4441 1077 4495 Verbi
1090 4443 1277 4496 omnia
1304 4440 1641 4497 viviﬁcantis.
1663 4440 1923 4507 Quoniam
1952 4459 2047 4499 ve-

2154 3291 2314 3344 supra
2341 3291 2457 3341 nos,
2480 3276 2575 3331 sed
2602 3277 2766 3331 etiam
2791 3289 2951 3344 supra
2964 3290 3175 3329 omnem
3198 3283 3499 3329 creaturam
3527 3291 3539 3325 :
3566 3287 3730 3341 neque

2150 3366 2291 3419 enim
2340 3366 2503 3419 homo
2531 3373 2737 3419 tantum
2784 3365 3097 3433 intelligitur
3143 3380 3262 3420 esse
3301 3365 3454 3433 juxta
3482 3380 3605 3431 nos,
3644 3362 3731 3419 sed

2151 3455 2292 3511 idem
2321 3457 2481 3511 etiam
2508 3456 2788 3511 desursum
2810 3465 2866 3511 et
2890 3456 2956 3511 de
2985 3456 3142 3511 cmlo.

2500 3564 2529 3600 Α
2538 3560 2909 3602 ΝΑτηΕκΑτιειι
2917 3563 2979 3601 US
3016 3562 3363 3601 υυουεοικυε.

2222 3636 2399 3707 Siquis
2426 3655 2534 3693 non
2574 3640 2912 3705 conﬁteatur,
2943 3639 3088 3708 quod
3128 3640 3222 3695 Dei
3248 3638 3482 3694 Verbum
3522 3655 3726 3709 passum

2151 3730 2221 3783 sit
2247 3745 2428 3795 carne,
2461 3738 2516 3785 et
2543 3730 2855 3786 cruciﬁxum
2897 3747 3077 3797 carne,
3105 3741 3159 3786 et
3184 3741 3412 3786 mortem
3442 3733 3727 3799 gustaverit

2150 3835 2331 3883 carne,
2356 3828 2408 3874 et
2442 3819 2639 3875 factum
2664 3822 3076 3891 primogenitum
3104 3838 3172 3876 ex
3202 3822 3448 3889 mortuis,
3483 3838 3551 3877 eo
3590 3823 3727 3892 quod

2151 3912 2222 3966 sit
2250 3922 2306 3966 ut
2327 3913 2467 3967 Deus
2494 3914 2697 3985 [Belua
2723 3932 2826 3969 om.
2850 3922 2910 3969 ut
2938 3913 3118 3985 Deus],
3145 3922 3200 3970 et
3223 3915 3327 3969 vita
3348 3923 3406 3969 et
3426 3915 3723 3981 vivitis-aus;

2152 4005 2437 4060 anathema
2461 4006 2547 4060 sit.

2530 4114 2892 4154 REPREHENSIO
2928 4116 3340 4156 H£BBTICOBUI.

2222 4186 2426 4240 Rursus
2454 4186 2623 4256 ipsum
2652 4204 2869 4244 suorum
2913 4207 3056 4246 nunc
3098 4206 3314 4260 quoque
3356 4191 3720 4257 admonemus,

2149 4278 2295 4346 quod
2323 4278 2701 4347 impassibilem
2731 4283 2949 4336 omnino
2986 4283 3185 4337 dixerit
3217 4284 3451 4339 divinam
3481 4294 3721 4339 naturam

2150 4367 2202 4421 in
2232 4368 2404 4435 primo
2434 4378 2581 4423 tomo
2612 4370 2702 4442 (In
2730 4374 2876 4441 epist.
2921 4373 2992 4426 ad
3022 4375 3273 4441 monac.).
3314 4374 3403 4428 Ait
3429 4377 3572 4429 enim
3604 4377 3673 4430 ita
3706 4395 3718 4428 :

2154 4457 2295 4511 Unus
2325 4475 2477 4530 ergo,
2504 4463 2589 4531 qui
2627 4472 2704 4516 est
2755 4464 2988 4518 omnibus
3028 4465 3231 4535 dignior
3264 4468 3717 4537 prwstantiorqne,

475 4546 758 4627 r0'°°"_i_’_“5
795 4537 877 4585 δεῖ
905 4530 1044 4627 Viti”,
1077 4530 1339 4627 νίνίίίοξξηι
1367 4538 1449 4627 cf“
1484 4549 1497 4584 ³
1523 4547 1642 4627 ,Ρξπ
1848 4533 2044 4627 mimi!“
2073 4543 2121 4601 D
2147 4564 2292 4601 suam
2319 4566 2411 4617 pro
2432 4530 2663 4605 omnibus
2693 4555 2919 4607 animam
2946 4530 3131 4625 posuit,
3161 4564 3209 4609 et
3235 4530 3719 4627 dispensatorie'pa-

476 4621 790 4677 mortalibus
829 4618 1028 4673 nostris
1054 4618 1365 4688 corporibus
1393 4619 1629 4673 immittit
1656 4620 1818 4676 Filius
1863 4623 2045 4686 vitam,

476 4722 529 4768 et
557 4711 783 4768 destruit
810 4709 998 4765 mortis
1039 4707 1352 4778 imperium;
1382 4707 1613 4763 viviﬁcat
1638 4720 1816 4767 autem
1843 4729 1943 4767 nos
1978 4713 2050 4768 si-

474 4803 585 4856 mili
623 4800 782 4855 modo
811 4800 973 4854 etiam
1020 4808 1235 4855 sanctus
1260 4797 1488 4868 Spiritus
1532 4799 1731 4855 Christi
1763 4821 1775 4854 :
1820 4802 2046 4874 Spiritus

471 4897 608 4947 enim
634 4902 728 4958 est,
761 4893 845 4964 qui
866 4892 1086 4961 viviﬁcat
1116 4889 1290 4957 (Joan.
1316 4906 1386 4954 γι,
1416 4891 1527 4964 (id),
1552 4892 1703 4962 juxta
1727 4895 1890 4964 ipsius
1928 4896 2046 4950 Sal-

473 4984 671 5038 vatoris
701 4998 906 5037 vocem.

545 5073 681 5126 Nihil
726 5081 903 5127 autem
934 5074 1173 5143 impedit,
1213 5074 1532 5142 quominus,
1578 5093 1647 5133 ne
1690 5080 1835 5134 solus
1862 5081 2047 5136 videar

471 5176 665 5229 corpus
694 5161 852 5215 Verbi
882 5164 1157 5231 proprium
1194 5164 1391 5227 dicere,
1423 5167 1580 5220 etiam
1610 5178 1917 5225 sanctorum
1945 5170 2048 5227 Pa-

473 5264 612 5307 trum
643 5253 695 5306 in
726 5253 957 5306 medium
985 5256 1226 5325 exempla
1251 5256 1605 5327 proferantur,
1637 5268 1696 5315 ut
1720 5274 2045 5331 cognoscant

471 5344 779 5406 adversarii,
802 5359 861 5397 se
880 5344 993 5398 sine
1013 5359 1170 5400 causa
1192 5348 1241 5400 in
1266 5364 1361 5403 nos
1383 5340 1714 5421 inclamasse,
1737 5354 1827 5421 qui
1849 5355 2041 5425 ubique

469 5436 744 5506 sequimur
772 5452 929 5492 voces
973 5436 1207 5494 Patrum.
1241 5440 1327 5495 Ait
1364 5444 1521 5513 igitur
1565 5450 2038 5505 memoratissimus

2150 4651 2355 4705 rumper
2397 4654 2600 4692 carnem
2647 4639 2865 4710 deprimi
2910 4653 3073 4697 morte
3101 4646 3365 4709 concessit,
3409 4652 3459 4698 et
3488 4657 3717 4703 mortem.

2148 4734 2323 4794 utpote
2368 4729 2489 4793 vita,
2521 4729 2802 4796 destruxit;
2834 4750 2935 4787 non
2977 4737 3233 4789 sustinens
3277 4746 3459 4790 contra
3487 4748 3720 4790 naturam

2148 4832 2296 4870 suam
2342 4818 2537 4890 aliquid
2580 4824 2707 4891 pati.
2738 4823 2984 4879 Dicamus
3035 4826 3194 4893 igitur
3241 4827 3339 4896 ipsi
3385 4827 3585 4882 dicenti
3625 4829 3721 4882 sibi

2149 4910 2415 4962 contraria
2449 4928 2461 4962 :
2494 4910 2772 4977 Quomodo
2822 4915 2867 4969 is
2918 4916 3010 4984 qui
3052 4933 3265 4972 carnem
3303 4934 3590 4988 parumper
3626 4919 3720 4972 de-

2150 4999 2307 5067 primi
2336 5010 2509 5056 morte
2536 5005 2801 5072 concedit,
2830 5014 2885 5061 et
2906 5008 2995 5077 qui
3025 5018 3253 5063 mortem
3282 5010 3507 5065 destruit
3538 5020 3720 5079 utpote

2147 5090 2277 5155 vita,
2298 5108 2405 5145 non
2426 5095 2692 5152 sustinens
2710 5106 2895 5153 contra
2919 5111 3161 5155 naturam
3187 5118 3337 5156 suam
3367 5103 3561 5174 aliquid
3581 5104 3716 5173 pati;

2148 5196 2307 5248 nunc,
2339 5192 2396 5239 ut
2424 5188 2537 5255 ipse
2561 5189 2659 5254 ais,
2686 5192 2886 5258 patitur
2909 5196 3108 5248 carne?

2217 5275 2285 5328 At
2310 5293 2439 5332 vero
2469 5296 2575 5334 non
2605 5297 2791 5350 passus
2812 5292 2893 5337 est
2917 5285 3058 5340 Deus
3084 5287 3230 5340 carni
3258 5287 3597 5356 coniunctus;
3622 5286 3717 5341 sed

2145 5381 2270 5421 caro
2305 5371 2492 5438 magis,
2523 5388 2639 5441 qua:
2662 5383 2777 5428 erat
2803 5375 2914 5431 Deo
2936 5377 3111 5432 Verbo
3138 5379 3441 5447 conjuncta,
3467 5394 3717 5434 concessu

2142 5457 2325 5526 ipsius,
2349 5463 2646 5529 patiebatur
2666 5481 2747 5533 ea,
2772 5481 2889 5535 qua:
2909 5484 3003 5523 sua
3025 5478 3163 5524 sunt.
3188 5468 3530 5540 Nequaquam
3555 5471 3711 5530 enim,

1637 5588 1675 5639 C
1690 5587 2167 5649 \STIGATIONES
2215 5594 2299 5648 ET
2337 5597 2559 5654 NOTAE.

542 5677 573 5750 ³.
595 5668 1065 5755 Verha‘Sedﬂuod
1090 5672 1351 5728 desursum
1381 5677 1602 5729 existens
1632 5687 1678 5730 et
1708 5678 1769 5731 de
1792 5680 1912 5733 cmlo
1942 5680 2043 5735 Ba-

473 5738 641 5795 luzius
669 5744 882 5795 omittit.
918 5738 1071 5796 Eutr.

2144 5757 2186 5807 εἰ
2215 5684 2452 5810 δεξέήὲχ.
2483 5710 2493 5741 :
2523 5689 2720 5763 Opinor
2750 5707 2917 5751 autem
2940 5716 3018 5754 me
3038 5700 3176 5753 nullo
3201 5717 3407 5756 cernere
3433 5703 3710 5774 deliquisse,

2194 5797 2207 5812 .
2333 5798 2345 5810 .
2392 5776 2522 5812 .mr.
3395 5809 3398 5811 μ

2194 5797 2207 5821 ,
2241 5778 2345 5810 etc.
2371 5778 2522 5814 non.
3395 5809 3398 5811 .
