3978 6188
311 339 414 394 965

309 549 429 594 set:
464 554 586 593 nam
613 539 657 593 si
695 547 955 608 praesente
995 539 1167 591 anima
1188 580 1201 602 ,
1232 554 1376 592 mors
1424 536 1746 590 intervenire
1779 549 1885 588 non

311 634 497 704 possit,
529 630 819 701 quomodo,
852 631 961 684 Deo
1010 638 1290 699 pnesente,
1323 645 1422 683 nec
1458 635 1720 698 praesente
1764 636 1885 681 tan-

311 734 425 777 tum
469 722 797 791 simpliciter,
826 721 920 775 sed
960 720 1281 789 conjuncto,
1305 735 1512 774 summa
1539 719 1801 787 quadam,
1833 725 1889 772 et

312 816 413 885 ipsi
439 814 537 869 soli
560 822 685 866 nota
707 811 1098 879 conjunctione,
1124 810 1421 879 inquietare
1445 809 1610 878 ipsius
1633 809 1886 876 templum

310 911 542 973 poterat,
581 909 671 955 aut
698 917 860 965 mors,
889 908 978 954 aut
1021 900 1217 969 passio,
1264 900 1365 953 nisi
1401 900 1565 969 ipsius
1590 898 1888 953 concessu?

312 996 428 1048 Non
458 993 627 1047 deitas
674 1007 827 1061 passa
870 998 949 1045 est
989 991 1136 1045 carui
1183 991 1483 1059 conjuncta,
1530 990 1621 1045 sed
1675 989 1891 1045 deitatis

312 1099 590 1147 concessu,
621 1097 746 1137 caro
772 1082 1091 1151 patiebatur,
1117 1094 1233 1149 qua:
1258 1095 1352 1135 sua
1382 1088 1523 1134 sunt.

384 1192 539 1258 Quod
565 1207 691 1246 vero
714 1191 977 1244 malitiose
1003 1190 1257 1260 posuerit,
1290 1206 1459 1243 causa
1492 1204 1713 1253 PASSUM,
1746 1195 1800 1243 et
1826 1188 1893 1242 ad

310 1282 699 1351 simpliciorum
724 1282 1115 1349 deeeptionem,
1143 1280 1267 1334 hinc
1295 1287 1469 1349 potest
1499 1279 1718 1347 intelligi
1752 1297 1763 1331 :
1794 1294 1891 1333 ne—

311 1389 420 1442 que
459 1373 599 1427 enim
629 1372 921 1426 servaverit
960 1371 1441 1440 impassibilitatem
1472 1370 1663 1423 divinae
1691 1378 1891 1425 natura:

312 1462 382 1525 is,
415 1463 508 1529 qui
552 1461 764 1525 dixerit,
798 1477 966 1514 omne
1013 1477 1240 1525 PASSUM;
1267 1462 1359 1529 qui
1398 1461 1538 1514 enim
1587 1460 1679 1524 ait,
1721 1477 1891 1515 canna

314 1564 532 1609 mssast,
584 1548 635 1602 id
686 1550 887 1602 scilicet
932 1548 1059 1602 dicit
1100 1549 1273 1617 ipsum
1305 1564 1517 1617 passum
1563 1547 1723 1603 fuisse
1770 1565 1892 1603 cum

311 1653 495 1691 carne.
532 1636 677 1691 Licet
715 1651 843 1705 ergo
896 1653 1015 1691 cum
1056 1653 1217 1692 carne
1261 1639 1329 1691 sit
1376 1654 1579 1707 passus,
1631 1640 1892 1707 passibilis

310 1735 497 1781 tamen
526 1728 939 1782 demonstratur.
972 1727 1076 1781 Aut
1100 1730 1240 1783 enim
1266 1745 1385 1783 cum
1428 1731 1538 1799 pati
1568 1740 1766 1800 posset,
1798 1746 1894 1800 per

313 1825 563 1870 naturam
588 1832 736 1871 suam
759 1833 947 1887 passus
971 1827 1071 1883 est,
1099 1826 1191 1871 aut
1213 1828 1397 1873 contra
1423 1827 1699 1885 naturam;
1728 1821 1771 1874 si
1798 1836 1894 1890 per

313 1914 561 1960 naturain
590 1923 779 1977 passus
807 1918 915 1973 est,
945 1908 1047 1961 erit
1082 1916 1136 1961 et
1182 1907 1342 1962 Pater
1372 1909 1668 1978 passibilis,
1695 1911 1785 1979 qui
1815 1918 1896 1964 est

312 1997 505 2052 similis
533 1997 652 2051 Filii
685 2016 698 2050 :
730 2013 949 2053 necesse
988 2006 1071 2052 est
1108 2013 1356 2066 namque,
1390 2000 1566 2053 omnia
1598 1999 1771 2053 inesse
1800 2014 1895 2067 ge-

316 2092 501 2157 nitori,
531 2108 648 2162 qua:
674 2094 851 2146 insunt
881 2093 949 2158 ei,
981 2092 1071 2161 qui
1095 2102 1248 2146 natus
1271 2101 1370 2146 est.
1400 2093 1503 2145 Aut
1525 2094 1897 2147 confitebimur

318 2184 494 2251 ipsum
518 2184 731 2251 quidem
757 2199 968 2252 passum
998 2198 1136 2247 esse,
1160 2184 1441 2237 habentem
1472 2184 1707 2251 patiendi
1739 2193 1895 2237 natu-

318 2290 470 2339 ram;
504 2273 714 2328 Patrem
744 2290 871 2328 vero
920 2275 1032 2342 pati
1061 2290 1164 2327 non
1201 2289 1377 2343 posse.
1410 2272 1479 2327 At
1517 2274 1561 2328 si
1594 2275 1666 2327 ita
1696 2274 1896 2328 dixeri-

318 2381 468 2429 mus,
521 2366 708 2420 eadem
761 2382 883 2421 cum
928 2367 1193 2420 hmrcticis
1244 2367 1534 2420 sentiemus
1579 2367 1894 2434 dicentibus,

322 2454 594 2523 Unigeniti
618 2454 871 2511 deitatem
896 2470 1012 2511 esse
1032 2456 1364 2525 passibilem;
1398 2454 1610 2510 Patrem
1638 2471 1765 2510 vero
1789 2458 1900 2525 pati

322 2561 437 2599 non
466 2561 624 2614 posse
652 2564 664 2599 :
699 2546 839 2601 unde
868 2546 1026 2601 etiam
1055 2544 1365 2624 ἕτεροούσιον
1393 2547 1560 2613 aiunt,
1604 2547 1654 2601 id
1690 2556 1791 2613 est,
1823 2547 1900 2601 al-

321 2637 494 2691 terius
521 2638 846 2692 substantim.

396 2746 455 2800 Si
485 2762 612 2801 vero
641 2756 826 2801 contra
867 2756 1110 2801 naturam
1151 2764 1365 2817 passum
1410 2764 1527 2804 esse
1566 2748 1726 2815 dicat,
1757 2748 1900 2805 dice-

322 2856 449 2894 mus
480 2858 492 2893 :
525 2838 718 2909 Ecqua:
747 2840 922 2909 passio
966 2839 1143 2893 divina
1187 2847 1375 2893 natura
1404 2840 1575 2910 possit
1618 2856 1734 2895 esse
1770 2842 1902 2895 vali-

323 2931 467 2994 dior,
498 2938 556 2983 ut
586 2930 638 2984 in
682 2944 740 2984 se
765 2929 1087 2998 deprimeret
1130 2945 1272 2995 eum,
1304 2932 1396 3000 qui
1438 2939 1520 2986 est
1562 2930 1901 3000 impassibilis

322 3038 427 3093 per
471 3023 749 3077 naturam?
780 3023 926 3076 Dicet
964 3023 1089 3077 ille:
1122 3022 1235 3077 lloc
1280 3024 1445 3092 ipsius
1482 3023 1769 3078 voluntatis
1797 3035 1895 3077 est.

256 3180 259 3181 ν
323 3116 574 3170 Dicemus
603 3134 613 3168 :
646 3114 811 3183 ipsius
831 3116 1076 3170 voluntas
1114 3115 1450 3186 impassibilis
1478 3125 1576 3171 est.
1607 3115 1900 3183 Quaerimus

321 3216 507 3263 autem
554 3209 801 3279 passibile
839 3208 1122 3279 quiddam,
1168 3204 1310 3277 quod
1349 3209 1553 3282 [Batuz.
1596 3209 1899 3278 passionem

322 3288 467 3370 qum]
506 3300 885 3370 impassibilem
933 3306 1173 3353 naturam
1216 3300 1270 3353 in
1308 3315 1455 3354 suam
1495 3300 1901 3369 passibilitatem

322 3392 685 3456 transtulerit;
737 3391 976 3459 alioquin
1023 3398 1079 3445 et
1121 3390 1367 3446 voluntas
1405 3390 1582 3446 divina
1622 3392 1752 3455 vult,
1784 3406 1901 3459 qua:

320 3485 499 3553 ipsam
523 3483 765 3539 deceant.

394 3590 464 3646 Et
489 3592 616 3660 quid
642 3592 935 3657 decentius,
975 3591 1166 3661 inquit,
1199 3606 1356 3661 quam
1381 3606 1597 3647 servare
1624 3593 1899 3648 hominum

317 3683 527 3751 genus?
553 3681 658 3735 Sed
689 3681 959 3751 quomodo
985 3682 1185 3735 servari
1210 3681 1484 3736 hominum
1505 3696 1673 3749 genus
1698 3692 1896 3751 posset,

318 3771 501 3839 ipsum
528 3769 595 3823 ad
633 3770 1112 3840 impassibilitatem
1140 3769 1482 3836 transferens,
1523 3786 1641 3839 qua:
1666 3771 1900 3826 divinam

319 3863 508 3927 etiam,
534 3862 1017 3931 impassibilemquc
1037 3870 1301 3925 naturam,
1327 3861 1379 3914 in
1401 3862 1703 3930 passionem
1727 3870 1901 3915 trans-

320 3951 544 4005 tulerit?
595 3950 754 4005 Certe
798 3952 959 4016 enim,
992 3959 1050 4005 ut
1096 3952 1339 4017 validior,
1380 3953 1433 4006 in
1471 3968 1624 4006 suum
1651 3952 1900 4020 passibile

320 4041 596 4094 transtulit
636 4042 720 4106 id,
760 4041 901 4109 quod
942 4050 1057 4095 erat
1108 4042 1452 4111 impassibile.
1496 4041 1562 4096 Et
1606 4042 1749 4111 quod
1798 4043 1900 4096 erit

318 4131 744 4186 emolumentum
774 4131 1028 4200 passibili,
1058 4132 1104 4187 si
1149 4132 1201 4185 id
1246 4132 1389 4201 quod
1428 4133 1754 4202 impassibile
1796 4140 1895 4198 est,

319 4221 488 4275 fuerit
516 4223 675 4275 etiam
717 4221 918 4293 [Belua
951 4222 1253 4293 commune]
1290 4224 1577 4291 passibile?
1614 4225 1728 4279 haec
1756 4224 1898 4278 enim

321 4310 558 4379 adjectio
585 4312 752 4379 magis
780 4320 861 4363 est
888 4312 1032 4375 mali,
1063 4327 1222 4381 quam
1251 4313 1622 4381 interemptio;
1651 4328 1774 4366 nam
1812 4328 1899 4366 res

322 4399 474 4453 nulla
504 4398 707 4470 [Betim
736 4399 885 4471 nulli]
915 4401 1133 4466 tollitur,
1160 4417 1280 4455 eum
1302 4410 1383 4455 est
1403 4402 1561 4457 simili
1585 4403 1783 4468 addita,
1806 4401 1899 4457 sed

319 4497 571 4557 augetur.

400 4599 527 4666 Qua:
557 4600 714 4667 igitur
740 4600 881 4653 salus
909 4608 989 4654 est
1015 4601 1279 4669 passibilis
1315 4608 1517 4655 natura:
1547 4602 1749 4674 [Baluz.
1776 4617 1902 4671 pas-

320 4690 540 4761 sionis],
570 4699 629 4744 ut
654 4691 920 4745 diximus?
948 4689 1064 4744 Non
1093 4699 1238 4746 certe
1266 4692 1605 4761 impassibilis
1631 4708 1751 4747 cum
1776 4708 1902 4761 pas-

321 4783 471 4837 sibili
523 4792 873 4849 communio;
928 4782 1022 4837 sed
1083 4786 1346 4854 passibilis
1401 4785 1467 4838 ad
1522 4786 1902 4853 impassibilem

325 4872 537 4945 [Batuz.
568 4872 891 4942 passibilem]
921 4872 1187 4940 migratio.
1218 4873 1370 4941 Quod
1394 4874 1519 4930 fecit
1542 4877 1700 4929 etiam
1730 4875 1905 4929 Domi-

325 4978 433 5019 nus
460 4963 731 5025 Christus,
763 4964 855 5033 qui
903 4980 1011 5019 non
1057 4966 1173 5033 ipse
1215 4966 1507 5020 secundum
1544 4966 1799 5020 deitatem
1847 4966 1901 5020 in

323 5054 633 5125 passionem
674 5054 932 5110 deductus
977 5063 1091 5120 est;
1121 5055 1217 5109 sed
1256 5063 1311 5110 et
1356 5055 1747 5109 humanitatem
1782 5071 1900 5110 om-

324 5160 475 5207 nem,
507 5160 603 5214 per
631 5160 846 5201 carnem
866 5154 1127 5211 sanctam,
1156 5146 1209 5201 in
1231 5146 1562 5201 altitudinem
1587 5147 1901 5212 sublevavit,

326 5246 388 5290 et
416 5237 563 5289 humi
602 5236 869 5304 jacentem
910 5239 1080 5293 erexit
1128 5238 1195 5291 ad
1241 5238 1465 5303 caelum,
1515 5246 1568 5293 et
1615 5240 1902 5293 obnoxiam

332 5336 466 5382 ante
487 5328 727 5381 servituti
767 5327 973 5401 [Batuz.
1006 5346 1109 5382 om.
1148 5328 1413 5398 servituti]
1463 5330 1517 5382 in
1557 5328 1903 5398 adoptionem

325 5417 577 5473 conferre
610 5419 854 5487 dignatus
881 5429 979 5474 est.
1013 5419 1142 5487 Quis
1171 5437 1299 5475 vero
1342 5430 1563 5491 propter
1590 5422 1901 5476 inobedien-

328 5514 484 5576 tiam,
525 5520 753 5567 mortem
799 5513 1065 5568 debebat?
1106 5514 1347 5567 llumana
1387 5530 1514 5567 sane
1554 5523 1762 5576 natura,
1795 5530 1903 5569 non

327 5604 528 5659 divina.
555 5604 724 5671 Quam
752 5606 911 5674 igitur
930 5606 1150 5660 reddere
1178 5608 1460 5675 oportebat
1483 5622 1580 5661 seu
1600 5607 1905 5676 persolvere

328 5695 535 5767 [Batus.
561 5713 662 5750 om.
694 5712 789 5751 seu
815 5695 1140 5767 persolvere]
1170 5696 1540 5752 inobodientia:
1568 5700 1834 5753 mortem?

1028 336 1085 395 S.
1124 336 1393 392 CYRILLI
1437 334 1949 391 APOLOGETICUS
1991 332 2346 390 ADVERSIJS
2384 332 2848 391 ORIENTAI.ES.

311 453 426 519 ipso
454 464 560 502 non
605 446 949 510 concedente,
984 456 1075 501 aut
1120 463 1283 511 mors,
1316 454 1407 501 aut
1453 447 1631 515 passio
1663 445 1883 499 aceidis-
1916 450 1960 505 Δ

3467 340 3570 394 Ωὑϐ

2454 462 2733 501 RESPONSIO
2771 464 3091 503 OBTIIODOXI.

2060 535 2300 603 Magnam
2344 542 2492 590 certe
2537 539 2942 609 mirabilemque
2970 541 3076 593 vim
3108 540 3375 605 veritatis,
3408 555 3567 609 quam

1987 626 2316 694 experientia
2348 626 2458 694 ipsa
2492 635 2719 681 testatur
2755 628 2960 701 [Batuz.
2991 631 3202 696 negotia
3232 632 3346 699 ipsa
3375 639 3569 683 testan-

1990 714 2115 783 tur].
2157 716 2337 785 Neque
2365 718 2508 770 enim
2549 720 2676 772 mihi
2699 736 2831 789 opus
2872 722 2974 774 erit
3020 722 3258 788 longiore
3298 738 3563 783 sermone,

1988 808 2079 875 qui
2110 806 2418 861 satisfacere
2445 810 2617 877 possit
2656 810 2768 874 eis,
2817 812 2907 880 qui
2935 811 3147 880 decepti
3176 820 3331 877 sunt,
3362 821 3417 866 et
3451 814 3567 881 opi-

1988 897 2121 960 nati,
2155 912 2251 950 nos
2279 897 2476 951 dixisse
2513 898 2744 953 divinam
2782 910 3025 953 naturam
3057 901 3215 955 Verbi
3256 916 3373 955 esse
3398 904 3568 970 passi-

1987 990 2182 1056 bilem;
2212 1007 2334 1044 cum
2379 992 2478 1061 ipsi
2520 993 2810 1047 adversarii
2853 1002 3044 1061 sponte
3090 995 3480 1058 concesserint,
3514 1003 3569 1047 et

1988 1081 2297 1150 planissime
2339 1082 2567 1136 confessi
2596 1083 2721 1147 sint,
2751 1098 2850 1137 nos
2887 1082 2955 1136 ab
2980 1082 3283 1150 hujusmodi
3326 1084 3568 1137 crimini-

1990 1172 2090 1225 bus
2135 1172 2441 1239 longissime
2495 1187 2616 1227 esse
2663 1174 2957 1227 submotos.
3005 1172 3110 1227 Sed
3155 1174 3410 1240 quoniam
3452 1190 3567 1227 rem

1990 1260 2105 1314 sine
2131 1261 2239 1313 ullo
2277 1268 2611 1328 argumento,
2641 1276 2739 1329 per
2767 1261 3124 1325 dementiam,
3155 1269 3215 1314 ut
3242 1262 3371 1329 ipsis
3398 1263 3568 1315 libue-

1988 1351 2079 1412 rit,
2124 1359 2506 1419 proponentes,
2532 1360 2587 1404 et
2615 1352 2829 1405 acribus
2859 1366 3111 1405 sensuum
3144 1360 3357 1405 utentes
3385 1354 3569 1405 inven-

1990 1441 2079 1503 tis,
2116 1443 2467 1509 sagacitatem
2489 1458 2659 1508 suam,
2687 1443 3140 1512 acrimoniamque
3170 1443 3403 1511 probare
3441 1459 3571 1498 con-

1993 1533 2247 1597 tendunt;
2280 1534 2443 1599 agunt
2484 1540 2662 1586 autem
2698 1533 2829 1586 satis
2860 1541 3067 1601 argute,
3116 1533 3440 1601 impassibile
3485 1548 3571 1587 se-

1992 1621 2222 1675 cundum
2261 1637 2411 1676 suam
2442 1629 2686 1675 naturam
2734 1621 2831 1675 Dei
2860 1623 3093 1677 Verbum
3130 1637 3249 1676 esse
3290 1623 3565 1685 dicentes;

1993 1713 2211 1766 audiant
2238 1728 2267 1764 a
2297 1713 2469 1778 nobis,
2495 1713 2636 1781 quod
2661 1713 2775 1767 sine
2802 1727 2963 1767 causa
2991 1713 3315 1782 depugnent,
3340 1721 3393 1766 et
3414 1729 3569 1767 auras

1925 1801 1965 1857 Β
1994 1804 2298 1867 verberent,
2328 1818 2447 1858 cum
2475 1820 2632 1859 nemo
2658 1814 2844 1859 contra
2870 1820 2901 1860 e
2923 1805 3129 1859 diversa
3166 1814 3319 1875 parte
3348 1807 3565 1869 nitatur,

1996 1908 2095 1947 nec
2125 1894 2322 1947 sentiat
2340 1895 2625 1959 contraria,
2651 1910 2751 1949 uec
2777 1894 3005 1948 diversa.
3031 1893 3167 1960 Quid
3206 1910 3334 1963 ergo
3376 1896 3568 1949 frustra

1994 1984 2293 2038 desudant?
2323 1984 2459 2050 Quid
2502 1985 2617 2039 sine
2661 2000 2822 2039 causa
2860 1985 3227 2038 contendunt?
3265 1984 3392 2050 Quis
3432 1986 3567 2040 adeo

1995 2076 2235 2145 stupidus
2258 2084 2371 2140 est,
2415 2075 2535 2144 quis
2563 2076 2636 2128 ita
2662 2074 2953 2139 attonitus,
2983 2084 3042 2129 ut
3069 2075 3569 2129 excellentissimam

1996 2166 2231 2219 omnium
2260 2172 2505 2218 naturam
2532 2164 2676 2217 dicat
2704 2179 2823 2217 esse
2868 2164 3194 2232 passibilem,
3222 2180 3449 2233 eamque
3474 2181 3569 2217 au-

1995 2255 2117 2309 deat
2148 2269 2346 2323 ponere
2374 2254 2513 2307 inter
2562 2252 2897 2306 inﬁrmitates
2923 2248 3216 2314 creaturas,
3247 2268 3365 2323 qua:
3394 2254 3571 2308 incor-

1997 2346 2194 2415 poralis
2218 2354 2315 2409 est,
2349 2353 2402 2397 et
2431 2343 2575 2397 omni
2605 2343 2849 2412 superior
2872 2344 3157 2396 creatura?

2068 2434 2171 2488 Sed
2194 2432 2623 2502 quandoquidem
2646 2432 2883 2503 mysterii
2910 2433 3047 2486 ratio
3076 2433 3345 2487 hominem
3376 2433 3569 2488 factum

1997 2540 2115 2580 esse
2143 2524 2415 2593 cognoscit
2441 2524 2828 2593 dispensatorie
2860 2522 3189 2590 unigenitum
3232 2523 3324 2577 Dei
3356 2523 3567 2588 Filium,

1999 2624 2053 2669 et
2093 2614 2367 2683 proprium
2408 2615 2572 2682 ipsius
2619 2628 2736 2667 esse
2774 2612 3098 2667 afﬁrmamus
3145 2623 3473 2682 assumptum
3505 2632 3572 2668 ex

1999 2708 2155 2760 beata
2206 2705 2370 2759 Maria
2416 2714 2655 2759 sanctum
2703 2720 2929 2773 corpus;
2984 2704 3105 2757 ideo
3144 2713 3308 2773 recte,
3353 2715 3573 2775 propter

1998 2799 2383 2869 proprietatem
2411 2796 2854 2865 dispensatoriam
2870 2836 2884 2860 ,
2906 2796 3083 2849 carnis
3108 2796 3383 2864 passiones
3408 2797 3572 2866 ipsius

1999 2904 2119 2943 esse
2146 2888 2389 2950 dicimus,
2422 2895 2698 2940 servantes
2738 2896 2913 2940 tamen
2944 2887 3139 2955 ubique
3168 2895 3369 2940 naturm
3409 2888 3573 2957 ipsius

2000 2979 2479 3049 impassibilitatcm
2511 2996 2522 3029 :
2550 2978 2691 3032 Deus
2717 2986 2798 3031 est
2827 2976 2967 3031 enim
3017 2976 3107 3046 qui
3147 2975 3213 3031 de
3264 2976 3373 3030 Deo
3420 2986 3576 3033 natus

2001 3078 2103 3124 est.

1927 3152 1973 3215 C
2072 3159 2291 3227 Quoties
2339 3158 2498 3227 igitur
2518 3173 2703 3226 passus
2732 3172 2849 3211 esse
2882 3156 3093 3221 dicitur,
3123 3170 3303 3219 carne,
3331 3171 3437 3209 non
3474 3170 3572 3208 na-

2000 3261 2139 3319 tura,
2171 3252 2481 3319 intelligitur
2519 3265 2734 3319 passus;
2761 3248 2853 3303 sed
2880 3264 3002 3302 suas
3032 3249 3199 3315 magis
3227 3247 3427 3302 faciens
3453 3262 3577 3317 pas-

2000 3348 2181 3403 siones
2200 3346 2375 3401 carnis
2395 3344 2534 3419 [BuL
2565 3341 2773 3414 ipsius],
2794 3342 2955 3412 ipsius
2979 3342 3119 3396 enim
3140 3341 3335 3395 factum
3357 3349 3437 3394 est
3463 3356 3577 3394 cor-

1998 3454 2119 3507 pus,
2157 3436 2302 3506 quod
2330 3444 2413 3489 est
2443 3434 2542 3504 ipsi
2573 3433 2938 3503 conjunctum,
2960 3439 3017 3486 ut
3048 3431 3243 3485 dudum
3260 3431 3398 3495 dixi;
3432 3430 3578 3483 ideo-

1998 3542 2103 3595 que
2132 3527 2342 3581 divinus
2372 3526 2565 3580 Paulus
2595 3526 2767 3595 ipsum
2795 3542 2886 3595 per
2923 3541 3090 3595 quem,
3118 3533 3165 3577 et
3192 3525 3246 3576 in
3275 3540 3371 3593 quo
3398 3523 3577 3576 omnia

1999 3616 2124 3672 fecit
2148 3616 2327 3681 Pater,
2348 3618 2759 3687 primogenitum
2782 3631 2847 3669 ex
2872 3617 3093 3670 mortuis
3116 3615 3240 3670 dicit
3258 3615 3438 3680 fuisse,
3457 3632 3581 3670 cum

1998 3707 2071 3760 ita
2096 3707 2333 3775 scripsit:
2362 3705 2572 3759 Gratias
2600 3707 2796 3775 agimus
2827 3704 2997 3768 Patri,
3022 3708 3107 3775 qui
3133 3706 3316 3775 dignos
3345 3723 3440 3759 nos
3463 3708 3580 3777 fecit

1996 3796 2050 3847 in
2073 3805 2269 3863 partem
2293 3795 2447 3848 sortis
2472 3803 2762 3848 sanctorum
2785 3796 2837 3845 in
2862 3794 3070 3857 lumine,
3092 3796 3175 3863 qui
3195 3796 3381 3863 eripuit
3408 3812 3499 3848 nos
3518 3796 3583 3848 de

1998 3892 2248 3954 potestate
2275 3882 2617 3947 tenebrarum,
2637 3891 2688 3936 et
2708 3883 2970 3935 transtulit
2996 3884 3049 3935 in
3081 3899 3289 3952 regnum
3320 3884 3419 3951 ﬁlii
3447 3884 3579 3935 dile-

1999 3976 2183 4029 ctionis
2211 3991 2337 4041 sum,
2367 3975 2421 4028 in
2460 3991 2557 4047 quo
2595 3973 2838 4027 habemus
2867 3972 3293 4042 redemptionem,
3322 3975 3581 4026 remissio-

2000 4084 2115 4120 nem
2140 4076 2483 4137 peccatorum,
2530 4067 2617 4137 qui
2644 4074 2718 4119 est
2745 4066 2914 4136 imago
2943 4063 3041 4117 Dei
3079 4064 3366 4128 invisibilis,
3389 4066 3584 4133 primo-

1999 4160 2202 4228 genitus
2233 4159 2400 4212 omnis
2425 4168 2695 4222 creaturaz,
2723 4160 2843 4227 quia
2870 4158 2925 4209 in
2954 4157 3065 4225 ipso
3088 4154 3296 4207 condita
3324 4164 3443 4207 sunt
3461 4156 3580 4207 uni-

1999 4261 2146 4299 versa
2166 4248 2223 4299 in
2252 4247 2390 4300 cwlis
2416 4256 2463 4300 et
2491 4247 2546 4299 in
2576 4256 2731 4310 terra,
2763 4245 3011 4309 visibitia,
3060 4252 3109 4297 et
3147 4243 3423 4297 invisibilia
3479 4246 3584 4297 sire

2001 4336 2193 4399 throni,
2221 4337 2323 4389 sive
2348 4335 2742 4398 dominationes,
2770 4335 2874 4387 sive
2900 4335 3237 4404 principatus.
3276 4330 3463 4388 Omnia
3495 4352 3583 4404 per

1999 4428 2184 4496 ipsum,
2232 4436 2281 4479 et
2315 4428 2367 4479 in
2398 4428 2509 4496 ipso
2534 4434 2707 4478 creata
2755 4434 2900 4489 sunt;
2929 4434 2980 4478 et
3023 4426 3135 4495 ipse
3160 4434 3280 4478 ante
3309 4442 3503 4487 omnes,
3535 4434 3581 4477 et

1921 4509 1974 4568 Ι)
1998 4520 2172 4572 omnia
2217 4520 2271 4571 in
2295 4520 2405 4587 ipso
2433 4524 2705 4581 constant;
2732 4526 2782 4571 et
2801 4518 2911 4587 ipse
2934 4525 3011 4570 est
3034 4524 3186 4586 caput
3215 4519 3446 4586 corporis
3476 4515 3581 4567 Ec-

2004 4611 2193 4675 clesiw,
2212 4613 2297 4682 qui
2318 4619 2393 4664 est
2413 4610 2743 4681 principium,
2767 4609 3134 4679 primogenitus
3162 4623 3226 4660 ea:
3254 4606 3463 4659 mortuis
3481 4645 3494 4668 ,
3526 4614 3583 4656 ut

2002 4703 2070 4755 sit
2092 4702 2149 4754 in
2194 4699 2427 4754 omnibus
2464 4701 2575 4770 ipse
2613 4700 2956 4769 principatum
2998 4705 3203 4758 tenens;
3233 4695 3354 4764 quia
3389 4694 3442 4745 in
3470 4694 3581 4762 ipso

2002 4792 2308 4861 complacuit
2332 4806 2535 4844 omnem
2562 4788 2929 4859 plenitudinem
2966 4785 3217 4849 habitare,
3243 4793 3293 4837 et
3311 4784 3587 4853 peripsunt

2004 4882 2332 4935 reconciliare
2368 4882 2562 4944 omnia,
2591 4880 2645 4931 in
2666 4881 2832 4947 ipsum
2862 4878 3140 4947 paciﬁcans
3168 4891 3259 4944 per
3279 4874 3583 4942 sanguinem

2000 4971 2167 5024 crucis
2190 4971 2301 5040 ejus
2320 5009 2335 5034 ,
2374 4971 2478 5024 sive
2520 4985 2634 5039 qua
2670 4969 2724 5021 in
2748 4968 2915 5031 terris,
2948 4968 3051 5018 sive
3071 4979 3183 5034 qua:
3214 4964 3269 5017 in
3310 4962 3436 5016 casto
3464 4972 3583 5015 sunt

2004 5060 2137 5131 (Col.
2165 5079 2201 5128 ι,
2236 5061 2304 5114 12
2326 5072 2374 5115 et
2402 5078 2535 5131 seqq.
2558 5061 2596 5127 ).

2076 5151 2327 5215 Attende,
2355 5147 2803 5218 quemadmodum
2822 5160 2919 5214 per
2950 5160 3073 5199 eum
3093 5143 3272 5197 omnia
3308 5141 3445 5195 facta
3469 5154 3586 5194 esse

2004 5248 2409 5304 commemoret,
2432 5238 2654 5292 visibilia
2678 5247 2731 5291 et
2758 5236 3059 5299 invisibilia,
3090 5234 3314 5288 thronos
3346 5241 3402 5287 et
3440 5232 3586 5295 prin-

2004 5332 2239 5401 cipatus;
2274 5332 2447 5400 ipsum
2488 5330 2672 5383 datum
2697 5342 2815 5382 esse
2842 5326 2985 5381 dicat
3028 5332 3190 5392 caput
3229 5321 3501 5385 Ecclesim,
3533 5329 3590 5374 et

2007 5424 2421 5495 primogenitum
2455 5437 2521 5475 ex
2554 5420 2779 5474 mortuis
2813 5418 2975 5473 fuisse
3009 5415 3265 5480 aflirmet;
3300 5414 3587 5468 conciliata

2010 5532 2126 5571 esse
2166 5515 2346 5569 omnia
2391 5529 2489 5584 per
2532 5515 2727 5582 ipsum,
2778 5510 3088 5581 paciﬁcasse
3134 5524 3231 5578 per
3274 5507 3586 5573 sanguinem

2011 5608 2183 5663 crucis
2231 5607 2418 5676 ipsius,
2443 5607 2554 5662 sive
2581 5620 2699 5674 qua:
2735 5604 2789 5657 in
2820 5602 2995 5664 terris,
3038 5601 3151 5655 sive
3195 5614 3314 5667 qua:
3341 5598 3395 5652 in
3417 5596 3585 5649 cmlis.

2021 5701 2148 5767 Q‘tis
2176 5713 2303 5768 ergo
2333 5706 2411 5753 est
2430 5738 2445 5763 ,
2472 5699 2562 5768 qui
2588 5696 2757 5767 possit
2779 5694 2998 5748 ulterius
3020 5690 3296 5746 dubitaret
3342 5696 3431 5740 aut
3472 5685 3591 5753 quis
