3978 6188
436 327 539 384 961

950 326 1142 383 MAR“
1180 320 1620 379 MERCATORIS
1658 314 2227 374 TRANSLATIONES
2271 312 2626 369 VARIORUM
2667 312 3195 370 OPUSCULORUM.

3610 318 3705 370 961

442 452 724 506 vereatur,
758 458 824 497 ne
857 442 992 496 forte
1020 438 1327 509 passibilcm
1365 435 1483 489 Filii
1513 443 1758 487 naturam
1781 431 2020 503 mysterii
2052 436 2098 492 Α
2125 439 2175 483 et
2194 446 2308 501 qua:
2328 431 2381 482 in
2411 430 2557 499 aquis
2578 430 2769 492 vivunt,
2796 446 2887 482 nec
2912 430 3173 483 terrestria
3187 429 3458 492 animalia,
3480 445 3566 483 nec
3592 435 3705 484 stel-

442 537 582 589 ratio
605 532 872 595 ostendat,
898 531 942 584 si
964 544 1126 584 carne
1144 543 1333 598 passus
1347 541 1465 580 esse
1481 524 1719 577 dicatur?
1745 522 2029 575 Passiones

442 626 583 679 enim
610 622 852 691 corporis
891 620 993 684 sui,
1032 626 1093 673 ut
1122 625 1246 673 ante
1288 616 1418 680 dixi,
1449 630 1575 669 suas
1603 612 1872 668 existimat
1901 626 2027 681 pas-

449 728 648 768 SIOIICS.

515 804 629 858 Hoc
660 804 733 856 ita
762 798 1146 857 sentirebeato
1167 798 1327 853 Petro
1353 797 1599 868 placebat
1620 794 1815 849 dicenti
1842 812 1853 846 :
1879 792 2030 847 Chri-

442 905 521 949 sto
544 911 664 965 ergo
712 910 864 964 passo
890 910 982 963 pro
1010 892 1157 945 nobis
1195 906 1349 944 carne
1388 889 1442 961 (I
1472 888 1613 941 Petr.
1648 904 1720 951 tv,
1752 886 1839 955 1).
1874 882 2030 938 Aliud

446 992 629 1038 autem
658 994 740 1038 est
767 999 798 1036 ι
837 983 994 1037 nobis
1038 981 1163 1045 dici,
1206 995 1367 1034 carne
1394 994 1642 1048 passum;
1669 985 1724 1033 et
1752 976 1897 1031 aliud
1924 976 2029 1030 dici

446 1093 665 1148 passum
706 1076 922 1131 deitatis
967 1082 1158 1128 natura
1213 1090 1225 1125 :
1267 1071 1479 1142 quando
1523 1072 1664 1125 enim
1703 1069 1843 1123 idem
1868 1076 1949 1122 est
1974 1074 2029 1122 et

444 1173 609 1226 homo
636 1169 793 1224 simul
840 1177 895 1223 et
936 1167 1097 1229 Deus,
1128 1164 1466 1234 impassibilis
1505 1163 1740 1231 quidem,
1769 1168 2029 1229 quantum

445 1270 530 1316 est
559 1261 627 1315 ad
665 1260 878 1315 deitatis
907 1267 1183 1319 naturam;
1214 1257 1481 1326 passibilis
1502 1270 1651 1318 vero,
1674 1253 2024 1308 humanitate.

445 1352 584 1419 Quid
610 1352 733 1404 mali
757 1351 839 1404 vel
861 1349 986 1403 novi
1013 1356 1112 1412 est,
1139 1347 1182 1401 si
1206 1362 1269 1401 ea
1298 1355 1450 1415 parte
1472 1362 1658 1415 passus
1678 1344 1885 1398 dicatur
1911 1358 2029 1411 quae

444 1442 556 1511 pati
588 1448 789 1510 posset,
818 1454 939 1495 cum
970 1453 1034 1492 ea
1062 1451 1182 1505 quae
1208 1436 1321 1506 pati
1347 1452 1455 1490 non
1498 1441 1699 1505 posset,
1728 1432 2028 1502 impassibi-

448 1532 513 1587 lis
537 1529 962 1601 permansisset?

518 1619 673 1685 Quod
700 1634 827 1673 vero
870 1617 1173 1685 hujusmodi
1205 1615 1308 1670 lide
1332 1616 1615 1670 beatorum
1655 1614 1874 1670 Patrum
1912 1615 2028 1669 eni-

446 1710 610 1763 tuerit
637 1709 851 1773 chorus,
884 1723 951 1762 ex
989 1708 1073 1761 his
1109 1707 1303 1761 iterum
1331 1720 1736 1773 cognoscemus,
1768 1721 1887 1774 qua:
1928 1705 2027 1775 ipsi

2131 520 2217 582 lae,
2246 536 2338 571 nec
2358 521 2588 583 arbores,
2626 537 2717 573 nec
2754 536 2865 583 aer,
2895 536 2988 572 nec
3033 520 3177 573 hora:
3214 529 3516 589 temporum,
3544 531 3592 573 et
3615 525 3707 574 ele-

2130 622 2419 665 mentorum
2457 614 2603 665 varia
2651 612 2950 683 diversaque
2996 612 3287 675 ordinatio,
3328 614 3528 665 virtutis
3554 614 3705 682 ipsius

2131 707 2459 776 lnajestatem
2486 705 2703 774 probare
2724 704 2940 777 [Baluz.
2973 705 3236 773 majestati
3258 702 3567 774 improbare]
3596 721 3703 773 pos-

2131 803 2271 858 sunt,
2298 804 2545 865 quantum
2572 794 2709 863 quod
2736 794 2956 863 potuerit
2979 793 3140 855 Deus,
3167 794 3251 863 qui
3266 793 3381 863 capi
3402 810 3506 846 non
3533 802 3703 861 potest,

2129 884 2465 955 impassibilis
2492 886 2737 955 conjungi
2778 902 2869 953 per
2896 902 3106 939 carnem
3133 902 3245 938 cum
3274 895 3457 949 morte,
3486 894 3543 937 ut
3571 883 3703 938 nobis

2130 977 2374 1045 passione
2409 992 2504 1029 sua
2523 973 2993 1046 impassibilitatem
3014 975 3249 1029 donaret.

2296 1126 2574 1166 ΔΤΗΔΝΑΒΙΙ
2596 1126 2886 1166 Βελτιεεικι
2914 1126 3145 1166 ειηδοοιιι
3174 1128 3545 1165 Διειλῐωιιιιε.

2208 1242 2272 1296 Et
2301 1242 2683 1307 ostendebatur,
2714 1241 2850 1312 quod
2870 1258 2972 1294 non
2995 1258 3085 1312 per
3112 1241 3464 1311 phantasiam,
3488 1241 3576 1294 sed
3603 1259 3706 1295 rere

2132 1332 2350 1386 habebat
2379 1349 2602 1404 corpus;
2634 1341 3036 1386 consentaneum
3083 1341 3253 1386 autem
3297 1342 3410 1385 erat
3438 1330 3706 1385 Dominum

2130 1424 2421 1477 induentem
2447 1440 2655 1477 carnem
2684 1423 2981 1488 humanam,
3002 1439 3115 1476 eam
3140 1432 3298 1476 totam
3319 1440 3434 1476 cum
3461 1425 3708 1492 passioni-

2131 1519 2223 1572 bus
2260 1519 2366 1571 suis
2402 1516 2640 1581 induere,
2679 1526 2735 1568 ut
2775 1516 3198 1587 quemadmodum
3254 1518 3413 1585 ipsius
3452 1518 3708 1585 proprium

2132 1609 2346 1663 dicimus
2376 1625 2582 1678 corpus,
2612 1609 2686 1662 sic
2722 1609 2878 1660 etiam
2907 1609 3137 1677 corporis
3178 1608 3443 1678 passiones
3491 1610 3707 1679 prapric

2130 1701 2291 1771 ipsius
2316 1717 2426 1754 esse
2458 1700 2716 1766 dicantur,
2745 1702 2840 1753 etsi
2870 1709 3078 1770 propter
3107 1699 3428 1753 divinitatem
3464 1718 3581 1754 eum
3613 1717 3705 1754 non

446 1800 793 1869 scripserunt,
828 1799 1120 1854 Salvatoris
1168 1798 1337 1852 secuti
1379 1797 1715 1863 mandatum;
1770 1798 2028 1855 memine-
2063 1802 2103 1859 Β
2132 1798 2400 1860 tangerent
2419 1791 2702 1859 passiones.
2734 1789 2887 1855 Quod
2908 1790 2953 1844 si
2982 1805 3176 1859 corpus
3204 1790 3423 1846 alterius
3450 1800 3552 1855 est,
3585 1792 3706 1847 alte-

447 1899 569 1945 rant
597 1890 738 1945 enim
760 1905 881 1944 eum
911 1889 1108 1944 dixisse
1141 1907 1153 1941 :
1196 1887 1373 1943 Gratis
1402 1889 1693 1959 accepistis,
1724 1890 1884 1959 gratis
1915 1888 2034 1941 date

446 1983 665 2054 (Matth.
698 2000 751 2049 x,
781 1982 869 2053 8

714 2109 961 2150 (ΗΠ-1601111
988 2108 1277 2147 BEATISSIII
1306 2107 1533 2147 EPISCOPI
1562 2106 1755 2147 Νῖεεε.

518 2206 653 2271 IIoc,
682 2208 863 2279 inquit,
896 2207 1091 2261 sentite
1114 2206 1166 2259 in
1188 2206 1524 2274 vobis,'quod
1549 2206 1712 2261 etiam
1744 2206 1795 2260 in
1816 2205 2031 2262 Christo

444 2298 569 2354 Jesu
593 2298 807 2371 [Baluz.
828 2295 1008 2368 Filio],
1033 2298 1123 2366 qui
1152 2313 1271 2351 cum
1313 2305 1457 2351 esset
1486 2298 1538 2350 in
1567 2296 1737 2350 forma
1776 2297 1891 2363 Dei,
1923 2313 2031 2351 non

447 2390 691 2457 rapinam
714 2389 1004 2443 arbitratus
1032 2397 1135 2452 est,
1159 2403 1277 2443 esse
1313 2387 1532 2456 atqualis
1561 2386 1702 2452 Deo;
1734 2387 1829 2441 sed
1855 2387 2034 2441 exina-

447 2481 578 2533 nivit
606 2479 863 2550 seipsum,
891 2477 1116 2533 formam
1142 2478 1284 2533 servi
1311 2478 1581 2547 accipiens
1608 2475 1838 2548 (Philip.
1863 2492 1916 2543 ιι,
1952 2476 2025 2545 5).

448 2567 584 2632 Quid
610 2571 664 2622 in
694 2567 801 2623 Deo
828 2570 957 2623 servi
980 2571 1148 2640 forma
1188 2569 1466 2638 pauperius
1483 2567 1508 2620 ?
1527 2566 1651 2638 quid
1692 2568 1747 2619 in
1788 2584 1907 2638 rege
1934 2566 2030 2620 ltu-

444 2660 634 2724 milius,
657 2676 810 2731 quam
843 2659 913 2712 ad
941 2660 1310 2730 participatum
1348 2669 1540 2713 nostra:
1571 2667 1774 2712 natura:
1809 2675 2030 2729 pauper-

443 2754 589 2806 rima:
609 2752 894 2806 voluntarie
908 2751 1201 2805 devenisse?
1223 2749 1336 2805 Rea:
1355 2753 1701 2822 regnantium,
1723 2759 1772 2804 et
1792 2751 2029 2805 dominus

444 2842 821 2895 dominantium
846 2842 1091 2895 tributum
1117 2842 1372 2911 pensitat;
1400 2840 1647 2895 Dominus
1670 2849 1919 2895 creatura:
1941 2841 2031 2895 de-

442 2928 651 2986 ducitur
677 2934 730 2986 in
769 2933 1097 3003 speluncam;
1128 2933 1214 3004 qui
1260 2934 1434 2986 omnia
1482 2933 1894 3003 comprehendit,
1924 2950 2026 2988 cat-

446 3023 619 3077 naculi
664 3040 767 3076 non
795 3023 986 3076 invenit
1032 3021 1220 3088 locum,
1264 3023 1356 3077 sed
1398 3024 1452 3077 in
1500 3039 1746 3095 prteswpe
1770 3025 2027 3078 mutorum

442 3115 745 3170 animalium
772 3114 1068 3185 projicitur;
1098 3114 1318 3168 mundus
1347 3122 1395 3168 et
1416 3115 1643 3168 sincerus
1671 3114 1911 3169 humane
1931 3131 2026 3168 na-

445 3216 574 3261 tura
596 3208 788 3277 patitur
813 3206 1033 3269 sordem,
1066 3214 1116 3261 et
1142 3223 1233 3276 per
1272 3223 1471 3260 omnem
1509 3215 1741 3261 nostram
1780 3207 2023 3279 gradiens

442 3308 814 3371 paupertatem,
842 3316 1000 3369 usque
1027 3298 1096 3351 ad
1121 3300 1521 3370 experimentum
1549 3301 1775 3368 pervenit
1818 3300 2021 3353 mortis.

454 3387 649 3443 Videtis
675 3388 882 3441 modum
929 3388 1231 3441 uoluntaria:
1277 3389 1624 3457 paupertatis;
1667 3390 1770 3441 vita
1810 3399 2025 3443 mortem

440 3491 649 3553 gustare
692 3480 967 3551 dignatur;
1008 3479 1173 3549 judea:
1203 3478 1478 3531 adducitur
1517 3480 1570 3532 in
1592 3480 1847 3551 judicium
1874 3482 2023 3546 vitm;

442 3574 670 3627 omnium
699 3572 935 3625 dominus
957 3568 1111 3623 subiit
1131 3569 1435 3640 suffragium
1465 3570 1785 3641 judicantis;
1812 3588 1904 3625 rex
1929 3588 2029 3626 cor-

441 3664 645 3717 lestium
658 3663 1040 3735 principatuum
1068 3678 1251 3715 manus
1274 3662 1580 3732 carniﬁcum
1608 3679 1709 3716 non
1730 3664 1946 3735 repellit.

671 3790 855 3829 BASILII
884 3788 1203 3829 SANCTISSIII
1223 3789 1453 3828 EPISCOPI
1483 3790 1768 3830 οωιιει.

513 3884 693 3957 Neque
720 3893 918 3939 tantum
936 3883 1135 3949 celum,
1156 3894 1205 3938 et
1228 3892 1383 3951 terra,
1414 3893 1462 3939 et
1490 3901 1749 3957 aquarum
1773 3886 2014 3954 altitudo,

2134 1883 2246 1936 rius
2273 1882 2481 1936 dicatur
2503 1890 2558 1936 et
2576 1883 2783 1951 passio;
2808 1882 2889 1936 sin
2918 1890 3099 1936 autem
3118 1881 3281 1936 Verbi
3309 1890 3391 1937 est
3411 1899 3537 1939 caro
3560 1902 3572 1935 :
3602 1884 3707 1937 Ver-

2133 1974 2252 2028 bum
2280 1975 2415 2027 enim
2443 1990 2565 2027 caro
2596 1976 2788 2045 factum
2817 1980 2892 2027 est
2921 1973 3109 2045 (Joan.
3142 1991 3189 2039 ι,
3222 1974 3289 2027 Η
3311 1975 3359 2046 );
3390 1990 3613 2030 necesse
3636 1985 3708 2030 est

2132 2072 2193 2117 ut
2215 2064 2390 2119 carnis
2412 2064 2691 2134 passiones
2713 2062 2828 2132 ejus
2850 2078 2967 2117 esse
2990 2062 3255 2129 dicantur,
3278 2064 3431 2132 cujus
3459 2066 3528 2118 sit
3555 2066 3708 2118 etiam

2132 2172 2289 2211 caro:
2314 2156 2466 2225 cujus
2487 2171 2717 2225 namque
2736 2156 3012 2226 passiones
3040 2162 3181 2221 sunt,
3211 2155 3506 2220 damnatio,
3536 2155 3711 2223 ﬂagel-

2132 2247 2283 2312 latio,
2304 2247 2441 2311 sitis,
2471 2246 2785 2316 patibulum,
2816 2262 2981 2311 mors,
3014 2254 3069 2300 et
3089 2254 3294 2300 aeterm
3322 2247 3567 2315 corporis
3593 2262 3683 2315 pas

2131 2339 2333 2402 siones,
2367 2337 2485 2406 ejus
2523 2337 2684 2391 etiam
2713 2344 2838 2390 sunt
2859 2336 3102 2400 victoria,
3143 2342 3197 2389 et
3220 2336 3410 2403 gratia.
3435 2334 3529 2388 Est
3556 2336 3707 2404 igitur

2131 2434 2280 2481 recte
2300 2433 2356 2480 et
2391 2426 2664 2490 decenter,
2688 2433 2748 2479 ut
2776 2441 2883 2480 non
2908 2426 3147 2491 alterius,
3170 2425 3264 2479 sed
3294 2427 3461 2496 ipsius
3483 2426 3705 2487 Domini,

2130 2517 2267 2571 tales
2293 2517 2573 2587 passiones
2597 2531 2715 2571 esse
2744 2515 3007 2581 dicantur,
3025 2524 3083 2570 ut
3112 2517 3277 2586 ipsius
3304 2516 3373 2570 sit
3400 2517 3563 2571 etiam
3594 2532 3705 2585 gra-

2131 2608 2225 2673 tia,
2255 2615 2309 2662 et
2333 2622 2402 2661 ne
2443 2606 2604 2661 alium
2636 2607 2813 2661 colere
2853 2622 2952 2675 pro
2983 2607 3087 2661 alio
3130 2607 3436 2673 videamur,
3467 2607 3563 2662 sed
3593 2624 3706 2662 vera

2129 2699 2390 2767 religione
2422 2699 2657 2754 cultores
2689 2716 2700 2750 :
2734 2698 2931 2768 quippe
2965 2714 3085 2753 cum
3116 2714 3222 2752 non
3246 2714 3591 2754 communem
3618 2700 3707 2753 ho-

2129 2791 2349 2854 minem,
2381 2789 2475 2844 sed
2510 2804 2637 2843 vere
2665 2798 2961 2858 naturaque
3004 2789 3098 2843 Dei
3132 2789 3343 2855 Filium,
3378 2800 3430 2845 et
3468 2791 3611 2845 hunc
3640 2791 3706 2843 fa-

2128 2890 2275 2938 ctum
2295 2882 2567 2936 hominem
2592 2898 2607 2949 ;
2628 2882 2972 2937 nihilominus
3000 2891 3178 2938 tamen
3208 2891 3262 2937 et
3289 2882 3455 2937 Deum
3484 2884 3705 2937 salvato-

2130 2990 2245 3029 rem
2275 2990 2576 3044 precemur.

2199 3062 2340 3119 Satis
2362 3064 2522 3134 igitur
2546 3064 2611 3118 ad
2640 3062 3057 3119 satisfactionem
3079 3064 3272 3134 opinor
3293 3079 3412 3119 esse
3438 3065 3704 3135 prudenti-

2053 3161 2099 3225 C
2128 3156 2228 3211 bus
2256 3156 2420 3221 dicta,
2442 3170 2561 3225 qua:
2582 3155 2761 3210 addita
2790 3163 2934 3215 sunt.
2957 3170 3078 3210 cum
3107 3156 3403 3224 praesertim
3428 3156 3515 3210 lex
3534 3155 3705 3209 divina

2131 3256 2316 3319 aperte
2344 3256 2753 3303 commemoret:
2785 3246 2850 3300 In
2878 3263 2964 3300 ore
2991 3246 3206 3301 duorum
3227 3247 3303 3300 vel
3332 3248 3483 3299 trium
3513 3250 3704 3300 testium

2129 3339 2286 3395 stabit
2304 3356 2453 3394 omne
2480 3338 2682 3393 verbum
2707 3336 2918 3410 (Matth.
2946 3335 3227 3406 xvm,16).
3252 3336 3430 3405 Siquis
3453 3338 3616 3405 igitur
3634 3346 3704 3391 est

2084 3466 2087 3471 ι
2130 3431 2221 3499 qui
2251 3430 2379 3485 velit
2406 3429 2541 3484 ultra
2567 3428 2913 3494 contendere,
2936 3429 3117 3483 audiat
3137 3444 3166 3482 a
3190 3427 3341 3484 nobis
3370 3427 3481 3499 ipse
3506 3446 3517 3481 :
3545 3425 3707 3499 Perge

2130 3531 2281 3578 tuum
2310 3526 2431 3578 iter.
2464 3524 2531 3576 At
2558 3538 2676 3587 nos,
2718 3522 2807 3591 qui
2834 3537 3017 3576 sumus
3061 3520 3225 3574 dediti
3272 3522 3501 3585 veritati,
3530 3533 3706 3577 sacras

2129 3615 2337 3670 litteras
2362 3622 2417 3669 et
2465 3621 2775 3669 sanctorum
2822 3611 3042 3666 Patrum
3081 3611 3237 3666 ﬁdem
3276 3626 3607 3680 sequemur:
3638 3614 3703 3666 ita

2125 3708 2268 3761 enim
2313 3720 2559 3775 superna:
2600 3705 2895 3759 vocationis
2934 3703 3167 3774 palmam
3213 3712 3607 3772 consequemur
3655 3706 3704 3759 in

2122 3798 2354 3863 Christo,
2394 3813 2490 3868 per
2510 3812 2691 3865 quem,
2723 3803 2777 3851 et
2806 3812 2927 3851 cum
2962 3811 3069 3865 quo
3093 3796 3202 3850 Deo
3231 3806 3287 3850 et
3328 3794 3474 3851 Patri
3513 3797 3701 3864 gloria,

2118 3905 2242 3945 cum
2259 3899 2444 3945 sancto
2465 3889 2685 3961 Spiritu,
2720 3889 2772 3942 in
2801 3888 2992 3942 sacula
3018 3888 3363 3963 seculorum.
3400 3891 3595 3943 Amen.

514 4017 648 4090 Dum
677 4018 791 4073 haec
823 4017 974 4090 prelo
1005 4016 1377 4090 subjiciuntur,
1404 4016 1721 4090 incidiforte
1751 4018 1803 4090 in
1832 4019 2025 4074 librum
2055 4020 2316 4077 Anastasii
2339 4021 2575 4087 Sinaitze,
2600 4022 2691 4090 qui
2716 4021 2823 4075 dux
2837 4021 2935 4075 vim
2956 4020 3166 4083 dicitur,
3191 4029 3241 4075 et
3270 4020 3412 4074 aliud
3440 4020 3695 4090 quzcrenti

440 4089 676 4145 occurrit
703 4095 863 4157 caput
884 4087 1197 4159 vigesimum
1227 4088 1539 4159 secundum,
1566 4088 1617 4140 in
1640 4103 1747 4154 quo
1775 4088 2000 4143 Andreae
2023 4090 2415 4147 Sainosatensis
2444 4087 2643 4147 mentio
2666 4090 2742 4155 ﬁt,
2776 4102 2830 4145 et
2856 4091 3124 4145 mediocre
3139 4090 3406 4159 quoddam
3436 4089 3697 4156 fragmen-

441 4168 573 4222 tum,
599 4174 666 4211 ex
694 4173 857 4228 opere
883 4158 950 4231 ad
976 4157 1450 4231 anamematismos
1478 4159 2158 4231 pertinente,»exscribitur.
2191 4162 2323 4216 Illud
2353 4176 2453 4231 ego
2482 4160 2862 4216 conferendum
2885 4162 3066 4229 putavi
3106 4157 3246 4215 hunc
3275 4161 3327 4214 in
3359 4159 3697 4231 locum,_sive

440 4238 669 4301 propter
698 4227 1072 4301 cognationem
1100 4228 1440 4301 _argumenti,
1459 4227 1579 4301 _sive
1609 4229 1841 4301 auctoris
1869 4244 2049 4301 causa,
2082 4234 2234 4301 cujus
2262 4227 2585 4301 inde'major
2623 4232 2800 4299 aliqua
2845 4227 3051 4295 notitia,
3082 4246 3241 4299 quam
3281 4245 3344 4283 ex
3376 4228 3693 4301 praecedenti

440 4248 661 4299 propter
698 4248 1072 4295 cognationem
1123 4248 1440 4294 ξιηςιιιιιυιηι,
1469 4248 1579 4281 δινθ
1609 4248 1841 4281 aucwns
1869 4248 2049 4292 causa,
2082 4248 2234 4301 cujus
2262 4248 2385 4285 lnae
2414 4248 2495 4284 ma
2523 4248 2585 4285 0r
2623 4248 2800 4299 aliqua
2845 4248 3051 4295 ηοιιιιὲ,
3082 4248 3241 4299 quam
3281 4248 3344 4283 ex
3376 4248 3693 4298 praeconem!

440 4312 631 4370 opere,
658 4294 1417 4370 haberipotestsCum‘igitur
1444 4296 1755 4370 Anastasius
1790 4298 1956 4370 multa
1986 4301 2211 4356 subinde
2248 4303 2446 4355 sanctis
2480 4248 2725 4355 Patribus
2763 4302 3037 4370 supposita
3065 4302 3296 4369 probare
3325 4300 3504 4361 vellet,
3530 4298 3695 4370 multa

437 4382 565 4439 quze
583 4369 671 4439 pie
692 4367 941 4439 dixerint,
961 4367 1041 4439 Aab
1063 4366 1325 4420 haereticis
1353 4367 1663 4439 detorqueri
1682 4367 1853 4439 falsos
1877 4369 1929 4422 in
1952 4384 2161 4434 sensus,
2185 4379 2239 4426 et
2266 4372 2409 4439 quod
2437 4371 2749 4435 mirabilius,
2777 4386 2807 4423 a
2828 4366 2988 4423 variis
3009 4366 3378 4439 ἰιίορροδίιοε,
3394 4368 3693 4438 exemplum

442 4438 593 4511 ponit
622 4435 910 4511 inAndrea
955 4437 1330 4511 Samosateno,
1350 4438 1471 4511 qui,
1493 4451 1624 4511 rem
1643 4437 1800 4511 plane
1826 4440 2173 4511 stupendam!
2207 4435 2472 4495 conficere
2526 4442 2731 4505 nititur,
2761 4449 3002 4511 sanctum
3032 4435 3286 4511 Cyrillum
3316 4435 3570 4511 Nestorio:
3595 4454 3690 4507 pa-

440 4506 712 4580 trocinari,
737 4506 1007 4580 verbaque
1027 4505 1247 4580 profert,
1272 4506 1544 4580 quibusin
1568 4505 1783 4580 Christo
1812 4516 1870 4580 ut
1889 4505 2021 4563 duas
2043 4520 2278 4573 naturas,
2307 4512 2381 4565 ita
2411 4512 2542 4565 duas
2565 4511 2878 4580 hypostases
2907 4509 3059 4564 fateri
3078 4505 3346 4575 'videatur,
3379 4524 3502 4565 cum
3530 4505 3691 4578 Euty-

438 4576 617 4632 chiani
640 4575 973 4631 Nestorianis
996 4576 1209 4645 penitus
1238 4576 1511 4639 contrarii,
1537 4593 1661 4631 suas
1681 4577 1828 4631 illum
1852 4578 1905 4631 in
1928 4588 2108 4649 partes
2128 4582 2422 4636 traherent.
2454 4580 2544 4635 Sic
2568 4575 2697 4650 ergo
2720 4580 3052 4635 Anastasius.

509 4709 769 4766 Gaianitis
786 4717 841 4764 et
863 4707 1267 4773 Theodosianis,
1290 4716 1450 4775 atque
1474 4706 1888 4778 Eutychianistis
1908 4726 2020 4765 sur—
2048 4713 2092 4772 D
2119 4728 2289 4778 more,
2311 4713 2626 4784 hypostases
2652 4712 2812 4766 tradit
2837 4728 2953 4768 esse
2972 4727 3249 4783 personas,
3275 4721 3492 4766 secutus
3510 4710 3689 4766 Patres

436 4819 556 4858 sum
580 4810 635 4856 et
671 4801 923 4855 deorsum
951 4799 1327 4869 objicientibus
1352 4798 1639 4869 Cyrillum,
1669 4804 1822 4869 quasi
1854 4820 2016 4859 unam

440 4894 492 4948 in
538 4892 754 4948 Christo
785 4901 1032 4947 naturam
1081 4892 1253 4956 dicat,
1287 4892 1523 4947 Andreas
1552 4891 1933 4950 Samosatenus
1963 4896 2017 4950 in

435 4985 637 5053 scripto
655 4998 753 5039 suo
777 4981 1070 5046 contendit,
1091 4981 1345 5054 Cyrillum
1369 4983 1545 5051 potius
1560 4982 1805 5038 Nestorio
1832 4994 2017 5054 patro-

438 5076 625 5142 cinari,
664 5076 874 5131 etiamsi
910 5076 1163 5144 ignorans
1198 5074 1252 5129 id
1288 5073 1467 5139 faciat,
1509 5082 1565 5129 et
1601 5075 1818 5145 laqueo,
1855 5091 2015 5145 quem

438 5165 551 5235 ipse
572 5165 819 5230 tetendit,
871 5166 1105 5234 capitur;
1156 5164 1259 5219 hoc
1288 5165 1422 5234 ipso,
1445 5164 1590 5233 quod
1633 5181 1700 5220 ex
1750 5166 2015 5236 principio

435 5256 612 5325 quarti
637 5255 855 5325 capituli
898 5270 929 5308 a
956 5255 1116 5309 beato
1144 5254 1341 5325 Cyrillo
1386 5256 1673 5324 conscripti
1701 5256 1815 5311 haec
1841 5256 1970 5309 citat
1994 5275 2007 5308 :

441 5364 460 5396 ι
505 5344 683 5414 Siquis
710 5345 916 5401 duabus
934 5345 1178 5415 personis
1202 5347 1314 5403 sive
1342 5346 1719 5418 hypostasibus
1742 5344 2009 5401 Christum

433 5435 642 5503 dividit,
665 5438 947 5492 anathema
974 5438 1061 5493 sit.
1089 5456 1106 5489 ι

504 5527 586 5582 Ad
626 5529 737 5583 htec
775 5528 848 5582 ita
886 5528 1176 5598 respondet
1202 5528 1444 5585 Andreas
1476 5547 1489 5581 :
1529 5549 1547 5580 ι
1584 5531 1755 5595 Quam
1782 5532 2007 5599 prmcla-

432 5635 551 5674 rum
578 5618 860 5687 judicium!
886 5621 1054 5687 Quam
1090 5622 1177 5691 pia
1205 5630 1287 5676 est
1314 5622 1426 5677 haec
1454 5622 1636 5693 Cyrilli
1657 5623 1723 5677 de
1747 5623 2005 5689 dogmati-

2123 4806 2319 4861 Nicaeni
2347 4806 2556 4861 concilii
2576 4845 2590 4871 ,
2620 4805 2710 4874 qui
2751 4806 2919 4870 aiunt,
2958 4811 3069 4858 tres
3093 4819 3210 4859 esse
3238 4804 3553 4873 hypostases
3578 4804 3687 4857 sive

2121 4912 2376 4967 personas
2396 4895 2451 4950 in
2475 4896 2833 4950 sacratissima
2861 4901 2917 4948 et
2942 4892 3382 4947 consubstantiali
3411 4892 3681 4946 Trinitate.

2120 4986 2177 5040 Si
2206 4987 2365 5056 igitur
2400 4994 2548 5041 recte
2594 4992 2865 5040 asseverat
2902 4984 3218 5054 hypostases
3256 4998 3376 5037 esse
3412 4997 3682 5052 personas,

2120 5091 2225 5145 qua
2249 5078 2458 5132 ratione
2485 5077 2538 5129 in
2558 5075 2805 5131 omnibus
2821 5074 3204 5145 propemodum
3233 5073 3682 5127 lucubrationibus

2120 5168 2231 5222 suis
2274 5167 2508 5237 appellat
2536 5167 2649 5237 ipse
2699 5174 2917 5220 naturas
2940 5166 3288 5236 hypostases?
3314 5164 3447 5218 Nam
3477 5162 3684 5234 quando
3714 5156 3715 5159 “

2120 5268 2337 5314 naturas
2358 5266 2516 5314 vocat
2535 5260 2869 5329 bypostases,
2912 5257 3227 5328 hypostases
3255 5273 3383 5312 vero
3411 5270 3679 5327 personas,

2115 5349 2241 5418 quid
2261 5348 2404 5402 aliud
2426 5348 2728 5419 proﬁtetur,
2756 5348 2857 5403 nisi
2878 5346 3115 5403 diversas
3160 5348 3213 5402 in
3243 5346 3460 5402 Christo
3501 5360 3680 5416 persn-

2114 5441 2244 5494 nas?
2270 5448 2329 5493 ut
2367 5455 2487 5494 cum
2517 5440 2609 5505 ait,
2641 5448 2879 5505 naturas,
2909 5439 3020 5495 sive
3065 5441 3383 5510 hypostases
3427 5438 3678 5494 mansisse

2114 5531 2434 5586 inconfusas.

2189 5641 2207 5673 ι
2238 5621 2399 5691 Cujus
2421 5623 2755 5692 bypostases,
2772 5637 2805 5676 ο
2825 5622 3019 5676 eximie
3035 5620 3268 5692 Cyrille?
3287 5620 3519 5687 Clarum,
3538 5618 3676 5688 quod

431 5709 529 5763 bu;
558 5710 885 5779 explanatio!
912 5708 1067 5776 Ecce,
1085 5709 1393 5777 Patrum,et
1414 5712 1645 5768 maxime
1671 5710 2010 5781 Synodorum
2109 5711 2325 5778 Christi,
2355 5713 2617 5781 siquidem
2664 5719 2724 5767 tu
2758 5713 2832 5767 ita
2866 5713 3181 5783 bypostases
3209 5714 3417 5770 detinis.
3444 5710 3586 5780 Quod
3626 5710 3673 5763 si
