3978 6188
254 279 352 334 963

920 272 978 330 S.
1019 271 1288 329 CYRILLI
1330 267 1847 326 APOLOGE'I'ICUS
1890 265 2256 324 ADVERSUS
2293 263 2832 322 TIIEODORETUM.

3414 263 3518 319 970

247 390 485 447 deﬁnitio
509 389 640 454 hmo,
673 403 932 460 personas
964 403 1081 442 esse
1108 389 1445 459 hypostases,
1475 396 1583 439 ate
1611 399 1718 438 non
1748 391 1830 437 est
1876 403 1896 448 κ
1933 382 2152 436 modum
2177 400 2190 434 :
2215 382 2396 450 Siquis
2430 388 2553 450 post
2579 379 2902 434 i:.eﬂ‘abilem
2927 377 3180 433 unionem
3208 377 3395 433 dividit
3423 384 3523 448 hy-

247 481 504 553 profecta,
536 480 801 551 potuisset
827 479 1056 533 fortasse
1075 479 1196 546 quis
1219 478 1294 531 tui
1319 474 1638 530 defendendi
1666 475 1835 542 gratia

249 575 446 636 dicere,
476 570 732 640 Cyrillum
765 569 981 622 nomine
1002 568 1370 638 hypostascam
1400 580 1505 620 non
1539 564 1837 632 intelligere

248 677 522 731 personas,
566 659 658 713 sed
689 658 1060 712 subsistentias
1097 658 1354 727 quasdam
1382 672 1560 710 rerum
1590 657 1839 710 substan-

251 755 472 810 tialinm.
521 752 625 808 Sed
654 768 774 808 cum
806 758 862 805 tu
900 752 1157 806 adversus
1185 759 1239 806 te
1268 753 1440 822 ipsum
1469 749 1837 804 deﬁnitionem

249 846 388 898 illam
418 844 676 907 attuleris,
704 843 878 897 nullus
899 842 964 896 de
993 850 1190 898 caetero
1215 842 1544 898 defensionis
1566 842 1714 896 locus
1743 841 1838 895 tibi

247 936 579 1004 relinquitur.
611 933 788 1000 Quare
808 933 1024 1002 quando
1049 933 1201 999 dicis,
1228 931 1426 988 Christi
1456 941 1694 996 naturas,
1725 933 1838 988 sive

248 1028 560 1096 hypostases
580 1024 840 1078 mansisse
865 1023 1048 1078 inconf
1046 1040 1185 1088 usas,
1203 1025 1332 1077 nihil
1349 1024 1491 1078 aliud
1512 1023 1662 1090 dicis,
1676 1038 1837 1092 quam

247 1117 506 1171 mansisse
533 1115 839 1170 inconfusas
860 1115 1177 1185 hypostases
1203 1115 1316 1169 sive
1344 1129 1619 1184 personas.

322 1227 342 1260 ι
369 1206 521 1262 Unde
549 1223 616 1262 ex
639 1207 739 1260 hac
767 1221 796 1260 a
821 1214 872 1260 te
896 1206 1003 1260 lata
1033 1206 1166 1274 lege,
1189 1206 1458 1271 nimirum,
1483 1214 1700 1261 naturas
1719 1221 1838 1261 esse

246 1299 561 1368 hypostases
600 1298 712 1351 sive
740 1312 1012 1366 personas,
1045 1297 1286 1364 sequitur
1333 1304 1443 1350 tres
1469 1311 1588 1351 esse
1616 1305 1838 1350 naturas

246 1393 294 1445 in
347 1391 514 1445 tribus
543 1390 892 1444 sanctissima:
940 1390 1216 1443 Trinitatis
1254 1389 1526 1459 personis,
1567 1397 1626 1443 ut
1654 1389 1834 1444 Ariani

244 1483 610 1547 contendunt;
641 1481 775 1535 duas
803 1497 930 1535 vero
968 1496 1226 1551 personas
1266 1481 1318 1534 in
1347 1480 1554 1536 duabus
1580 1481 1836 1549 unigeniti

243 1575 361 1629 Filii
391 1573 613 1628 naturis.
638 1572 820 1642 Itaque
840 1589 960 1631 cum
989 1573 1068 1628 ais
1091 1580 1323 1628 tractatu
1341 1571 1408 1627 de
1434 1572 1760 1628 Adoratione
1782 1573 1835 1627 in

242 1669 453 1738 spiritu,
484 1667 707 1720 duarum
733 1663 932 1720 Christi
961 1673 1273 1719 naturarum
1311 1665 1427 1720 sive
1470 1665 1834 1737 bypostaseun

1937 483 2201 543 postases.
2223 472 2465 541 Cumque
2485 471 2704 526 infinitis
2724 471 2842 525 aliis
2862 470 2992 525 locis
3007 481 3224 524 naturas
3252 484 3528 539 nuncupes

1938 566 2344 636 hypostases,in
2375 564 2523 618 libris
2543 564 2609 618 ad
2638 563 2910 617 Hermiam
2939 563 3034 617 tibi
3061 563 3176 632 ipse
3205 562 3524 628 adversaris,

1938 666 1993 712 et
2021 673 2050 710 a
2069 665 2122 713 te
2150 658 2418 722 dissentis,
2441 672 2689 711 asserens
2705 655 2849 710 aliud
2870 671 2989 711 esse
3010 665 3276 719 naturam,
3309 663 3364 710 et
3384 655 3526 710 aliud

1938 749 2288 820 hypostasim,
2320 748 2433 802 sive
2461 762 2766 816 personam.

2016 859 2032 891 ι
2078 839 2146 893 Et
2171 838 2473 908 quomodo,
2506 854 2628 893 cum
2658 837 3028 892 Theodoretus
3055 838 3336 893 duodecim
3376 839 3524 908 capi-

1937 931 2050 984 tula
2079 937 2170 983 tua
2191 927 2427 983 refutare
2446 941 2728 997 aggressus
2750 938 2910 993 esset,
2935 943 3221 997 numquam
3245 929 3526 988 defendisti

1938 1021 2011 1084 id,
2035 1022 2180 1090 quod
2208 1020 2276 1076 de
2296 1020 2601 1090 hujusmodi
2628 1020 3002 1091 hypostasibus
3030 1022 3081 1074 in
3110 1021 3267 1075 tertio
3289 1023 3527 1090 capitulo

1937 1113 2254 1168 asseveras?
2273 1111 2633 1179 Quamobrem
2656 1112 2967 1166 inconstans
2983 1111 3076 1164 tibi
3100 1111 3213 1180 ipse
3237 1126 3521 1180 repugnas,

1938 1213 1993 1260 et
2021 1214 2113 1259 tua
2140 1205 2319 1259 vineta
2348 1205 2538 1270 caedis;
2571 1203 2858 1273 aliquando
2886 1203 3103 1271 quidem
3142 1219 3302 1256 unam
3327 1203 3523 1259 Christi

1937 1306 2184 1351 naturam
2211 1311 2475 1361 asserens,
2502 1295 2788 1364 aliquando
2809 1294 2940 1348 duas
2961 1309 3237 1363 personas.

2015 1406 2031 1436 ι
2053 1385 2263 1440 Etenim
2289 1386 2340 1439 in
2365 1385 2582 1440 scholiis
2609 1399 2824 1454 quoque
2853 1385 2958 1438 tuis
2978 1385 3336 1454 interpretans
3356 1391 3518 1438 state-

1938 1495 2070 1544 rem,
2102 1495 2262 1548 quem
2302 1479 2502 1548 reperit
2531 1477 2724 1532 Petrus
2750 1478 2803 1532 in
2846 1492 2941 1532 ore
2962 1478 3147 1547 piscis,
3175 1478 3248 1531 ita
3287 1477 3478 1532 scribis
3511 1517 3520 1531 .

1936 1573 2102 1642 Igitur
2119 1589 2279 1628 verus
2305 1580 2475 1627 stater
2500 1580 2582 1626 est
2602 1570 2862 1626 Christus.
2885 1571 3002 1641 Ipse
3023 1573 3164 1626 enim
3181 1580 3262 1626 est
3280 1574 3521 1641 geminus

1937 1666 2248 1728 character;
2296 1677 2502 1731 magum
2555 1663 2741 1730 gratia:
2781 1663 3131 1718 disertissimo
3179 1661 3397 1734 Cyrillo,
3429 1663 3521 1732 qui

242 1775 425 1812 arcam
447 1759 611 1814 fuisse
633 1759 854 1826 ﬁguram
875 1777 889 1825 ;
913 1768 968 1814 et
989 1759 1115 1814 alibi
1137 1759 1221 1813 his
1248 1759 1378 1829 ipsis
1407 1759 1600 1824 verbis,
1626 1774 1692 1813 ex
1713 1758 1836 1813 dua-
1870 1770 1909 1826 ιι
1937 1756 2135 1824 ubique
2162 1755 2404 1810 diversos
2432 1756 2484 1808 in
2513 1753 2726 1810 Christo
2753 1755 3090 1810 characteres
3117 1769 3181 1810 ac
3208 1755 3526 1826 hypostases

246 1851 345 1904 bus
374 1850 598 1913 naturis,
623 1851 736 1904 sive
763 1849 1157 1921 bypostasibus,
1181 1850 1292 1904 sive
1315 1850 1558 1919 personis
1584 1849 1837 1904 constitui

245 1941 551 2006 Christum;
581 1941 865 1996 obscurum
895 1956 1001 1995 non
1030 1948 1130 2007 est,
1162 1951 1213 1995 te
1241 1940 1395 1995 fateri
1415 1939 1613 1994 Christi
1641 1955 1838 2009 corpus

249 2034 300 2086 in
333 2041 488 2087 utero
518 2031 749 2100 Virginis
774 2031 923 2102 prius
969 2033 1239 2087 exstitisse
1286 2047 1349 2087 ac
1377 2030 1665 2086 formatum
1694 2045 1832 2096 esse,

247 2133 298 2179 et
331 2134 518 2194 postea
543 2124 756 2178 demum
801 2140 920 2178 cum
949 2140 1178 2194 persona
1218 2123 1378 2178 Verbi
1407 2123 1570 2178 divini
1605 2122 1828 2190 conjun-

237 2226 405 2271 ctum.
451 2215 605 2282 Quod
643 2225 698 2270 et
745 2216 798 2270 in
831 2217 989 2272 tertio
1044 2217 1280 2286 capit.qu
1328 2216 1564 2271 aflirmas
1605 2217 1748 2271 hunc
1779 2217 1832 2272 in

1937 1844 2240 1900 confitetur.
2279 1863 2298 1896 ι

2008 1938 2268 2005 Audistis,
2294 1937 2505 2002 fratres,
2528 1936 2780 1993 draconis
2802 1937 3114 2007 nequissimi
3135 1937 3359 1992 Andreae
3393 1953 3518 1993 con~

1934 2032 2089 2096 vicia,
2120 2045 2239 2100 qua:
2267 2045 2335 2085 ex
2363 2037 2586 2099 pectore
2629 2028 2932 2085 Nestoriaui
2973 2029 3166 2084 veneni
3209 2030 3518 2099 plenissimi

1935 2125 2192 2182 adversus
2210 2124 2660 2194 sapientissimum
2681 2123 2956 2176 doctorem
2969 2122 3223 2194 Cyrillum
3241 2125 3516 2187 eructavit,

1934 2231 2000 2271 eo
2021 2215 2163 2284 quod
2189 2215 2404 2277 dixerit,
2436 2222 2655 2268 naturas
2683 2228 2800 2268 esse
2827 2213 3161 2284 hypostases.

307 2348 428 2403 Iloc
454 2363 522 2403 ex
550 2345 846 2416 fragmento
877 2347 1174 2414 intelligere
1202 2348 1343 2413 licet,
1378 2347 1436 2399 ιο
1468 2347 1733 2402 Andream
1763 2348 2209 2402 studiosissimum
2239 2347 2400 2404 fuisse
2429 2348 2660 2404 Nestorii
2687 2367 2697 2402 :
2728 2348 2848 2403 idco
2888 2349 3052 2415 enim,
3086 2355 3139 2403 et
3161 2351 3518 2406 exsccrandus

238 2420 302 2474 ab
328 2419 633 2482 Anastasio,
663 2428 718 2473 et
745 2419 908 2473 draco
932 2419 1284 2487 nequissimus
1311 2425 1552 2472 vocatur.
1573 2417 1634 2470 2°
1665 2418 1978 2488 Oppugnata
2008 2418 2169 2472 fuisse
2190 2418 2256 2472 ab
2277 2434 2342 2474 eo
2366 2420 2598 2489 capitula
2620 2421 2821 2488 scripto
2851 2419 3007 2484 libro,
3032 2420 3124 2488 qui
3153 2421 3220 2473 ab
3250 2421 3514 2488 objectio-

239 2492 398 2544 nibus
425 2489 667 2543 diversus
687 2489 754 2542 sit
780 2507 791 2540 :
815 2497 986 2543 totum
1012 2489 1152 2542 enim
1182 2489 1663 2559 hoc_fragmentum
1686 2489 1738 2542 iu
1763 2489 2155 2557 objectionibus
2178 2505 2282 2542 non
2306 2491 2588 2559 reperitur,
2618 2505 2789 2558 neque
2813 2505 2939 2542 vero
2962 2489 3059 2542 fuit
3081 2505 3351 2558 nmquam.
3377 2491 3512 2544 Nam

235 2559 512 2629 quomodo
536 2561 618 2630 ad
647 2559 856 2627 objecta
896 2574 1024 2612 sane
1062 2559 1240 2627 gravia
1281 2557 1656 2630 Cyrillusinon
1700 2560 2080 2630 respondisset,
2110 2560 2199 2628 qui
2239 2557 2526 2614 minutiora
2561 2557 2788 2630 quaeque
2817 2560 3006 2613 diluit?
3036 2561 3096 2613 ὃν
3128 2557 3344 2613 Librum
3375 2561 3518 2615 hunc

235 2576 512 2629 quomouo
551 2576 618 2613 aa
647 2576 856 2627 objecta
896 2576 1024 2612 sane
1062 2576 1240 2627 gravia
1281 2576 1510 2629 Cyrinus
1551 2576 1656 2612 non
1700 2576 2080 2683 resdmnmsset,
2110 2576 2199 2628 qui
2239 2576 2526 2614 mmuuora
2561 2576 2788 2630 quicque
2817 2576 3006 2613 (mnu!
3036 2576 3096 2613 ου
3128 2576 3344 2613 murum
3376 2576 3515 2615 nunc

235 2631 502 2699 scriptum
527 2629 704 2690 fuisse,
736 2638 858 2698 post
886 2629 1332 2699 reprehensiones
1353 2629 1683 2699 Theodoreti
1711 2645 1741 2683 a
1797 2629 1970 2699 ‘yrillo
1999 2630 2317 2691 conl‘utatas,
2343 2639 2501 2698 atque
2531 2634 2664 2684 adeo
2701 2637 2821 2698 post
2843 2630 3246 2699 respomionem
3269 2633 3334 2684 ad
3361 2630 3515 2699 obje-

235 2702 450 2754 ctioues
475 2698 826 2753 Orientalium
852 2717 873 2770 :7
905 2698 961 2752 ﬁt
981 2700 1128 2770 enim
1159 2698 1632 2770 etcoufntatiouis,
1677 2700 1728 2753 in
1758 2698 1911 2769 parte
1952 2716 2003 2754 ιν
2032 2699 2332 2770 fragmenti,
2376 2707 2430 2754 et
2460 2698 2938 2770 responsionisad
2968 2698 3198 2769 objecta,
3231 2698 3438 2754 mentio
3460 2702 3515 2754 in

235 2771 626 2824 conl'utatiouis
655 2769 934 2838 prommio.
967 2768 1028 2820 4ο
1060 2768 1239 2823 Videri
1267 2771 1524 2837 scriptum
1552 2769 1616 2824 ab
1657 2768 1868 2824 Andrea
1899 2770 2108 2834 librum,
2137 2769 2220 2823 vel
2249 2771 2347 2824 sub
2378 2768 2776 2824 linem'concilii
2809 2768 3077 2838 Ephesini,
3116 2779 3232 2838 post
3270 2780 3517 2839 acceptas

236 2855 267 2892 a
291 2840 637 2895 Theoloreto
667 2840 869 2893 litteras
889 2839 956 2893 de
982 2848 1122 2892 statu
1155 2854 1331 2892 rerum
1359 2839 1611 2902 Nestorii,
1643 2841 1728 2894 vel
1759 2846 1880 2908 post
1907 2841 2138 2895 solutum
2159 2840 2463 2903 concilium,
2488 2855 2606 2895 cum
2629 2841 2857 2908 regressi
2879 2840 2931 2893 in
2960 2839 3235 2896 Orientem
3260 2841 3517 2895 schisma-

238 2911 324 2964 tici
356 2910 709 2979 depositionis
724 2909 1054 2980 sententiam
1086 2909 1418 2980 inCyrillum
1450 2910 1612 2980 latam
1639 2910 2024 2965 conlirmaruut
2066 2910 2120 2963 in
2149 2911 2376 2980 synodo,
2406 2910 2556 2978 cujus
2597 2909 2837 2964 meminit
2867 2909 3184 2964 Liberatus:
3219 2919 3342 2965 tunc
3375 2913 3518 2966 enim

237 2981 370 3034 nihil
405 2977 508 3032 non
540 2980 685 3034 licuit
713 2977 1072 3050 Orientalibus
1099 2977 1352 3033 adversus
1380 2979 1613 3048 capitula
1641 2980 1923 3050 duodecim
1943 3022 1956 3045 ,
1999 2995 2118 3048 quin
2150 2977 2217 3034 ne
2257 2977 2505 3034 omnibus
2541 2981 2757 3048 quidem
2798 2980 3075 3035 catholicis
3115 2981 3509 3050 probabantur;

235 3051 370 3120 nihil
397 3066 502 3103 non
523 3050 634 3104 ausi
655 3057 778 3120 sunt
797 3049 1027 3103 Nestor-ii
1050 3049 1302 3120 fautores,
1333 3065 1444 3120 pra:
1469 3050 1800 3118 impatientia
1823 3049 2033 3104 afﬂicta:
2057 3063 2252 3113 causa},
2276 3065 2396 3118 qua:
2417 3065 2540 3120 suos
2561 3052 2734 3104 adhuc
2753 3050 2983 3104 habebat
3012 3051 3062 3104 in
3087 3049 3208 3105 a’nla
3233 3060 3508 3120 patronus.

234 3117 298 3190 5°
329 3119 548 3174 Scholia
579 3120 645 3174 de
671 3119 1037 3174 incarnatione
1068 3118 1336 3186 Unigeuiti
1366 3119 1508 3190 edita
1533 3117 1650 3174 esse
1671 3135 1701 3172 a
1729 3121 1928 3189 Cyrillo
1968 3127 2092 3174 ante
2120 3117 2404 3173 concilium
2435 3119 2792 3190 Ephesinum,
2812 3121 2857 3174 si
2897 3136 3021 3174 vera
3051 3122 3156 3174 sint
3181 3117 3300 3190 qua:
3327 3123 3513 3176 scribit

237 3189 481 3244 Andreas
506 3207 518 3242 :
543 3190 609 3244 de
640 3191 766 3257 ipsis
795 3190 936 3244 enim
968 3189 1220 3258 loquitur,
1265 3197 1323 3242 ut
1361 3189 1427 3243 de
1456 3191 1766 3259 pervulgato
1800 3190 1902 3243 'am
1938 3190 2137 3244 dudum
2167 3205 2361 3258 opere;
2393 3205 2717 3258 quamquam
2748 3189 2800 3243 id
2837 3190 2981 3258 quod
3013 3190 3167 3244 affert
3194 3189 3261 3246 de
3289 3199 3510 3256 statere,

238 3276 345 3312 non
379 3260 642 3316 reperitur
670 3261 721 3314 in
751 3259 970 3313 scholiis
989 3258 1285 3316 cuiusmodi
1316 3275 1457 3314 nunc
1486 3259 1766 3313 habentur.
1792 3205 1947 3316 {Inde
1977 3267 2205 3316 onortet.
2231 3268 2322 3312 aut
2351 3261 2686 3314 Anastasium
2720 3260 2979 3314 memoria
3011 3260 3236 3316 lansum.
3261 3259 3510 3316 Scholio-

238 3276 345 3312 non
379 3260 642 3328 reperitur
670 3261 721 3314 in
751 3259 970 3313 scholiis
989 3258 1285 3327 cujusmodi
1316 3258 1466 3314 nunc
1486 3259 1766 3313 habentur.
1795 3258 1947 3316 Unde
1977 3267 2205 3329 oportet,
2231 3268 2322 3312 aut
2351 3261 2686 3314 Anastasium
2720 3260 2979 3314 memoria
3011 3260 3236 3329 lapsum,
3261 3259 3510 3317 Scholio-

236 3345 357 3382 rum
383 3331 606 3399 nomine
633 3329 774 3383 aliud
803 3345 936 3399 opus
964 3329 1280 3398 appellasse,
1313 3338 1406 3383 aut
1434 3330 1562 3399 ipsis
1601 3329 1816 3396 deesse,
1848 3345 1969 3399 quae
2015 3330 2081 3384 de
2127 3337 2326 3384 statere
2373 3331 2569 3398 scripta
2618 3337 2786 3383 erant.
2822 3330 2882 3382 6°
2913 3329 3152 3399 Denique
3181 3333 3364 3385 vexari
3396 3340 3510 3385 toto

233 3399 340 3453 isto
371 3397 670 3473 fragmento
695 3397 895 3454 dictum
921 3397 1102 3473 Cyrilii
1127 3401 1306 3452 anath.
1336 3417 1389 3454 ιιι
1416 3418 1426 3451 :
1535 3401 1648 3473 quis
1675 3402 1847 3454 inuno
1866 3397 2081 3454 Christo
2104 3409 2218 3470 post
2237 3397 2679 3473 unione-midinidit
2703 3401 3022 3470 hypostases,
3046 3397 3288 3473 ipsasque
3317 3411 3516 3454 tantum

230 3471 603 3542 conjunctione
624 3471 760 3523 inter
783 3487 836 3524 se
855 3471 1131 3532 connectit,
1162 3486 1274 3540 qua:
1301 3471 1581 3542 secundum
1601 3471 1907 3542 dignitatem
1927 3479 2025 3542 est,
2046 3479 2150 3524 etc.
2176 3471 2425 3542 videntur
2446 3471 2588 3542 enim
2613 3471 2925 3542 hypostases
2948 3471 3134 3541 posita:
3154 3471 3252 3541 pro
3273 3473 3512 3542 naturis:

229 3541 375 3612 sola;
395 3541 536 3612 enim
569 3549 770 3612 naturze
797 3546 1206 3612 connectuntur,
1249 3554 1372 3612 qua;
1394 3541 1438 3593 si
1464 3540 1670 3612 naturae
1695 3541 1813 3595 dua-3
1841 3541 1968 3612 sint,
1999 3541 2134 3595 duas
2171 3541 2414 3612 sequitur
2442 3540 2694 3612 aCyrillo
2722 3541 2825 3595 dici
2866 3540 3181 3612 hypostases
3202 3543 3254 3595 in
3274 3540 3510 3612 Clu-isto,

229 3609 380 3730 Pund
411 3609 810 3674 Nestoriauum;
842 3610 922 3663 sin
944 3609 1120 3663 minus
1141 3619 1318 3662 autem
1343 3609 1460 3663 dua:
1487 3610 1611 3672 sint,
1654 3612 1894 3679 sequitur
1919 3611 2143 3665 alteram
2166 3609 2437 3665 transiisse
2475 3609 2799 3673 inalteram,
2836 3609 2979 3680 quod
3009 3611 3280 3665 Arianum.
3319 3611 3514 3665 Verum

251 3681 438 3730 allitur
478 3681 682 3730 ratione
709 3696 805 3730 sua
835 3679 1090 3730 Andreas.
1123 3679 1265 3730 aliud
1295 3680 1438 3730 enim
1467 3680 1597 3730 nihil
1623 3679 1852 3730 Cvr-illus
1896 3681 2032 3730 vult.
2082 3695 2241 3730 uuam
2287 3681 2450 3730 unitis
2488 3679 2766 3730 iuconfuse
2807 3689 2862 3730 et
2905 3681 3378 3730 inconvertibiliter
3421 3697 3513 3730 nn-

251 3679 438 3750 allitur
478 3681 682 3735 ratione
709 3696 805 3734 sua
835 3679 1090 3741 Andreas,
1123 3679 1265 3732 aliud
1295 3680 1438 3750 enim
1467 3680 1597 3732 nihil
1623 3679 1852 3750 Cyl-illus
1896 3681 2032 3741 vult,
2082 3695 2241 3750 quam
2287 3681 2450 3734 unitis
2488 3679 2766 3734 iucoufuse
2807 3679 2866 3734 et
2905 3681 3378 3735 inconvertibiliter
3421 3697 3513 3733 un-

231 3750 397 3872 turis,l
418 3748 527 3817 jam
557 3766 663 3804 non
684 3751 802 3806 dua:
822 3750 1032 3804 admitti
1053 3750 1284 3804 debeant
1305 3749 1638 3820 hypostases,
1664 3748 1797 3816 (hoc
1817 3766 1865 3805 ei

231 3833 376 3872 CODll
402 3828 577 3872 entur.

1945 3767 1959 3803 1
1983 3758 2064 3803 est
2084 3749 2291 3822 διαιρεῖν
2310 3752 2401 3811 τὰς
2421 3750 2762 3820 ὑποστάσεις)
2783 3764 2902 3818 qua:
2923 3750 3036 3805 sola
3061 3760 3283 3825 σχετικῇ
3314 3751 3514 3804 unione

229 3828 577 3888 copulentur.

1085 4065 1756 4182 SANGTI
1904 4067 2655 4181 CYBILLI

1498 4231 1786 4284 EPISCOI’I
1825 4232 2254 4284 ALEXANDRIIE

563 4365 1458 4455 APOLOGETICUS
1536 4368 2157 4452 ADVERSUS
2227 4369 3198 4482 THEODORETUM,

1821 4520 1922 4558 νει.

338 4618 773 4680 RESPONSIO
827 4619 930 4678 AD
976 4618 1074 4676 EA
1122 4617 1305 4692 QUJE
1357 4615 1948 4680 THEODORETUS
1992 4617 2310 4681 CONTRA
2357 4617 3100 4680 ANATEEMATISMOS
3146 4621 3396 4680 DIXIT.

212 4849 464 4920 Cyrillus
490 4846 933 4901 reverendissimo
957 4855 1010 4899 et
1037 4845 1382 4901 dilectissimo
1413 4847 1580 4914 fratri,
1605 4857 1661 4902 et
1681 4863 1814 4902 con-
1845 4851 1888 4913 C
1919 4859 1975 4902 ut
1994 4850 2169 4903 civitas
2190 4848 2314 4903 bene
2333 4850 2530 4902 munita
2554 4847 2730 4920 (Prov.
2751 4866 2892 4914 xvm,
2922 4849 3026 4918 19).
3054 4849 3118 4902 Et
3140 4852 3267 4906 mihi
3292 4855 3506 4921 quidem

414 4938 681 4993 sacerdoti
705 4947 729 4974 η
753 4936 982 5007 Ev0ptio
1001 4977 1016 5000 ,
1049 4937 1102 4990 in
1135 4937 1361 4993 Domino
1391 4940 1637 4994 salutem.
1919 4940 2132 4994 videtur
2158 4941 2392 4995 Charitas
2415 4940 2609 4994 divina:
2637 4939 2926 5010 Scriptura:
2947 4941 3181 4996 maxime
3208 4943 3370 4998 fuisse
3393 4947 3507 5000 lau-

295 5033 436 5100 Legi
458 5047 576 5099 quae
597 5047 627 5084 a
652 5039 739 5084 tua
761 5030 1111 5084 sanctimonia
1133 5030 1332 5085 dudum
1359 5033 1488 5086 mihi
1512 5033 1819 5086 transmissa
1924 5031 2079 5085 dibus
2097 5031 2379 5094 honorata,
2411 5038 2466 5085 et
2491 5030 2544 5084 id
2566 5039 2728 5094 recte,
2760 5032 2957 5100 quippe
2994 5047 3112 5086 cum
3140 5033 3336 5089 habeat
3364 5037 3417 5091 in
3446 5055 3506 5094 se

207 5135 376 5188 sunt,
410 5133 464 5178 et
495 5123 740 5177 aliectum
791 5123 1015 5177 miratus
1061 5139 1209 5188 sum,
1253 5132 1414 5192 atque
1460 5125 1818 5179 sinceritatem
1923 5123 2292 5194 plenitudinem
2332 5124 2457 5194 legis
2489 5122 2664 5193 (Rom.
2701 5141 2820 5188 xm,
2865 5123 2985 5194 40),
3029 5133 3084 5180 et
3126 5126 3410 5184 virtutibus
3439 5132 3509 5186 sit

211 5215 515 5274 charitatis
539 5215 592 5269 in
629 5213 875 5279 Christo;
907 5223 1156 5284 oportere
1181 5224 1359 5271 autem
1399 5217 1647 5280 arbitror,
1680 5233 1821 5272 nunc

207 5321 451 5377 quoque
495 5306 995 5374 attemperatissime
1041 5307 1361 5372 exclamare,
1405 5307 1550 5376 quod
1591 5307 1644 5360 in
1685 5307 1821 5362 libro

209 5395 652 5452 Proverbiorum
687 5397 942 5466 scriptum
969 5404 1049 5450 est
1074 5415 1086 5448 :
1124 5396 1316 5452 Frater
1343 5414 1376 5450 a
1403 5399 1567 5470 fratre
1588 5398 1816 5468 adjutus,

1923 5216 2042 5269 aliis
2070 5214 2396 5284 praeferenda
2417 5254 2430 5277 ,
2462 5230 2526 5269 ac
2563 5223 2869 5270 sanctorum
2904 5216 3093 5271 animis
3117 5218 3363 5274 videatur
3391 5237 3513 5278 esse

1924 5305 2212 5367 mirabilis;
2244 5319 2437 5374 nempe
2457 5320 2616 5374 quam
2639 5305 2883 5369 dicimus,
2919 5323 3023 5361 non
3049 5309 3220 5370 nudis,
3254 5328 3351 5367 nec
3379 5314 3510 5369 solis

1926 5397 2132 5464 impleri
2175 5398 2460 5452 verborum
2485 5399 2782 5464 vocabulis,
2815 5400 2909 5453 scd
2939 5417 3056 5469 qua:
3097 5417 3127 5455 a
3177 5404 3334 5459 rebus
3381 5406 3510 5476 ipsis

1400 5508 1935 5565 CASTIGATIONES
1971 5508 2059 5562 ET
2096 5508 2325 5564 NOTxE.

305 5607 326 5629 ⁸
364 5597 634 5666 Epismpn
662 5595 1034 5666 Ptolemaidiﬁs,
1071 5595 1465 5666 cujusimeutio
1496 5611 1658 5666 supra
1687 5611 1808 5664 pag.

211 5665 345 5727 ’175
380 5665 430 5719 ct.
456 5665 578 5720 ξιίϐζ
625 5667 794 5720 Porro
845 5665 989 5720 istud
1026 5665 1350 5734 cpusculum
1397 5665 1580 5735 Cyrilli
1611 5683 1676 5721 ex
1709 5667 1811 5718 alia

569 5763 842 5818 I’ATnnL.
886 5758 1168 5818 XLVlII.

1918 5602 2167 5656 versione
2195 5602 2396 5656 editum
2441 5613 2522 5658 est
2572 5621 2712 5659 anno
2744 5605 2906 5668 169.8,
2941 5606 2994 5659 in
3041 5606 3174 5662 libro
3204 5609 3286 5662 cui
3321 5607 3504 5662 titulus

1919 5671 2216 5728 Antidotum
2237 5673 2478 5729 adversus
2499 5677 2737 5731 Itwt'eses.
2764 5677 2957 5732 BALUz.

2991 5772 3060 5830 31
