3978 6188
519 269 612 324 9-71

1013 266 1201 320 MAR"
1241 259 1682 320 MERC.\TORIS
1724 259 2298 316 TRANSLXTIONES
2343 259 2704 317 VARIURUM
2747 257 3280 317 UPUSCULORUM.
3667 263 3756 317 972

520 382 878 440 testimonium
906 379 1154 434 habeant.
1179 377 1632 443 Quemadmodum
1661 375 1804 430 enim
1827 375 2100 445 pretiosis-
2129 377 2177 436 Α
2203 376 2362 445 ipsius
2382 384 2502 429 sunt
2531 376 2630 428 ista
2652 377 2874 439 inventa,
2899 391 2959 426 ac
2988 391 3092 428 non
3123 374 3287 443 magis
3315 373 3519 443 quidam
3546 375 3758 430 inimicus

518 477 638 533 simi
667 473 883 543 lapides,
925 486 1058 538 quos
1083 468 1292 523 Indicos
1310 469 1458 522 aiunt
1485 484 1619 533 esse,
1665 484 1772 522 non
1810 468 1853 522 si
1890 467 2008 535 quis
2035 465 2102 520 de

517 572 757 638 ipsorum
783 560 1176 633 pulchritudine
1205 567 1611 623 commemoret,
1634 560 1732 615 sed
1762 559 1863 629 ipsi
1893 559 2100 629 pulchri

515 661 558 715 si
591 657 804 720 fuerint,
838 652 1191 722 spectantium
1221 650 1390 705 oculis
1419 650 1713 705 admirandi
1746 657 1899 716 sunt;
1933 651 2003 703 ita
2033 665 2100 703 ex

517 748 644 816 ipsis
689 744 949 814 exemplis
994 742 1308 812 prmclarum
1354 741 1628 796 charitatis
1673 741 1837 796 decus
1875 747 2101 810 apparet

516 838 672 894 bonis
692 837 940 891 omnibus
967 842 1352 903 comparatum.

586 928 734 982 lianc
762 926 1064 981 reverentia
1088 933 1176 978 tua
1196 923 1408 993 plurimi
1432 922 1575 986 facit,
1608 930 1918 977 sanctorum
1944 923 2099 977 solita

515 1037 729 1091 semper
755 1021 1042 1075 observare
1071 1018 1309 1085 vestigia,
1335 1025 1389 1071 et
1411 1016 1798 1086 probatissima:
1825 1015 1947 1069 vita:
1978 1015 2098 1068 illo-

519 1129 636 1166 rum
678 1112 860 1166 laudes
895 1110 1108 1165 sectari.
1138 1109 1332 1178 Accepi
1364 1109 1542 1176 igitur,
1568 1116 1626 1161 ut
1656 1114 1761 1160 tua:
1799 1108 2100 1160 sanctitatis

519 1204 768 1259 allectum
791 1220 930 1257 nunc
951 1217 1166 1270 quoque
1180 1214 1578 1268 cognoscerem,
1600 1207 1802 1252 tomum
1824 1198 2098 1253 transmis—

520 1313 655 1360 sum,
687 1311 844 1366 quem
874 1295 1238 1363 composuisse
1278 1294 1470 1346 dicitur
1497 1300 1684 1346 contra
1719 1291 2100 1344 anathematis-

521 1387 640 1443 mos
661 1388 1027 1441 Theodoretus
1053 1384 1176 1457 Cyri
1205 1405 1216 1438 :
1244 1387 1317 1438 ita
1347 1386 1487 1439 enim
1510 1387 1764 1455 oppidum
1791 1384 1919 1438 illud
1940 1385 2099 1438 audio

519 1479 802 1534 nominari.
837 1477 952 1544 Quo
983 1478 1218 1546 pet-lecto
1247 1477 1332 1544 egi
1371 1477 1567 1544 gratias
1606 1477 1866 1530 maximas
1887 1475 2017 1541 Deo,
2047 1484 2101 1530 et

521 1571 647 1626 iilud
670 1571 849 1624 dicere
870 1586 976 1623 non
998 1569 1200 1623 cessavi
1217 1587 1228 1619 :
1244 1568 1481 1631 Domine,
1501 1568 1662 1621 libera
1685 1571 1913 1622 animam
1934 1586 2097 1622 meam

517 1683 548 1717 α
577 1663 728 1718 labiis
753 1663 978 1732 injustis,
1011 1671 1060 1714 et
1087 1679 1118 1714 α
1147 1661 1323 1731 lingua
1352 1659 1530 1714 dolosa
1560 1661 1727 1731 (Paul.
1763 1676 1912 1724 ειη,
1939 1660 2023 1730 ‘2).

2203 470 2403 521 veritati
2427 476 2685 538 tamquam
2706 485 2771 520 ex
2796 468 2888 520 illo
2917 467 3210 536 conscripta
3238 465 3452 535 projecit
3471 466 3523 517 in
3543 466 3757 532 medium,

2200 561 2334 613 sicut
2360 560 2510 625 illud,
2534 560 2670 631 quod
2696 562 2750 613 in
2782 559 2971 632 fabulis
2993 569 3090 624 est,
3115 575 3295 613 ustum
3322 574 3622 623 msconnw,
3647 564 3761 631 quod

2201 652 2465 720 ﬂantmam
2486 650 2756 704 accendat.

2277 743 2490 809 Verum,
2536 759 2634 798 nos
2673 743 2755 797 his
2784 742 3001 796 interim
3030 741 3222 807 missis,
3266 741 3544 811 proposito
3574 742 3762 797 insista-

2203 849 2340 887 mus.

2634 938 3114 977 ANATHEIIATISIIUS
3142 937 3350 976 Ριιιιιῐιε.

2272 1015 2450 1084 Siquis
2473 1031 2578 1068 nor.
2608 1013 2927 1069 confiteatur
2959 1014 3128 1068 Deum
3159 1029 3276 1068 esse
3302 1029 3429 1068 vere
3457 1012 3760 1075 Emmanuel.

2201 1113 2256 1161 et
2276 1116 2560 1176 propterea
2583 1114 2822 1160 sanctam
2843 1105 3114 1173 Virginem
3137 1120 3254 1159 esse
3274 1106 3516 1160 Θεοτόκον
3542 1124 3554 1156 :
3579 1109 3762 1174 peperit

2202 1199 2345 1252 enim
2375 1198 2664 1252 carnaliter
2691 1211 2909 1251 carnem
2934 1195 3132 1250 factum
3162 1195 3258 1248 Dei
3286 1195 3539 1259 Verbum;
3564 1196 3764 1249 anathe-

2202 1304 2289 1342 ma
2310 1289 2398 1343 sit.

2653 1392 3016 1432 BEPBEHENSIO
3045 1392 3332 1431 ΗΕΒΕΤῙΕΙ.

2277 1482 2299 1510 ε
2331 1470 2399 1523 At
2428 1485 2557 1535 nos,
2587 1470 2677 1538 qui
2707 1469 3066 1536 evangelicum
3106 1467 3449 1521 traditionem
3494 1467 3764 1536 sequimur,

2202 1578 2308 1616 non
2338 1577 2552 1616 carnem
2583 1569 2773 1615 natura
2801 1559 3019 1626 factum,
3055 1569 3111 1613 et.
3138 1560 3191 1612 in
3221 1575 3439 1613 carnem
3471 1575 3768 1614 conversum

2109 1666 2113 1671 ‘
2203 1653 2370 1707 Deum
2393 1653 2619 1706 dicimus
2640 1651 2908 1716 Verbum;
2941 1650 3257 1704 invertibilis
3285 1650 3482 1704 etenim
3507 1661 3565 1704 et
3592 1652 3770 1706 incom-

585 1753 836 1824 Comperi
865 1753 1008 1807 enim
1040 1751 1234 1820 ubique
1263 1762 1317 1806 et
1346 1751 1398 1805 in
1440 1752 1662 1820 singulis
1685 1752 1934 1821 capitulis
1969 1752 2098 1805 mihi
2133 1745 2176 1804 Β
2205 1744 2476 1798 mutabilis
2519 1752 2601 1798 est
2647 1742 2806 1808 Deus,
2857 1742 2924 1796 de
2965 1757 3072 1810 quo
3120 1743 3282 1797 etiam
3327 1743 3494 1796 David
3523 1742 3771 1813 Propheta

516 1846 807 1900 calumnias
833 1843 1128 1913 importari.
1163 1841 1382 1896 Miratus
1420 1842 1580 1910 igitur
1615 1857 1750 1907 sum,
1788 1842 1964 1895 virum
1993 1857 2100 1895 non

500 1935 748 1988 .alienum
776 1933 1042 1996 alitteris,
1090 1940 1150 1987 ut.
1186 1932 1399 2000 quidam
1452 1931 1521 1986 de
1575 1947 1641 1986 eo
1690 1932 2005 1998 retulerunt,
2049 1940 2104 1986 et

497 2039 791 2080 sacrarum
822 2022 960 2078 forte
981 2024 1276 2079 litterarum
1308 2035 1412 2076 non
1441 2020 1696 2076 mediocri
1719 2022 1940 2077 scicntia
1967 2038 2102 2092 pra:-

516 2117 704 2181 ditum,
737 2117 789 2170 in
818 2123 1024 2169 tantum
1054 2115 1327 2183 ignorasse
1355 2114 1460 2167 vim
1489 2113 1863 2182 capitulorum,
1895 2121 1953 2166 ut
1981 2122 2100 2168 orta

515 2209 584 2261 sit
611 2208 740 2260 mihi
761 2207 1010 2276 suspicio,
1042 2220 1164 2260 eum
1191 2205 1378 2260 alienis
1403 2204 1682 2259 desideriis
1709 2203 1828 2258 fleta
1853 2204 2101 2272 ignoran-

515 2299 586 2352 tia
617 2296 776 2351 fuisse
813 2295 1200 2366 gratificatum;
1251 2310 1319 2349 ne
1365 2295 1567 2350 scilicet
1610 2293 1856 2348 videatur
1897 2303 2101 2348 temere

515 2390 687 2455 nobis,
717 2397 771 2442 et
798 2389 912 2443 sine
941 2388 1118 2456 aliquo
1147 2387 1329 2442 colore
1356 2386 1640 2441 detrahere
1665 2403 1677 2438 :
1721 2401 1840 2440 cum
1870 2401 2100 2456 prteser-

514 2481 608 2534 tim
635 2481 759 2534 nihil
782 2495 999 2550 prorsus
1018 2478 1244 2532 arduum
1263 2477 1350 2542 sit,
1371 2477 1500 2530 nihil
1523 2477 1807 2531 obscurum
1831 2477 1883 2530 in
1906 2473 2103 2531 nostris

514 2573 690 2636 dictis,
724 2573 826 2626 nisi
869 2585 955 2625 me
993 2569 1126 2624 fallit
1163 2570 1365 2639 opinio,
1399 2569 1528 2622 nihil
1555 2569 1700 2637 quod
1726 2569 1796 2624 sit
1828 2561 2101 2622 intellectu

517 2662 750 2718 difficile.
783 2661 982 2716 Verum
1028 2660 1241 2730 quando
1282 2675 1501 2714 necesse
1546 2658 1676 2724 fuit,
1709 2659 1950 2728 quamvis
1989 2658 2101 2726 jam

518 2769 681 2825 super
710 2753 794 2808 his
821 2761 980 2806 antea
1002 2751 1400 2819 scripserimus,
1433 2750 1617 2819 paucis
1643 2749 1709 2802 ad
1737 2765 1861 2803 eum
1887 2764 2102 2818 quoque

513 2845 839 2914 respondere
857 2885 871 2908 ,
900 2858 967 2896 ne
988 2843 1107 2911 quis
1147 2857 1246 2895 nos
1271 2842 1456 2896 credat
1497 2842 1772 2896 reticuisse
1801 2843 2096 2908 convictos,

513 2932 793 3000 aggrediar
839 2932 906 2986 ad
953 2932 1386 3002 responsionem,
1419 2939 1677 3002 quantum
1716 2947 1803 2988 res
1844 2933 2096 3003 patietur,

515 3023 777 3076 brevitate
806 3029 1036 3078 servata.

2203 1835 2369 1889 dicit:
2404 1835 2479 1888 Tu
2508 1844 2677 1888 autem
2719 1834 2854 1888 idem
2899 1851 2971 1897 es,
3022 1843 3070 1888 et
3117 1835 3242 1888 anni
3293 1837 3364 1888 tui
3412 1851 3516 1888 non
3562 1835 3775 1906 deﬁcient

2206 1926 2387 1999 (Psat.
2435 1942 2518 1989 ει,
2567 1925 2691 1995 28).
2741 1926 2896 1993 Quod
2943 1925 3138 1981 Paulus
3181 1927 3426 1982 veritatis
3477 1930 3774 1998 praedicator

2202 2019 2469 2074 maximus
2489 2019 2555 2073 de
2574 2019 2710 2073 Filio
2731 2019 2931 2073 dictum
2953 2034 3090 2084 esse,
3116 2019 3169 2073 in
3192 2021 3420 2090 epistola
3447 2021 3513 2075 ad
3546 2021 3776 2077 Hebr-tuos

2203 2113 2429 2167 asseruit
2461 2111 2618 2183 (Heb.
2648 2129 2693 2175 ι,
2738 2111 2859 2182 lt);
2909 2120 2964 2166 et
3005 2113 3131 2166 alibi
3173 2128 3270 2182 per
3299 2113 3628 2183 Prophetam
3656 2115 3776 2169 Deus

2203 2201 2373 2256 dicit:
2407 2199 2518 2272 Ego
2560 2218 2690 2265 sum,
2740 2217 2832 2272 ego
2875 2218 3006 2265 sum,
3057 2211 3106 2255 et
3145 2218 3249 2255 non
3297 2213 3638 2258 commutatus
3680 2223 3774 2257 sum

2206 2292 2458 2365 (Malach.
2486 2311 2560 2357 ιιι,
2589 2295 2664 2364 6).
2698 2293 2837 2363 Ergo
2859 2296 2901 2348 si
2926 2295 3344 2350 inconvertibilis
3365 2305 3418 2349 et
3443 2297 3776 2352 incommuta-

2202 2385 2323 2440 bilis
2352 2393 2434 2439 est
2462 2385 2618 2451 Deus,
2655 2385 3062 2440 conversionem
3093 2395 3146 2439 et
3173 2388 3652 2443 commutationem
3681 2392 3775 2458 pati

2207 2492 2316 2530 non
2348 2485 2557 2546 potest;
2590 2485 2644 2553 et
2667 2477 2708 2530 si
2740 2476 3066 2546 impossibile
3102 2485 3202 2540 est,
3235 2486 3294 2531 ut
3323 2480 3640 2534 invertibilis
3666 2497 3775 2534 con-

2206 2575 2458 2630 vertatur,
2493 2583 2599 2620 non
2631 2577 2711 2622 est
2747 2567 2944 2621 factum
2973 2583 3100 2622 caro
3130 2569 3270 2622 Deus
3298 2569 3530 2623 Verbum
3563 2588 3775 2626 conver-

2203 2675 2338 2721 sum,
2392 2658 2482 2713 sed
2531 2659 2816 2728 assumpsit
2861 2674 3098 2724 carnem,
3147 2667 3203 2712 et
3247 2659 3506 2713 habitavit
3554 2662 3608 2715 in
3645 2663 3780 2715 nobis

2198 2748 2350 2818 juxta
2383 2747 2792 2817 Evangeliorum
2816 2765 2995 2803 voces.
3020 2749 3086 2801 Et
3117 2751 3229 2820 ipse
3251 2750 3302 2804 id
3331 2753 3630 2821 explanans
3659 2751 3778 2808 Pau—

2204 2841 2286 2895 lus
2315 2840 2528 2894 divinus
2557 2840 2610 2893 in
2641 2840 2864 2909 epistola
2895 2839 2960 2894 ad
2993 2838 3363 2910 Philippenses
3394 2843 3468 2895 ait
3493 2861 3504 2894 :
3529 2842 3646 2897 Hoc
3672 2860 3777 2896 sen-

2206 2934 2295 2986 tite
2318 2933 2369 2984 in
2400 2931 2556 2996 vobis,
2586 2932 2722 3004 quod
2741 2941 2790 2984 et
2809 2933 2862 2985 in
2887 2931 3088 2986 Christo
3112 2930 3273 2997 Filio,
3300 2934 3384 3003 qui
3407 2951 3519 2986 cum
3543 2936 3599 2986 in
3629 2936 3776 3004 [emta

2204 3021 2301 3076 Dei
2333 3032 2483 3085 esset,
2508 3039 2611 3075 non
2642 3023 2880 3091 rapinam
2910 3022 3187 3080 arbitratus
3216 3033 3312 3086 est,
3341 3034 3397 3075 ut
3423 3033 3557 3076 esset
3586 3025 3778 3095 aqualis

585 3114 848 3168 Decuerat
887 3114 1102 3182 quidem
1155 3114 1326 3184 ipsum
1379 3115 1640 3180 maxime,
1693 3131 1816 3171 cum
1865 3116 2106 3186 Scriptu-
2133 3117 2178 3179 C
2210 3112 2339 3177 Deo,
2369 3113 2458 3167 sed
2479 3129 2533 3166 se
2554 3113 2857 3177 erinanivit,
2889 3115 3110 3183 fortnam
3135 3114 3265 3167 servi
3287 3116 3540 3184 accipiens
3575 3113 3773 3182 (Philip.

515 3221 694 3260 rarum
742 3207 935 3261 habeat
983 3206 1259 3260 scientiam
1316 3207 1634 3274 divinarum,
1684 3208 1953 3263 volentem
1999 3224 2101 3262 no-

515 3299 719 3353 biscum
748 3300 815 3353 de
844 3300 1010 3354 sacris
1047 3301 1314 3370 mysteriis
1338 3300 1640 3370 disputare,
1673 3317 1944 3356 sacrarum
1983 3309 2103 3356 tan-

518 3389 791 3444 tummodo
821 3390 1118 3443 litterarum
1147 3390 1332 3444 fecisse
1367 3393 1712 3457 mentionem,
1737 3407 1800 3447 ac
1826 3408 1936 3460 non
1961 3403 1986 3429 ι
2009 3409 2102 3448 cu-

518 3481 686 3534 riosas
735 3479 942 3534 fabulas
987 3479 1331 3548 sordidasque
1377 3481 1658 3551 proferre:
1702 3498 1853 3538 meos
1901 3483 2101 3538 etenim

515 3585 792 3624 sermones
838 3585 978 3624 ItALO
1025 3585 1312 3624 mscountA-z
1365 3573 1677 3627 assimulare
1724 3573 1993 3642 dignatur,
2045 3582 2100 3629 et

516 3663 654 3716 hanc
682 3662 906 3716 fortasse
949 3661 1320 3730 probationem
1349 3678 1459 3717 suae
1487 3671 1640 3733 putat
1677 3680 1793 3720 esse
1821 3665 2095 3720 doctrinm.

523 3749 673 3805 Unde
717 3758 773 3805 et
825 3767 924 3804 nos
969 3751 1107 3804 hanc
1153 3751 1320 3820 ipsius
1361 3753 1579 3806 nimiam
1624 3769 1807 3809 sumus
1853 3755 2102 3809 admirati

515 3843 829 3899 scientiam:
864 3850 1087 3912 apparet
1133 3844 1276 3898 enim
1323 3843 1470 3898 illum
1519 3851 1740 3915 propter
1784 3845 2101 3915 profundam

515 3935 718 3991 scilicet
743 3935 1117 4003 ingentemque
1145 3935 1462 4000 doctrinam,
1488 3953 1668 3991 κλωπ
1692 3954 1796 3990 non
1827 3938 2102 4006 ignorasse

515 4041 832 4091 ntsconnm;
865 4042 964 4081 nec
994 4026 1240 4080 Paridem
1273 4026 1436 4080 (ilium
1460 4027 1675 4082 Priami.

585 4116 719 4171 Nam
764 4117 816 4171 in
863 4117 1089 4187 epistola
1114 4115 1141 4154 δ
1173 4125 1293 4186 post
1319 4117 1421 4170 alia
1450 4135 1462 4169 :
1495 4115 1758 4171 Prwterea
1804 4136 1905 4172 non
1936 4122 2100 4175 solum

516 4203 623 4276 ipse
644 4208 750 4261 haec
773 4209 870 4262 ista
891 4208 1137 4272 asseruit;
1169 4224 1339 4260 verum
1359 4208 1511 4260 etiam
1533 4207 1760 4261 nolentes
1780 4210 1888 4279 ejus
1911 4210 2101 4264 obtem-

517 4316 696 4365 perare
717 4298 1043 4369 blaspltemiis
1074 4299 1514 4352 auathematizare
1541 4315 1694 4352 ausus
1717 4309 1809 4354 est.
1838 4300 1899 4354 Si
1931 4311 2097 4356 tamen

2204 3220 2274 3269 ιι,
2308 3202 2383 3274 5).

2276 3295 2511 3364 Apparet
2539 3295 2700 3364 igitur
2727 3309 2791 3349 ex
2822 3294 2997 3361 dictis,
3023 3295 3164 3364 quod
3196 3295 3291 3350 Dei
3315 3296 3484 3350 forma
3510 3313 3622 3352 non
3650 3298 3712 3351 sit
3731 3298 3775 3350 in

2203 3387 2344 3443 servi
2373 3385 2597 3440 formam
2635 3400 2926 3450 conversa;
2974 3385 3066 3438 sed
3104 3385 3249 3453 quod
3291 3401 3515 3440 manens
3557 3387 3609 3440 id
3649 3387 3777 3455 quod

2203 3485 2350 3543 erat,
2382 3479 2520 3533 servi
2550 3477 2775 3532 formam
2804 3478 3027 3547 accepit.
3063 3476 3202 3546 Ergo
3252 3477 3297 3532 si
3349 3495 3456 3532 non
3485 3489 3568 3533 est
3598 3480 3776 3534 factum

2203 3586 2330 3626 caro
2361 3571 2499 3625 Deus
2525 3569 2729 3640 lBaluz.
2761 3567 2879 3640 Dei]
2920 3569 3186 3634 Verbum,
3231 3570 3325 3624 sed
3372 3586 3591 3626 carnem
3621 3573 3778 3626 vivam

2204 3668 2260 3715 et
2279 3660 2652 3714 rationabilem
2671 3660 2976 3728 assumpsit,
3005 3675 3110 3714 non
3135 3660 3246 3728 ipse
3269 3669 3460 3714 natura
3483 3677 3551 3716 ex
3575 3661 3778 3730 Virgine

2205 3762 2359 3808 natus
2379 3761 2476 3819 est,
2496 3760 2806 3822 conceptus,
2826 3761 2880 3806 et
2901 3750 3072 3817 ﬁctus,
3093 3761 3147 3806 et
3163 3751 3443 3815 formatus,
3467 3763 3520 3807 et
3543 3755 3666 3808 inde
3691 3755 3779 3807 in:-

2205 3847 2358 3911 tium,
2403 3855 2460 3900 ut
2507 3856 2665 3910 esset,
2717 3847 3002 3916 accipiens,
3053 3847 3144 3915 qui
3194 3855 3320 3900 ante
3369 3847 3566 3902 saecula
3606 3856 3703 3909 est,
3732 3856 3780 3899 et

2204 3938 2361 4002 Deus,
2394 3947 2448 3990 et
2476 3937 2615 4007 apud
2650 3938 2812 3990 Deum
2855 3953 3085 4007 semper,
3131 3945 3184 3991 et
3225 3936 3371 3991 Patri
3409 3929 3704 4000 adhaerens,
3735 3949 3782 3993 ct

2203 4044 2325 4082 cum
2373 4026 2532 4082 Patre
2577 4029 2978 4096 cognoscendus
3031 4030 3461 4098 adorandusque,
3513 4047 3638 4085 cum
3691 4033 3782 4086 sibi

2203 4120 2455 4188 templum
2488 4119 2725 4174 ﬁnxisset
2748 4121 2801 4174 in
2831 4129 2984 4175 utero
3013 4111 3280 4188 virginali,
3312 4123 3623 4178 adhaerebat
3647 4123 3780 4186 ficto,

2205 4218 2259 4265 et
2283 4218 2563 4279 concepto,
2590 4219 2645 4264 et
2671 4210 2920 4276 formato,
2950 4219 3005 4265 et
3034 4219 3182 4266 nato.
3207 4211 3323 4278 Qua
3346 4213 3414 4267 de
3441 4230 3603 4268 causa
3629 4215 3779 4268 etiam

2205 4300 2230 4339 ἀ
2262 4303 2535 4370 Virginem
2577 4311 2815 4356 sanctam
2864 4303 3107 4358 Θεοτὸκον
3165 4319 3437 4369 vocamus,
3490 4321 3598 4360 non
3645 4304 3781 4373 quod

1685 4435 2136 4494 CASTIGATION
2147 4439 2226 4494 ES
2266 4439 2351 4493 ET
2387 4435 2615 4492 NOTAE.

592 4561 612 4585 ι
641 4546 885 4626 Balu_zius
899 4546 1067 4626 habet
1087 4547 1333 4626 cariosae,
1353 4547 1532 4626 sicque
1548 4545 1898 4626 probat_ltattc
1919 4546 2099 4626 lectio-
2128 4551 2176 4610 Ι)
2203 4546 2518 4626 lllercatoris
2546 4545 2794 4626 dicuntur
2819 4545 2932 4626 ejus
2962 4561 3098 4626 esse,
3131 4545 3224 4600 sed
3253 4547 3414 4626 etiam
3442 4546 3567 4626 quia
3599 4545 3777 4600 eodem

521 4636 681 4674 nem:
720 4637 737 4668 ι
774 4617 848 4670 Ita
899 4615 1254 4685 Hieronymus
1291 4616 1342 4668 in
1375 4615 1602 4683 cpistola
1633 4615 1700 4668 ad
1740 4616 2097 4685 Nepotianum

519 4691 655 4744 dixit
683 4704 810 4758 pene
829 4688 944 4757 jam
973 4685 1444 4758 cariosisartubus.
1477 4685 1647 4741 Porro
1676 4685 1832 4758 isthic
1868 4687 1970 4753 legi
2005 4687 2100 4740 dc-

519 4763 647 4815 here
675 4754 933 4821 curiosas,
960 4771 1064 4809 non
1095 4756 1350 4816 curiosas,
1384 4762 1441 4807 ut
1471 4764 1552 4810 est
1587 4756 1724 4824 apud
1755 4754 2095 4818 Garnerium,

522 4838 667 4897 patet
720 4830 880 4897 etiam
929 4825 1148 4885 exalia
1208 4824 1470 4889 versione,
1529 4827 1616 4882 ubi
1669 4824 1862 4893 legitur
1911 4836 2099 4880 veteres

523 4895 746 4970 fabulas.
770 4918 786 4949 ι
815 4895 992 4970 Eum.

593 4970 617 5007 δ
648 4968 893 5023 Balnzius
921 4966 1093 5035 rejicit
1131 4965 1243 5018 hzec
1271 4965 1432 5018 verba
1473 4965 1540 5019 ad
1583 4965 1790 5019 initium
1830 4967 2104 5034 sequentis

524 5039 950 5107 reprehensionis
978 5035 1213 5107 hmrgtici
1237 5051 1248 5085 :
1281 5049 1385 5102 qua
1415 5037 1620 5090 ratione
1649 5036 1752 5089 hoc
1776 5036 1898 5090 fecit
1927 5037 2101 5106 expli-

524 5105 608 5162 cat
637 5119 762 5162 nota
791 5108 1051 5176 sequenti.
1086 5105 1238 5159 Eutr.

599 5188 619 5212 π
655 5177 767 5232 lluc
798 5174 1041 5230 Baluzius
1061 5174 1330 5228 tt'anslulil
1348 5176 1510 5229 verba
1535 5175 1687 5243 cujus
1716 5176 1916 5230 mentio
1947 5185 2028 5229 est
2050 5176 2100 5228 in

523 5255 651 5300 ‘nota
681 5245 1028 5316 praecedenti,
1080 5244 1360 5316 subditque
1408 5246 1718 5314 sequentia:
1753 5265 1769 5296 ‹
1806 5244 2094 5300 Garnerius

527 5313 718 5386 putans
743 5317 856 5370 hace
885 5317 1046 5370 verba
1077 5330 1193 5369 esse
1221 5313 1423 5385 Cyl-illi,
1450 5313 1512 5369 ea
1543 5317 1610 5369 ab
1639 5317 1741 5370 hoc
1769 5315 1886 5386 loco
1915 5324 2092 5369 trans—

527 5385 648 5440 tulit
676 5394 797 5440 ante
828 5386 1322 5440 anathcmatismum
1354 5387 1612 5454 primum,
1659 5395 1714 5440 et
1743 5385 1948 5439 initium
1981 5402 2097 5440 ver-

528 5462 716 5512 boru-n
738 5456 1072 5511 Theodoreti
1095 5458 1165 5509 ita
1189 5456 1362 5524 posuit
1390 5475 1399 5507 :
1427 5457 1490 5508 At
1514 5473 1626 5521 nos,
1651 5457 1733 5526 qui
1757 5457 2099 5526 evangelicum

531 5528 853 5582 traditionem
878 5529 1152 5599 sequimur.
1184 5525 1293 5599 Nos
1335 5527 1422 5578 illa
1471 5525 1774 5599 reduximus
1797 5525 1900 5599 _in’
1926 5527 2100 5579 locum

530 5614 689 5668 quem
715 5594 974 5664 oecupant
1004 5599 1055 5651 in
1086 5597 1317 5666 antiquis
1343 5597 1754 5668 exemplaribus.
1786 5594 2000 5668 Certum
2025 5605 2105 5650 est

531 5665 672 5724 enim
722 5684 836 5722 esse
867 5665 1224 5730 Theodoreti,
1269 5683 1373 5720 non
1404 5665 1574 5720 solum
1603 5669 1722 5733 quia
1754 5668 1804 5719 in
1837 5666 2108 5720 codicibus

2201 4618 2322 4670 loco
2353 4623 2626 4684 ponuntur
2654 4615 2706 4668 in
2737 4616 2959 4684 antiqua
2998 4617 3084 4670 illa
3133 4617 3381 4670 versione
3425 4615 3580 4684 cujus
3628 4631 3778 4684 supra

2199 4687 2422 4740 fecimus
2452 4686 2776 4738 mentionem
2801 4726 2814 4750 ,
2843 4696 2896 4739 et
2923 4688 3045 4755 quia
3076 4685 3259 4741 Gnece
3287 4688 3452 4739 etiam
3479 4685 3668 4740 eodem
3695 4702 3778 4739 or-

2202 4757 2325 4809 dine
2347 4755 2684 4826 repcriuntur
2703 4763 2849 4826 tomo
2863 4767 3056 4825 quarto
3076 4772 3298 4826 operum
3315 4755 3641 4810 Theodoreti
3666 4771 3778 4824 pag.

2207 4826 2326 4878 706.
2362 4823 2512 4892 Quod
2540 4833 2718 4880 autem
2749 4823 3067 4879 Garnerium
3105 4823 3313 4895 impulit
3351 4827 3418 4880 ad
3446 4827 3586 4880 hanc
3613 4823 3783 4878 muta-

2206 4895 2600 4965 tionemtistud
2630 4904 2727 4958 est,
2756 4903 2809 4948 ut
2840 4896 3050 4964 opinor,
3082 4896 3226 4965 quod
3248 4912 3368 4950 cum
3390 4897 3597 4950 videret
3626 4896 3782 4949 verba

2205 4967 2393 5088 Priora
2425 4963 2750 5018 Theodoreti
2777 4963 3014 5034 pendere
3061 4963 3127 5020 ei
3172 4967 3319 5028 aliis,
3363 4974 3419 5020 et
3447 4967 3498 5020 in
3526 4966 3785 5035 prooemio

2229 5036 2388 5088 .vrilli
2417 5036 2743 5088 mentionem
2767 5035 2880 5088 fieri
2900 5038 3185 5088 verborum
3210 5036 3536 5088 Theodoreti
3556 5035 3620 5088 de
3648 5035 3785 5088 malo

2229 5036 2388 5107 lyrilli
2417 5036 2743 5089 mentionem
2767 5035 2884 5107 fieri
2900 5038 3185 5091 verborum
3210 5036 3536 5107 Theodoreti
3556 5035 3620 5089 de
3648 5035 3785 5088 malo

2205 5106 2502 5176 di’scordize,
2550 5107 2754 5176 putavit
2784 5106 2943 5159 verba
2974 5107 3060 5160 illa
3103 5106 3471 5173 conjungenda
3511 5122 3628 5160 esse
3671 5119 3787 5176 cum

2207 5177 2383 5247 verbis
2403 5174 2604 5247 Cyrilli.
2629 5175 2825 5247 Verum
2847 5178 2890 5229 si
2911 5177 3377 5247 animadvertisset
3415 5177 3666 5231 nonnulla
3706 5175 3787 5247 hic

2199 5245 2386 5300 deesse
2433 5242 2498 5300 ex
2548 5242 2860 5314 praefatione
2907 5244 3258 5310 Theodoreti,
3309 5263 3428 5315 qua:
3477 5255 3687 5315 exstant
3737 5245 3785 5296 in

2201 5315 2388 5369 Graeco
2418 5313 2564 5370 textu
2595 5323 2650 5369 et
2680 5315 2731 5368 in
2761 5316 2975 5383 antiqua
3005 5318 3091 5370 illa
3119 5313 3385 5381 versione,
3418 5315 3622 5371 fecisset
3653 5313 3784 5368 Gar~

2207 5386 2386 5440 uerius
2417 5387 2560 5454 quod
2590 5402 2686 5438 nos
2717 5385 2954 5448 fecimus,
2987 5387 3040 5440 id
3065 5396 3172 5451 est,
3204 5389 3365 5441 verba
3395 5388 3508 5455 ejus
3537 5401 3638 5439 non
3672 5400 3783 5437 mo-

2205 5457 2368 5527 visset
2397 5457 2468 5527 ab!
2491 5473 2556 5510 eo
2584 5456 2702 5510 loco
2728 5470 2885 5524 quem
2915 5467 3178 5527 occupant
3209 5458 3260 5511 in
3282 5459 3553 5512 codicibus
3583 5456 3783 5508 lterca-

2209 5526 2362 5579 toris.
2383 5548 2401 5576 ›
2431 5525 2584 5579 Ευιτ.
3052 5525 3066 5527 “
3331 5529 3343 5543 '

2283 5593 2308 5667 fl
2339 5595 2485 5650 lianc
2513 5605 2716 5664 partem
2747 5611 2811 5650 ex
2844 5597 2945 5650 ista
2965 5597 3211 5651 versione
3239 5596 3516 5667 descripsit
3545 5595 3788 5661 Pelagius

2213 5681 2247 5718 ιι
2278 5665 2331 5720 in
2356 5666 2581 5736 epistola
2613 5668 2768 5721 tertia
2800 5667 2869 5721 ad
2898 5667 3177 5737 episcopos
3207 5669 3390 5722 lstrim.
3421 5665 3610 5728 litua.
