3978 6188
320 221 421 276 .073

315 335 483 390 Deum
513 329 779 401 pepererit
806 335 1014 392 natura,
1045 328 1137 382 sed
1177 327 1320 397 quod
1351 329 1619 382 hominem
1664 327 1887 382 ediderit
1918 337 1958 388 Α

315 427 662 496 conjunctum
692 423 822 488 Deo,
856 431 881 458 ⁸
905 423 994 490 qui
1022 422 1192 490 ipsum
1223 421 1563 475 formaverat.

389 556 556 610 Totus
593 554 678 608 hic
706 541 1068 624 paragraphus
1094 553 1324 607 refertur
1335 553 1402 624 jn
1432 569 1478 624 vi
1498 553 1722 624 synodo,
1754 551 1894 605 inter

319 643 384 681 ea
412 620 754 687 Theodoreti,
787 620 1044 693 adversus
1062 632 1300 675 sanctum
1322 620 1596 693 Cyrillum,
1628 637 1745 690 quia
1766 638 1895 693 ana:

319 698 555 751 themate
576 693 823 746 damnata
852 701 1000 754 sunt;
1025 691 1275 759 flagitium
1299 690 1425 746 vero
1447 692 1608 761 ipsius
1629 700 1724 753 est,
1750 690 1895 757 quod

318 775 508 844 sancto
546 761 742 844 Cyrillo
771 761 1100 816 contradicat
1130 762 1181 814 in
1209 777 1278 844 _ea_
1305 771 1524 844 parte,“
1544 761 1596 814 in
1637 776 1740 844 qua
1765 761 1894 844 ‘lidei

319 837 458 890 ratio
488 829 656 903 posita
699 841 831 895 erat,
866 846 1056 903 nempe
1083 829 1226 898 quod
1265 829 1421 884 beata
1465 829 1892 903 VirgoVerhum

318 899 537 960 carnem
580 903 774 955 factum
802 900 1096 970 pepererit,
1147 908 1201 953 et
1240 916 1348 954 non
1388 907 1593 954 tantum
1624 899 1895 953 hominem

318 973 663 1041 conjunctum
693 971 823 1024 Deo.

395 1104 461 1156 At
486 1103 531 1157 si
560 1118 664 1155 non
691 1108 771 1155 est
798 1101 978 1164 homo,
1002 1099 1090 1168 qui
1115 1099 1166 1152 in
1191 1107 1344 1152 utero
1373 1098 1602 1166 Virginis
1625 1099 1777 1152 ﬁctus
1795 1105 1896 1158 est,

317 1197 417 1250 sed
448 1196 586 1249 Deus
612 1193 840 1247 Verbum
861 1231 875 1252 .
907 1193 998 1260 qui
1027 1200 1109 1244 est
1137 1201 1260 1244 ante
1289 1191 1512 1256 smcula;
1541 1190 1743 1244 factura
1773 1204 1900 1257 ergo

315 1287 494 1342 sancti
517 1284 746 1353 Spiritus
767 1290 848 1336 est
877 1282 1016 1336 Deus
1043 1280 1296 1334 Verbum.
1324 1280 1455 1334 Nam
1481 1279 1615 1352 quod
1641 1281 1694 1332 in
1714 1296 1775 1332 ea
1801 1295 1900 1332 na-

317 1391 428 1433 tum
457 1387 551 1441 est,
576 1376 746 1444 inquit
765 1373 998 1438 Gabriel,
1023 1390 1086 1426 ea:
1109 1372 1306 1442 Spiritu
1327 1382 1502 1425 sancto
1523 1379 1599 1424 est
1621 1369 1835 1440 (Matth.
1862 1385 1899 1432 ι,

316 1469 390 1521 20
409 1470 448 1535 ).
480 1467 546 1520 At
572 1467 617 1520 si
651 1466 945 1519 increatum
975 1470 1056 1516 est
1085 1463 1414 1530 unigenitum
1442 1461 1536 1515 Dei
1565 1460 1818 1524 Verbum,
1848 1469 1903 1512 et

319 1558 562 1626 ejusdem
585 1571 704 1610 cum
725 1553 884 1608 Patre
903 1553 1229 1617 substantiaz,
1249 1551 1453 1623 [Baluz.
1472 1550 1576 1604 add
1585 1589 1596 1599 .
1615 1559 1669 1604 et
1689 1558 1904 1604 coaater-

319 1664 451 1702 num
477 1662 598 1702 cum
638 1642 816 1714 Patre]
850 1659 955 1696 non
997 1650 1079 1696 est
1107 1640 1336 1710 Spiritus
1364 1642 1532 1694 sancti
1571 1639 1792 1693 factura.
1837 1637 1894 1692 Si

315 1749 501 1796 autem
519 1755 634 1794 non
664 1738 829 1792 Deum
866 1736 1096 1789 Verbum
1133 1735 1185 1786 in
1214 1742 1365 1787 utero
1394 1731 1624 1800 Virginis
1659 1731 1892 1801 Spiritus

313 1831 599 1892 formavit,
627 1835 900 1898 superest,
926 1835 984 1880 ut
1010 1825 1150 1879 servi
1181 1823 1403 1877 formam
1448 1823 1802 1891 intelligamus
1840 1829 1894 1875 et

314 1922 604 1977 formatam
631 1930 684 1975 et
710 1922 884 1975 ﬁctam
913 1933 1032 1972 esse
1060 1922 1268 1970 natura.

390 2015 496 2069 Sed
525 2013 774 2082 quoniam
804 2027 910 2066 non
942 2017 1146 2063 tantum
1191 2015 1308 2061 erat
1360 2006 1499 2060 servi
1555 2004 1743 2068 forma,
1796 2004 1895 2059 sed

316 2106 579 2174 templum
631 2103 986 2157 habitatorem
1035 2099 1240 2152 habens
1270 2095 1434 2150 Deum
1465 2095 1715 2159 Verbum,
1743 2095 1895 2162 juxta

316 2193 473 2247 Pauli
493 2208 677 2247 vocem
703 2209 715 2244 :
750 2189 1004 2254 Quoniam
1025 2191 1077 2241 in
1099 2190 1229 2257 ipso,
1257 2186 1444 2254 inquit,
1471 2184 1897 2254 complacuitom-

314 2302 437 2338 nem
467 2283 831 2352 plenitudinem
854 2279 1056 2332 deitatis
1073 2277 1303 2329 habitare
1319 2274 1652 2344 corporaliter
1675 2270 1893 2338 (Coloss.

314 2391 354 2436 ι,
393 2373 511 2444 19);
541 2391 644 2427 non
675 2380 879 2425 tantum
901 2368 1298 2445 ἀνθρωποτὼςον,
1319 2365 1410 2418 sed
1432 2372 1485 2418 et
1504 2365 1748 2418 Θεοτὸκον
1778 2377 1900 2416 san-

317 2475 467 2519 ctam
500 2463 766 2530 Virginem
800 2474 1083 2521 vocamus;
1114 2457 1518 2531 ἀντρωποτόκον,
1567 2461 1786 2523 propter
1841 2451 1901 2504 ﬁ-

316 2557 557 2608 ctiooem
609 2561 663 2606 et
709 2551 1111 2611 forlnationem;
1143 2548 1404 2609 Θεοτόκον,
1464 2553 1683 2614 propter
1706 2544 1897 2604 ἕνωσιν,

317 2645 660 2716 appellantes
686 2660 697 2694 :
732 2642 957 2708 ideoque
985 2655 1136 2708 puer,
1163 2639 1252 2706 qui
1279 2646 1434 2690 natus
1461 2645 1560 2700 est,
1591 2634 1902 2688 Emmanuel

317 2742 406 2788 est
458 2743 702 2796 vocatus;
735 2747 833 2785 nec
860 2731 998 2783 Deus
1026 2729 1093 2782 ab
1119 2729 1349 2781 humana
1382 2733 1572 2779 natura
1601 2733 1898 2793 separatus,

319 2840 426 2878 nec
452 2825 610 2876 homo
639 2823 836 2876 deitate
885 2820 1072 2875 nudus.
1106 2817 1418 2872 Emmanuel
1449 2817 1590 2870 enim
1618 2814 1900 2882 signiﬁcat,

319 2916 603 2969 nobiscum
633 2929 749 2967 esse
778 2913 964 2976 Deum,
984 2911 1136 2980 juxta
1157 2909 1568 2974 Evangeliorum
1593 2923 1782 2971 voces;
1809 2923 1905 2959 no-

319 3007 530 3060 hiscum
557 3013 736 3058 autem
769 3004 924 3066 Deus,
959 3011 1152 3056 etcum
1182 2999 1462 3068 signiﬁcat,
1492 2997 1583 3068 qui
1637 3011 1704 3052 ex
1751 2997 1905 3050 nobis

318 3111 425 3166 pro
458 3095 608 3150 nobis
636 3101 936 3162 assumptus
965 3099 1065 3155 est,
1098 3099 1151 3145 et
1181 3091 1345 3144 Deum
1369 3088 1620 3152 Verbum,
1651 3087 1795 3156 quod
1818 3103 1905 3140 as-

318 3187 572 3255 sumpsit,
618 3184 868 3239 ostendit.
928 3181 1068 3250 Ergo
1124 3179 1438 3234 Emmanuel
1502 3194 1636 3248 puer
1689 3184 1909 3249 prepter

319 3278 515 3338 Deum,
547 3277 635 3344 qui
665 3275 982 3344 assumpsit;
1006 3283 1061 3327 et
1089 3272 1248 3340 Virgo
1277 3270 1520 3332 Θεοτόκος
1543 3278 1763 3339 propter
1777 3284 1908 3322 con-

315 3368 653 3438 junctionem
702 3366 797 3419 Dei
827 3364 1010 3419 forma:
1040 3363 1213 3426 servi;
1241 3377 1412 3430 neque
1441 3359 1493 3414 in
1521 3375 1736 3414 carnem
1765 3358 1907 3412 Deus

323 3457 561 3511 Verbum
589 3470 878 3510 conversus
911 3461 994 3508 est
1019 3469 1030 3504 :
1063 3451 1157 3506 sed
1183 3451 1280 3504 Dei
1310 3451 1478 3505 forma
1507 3449 1648 3504 servi
1679 3449 1905 3503 formam

319 3547 550 3617 accepit.

800 3670 832 3708 II
841 3669 1082 3708 ESPONSIO
1109 3668 1429 3707 ORTHODOXI.

399 3765 692 3819 Plurimum
742 3773 798 3820 et
824 3779 966 3833 stupe
995 3762 1352 3818 incusavimus
1391 3775 1486 3815 eos
1515 3761 1608 3828 qui
1655 3767 1906 3814 recusant

317 3872 390 3911 co
419 3856 570 3910 .literi
619 3855 785 3910 Deum
840 3869 957 3909 esse
997 3868 1130 3908 vere
1185 3851 1528 3914 Emmanuel,
1575 3858 1630 3906 et
1663 3858 1904 3906 sanctam

322 3947 602 4015 Virginem
630 3962 746 4001 esse
774 3947 1032 4009 Θωτὸκον,
1066 3945 1186 3998 ideo
1214 3943 1360 4012 quod
1387 3943 1594 4012 peperit
1613 3942 1905 3996 secundum

319 4052 549 4091 carnem
580 4036 673 4089 Dei
701 4035 951 4097 Verbum,
978 4044 1106 4089 tunc
1134 4050 1254 4088 cum
1284 4040 1367 4088 est
1405 4033 1602 4086 factum
1647 4047 1794 4098 caro,
1852 4033 1904 4087 id

318 4138 434 4190 est,
467 4129 649 4184 homo.
673 4129 741 4181 At
769 4144 896 4183 vero
926 4129 990 4193 is,
1012 4129 1104 4197 qui
1126 4135 1233 4181 tam
1259 4135 1405 4182 recte
1429 4127 1569 4181 dicta
1589 4141 1619 4180 a
1649 4127 1803 4181 nobis
1825 4141 1908 4181 ac-

316 4228 504 4284 cusat,
535 4220 580 4274 si
609 4219 775 4274 Deum
804 4234 928 4274 vere
957 4234 1074 4273 esse
1102 4219 1273 4273 nescit
1302 4217 1646 4283 Emmanuel;
1705 4217 1749 4270 si
1796 4231 1904 4270 non

315 4322 412 4367 est
441 4321 624 4366 natum
651 4312 938 4368 carnaliter
963 4327 1030 4366 ex
1075 4326 1225 4364 sacra
1268 4310 1481 4378 Virgine
1532 4323 1659 4364 caro
1705 4308 1902 4363 factum

321 4406 428 4460 Dei
453 4404 700 4469 Verbum,
731 4404 878 4472 juxta
903 4403 1238 4473 Scripturas;
1269 4419 1364 4456 cur
1394 4417 1498 4456 non
1529 4402 1696 4469 magis
1726 4401 1900 4470 palam

317 4497 627 4551 clamabat:
647 4496 780 4562 Quid
810 4497 938 4562 agis,
969 4497 1048 4550 vir
1066 4496 1206 4549 bone
1228 4495 1429 4565 [Butam
1454 4493 1578 4548 add.
1602 4492 1905 4563 Ambrosi]?

317 4587 557 4640 Eruetas
573 4587 813 4642 infandos
827 4603 1121 4653 sermones,
1150 4587 1397 4655 dogmata
1420 4585 1620 4640 obteris
1641 4586 1900 4640 veritatis.

317 4679 451 4732 Non
478 4686 560 4732 est
589 4678 728 4732 Dens
747 4693 870 4732 vere
898 4677 1230 4739 Emmanuel,
1269 4693 1368 4730 nec
1396 4675 1556 4745 Virgo
1581 4684 1766 4731 sancta
1786 4687 1906 4731 Θεο-

311 4770 499 4831 τὸκος,
531 4775 588 4819 ut
608 4767 767 4820 etiam
795 4782 892 4820 nos
913 4767 1024 4820 haec
1053 4765 1124 4818 ita
1151 4765 1465 4829 clamitanti,
1498 4765 1815 4832 dicentique,
1841 4779 1903 4817 ea

314 4873 453 4927 quae
495 4872 526 4910 a
578 4857 752 4910 divina
803 4855 1074 4926 Scriptura
1103 4857 1243 4910 dicta
1274 4863 1415 4917 sunt,
1447 4856 1715 4924 sapienter
1735 4869 1905 4924 oppo-

314 4956 541 5010 nentes,
565 4957 618 5001 et
637 4949 942 5016 apostolicae
969 4955 1128 5015 atque
1153 4946 1474 5013 evangelica:
1504 4945 1624 4998 ﬁdei
1661 4945 1903 4999 traditio-

313 5056 474 5105 nem,
525 5047 578 5094 et
625 5049 928 5094 sanctorum
973 5038 1186 5092 Patrum
1233 5037 1644 5101 confessionem,
1685 5038 1775 5105 qui
1803 5053 1901 5092 suo

314 5143 573 5201 tempore
601 5132 787 5186 Nie'eze
813 5132 1115 5200 congregati
1136 5139 1276 5194 sunt,
1307 5128 1656 5198 proferentes,
1685 5144 1904 5197 persua-

309 5223 596 5285 deremus,
618 5223 761 5290 quod
789 5237 959 5289 neque
988 5229 1148 5285 recte,
1182 5235 1356 5287 neque
1385 5220 1608 5273 honeste
1639 5219 1778 5272 dicta
1805 5235 1904 5271 no-

310 5321 438 5366 stra
459 5320 683 5366 conetur
703 5327 952 5380 arguere;
982 5312 1142 5364 immo
1171 5312 1339 5379 magis
1368 5309 1559 5364 divinae
1612 5310 1904 5380 Scriptura:

313 5401 578 5457 reluctari
603 5403 834 5458 festinet.

1001 213 1054 272 S.
1087 214 1358 270 CVRILLI
1389 213 1901 270 AI‘OLOGETICUS
1941 214 2296 270 ADVERSUS
2333 212 2796 270 TllODORE’I‘UM

3457 213 3522 269 97
3535 213 3558 265 ιι

2063 327 2166 382 Sed
2189 328 2424 398 prudens
2444 334 2768 395 argutiusque
2795 332 3069 390 tractator,
3105 326 3226 390 illis,
3275 340 3393 394 qute
3440 343 3562 382 eum

1997 426 2311 486 oportuerat
2338 427 2393 472 et
2421 433 2641 473 necesse
2675 419 2847 472 fuerat
2866 417 3062 483 dicere,
3095 418 3480 486 prretermissis,
3511 428 3566 473 et

1994 522 2113 560 cum
2143 507 2274 560 nihil
2300 508 2492 561 horum
2523 508 2802 576 tetigisset,
2835 508 3053 562 omnino
3084 508 3134 562 in
3159 508 3316 561 aliam
3345 524 3404 563 se
3432 525 3564 563 con-

1998 597 2118 650 tulit
2145 597 2287 650 viam
2317 614 2329 648 :
2362 596 2540 651 dicere
2569 598 2710 652 enim
2740 610 3020 666 aggressus
3056 606 3137 652 est
3182 598 3380 663 statim,
3423 599 3564 667 quod

1997 686 2092 740 Dei
2122 686 2353 741 Verbum
2382 688 2452 740 sit
2480 688 2832 764 conversione
2861 689 3104 753 validius,
3129 697 3181 742 et
3211 689 3353 757 quod
3383 706 3488 743 non
3513 691 3565 743 in

1997 787 2242 832 naturam
2270 779 2446 834 carnis
2470 779 2902 834 transformatum
2944 781 3030 844 sit,
3065 790 3332 849 tamquam
3378 781 3422 836 si
3466 781 3568 835 hoc

1998 883 2184 922 verum
2236 869 2858 931 esse,anathematismus
2884 870 2966 924 vel
3020 872 3234 937 sentiat,
3294 871 3377 925 vel
3420 871 3567 925 aﬁir-

1999 967 2129 1012 met.

2069 1047 2266 1101 Audiat
2313 1047 2473 1116 igitur
2510 1049 2616 1110 hic,
2647 1049 2739 1118 qui
2767 1050 2998 1104 orationi
3029 1051 3246 1105 alterius
3284 1053 3448 1107 nescit
3479 1069 3571 1107 oc-

1998 1151 2214 1190 currere
2239 1155 2251 1189 :
2283 1151 2579 1201 sermones,
2609 1138 2790 1203 homo,
2820 1139 2934 1193 sine
2961 1156 3122 1194 causa
3140 1157 3305 1195 vanos
3330 1157 3567 1203 exerces,

2000 1237 2055 1279 et
2081 1227 2360 1281 reluctaris
2380 1226 2619 1296 opinioni
2647 1227 2731 1280 vel
2758 1228 2911 1282 nobis
2934 1229 3134 1282 illVlS'JB.
3164 1228 3415 1283 Novimus
3429 1231 3571 1283 enim

2002 1332 2099 1370 nos
2126 1331 2360 1385 quoque,
2381 1317 2528 1386 quod
2560 1331 2660 1371 nec
2688 1317 2928 1371 umbram
2958 1319 3174 1387 quidem
3207 1320 3573 1379 conversionis

1999 1408 2176 1462 divina
2225 1409 2312 1462 illa
2349 1409 2724 1478 excellensque
2753 1420 2943 1464 natura
2971 1411 3317 1481 perpetiatur,
3350 1421 3405 1468 et
3431 1413 3574 1481 quod

2002 1499 2097 1554 Dei
2124 1498 2358 1554 Verbum
2402 1500 2456 1554 in
2485 1507 2729 1554 naturam
2769 1515 2874 1555 non
2900 1503 3330 1570 commigraverit
3375 1503 3571 1568 carnis,

2001 1588 2200 1642 deitate
2221 1589 2486 1658 deposita.

2067 1678 2266 1733 Verum
2293 1679 2506 1748 quando
2532 1695 2562 1734 a
2591 1679 2688 1735 Dei
2737 1681 2907 1736 forma
2929 1681 3068 1736 servi
3109 1681 3335 1735 formam
3365 1697 3572 1735 assum-

1991 1776 2140 1837 ptam
2168 1783 2286 1824 esse
2314 1777 2721 1835 commemorat,
2753 1770 2942 1826 doceat
2970 1786 3086 1837 nos,
3119 1769 3326 1844 [Βοιατ.
3358 1770 3482 1824 add.
3505 1769 3572 1839 si!

1993 1861 2108 1916 sine
2153 1862 2465 1917 substantiis
2510 1863 2640 1918 solae
2681 1871 2736 1918 et
2778 1879 2877 1933 per
2904 1879 2961 1918 se
2991 1865 3117 1934 ipsa:
3147 1864 3286 1918 inter
3305 1879 3364 1918 se
3391 1862 3575 1917 fornae

1993 1953 2360 2007 convenerint.
2387 1953 2454 2006 At
2483 1953 2555 2020 id,
2588 1953 2798 2024 Opinor,
2831 1954 2946 2022 ipse
2973 1969 3189 2023 quoque
3216 1970 3322 2008 non
3345 1954 3416 2008 ita
3458 1969 3576 2008 esse

1995 2044 2336 2099 conﬁtebitur
2367 2063 2378 2097 :
2430 2059 2603 2113 neque
2650 2045 2792 2098 enim
2840 2045 3048 2115 species
3077 2054 3281 2099 tantum
3309 2045 3425 2099 sine
3453 2045 3576 2098 sub-

1995 2136 2223 2200 stantiis,
2251 2144 2305 2190 et
2332 2134 2514 2188 formai
2544 2136 2684 2190 inter
2710 2150 2768 2190 se
2796 2151 2893 2206 per
2917 2137 3092 2192 ἕνωσιν
3119 2135 3567 2206 dispensatoriam

1995 2233 2387 2290 convenerunt;
2419 2225 2513 2279 sed
2539 2240 2715 2280 rerum
2741 2225 2972 2295 ipsarum
3002 2228 3114 2281 sive
3152 2225 3582 2280 substantiarum

1997 2321 2294 2368 conventus
2315 2321 2397 2367 est
2439 2312 2627 2378 factus,
2659 2322 2718 2368 ut
2747 2314 3199 2369 inhumanationis
3227 2312 3432 2386 [Βαιιιι.
3474 2315 3575 2368 Ιιιι-

1999 2403 2292 2476 manitatis]
2333 2405 2472 2460 ratio
2509 2420 2635 2460 vere
2683 2405 2820 2461 facta
2866 2421 2986 2461 esse
3013 2405 3280 2460 credatur.
3306 2404 3446 2474 Ergo
3475 2406 3576 2460 etsi

2001 2498 2094 2552 Dei
2125 2498 2183 2552 Ve
2206 2498 2359 2552 rbum
2382 2513 2600 2553 carnem
2624 2499 2820 2554 factum
2850 2514 2969 2554 esse
2987 2498 3250 2564 dicamus,
3273 2514 3377 2552 non
3402 2509 3576 2552 tamen

2001 2589 2392 2654 confusionem,
2416 2604 2516 2645 nec
2542 2591 3000 2652 commixtionem,
3027 2605 3125 2644 nec
3153 2606 3336 2644 rursus
3355 2605 3578 2643 conver-

2002 2680 2228 2742 sionem,
2262 2687 2354 2733 aut
2392 2680 2868 2735 commutationem
2916 2679 2966 2733 ei
3004 2679 3228 2734 dicimus
3263 2679 3576 2748 contigisse;

2003 2771 2096 2825 sed
2122 2771 2290 2840 ipsum
2321 2769 2665 2839 conjunctum
2695 2786 2833 2835 esse,
2867 2785 3060 2825 arcana
3101 2771 3460 2839 inclTabilique
3492 2787 3578 2825 ra-

2007 2863 2171 2924 tione,
2204 2862 2417 2931 corpori
2447 2869 2634 2917 sancto
2662 2861 2876 2916 babenti
2907 2862 3138 2916 animam
3167 2862 3535 2916 rationabilem
3564 2879 3576 2914 :

2007 2952 2261 3020 quidquid
2291 2953 2432 3006 enim
2462 2951 2681 3006 adunari
2708 2952 2918 3017 dicitur,
2953 2967 3060 3006 non
3094 2950 3454 3016 confunditur,
3487 2952 3582 3006 sed

1934 3056 1978 3117 ς
2009 3042 2152 3096 aliud
2174 3044 2274 3096 sibi
2303 3044 2471 3112 magis
2494 3045 2733 3098 assumit.

2080 3133 2416 3188 Allirmamus
2443 3135 2619 3202 igitur,
2649 3134 2741 3190 Dei
2771 3133 2944 3190 Patris
2970 3136 3202 3191 Verbum
3233 3137 3582 3207 assumpsisse

2008 3204 2109 3280 sibi
2147 3233 2388 3281 sanctam
2419 3233 2473 3281 et
2500 3224 2790 3279 animatam
2839 3241 3072 3292 carnem,
3105 3233 3159 3281 et
3187 3241 3304 3282 esse
3331 3243 3456 3281 vere
3502 3227 3582 3282 in-

2007 3316 2353 3385 confuseque,
2386 3331 2454 3371 ex
2482 3317 2597 3386 ipsa
2624 3316 2800 3382 vulva,
2840 3316 3203 3386 conjunctum,
3229 3317 3421 3372 exiisse
3459 3318 3580 3386 qui-

2006 3408 2128 3463 dem
2157 3409 2446 3474 hominem,
2479 3408 2648 3463 Deum
2677 3416 2854 3464 tamen
2884 3425 3069 3464 verum
3114 3410 3194 3465 sic
3238 3425 3452 3480 quoque
3492 3426 3582 3464 re-

2007 3500 2298 3564 mansisse;
2331 3498 2451 3553 ideo
2480 3506 2536 3552 et
2563 3498 2722 3566 Virgo
2751 3507 2935 3555 sancta
2981 3501 3223 3561 Θεοτὸκος
3253 3508 3354 3555 est.
3385 3498 3584 3570 Super-

2009 3603 2232 3642 vacuum
2261 3597 2438 3642 autem
2467 3603 2585 3643 esse
2613 3589 2824 3658 opinor,
2847 3604 2966 3644 eam
2991 3590 3154 3644 etiam
3203 3593 3583 3667 ἀνθρωττοι-ὁκον

2011 3679 2210 3732 vocari.
2238 3678 2370 3732 Nam
2399 3680 2446 3733 si
2493 3688 2674 3734 essent
2719 3680 2936 3747 quidam
2963 3681 3099 3734 adeo
3129 3691 3308 3736 mente
3334 3683 3496 3751 capti,
3527 3688 3586 3738 ut

2006 3767 2264 3832 dicerent,
2297 3775 2541 3821 naturam
2585 3766 2744 3821 Verbi
2771 3782 2838 3822 ex
2866 3783 3045 3833 carne,
3078 3777 3350 3838 tamquam
3379 3770 3582 3825 fontem

2007 3874 2117 3912 sua:
2145 3859 2366 3927 originis
2393 3858 2660 3923 habuisse,
2691 3865 2746 3912 et
2773 3873 2883 3912 sua:
2912 3860 3188 3913 exstantire
3219 3859 3424 3932 [Βαιιιι.
3452 3863 3582 3914 sub-

2009 3947 2237 4020 stantiae]
2291 3949 2414 4004 inde
2454 3949 2662 4004 initium
2709 3949 2870 4004 luisse
2915 3950 3181 4015 sortitum,
3216 3952 3441 4006 fortasse
3475 3969 3581 4006 non

2009 4040 2213 4108 absque
2260 4039 2437 4108 aliqua
2480 4040 2690 4095 ratione
2735 4039 2911 4094 facere
2958 4040 3284 4106 viderentur,
3323 4041 3414 4110 qui
3462 4057 3582 4096 eam

2007 4130 2384 4205 o‘cvapwrroréxov
2404 4129 2581 4184 vocari
2609 4129 2805 4184 debere
2820 4129 3185 4184 ostenderent.
3203 4129 3307 4184 Sed
3327 4132 3582 4200 quoniam

2008 4218 2311 4286 hujusmodi
2341 4220 2523 4288 opinio
2551 4219 2798 4273 omnibus
2823 4219 3008 4275 odiosa
3037 4227 3137 4287 est,
3181 4235 3282 4275 nec
3302 4221 3459 4276 aliter
3486 4237 3584 4292 po-

2009 4320 2112 4365 test
2132 4312 2350 4382 intelligi
2367 4314 2607 4373 Θεοτόκος
2627 4327 2745 4366 esse
2769 4312 2927 4382 Virgo
2948 4322 3152 4379 sancta,
3175 4316 3276 4369 nisi
3299 4317 3417 4385 quis
3433 4317 3580 4386 prius

1939 4425 1982 4480 ι)
2007 4405 2312 4468 crediderit,
2363 4404 2507 4472 quod
2555 4402 2754 4458 factum
2800 4405 2869 4459 sit
2895 4421 3040 4471 caro,
3073 4406 3123 4458 id
3154 4415 3253 4472 est,
3288 4407 3481 4461 factum
3511 4408 3583 4462 sit

2009 4495 2188 4558 homo,
2239 4495 2334 4548 Dei
2365 4493 2536 4549 Patris
2565 4495 2798 4549 Verbum
2852 4495 3045 4564 (neque
3073 4497 3219 4550 enim
3246 4497 3577 4552 divinitatem

2009 4585 2200 4638 nudam
2228 4585 2375 4653 virgo
2405 4585 2810 4653 peperit),quod
2842 4585 2994 4639 nobis
3023 4601 3091 4640 ex
3117 4587 3216 4641 hac
3236 4587 3582 4643 contentione

2009 4676 2352 4730 emolumenti
2373 4677 2582 4744 parient
2602 4677 2676 4744 hi,
2694 4677 2783 4746 qui
2807 4685 3015 4732 certant
3029 4677 3190 4732 etiam
3206 4680 3580 4753 ἁνθρωποτὸκον

2010 4784 2126 4822 eam
2151 4769 2326 4822 vocari
2356 4768 2590 4822 debere?

2079 4861 2295 4925 Vermn,
2342 4868 2602 4928 quantum
2648 4867 2889 4930 apparet,
2939 4860 3114 4914 locum
3170 4858 3272 4913 sibi
3325 4859 3584 4914 adversus

2007 4951 2278 5004 Christum
2305 4950 2512 5003 dicendi
2543 4951 3010 5018 excogitaverunt;
3043 4966 3148 5004 non
3179 4949 3322 5004 enim
3366 4951 3581 5020 patiun-

2009 5047 2115 5103 tur,
2148 5039 2229 5092 vel
2257 5039 2456 5092 sentire
2485 5040 2567 5092 vel
2595 5039 2788 5102 dicere,
2816 5039 2987 5108 ipsum
3012 5039 3104 5092 Dei
3128 5037 3300 5093 Patris
3324 5039 3579 5105 Verbum,

2007 5129 2149 5197 quod
2181 5136 2446 5182 eratante
2474 5129 2664 5182 smcula
2696 5129 2879 5193 Filius,
2913 5129 3214 5183 novissimis
3254 5131 3584 5200 temporibus

2007 5219 2301 5283 inconfuse,
2362 5219 2940 5288 inconvertibiliterque
2994 5219 3284 5273 adunatum
3332 5235 3471 5284 esse,
3515 5236 3582 5274 ex

2010 5310 2184 5373 vulva,
2235 5308 2380 5362 carni
2418 5308 2631 5361 habenti
2677 5309 2910 5362 animam
2958 5308 3348 5373 rationabilem,
3398 5325 3461 5362 ac
3507 5309 3585 5364 sic

2009 5401 2169 5453 fuisse
2190 5399 2461 5453 hominem
2483 5398 2708 5452 similem
2749 5399 2934 5453 nostri.
2969 5398 3074 5452 Sed
3099 5399 3240 5454 sicut
3268 5413 3430 5453 unum
3455 5413 3580 5452 san-

1029 5572 1042 5606 ι
1492 5513 2021 5572 CASTIGATIONES
2059 5515 2145 5569 ET
2183 5512 2412 5606 NOT/E.

399 5621 424 5646 δ
451 5609 505 5664 lu
534 5611 754 5681 epistola
783 5609 997 5678 Pelagii,
1029 5602 1173 5676 quem
1207 5610 1315 5678 ipse
1336 5609 1592 5678 formavit.
1618 5607 1675 5662 In
1706 5608 1870 5662 veteri
1903 5609 2144 5662 versione
2169 5620 2325 5675 supra
2359 5602 2586 5670 laudata,
2619 5604 2703 5675 qui
2725 5603 2878 5674 ﬁnxit
2900 5620 3031 5660 cum.
3058 5602 3256 5660 Βλιυι.
