3978 6188
475 277 584 336 975

997 265 1180 324 MARI'
1235 258 1672 320 MERCATOMS
1709 253 1980 314 TRANSL
1998 251 2278 309 \TlOVES
2321 244 2677 304 ViRlORUlI
2719 239 3244 300 OPUSCULURUM.
3636 241 3728 294 916

478 405 689 449 ctorum
720 388 1100 446 inhabitantem
1131 383 1298 438 Deum
1323 381 1572 435 habuisse
1601 381 2056 437 commemorant,
2091 378 2132 434 Α
2168 371 2234 449 {'5
2262 371 2553 449 anathema.
2575 366 2768 420 dicitur
2810 364 2888 426 ei,
2921 365 3004 434 qui
3036 361 3329 449 defendent
3357 362 3524 449 impia
3577 359 3719 414 Theo-

478 489 614 542 alios
643 485 803 540 etiam
833 482 906 534 ita
925 479 1123 534 sentire
1147 475 1435 530 sollicitant
1461 491 1473 524 :
1507 486 1614 526 non
1637 466 2060 528 considerantes,

477 578 621 648 quod
652 578 703 629 in
734 573 888 629 nobis
934 584 1149 639 quoque
1177 583 1275 638 per
1320 572 1566 620 sanctum
1593 562 1873 632 Spiritum,
1919 567 1980 613 ut
2007 559 2062 611 in

477 668 678 722 sanctis
716 663 944 732 templis,
993 660 1198 714 habitet
1225 657 1464 711 omnium
1497 654 1652 707 Deus.
1682 651 1949 720 Scriptum
1980 654 2063 702 est

475 759 618 813 enim
646 774 657 808 :
685 753 929 814 Nescitis,
955 750 1090 823 quod
1114 747 1355 818 templum
1381 746 1472 798 Dei
1493 746 1634 807 estis,
1662 752 1711 796 et
1729 742 1941 812 spiritus
1966 737 2062 791 Dei

475 847 668 902 habitet
703 847 758 899 in
781 844 959 899 vobis?
996 842 1056 896 Si
1080 841 1191 912 quis
1213 855 1334 907 ergo
1357 835 1597 907 templum
1630 834 1726 890 Dei
1756 831 2055 900 corrumpit,

475 946 764 1007 corrumpet
791 952 904 988 eum
934 933 1104 996 Deus;
1136 930 1376 1000 templum
1399 929 1536 982 enim
1572 926 1663 978 Dei
1702 934 1937 978 sanctum
1958 932 2057 988 est,

474 1030 610 1100 quod
629 1032 750 1082 estis
781 1042 864 1079 vos
888 1023 930 1095 (1
952 1022 1069 1076 Cor.
1095 1038 1170 1086 nr,
1199 1019 1306 1087 16).
1332 1018 1439 1074 Sed
1459 1017 1561 1072 etsi
1591 1014 1852 1069 nominati
1877 1028 2062 1066 sumus

478 1120 694 1189 templa,
729 1118 896 1171 Deum
925 1115 1184 1168 habentes
1213 1110 1599 1164 inhabitantem
1627 1121 1726 1176 per
1769 1103 2056 1174 Spiritum;

467 1221 716 1265 attamen
747 1209 910 1262 alium
939 1205 1196 1276 mysterii,
1234 1202 1527 1257 secundum
1569 1197 1860 1261 Christum,
1903 1195 2060 1249 novi-

461 1319 598 1358 ‘itlllS
627 1301 884 1356 modum:
917 1314 1043 1353 vere
1071 1299 1210 1351 enim
1237 1295 1524 1348 adunatam
1573 1305 1691 1344 esse
1733 1288 1842 1342 Deo
1883 1285 2060 1340 Verbo

474 1395 705 1449 ‘dicimus
733 1406 968 1455 carnem,
996 1389 1281 1442 habentem
1310 1384 1514 1438 scilicet
1543 1381 1775 1434 animam
1820 1377 2059 1432 rationa—

481 1487 662 1541 bilem.

553 1599 659 1655 Sed
683 1600 909 1653 libenter
931 1611 1054 1650 cum
1074 1591 1430 1653 consulerem,
1465 1597 1642 1643 utrum
1665 1587 1923 1640 unitatem
1963 1583 2062 1636 Dei

483 1691 641 1745 Verbi
671 1698 725 1743 et
745 1685 1110 1746 humanitatis,
1143 1684 1255 1737 sive
1283 1679 1454 1735 sancti
1494 1678 1736 1748 corporis
1764 1673 2059 1730 rationabi-

483 1783 603 1835 liter
631 1779 868 1843 animati,
901 1778 1095 1830 factam
1135 1788 1252 1827 esse
1283 1786 1406 1824 vere
1455 1769 1594 1824 conli

481 1884 698 1938 quoque
745 1866 1124 1922 nonnullorum
1172 1860 1438 1930 exemplo,
1495 1873 1591 1928 per
1629 1855 2064 1925 conjunctionem

479 1959 646 2015 solam
680 1957 794 2030 (Cr.
829 1958 1098 2028 συνάφειαν
1121 1948 1392 2024 σχετικὴν]
1414 1948 1622 2004 servilis
1636 1955 1690 2001 et
1704 1947 2062 2002 ἁνυποστὰτου

486 2045 670 2104 fama:
698 2065 818 2103 cum
845 2047 1172 2115 ἓνυποστάτῳ
1193 2042 1362 2096 forma
1392 2039 1593 2104 divina,
1623 2038 1736 2092 sive
1757 2035 1862 2090 alio
1883 2034 2064 2098 modo,

488 2158 582 2213 per
600 2142 770 2196 solam
801 2139 1033 2194 ﬁlietatis
1059 2137 1372 2209 ὁμωνυμίαν,
1397 2140 1452 2186 et
1480 2130 1839 2199 aequalitatem
1889 2126 2061 2195 digni-

488 2232 643 2297 tatis;
676 2238 768 2284 aut
791 2230 835 2285 si
861 2229 996 2282 alius
1025 2227 1162 2282 ullus
1183 2221 1580 2294 conjunctionis
1610 2218 1926 2286 intelligitur
1946 2231 2065 2269 mo-

485 2323 619 2379 dus?
646 2321 754 2377 Sed
799 2321 937 2376 forte
978 2319 1094 2373 sine
1122 2330 1285 2371 causa
1308 2313 1566 2368 molestus
1593 2324 1732 2373 sum,
1759 2315 1814 2362 et
1840 2321 2067 2377 percun-

482 2431 596 2479 οισι·
656 2429 763 2468 non
813 2409 1154 2465 necessario:
1195 2406 1370 2461 habeo
1419 2403 1563 2457 enim
1605 2416 1768 2456 voces
1797 2400 1981 2470 ipsius,
2013 2405 2068 2452 et

483 2503 870 2576 apertissimum
899 2500 1326 2564 confessionem;
1359 2498 1411 2551 in
1459 2496 1635 2566 primo
1686 2507 1916 2562 namque
1961 2492 2066 2545 hoc

483 2596 716 2667 capitulo
762 2594 932 2649 dixit:
974 2591 1101 2646 Ideo
1142 2599 1295 2644 natus
1341 2606 1467 2661 puer
1493 2595 1702 2641 vocatur
1731 2583 2060 2643 Emmanuel,

483 2703 572 2741 nec
597 2685 731 2739 Deus
761 2702 792 2736 α
820 2692 1010 2736 natura
1037 2690 1309 2752 separatur
1335 2679 1582 2741 humana,
1616 2691 1708 2728 nec
1757 2674 1906 2726 homo
1937 2673 2065 2724 divi-

482 2781 642 2833 nitate
687 2776 870 2830 nudus.
902 2772 1226 2844 Oportuerat
1251 2770 1466 2839 quidem
1497 2769 1670 2838 ipsum
1717 2763 1967 2819 subtilem
1997 2777 2064 2816 ex

481 2870 564 2922 his
594 2866 1008 2938 expositionem,
1041 2863 1416 2929 elimatamque
1445 2873 1666 2921 curare;
1700 2863 1954 2910 caztcrum
2010 2853 2064 2907 id

481 2968 631 3015 certe
652 2959 944 3015 notandum
972 2964 1071 3010 est.
1099 2955 1237 3011 Ecce
1259 2954 1401 3009 enim
1426 2953 1539 3022 ipse
1573 2951 1835 3005 unitatem
1881 2947 2066 3017 expla-

483 3067 634 3116 nans,
665 3050 731 3104 ab
760 3049 992 3105 humana
1024 3056 1209 3102 natura
1238 3046 1408 3101 Deum
1454 3044 1659 3098 unitate
1705 3057 1765 3096 se
1811 3055 2064 3109 separare

485 3152 661 3212 negat,
713 3142 1065 3210 eamdemque
1093 3138 1381 3195 confitetur
1421 3136 1588 3190 Deum
1617 3133 1774 3188 simul
1805 3138 1858 3187 et
1883 3131 2060 3185 homi-

481 3250 604 3288 nem
635 3252 646 3286 :
697 3248 794 3288 cur
847 3247 977 3302 ergo
1034 3246 1140 3284 non
1171 3227 1458 3293 erubescit,
1487 3226 1629 3280 dicta
1654 3225 1939 3293 increpans
1963 3237 2064 3276 no-

482 3325 639 3378 stra‘l
671 3335 696 3360 ι

867 3473 895 3510 Δ
904 3473 965 3510 ΝΔ
974 3468 1342 3510 τιιειιλτιειιῦε
1394 3466 1676 3508 SECUNDUS.

553 3568 731 3638 Siquis
758 3583 865 3622 non
895 3565 1234 3630 confiteatur,
1263 3564 1412 3620 carni
1434 3579 1530 3633 per
1549 3560 1901 3616 substantiam
1930 3559 2062 3614 adu-

480 3671 662 3716 natum
691 3676 811 3716 esse
834 3660 929 3715 Dei
959 3658 1131 3713 Patris
1153 3658 1404 3722 Verbum,
1452 3663 1508 3711 et
1547 3669 1712 3709 unum
1756 3667 1876 3708 esse
1903 3651 2061 3707 Chr-i-

473 3762 617 3806 stum
639 3767 759 3807 cum
784 3752 1000 3822 propria
1022 3764 1204 3814 carne,
1227 3747 1471 3803 eumdem
1494 3745 1700 3802 scilicet
1721 3744 1888 3800 Deum
1903 3743 2061 3799 simul

475 3853 525 3897 et
561 3843 865 3908 hominem;
899 3843 1182 3896 anathema
1212 3841 1298 3895 sit.

941 3991 1301 4033 REPREHENSIO
1332 3989 1617 4028 “EBETICI.

553 4086 725 4143 Unum
740 4087 954 4156 quidem
975 4085 1246 4140 Christum
1266 4081 1603 4145 confitemur,
1627 4081 1821 4136 divinis
1845 4089 2064 4151 aposto—

480 4179 654 4232 lorum
683 4175 1059 4230 traditionibus
1086 4173 1542 4242 obtemperantes,
1573 4178 1627 4225 et
1654 4169 1900 4225 eumdem
1935 4185 2064 4239 pro-

479 4276 596 4337 pter
641 4270 816 4323 ἕνωσιν
873 4265 1041 4320 Deum
1095 4272 1150 4319 et
1179 4264 1448 4318 hominem
1472 4261 1829 4316 nominamus.
1862 4259 2061 4314 Verum

474 4362 652 4415 ἕνωσιν
681 4374 776 4427 per
803 4356 1155 4412 substantiam
1178 4355 1392 4425 penitus
1414 4353 1737 4422 ignoramus,
1762 4359 1820 4406 ut
1843 4367 2056 4415 novam,

480 4458 534 4502 et
563 4448 793 4502 alienam
821 4462 850 4499 a
879 4446 1072 4500 divinis
1099 4444 1388 4515 Scripturis
1415 4451 1469 4497 et
1510 4440 1777 4507 Patribus,
1831 4442 1923 4510 qui
1967 4457 2059 4496 eas

482 4537 818 4607 interpretati
838 4544 981 4590 sunt.

546 4630 614 4684 Et
642 4631 728 4685 hic
756 4644 971 4700 quoque
993 4633 1137 4682 totus
1165 4627 1315 4681 locus
1345 4626 1545 4700 relatus
1567 4633 1649 4680 est
1669 4624 2063 4700 damnatusque

472 4702 526 4754 in
575 4717 607 4754 v
659 4695 1221 4772 synodo,'cpropterea
1257 4695 1411 4772 quod
1450 4695 1698 4772 rejiceret
1722 4697 1923 4772 fama-is
1953 4697 2062 4752 καθ’

474 4765 780 4834 amici-curnt,
837 4765 988 4838 cujus
1038 4765 1306 4838 confessio
1332 4773 1433 4838 est
1478 4765 1614 4838 sola,
1647 4765 1969 4838 indubitata,
2003 4775 2060 4820 et

473 4844 674 4896 fraudis
703 4835 914 4911 expers
937 4841 1074 4894 bene
1103 4836 1366 4891 sentiendi
1395 4835 1597 4904 regula.
1652 4835 1806 4891 Unde
1849 4851 2060 4891 canone

2168 442 2330 494 doreti
2356 441 2662 507 conscripta,
2694 451 2807 506 quae
2853 432 3033 486 contra
3073 432 3264 507 rectam
3294 432 3450 500 fidem
3478 441 3526 482 et
3565 442 3732 507 contra

2166 513 2386 580 primam
2408 499 2723 580 Epliesinam
2752 514 2988 580 sanctam
3012 499 3359 580 synodum,“
3389 511 3621 580 sanctum
3640 499 3724 568 Cy-

2166 573 2339 634 rillum
2353 597 2369 644 ;
2392 589 2440 632 et
2457 573 2728 631 duodecim
2769 576 2880 646 ejus
2909 575 3155 646 capitula,
3196 573 3451 646 estposuit,
3485 579 3534 646 _et
3572 573 3730 646 omnia

2165 667 2278 722 qua:
2325 639 2630 722 conscripsit
2659 663 2770 722 pro
2790 639 3084 722 Theodoro
3108 652 3174 722 "et
3204 639 3451 722 Nestorio
3480 642 3662 722 impiis,
3687 651 3730 721 et

2164 712 2258 791 pro
2289 721 2424 780 aliis,
2454 712 2539 791 qui
2568 712 2748 791 eadem
2795 714 3056 785 prazdictis
3108 713 3376 791 Theodoro
3414 721 3462 764 et
3504 712 3729 764 Nestorio

2163 784 2770 861 sapueruntfdefendens
2791 784 2898 861 eos,
2921 793 2971 837 et
2990 800 3161 861 eorum
3189 784 3529 861 impietatem,
3551 790 3598 832 et
3625 799 3731 850 pro-

2163 852 2277 931 pter
2298 861 2392 914 hoc
2412 852 2598 929 impios
2615 873 2799 911 vocans
2815 857 3048 931 doctores
3074 852 3451 931 Ecclesiw,_qui
3477 867 3728 905 uxnnnn

2165 923 2438 985 saccutum
2486 923 2902 984 sUBSIerN'rttn
2949 923 3046 976 Dei
3095 923 3247 976 Verbi
3291 923 3362 975 ad
3391 939 3597 974 carnem
3625 938 3729 973 con-

2163 1003 2392 1071 fitentur,
2423 1009 2527 1054 etc.

2231 1093 2289 1147 Si
2317 1101 2494 1146 autem
2528 1093 2588 1155 is,
2611 1091 2701 1160 qui
2732 1090 2846 1144 htec
2866 1087 3086 1157 reperit,
3118 1087 3230 1139 vult
3258 1086 3437 1140 dicere
3463 1090 3636 1141 ἕνωσιν
3650 1100 3724 1154 ρει

2162 1183 2537 1248 substantiam,
2581 1197 2687 1250 qua
2733 1179 3048 1236 commixtio
3091 1179 3160 1231 sit
3205 1177 3344 1230 facta
3373 1176 3663 1229 divinitatis
3688 1186 3734 1230 et

2163 1279 2361 1343 carnis,
2409 1275 2840 1331 contradicemus
2878 1271 3024 1326 omni
3070 1270 3369 1332 alacritate,
3420 1277 3476 1323 et
3502 1269 3735 1339 blasphe-

2162 1370 2325 1423 mium
2348 1366 2750 1421 convinccmus.
2774 1361 3005 1418 Necesse
3027 1368 3110 1414 est
3138 1360 3280 1414 enim
3307 1359 3735 1413 conmixtionem

2163 1461 2406 1518 confusio
2429 1466 2711 1527 sequatur;
2742 1464 2928 1510 secuta
2958 1461 3136 1506 autem
3168 1451 3415 1505 confusio
3438 1450 3627 1503 adimit
3651 1464 3736 1501 na-

2163 1560 2294 1606 tura:
2340 1549 2767 1620 proprietatem:
2816 1559 2936 1613 qua:
2984 1543 3126 1596 enim
3178 1541 3496 1602 miscentur,
3527 1538 3581 1591 id
3610 1537 3739 1606 quod

2162 1651 2318 1699 erant
2359 1651 2503 1704 ante,
2534 1655 2642 1694 non
2691 1643 2934 1701 servant;
2969 1635 3020 1689 id
3052 1642 3229 1688 autem
3259 1631 3328 1686 de
3354 1631 3468 1685 Deo
3491 1630 3668 1684 Verbo
3693 1639 3740 1683 et

2093 1751 2136 1809 Β
2164 1735 2229 1790 de
2250 1733 2455 1788 semine
2476 1730 2642 1784 David
2671 1727 2872 1791 dicere,
2904 1724 3377 1793 ﬂagitiosissimum
3404 1729 3503 1774 est.
3527 1719 3741 1789 Oportet

2169 1836 2345 1881 autem
2376 1825 2751 1893 obtemperare
2780 1819 3010 1874 Domino
3037 1815 3428 1872 demonstranti
3470 1813 3608 1868 duas
3652 1828 3740 1866 na-

2168 1929 2333 1983 turas,
2361 1926 2415 1971 et
2442 1914 2640 1970 dicenti
2662 1911 2860 1967 Judceis
2885 1927 2896 1962 :
2930 1909 3126 1964 Solvite
3149 1908 3388 1978 templum
3420 1904 3584 1967 istud,
3620 1917 3666 1957 et
3694 1906 3742 1957 in

2167 2013 2335 2066 triduo
2382 2006 2710 2078 retrdiﬁcabo
2754 2006 2919 2075 ipsum
2952 2000 3130 2071 (Joan.
3157 2016 3214 2064 ιι,
3249 1997 3356 2068 l9).
3393 1996 3461 2050 At
3508 1996 3554 2049 si
3605 2011 3742 2051 com-

2167 2103 2358 2159 mixtio
2389 2101 2576 2155 fuisset
2597 2097 2757 2162 facta,
2784 2110 2882 2149 nec
2913 2093 3053 2147 Deus
3085 2088 3434 2144 remansisset
3463 2085 3629 2150 Deus,
3659 2100 3744 2139 nec

2167 2197 2424 2268 templum
2455 2200 2874 2262 cognosceretur
2897 2187 3176 2257 templum,
3206 2184 3299 2240 sed
3339 2191 3395 2238 et
3447 2182 3593 2236 Deus
3620 2189 3744 2234 tem-

2165 2291 2312 2362 plum
2344 2296 2507 2353 esset,
2539 2296 2594 2341 et
2617 2285 2875 2355 templum
2901 2282 3041 2337 Deus
3067 2299 3079 2334 :
3106 2281 3158 2335 id
3183 2280 3325 2334 enim
3357 2274 3744 2333 commixtionis

2166 2385 2304 2438 ratio
2333 2381 2602 2453 postulat;
2635 2386 2690 2434 et
2711 2393 2818 2431 non
2843 2383 2991 2431 recte
3017 2372 3278 2428 Dominus
3298 2369 3498 2424 Iudaeis
3515 2367 3739 2422 dixerit:

2168 2475 2361 2530 Solvite
2383 2473 2623 2543 templum
2646 2469 2804 2536 istud,
2836 2470 2961 2523 etin
2993 2465 3167 2520 triduo
3190 2463 3521 2533 rewdiﬁcabo
3567 2462 3744 2530 ipsum.

2165 2564 2490 2636 Oportuerat
2519 2563 2661 2618 enim
2694 2561 2768 2616 ita
2797 2559 2978 2615 dicere
3004 2576 3017 2610 :
3050 2555 3254 2610 Solvite
3279 2569 3388 2618 me,
3423 2560 3478 2606 et
3502 2552 3555 2605 in
3585 2551 3748 2604 triduo

2165 2671 2475 2725 resurgam;
2522 2652 2788 2722 siquidem
2838 2664 2967 2705 vere
3014 2647 3350 2709 commixtio,
3401 2642 3748 2710 confusioque

2166 2746 2354 2800 fuisset
2381 2743 2522 2799 facta
2549 2762 2562 2796 :
2597 2758 2739 2797 nunc
2760 2748 2940 2795 autem
2962 2737 3218 2802 ostendit,
3247 2744 3303 2791 et
3344 2734 3610 2804 templum
3647 2732 3748 2786 sol-

2167 2836 2420 2901 vendum,
2443 2842 2498 2889 et
2522 2833 2966 2889 resuscitaturum
2993 2829 3181 2884 Deum.

2236 2924 2515 2996 Superllua
2564 2924 2726 2992 igitur
2773 2937 2872 2993 per
2906 2919 3260 2976 substantiam
3291 2919 3494 2979 ἶνωσις,
3526 2929 3632 2982 qua
3661 2928 3749 2983 pro

2165 3017 2572 3081 commixtione,
2589 3021 2649 3069 ut
2669 3013 2881 3084 opinor,
2898 3018 3149 3076 utuntur;
3168 3008 3363 3064 suflicit
3381 3016 3561 3062 autem
3582 3006 3747 3061 ἕνωσιν

2089 3115 2132 3177 C
2165 3108 2365 3173 dicere,
2420 3122 2541 3177 qua:
2592 3112 2648 3161 et
2685 3113 2998 3160 naturarum
3027 3102 3388 3172 proprietates
3415 3098 3673 3159 ostendit.
3699 3103 3748 3149 et

2171 3213 2334 3254 unum
2357 3196 2687 3253 adorandum
2717 3193 2959 3266 praecipit
2985 3191 3281 3247 Christum.

2645 3346 2928 3388 BESPONSIO
2967 3343 3289 3386 OBTIIODOXI.

2240 3469 2378 3525 Ecce
2421 3469 2612 3523 iterum
2637 3479 2930 3534 generosus
2971 3459 3114 3517 isteb
3139 3461 3400 3515 barbarus
3430 3473 3498 3512 ex
3526 3457 3750 3512 minimis

2167 3562 2345 3619 causis
2374 3559 2715 3615 occasionem
2744 3553 3097 3611 maledicendi
3125 3561 3380 3623 captans,
3412 3549 3751 3620 reprehendit

2168 3654 2460 3708 dictionem
2489 3649 2635 3719 quod
2667 3663 2766 3719 per
2797 3646 3151 3702 substantiam
3181 3643 3492 3706 dixerimus,
3525 3648 3582 3695 et
3611 3655 3751 3695 eam-

2168 3746 2291 3801 dem
2319 3743 2589 3798 insolitam
2617 3757 2737 3796 esse
2763 3740 2969 3805 deﬁnit,
3001 3746 3054 3794 et
3076 3754 3218 3792 novo
3238 3753 3392 3792 more
3413 3751 3533 3790 eam
3566 3734 3751 3789 factam

2169 3851 2287 3890 esse
2313 3851 2344 3888 a
2365 3834 2518 3889 nobis
2546 3832 2777 3887 afﬁrmat
2797 3848 2810 3896 ;
2830 3845 2928 3886 nec
2952 3829 3278 3892 considerat,
3291 3826 3437 3895 quod
3464 3825 3751 3880 dictionum

2168 3929 2249 3981 vis
2262 3925 2402 4000 [Bal.
2426 3942 2530 3981 om.
2547 3925 2840 3981 dictionum
2855 3919 2974 3992 vis],
2991 3922 3275 3992 impiorum
3291 3919 3668 3974 htereticorum
3683 3933 3752 3969 ar-

2170 4017 2331 4086 gutiis
2358 4017 2639 4072 veritatem
2667 4029 2967 4085 opponens,
2992 4011 3244 4068 convellit
3266 4010 3348 4075 id,
3376 4008 3522 4079 quod
3552 4008 3754 4062 videtur

2178 4109 2461 4164 obsistere.

2239 4197 2486 4253 Nestorio
2507 4196 2668 4266 igitur
2688 4196 2883 4265 ubique
2913 4202 3207 4250 evacuante
3234 4192 3330 4248 Dei
3365 4191 3523 4246 Verbi
3566 4204 3754 4244 secun-

2169 4288 2297 4344 dum
2324 4303 2540 4344 carnem
2567 4289 2992 4357 generationem,
3017 4294 3072 4341 et
3099 4286 3268 4340 solam
3301 4283 3622 4352 dignitatum
3643 4281 3751 4335 uni-

2169 4387 2336 4434 tatem
2355 4379 2854 4442 nobisinstituente,
2873 4385 2927 4432 et
2955 4377 3165 4432 dicente
3193 4376 3466 4430 hominem
3497 4375 3609 4429 Deo
3629 4388 3752 4429 oon-

2096 4498 2144 4558 ο
2168 4469 2410 4538 junctum
2440 4470 2675 4524 tilietatis
2687 4469 2952 4544 ὁμωνυμίᾳ
2978 4467 3138 4522 fuisse
3153 4468 3479 4522 honoratum
3499 4483 3513 4531 ;
3540 4479 3752 4520 necesse

2173 4559 2290 4626 fuit,
2313 4569 2374 4614 ut
2401 4576 2500 4615 nos
2521 4560 2775 4614 adversus
2798 4560 2938 4614 illius
2962 4558 3101 4614 dicta
3127 4566 3365 4626 agentes,
3389 4572 3488 4627 per
3506 4558 3750 4611 substan-

2172 4651 2301 4704 tiam
2314 4653 2493 4706 ἕνωσιν
2509 4651 2701 4705 factam
2724 4649 2883 4704 fuisse
2907 4649 3224 4705 diceremus.
3245 4648 3342 4703 Hic
3370 4655 3552 4702 autem
3580 4662 3750 4701 sermo

2173 4743 2305 4795 nihil
2326 4742 2468 4796 aliud
2495 4739 2788 4810 signiﬁcat,
2821 4741 2923 4795 nisi
2950 4741 3002 4793 id
3027 4747 3234 4793 tantum
3253 4778 3267 4801 ,
3293 4739 3437 4807 quod
3467 4738 3627 4792 Verbi
3659 4753 3751 4790 na-

2170 4845 2312 4903 tura,
2335 4836 2450 4890 sive
2479 4834 2793 4898 substantia,
2823 4833 2873 4888 id
2904 4840 3004 4899 est,
3030 4833 3203 4902 ipsum
3223 4831 3480 4895 Verbum,
3512 4830 3752 4883 humana:

1652 5032 2192 5092 CASTIGATIONES
2230 5036 2316 5090 ET
2356 5034 2582 5090 ΝΟΤίΕ.

547 5196 570 5222 ⁸
605 5185 782 5238 Baluz.
815 5183 960 5237 addit
988 5181 1112 5235 hic:
1145 5188 1192 5233 et
1214 5177 1516 5231 criminatur
1563 5175 1818 5228 immerito
1863 5189 2051 5226 secun-

474 5259 596 5310 dum
616 5254 1117 5314 anathematismum,
1141 5251 1224 5321 qui
1253 5265 1314 5321 se
1335 5250 1408 5301 ita
1429 5245 1604 5321 habet1
1632 5243 1785 5297 EDIT.

549 5327 574 5365 ιι
605 5324 727 5379 llmc
783 5340 885 5379 vox
930 5338 1036 5376 non
1087 5312 1377 5389 respondet
1415 5317 1533 5370 voci
1566 5313 1761 5389 Crmca:
1785 5312 2048 5389 γεννάδας,

475 5413 579 5466 qua
603 5396 691 5450 hic
719 5411 843 5466 usus
871 5401 953 5448 est
979 5382 1236 5466 Cyrinus;
1269 5402 1507 5466 eamque
1536 5387 1610 5466 oh_
1653 5382 1870 5466 causam
1916 5382 2050 5464 Gar-

477 5433 658 5522 ilierius
685 5465 884 5520 addidit
911 5433 1107 5533 vocém
1127 5433 1474 5533 geugrosnsjet
1496 5458 1568 5511 ita
1599 5455 1726 5523 legit
1759 5473 1770 5506 :
1799 5433 2048 5507 Ecce'ite-

476 5555 588 5619 ram
617 5552 906 5619 _generos_us
1093 5527 1358 5586 barbarus.
1390 5527 1584 5619 YerLum
1767 5539 2046 5619 'generasus

477 5595 789 5678 simpliciter
837 5603 1117 5678 legendum
1147 5614 1228 5657 est
1255 5597 1652 5678 aut_barb_arus.
1684 5595 1907 5678 Videtur
1953 5608 2046 5678 an:

480 5663 596 5733 tem.
637 5677 830 5732 Marius
883 5663 1145 5729 Mercator
1188 5671 1457 5740 accepisse
1511 5669 1620 5722 haec
1669 5665 1833 5721 verba
1862 5663 2047 5734 Cyrilli

2162 5184 2438 5244 tamquam
2463 5172 2684 5244 ironica,
2710 5177 2765 5244 et
2788 5166 3153 5244 ide_o_vertisse
3184 5178 3369 5244 vocem
3390 5161 3627 5235 γεννάδας
3656 5177 3751 5244 per

2160 5231 2351 5300 vocein
2383 5243 2653 5306 barbarus,
2673 5231 2826 5295 "sicut
2855 5239 2990 5292 infra
3020 5250 3138 5304 pag.
3191 5231 3316 5298 288,
3348 5231 3467 5306 pro
3491 5248 3573 5306 eo
3601 5231 3744 5299 quod

2158 5316 2300 5385 apud
2322 5314 2580 5384 Cyrillum
2601 5303 2857 5385 scriptum
2883 5316 2966 5361 est
2994 5306 3019 5361 ὁ
3043 5308 3254 5385 Θραςύς,
3283 5303 3428 5372 quod
3443 5303 3606 5383 isthic
3626 5316 3750 5353 ver-

2158 5373 2274 5440 tere
2302 5377 2561 5439 debuerat
2586 5373 2763 5434 audtis:
2791 5386 2884 5432 aut
2932 5373 3230 5431 temerarius
3252 5415 3269 5436 ,
3303 5373 3482 5442 posuit
3511 5382 3745 5442 strenuus

2157 5455 2301 5524 quod
2321 5464 2402 5510 est
2426 5453 2594 5508 laudis
2622 5451 2802 5524 potius
2825 5463 2989 5524 quam
3017 5445 3288 5515 vituperii.
3305 5440 3486 5524 isthic
3508 5456 3600 5524 pro
3622 5440 3742 5524 iter:

2158 5510 2310 5580 b'arus
2334 5534 2487 5580 vetus
2517 5525 2606 5577 illa
2625 5510 2809 5576 'versio
2843 5510 3011 5591 'cujns
3056 5510 3182 5571 ante
3220 5510 3560 5570 meminimus
3584 5510 3746 5565 habet

2159 5599 2323 5666 fortis.
2355 5597 2551 5650 BALUZ.
