3978 6188
278 298 384 355 9⁵17

959 303 1015 359 S.
1056 299 1326 359 CI'IIILLI
1366 296 1886 355 APOLOCETICUS
1928 297 2292 356 ADVERSUS
2333 300 2869 358 TllEODORETUM.

3444 304 3555 357 (ΖΓΚ

285 422 486 468 natum
508 429 633 469 vere
659 414 966 478 adunatum,
1010 416 1213 483 absque
1246 413 1392 468 omni
1433 412 1784 468 conversione
1811 418 1866 466 et
1894 420 1938 474 Α
1970 415 2139 482 magis
2164 415 2522 470 conventione
2551 417 2800 485 quadam,
2832 430 2950 485 qua:
2980 416 3046 470 sit
3074 416 3229 482 facta,
3254 430 3349 485 per
3370 418 3547 471 ἕνωσιν

279 504 611 568 confusione,
637 512 695 557 ut
717 520 857 573 saepe
880 504 1110 558 diximus
1126 546 1153 589 ,ι
1168 520 1303 559 unus
1331 504 1656 573 intelligatur
1671 546 1683 565 ,
1711 510 1765 558 et
1791 503 1861 557 sit

276 596 543 660 Christus,
576 597 689 665 ipse
719 597 858 650 Deus
884 605 940 650 et
968 596 1150 651 homo.

357 707 601 761 Notanda
626 715 750 761 sunt
778 717 1027 762 accurate
1053 708 1152 761 ista
1181 706 1361 779 Cyrilli
1396 707 1553 761 verba
1582 713 1714 779 (τὴν
1756 706 1862 761 καθ’

284 779 583 850 ὑπόστασιν
605 780 780 833 ἕνωσιν
798 780 1028 850 γενέσθαι
1049 777 1345 850 parui-4,306
1368 796 1383 827 ί
1399 778 1513 850 καθ’
1528 777 1820 850 {moerorum
1840 795 1857 825 ι

280 849 429 903 οὐδὲν
457 851 627 919 ἕτερον
650 846 1029 919 ἀποφάίνοντος.
1057 846 1189 919 ’πλὴν
1231 846 1312 902 ὅτι
1346 849 1494 919 μόνω
1592 855 1682 902 τοῦ
1716 846 1863 919 λόγου

281 920 459 991 φύσις,
492 917 641 992 ἤγουν
664 928 690 978 ἠ
722 917 1034 992 (laboratam,
1055 917 1080 972 ὁ
1098 920 1232 973 ἐστιν
1261 918 1467 992 αὐτός’-ὁ
1494 917 1655 989 λόγος,

283 986 577 1063 ἆτείῗᾳγφύσέι
597 992 729 1043 κατὰ
759 990 989 1063 ᾠήθην
1015 990 1234 1051 ένωθεὶς,
1254 997 1367 1063 etc.
1398 986 1616 1040 Factam
1652 986 1867 1063 dicimus

282 1056 572 1112 insitionem
592 1059 870 1111 secundum
893 1059 1216 1119 ὐπὸστασινς
1244 1058 1325 1110 hic
1353 1066 1519 1110 autem
1550 1074 1716 1110 sermo
1740 1056 1870 1109 nihil

284 1130 438 1183 aliud
466 1130 756 1199 significat,
801 1130 901 1182 nisi
942 1128 996 1180 id
1045 1138 1280 1199 tanturn,
1303 1127 1436 1199 quod
1466 1126 1617 1180 Verbi
1647 1137 1866 1189 natura,

282 1203 397 1255 sive
415 1196 721 1269 Iiyposmsis,
753 1199 807 1250 id
828 1209 920 1269 est,
952 1200 1117 1268 ipsum
1161 1196 1379 1269 Verbum
1403 1198 1639 1269 humanae
1672 1208 1872 1269 natura:

286 1288 409 1324 rere
446 1265 677 1331 unitum,
717 1277 819 1322 etc.
864 1265 992 1321 Inde
1021 1269 1161 1321 enim
1200 1267 1509 1334 intelligitur
1543 1265 1745 1321 famosa
1784 1266 1873 1319 illa

286 1339 571 1407 Athanasii
619 1353 681 1392 ac
707 1338 889 1409 Cyrilli
928 1339 1189 1392 sententia
1222 1354 1234 1388 :
1266 1336 1410 1409 Posr
1444 1352 1729 1409 umnousu
1772 1352 1873 1390 um

287 1426 395 1465 ssr
422 1410 585 1463 Vnam
608 1409 705 1461 DEI
752 1407 959 1462 unum
1008 1424 1324 1462 INCABNATA.
1369 1407 1567 1460 Natura
1606 1408 1748 1460 enim
1777 1422 1875 1475 pro

286 1480 567 1550 hypostasi
589 1479 760 1550 posita
787 1487 900 1550 est;
928 1494 1106 1550 neque
1125 1477 1263 1550 illud
1291 1478 1675 1550 catholicorum
1690 1477 1874 1550 singu-

290 1545 411 1604 lare
440 1556 539 1604 est.
590 1545 707 1617 Ipse
736 1549 897 1603 etiam
927 1548 1202 1603 Nestorius
1220 1589 1234 1612 ,
1266 1549 1311 1601 si
1337 1547 1601 1602 credimus
1629 1545 1876 1617 Patribus

290 1638 323 1671 v
366 1620 576 1689 synodi,
592 1615 812 1672 naturas
832 1619 1029 1687 posuit,
1045 1634 1143 1687 pro
1160 1618 1551 1687 hypostasibus,
1566 1631 1684 1670 cum
1707 1615 1870 1689 dixit:

290 1685 522 1755 Propter
559 1706 673 1742 eum
709 1690 795 1759 qui
835 1685 1029 1749 induit,
1048 1685 1168 1742 eum
1199 1685 1284 1759 qui
1312 1688 1520 1741 indutus
1547 1696 1640 1747 est,
1665 1685 1825 1759 adoro
1856 1702 1875 1739 :

292 1768 507 1829 propter
525 1776 639 1812 eum
660 1756 747 1829 qui
766 1759 991 1813 occultus
1020 1768 1125 1823 est,
1156 1756 1269 1811 eum
1300 1760 1391 1829 qui
1436 1765 1669 1827 apparet,
1693 1756 1876 1812 adoro.

1966 506 2260 560 naturalem
2288 524 2301 570 ;
2338 508 2622 563 anathema
2651 510 2737 563 sit.

2422 647 2783 687 REPREHENSIO
2813 647 3095 686 HERETICI.

2038 741 2278 798 Obscura
2307 742 2523 812 quidem
2545 743 2807 798 dictorum
2830 744 3226 812 caliginosaque
3251 746 3512 798 sententia
3536 764 3551 809 ;

1966 834 2127 904 plana
2142 850 2270 888 vero
2293 833 2435 904 apud
2455 835 2573 903 pios
2600 835 2837 904 ipsorum
2858 834 3145 889 dementia.
3160 833 3258 889 Cui
3282 836 3420 895 enim
3446 853 3549 893 non

1968 930 2038 983 sit
2064 930 2424 999 perspicuum,
2438 930 2581 999 quod
2597 930 2904 999 coniunctio
2926 940 2979 985 et
3000 932 3285 986 conventio
3304 933 3433 986 nihil
3454 933 3555 987 dif-

1969 1019 2216 1073 ferant?"
2235 1036 2360 1073 nam
2388 1027 2445 1074 et
2472 1021 2759 1074 conventio
2787 1035 2973 1074 eorum
2999 1028 3098 1085 est,
3118 1037 3234 1089 quae
3257 1032 3411 1075 erant
3431 1032 3554 1076 ante

1972 1108 2160 1163 divisa.
2210 1108 2315 1164 Sed
2345 1108 2647 1178 hujusmodi
2676 1111 2963 1164 verborum
2991 1110 3437 1179 prudentissimus
3465 1127 3557 1179 ge-

1974 1207 2213 1262 nerator,
2242 1208 2515 1269 tamquam
2542 1200 2809 1255 contraria
2838 1201 3017 1269 posuit
3043 1200 3204 1254 verba
3232 1201 3333 1254 sibi
3362 1217 3558 1254 convc—

1975 1292 2177 1345 nientia
2212 1309 2224 1343 :
2263 1289 2385 1345 Non
2418 1293 2552 1345 enim
2592 1300 2824 1362 oportet,
2859 1292 3059 1360 inquit,
3100 1292 3412 1362 conjungere
3439 1309 3562 1346 con-

1967 1384 2237 1455 junctione
2254 1382 2695 1447 substantias;sed
2718 1383 3107 1453 complexione,
3132 1392 3186 1437 et
3205 1384 3561 1437 conventione

1978 1473 2248 1537 naturali,
2280 1480 2373 1527 aut
2394 1473 2646 1542 ignorans
2675 1472 2813 1528 forte
2842 1472 2968 1543 quid
3015 1473 3190 1539 dicat,
3227 1480 3318 1527 aut
3345 1474 3562 1529 sciendo

1976 1565 2377 1635 blasphemans.

2048 1655 2250 1711 Natura
2282 1656 2426 1711 enim
2446 1672 2539 1711 res
2578 1663 2660 1712 est
2681 1656 2923 1726 quaedam
2951 1657 3256 1727 imperiosa,
3288 1664 3341 1710 et
3367 1671 3566 1725 cogens

1983 1747 2227 1817 qumdam
2256 1761 2436 1816 agere,
2481 1738 2589 1803 nbn
2636 1748 2930 1803 voluntate.
2955 1748 3050 1802 Est
3078 1756 3255 1804 autem
3287 1748 3395 1802 tale
3422 1748 3564 1817 quod

296 1808 986 1911 ig.;2;,;r;5an;m§,a:
1022 1808 1265 1911 ipsum;
1287 1808 1424 1882 ne...
1440 1808 1583 1881 "2;..-
1610 1808 1883 1896 papam

2002 1838 2109 1893 lico
2143 1856 2155 1891 :
2181 1838 2377 1893 Natura
2403 1841 2700 1903 esurimus,
2731 1856 2837 1893 non
2860 1840 3136 1895 voluntate
3164 1841 3266 1896 hoc
3304 1842 3567 1911 patientes

292 1901 435 1970 ejus,
467 1900 550 1970 qui
568 1898 931 1970 inseparabilis
960 1898 1337 1970 es_t,Iionorem_
1354 1914 1455 1951 non
1486 1913 1884 1970 s_eparo,sepqro

296 1966 535 2034 naturas,
576 1969 666 2022 sed
686 1966 824 2023 lunia
850 1970 905 2023 in
938 1968 1240 2039 adoratione
1266 1968 1469 2039 (Servii.
1497 1966 1551 2039 7_.
1583 1983 1723 2039 nunt.
1757 1966 1883 2035 56).

297 2039 539 2093 Alteram
561 2054 689 2093 vero
712 2054 896 2094 vocem
919 2054 1039 2093 cum
1063 2038 1230 2091 altera
1257 2036 1885 2092 eonfuditTheodoretus

296 2110 355 2163 in
390 2108 806 2178 reprehensione
833 2108 1211 2176 consequentis
1256 2106 1719 2178 anathematismi,
1764 2120 1885 2159 cum

294 2180 379 2233 ait
408 2198 418 2231 :
450 2177 540 2254 ιζῆς
560 2187 651 2234 τοῦ
672 2180 804 2254 eam:
842 2187 1033 2254 μορφῆς
1052 2180 1308 2254 ὴξϐούσῃς
1328 2184 1531 2254 vivaci)
1554 2177 1734 2254 δοιξλοιρ
1760 2198 1889 2254 pop-

298 2256 415 2323 φήν.
451 2251 501 2304 ἓν
533 2254 622 2323 μὲν
645 2246 1061 2323 πρὼωῂοὗλκαζ
1088 2250 1175 2323 Eva:
1203 2250 1307 2303 υ⁷ὸν
1352 2252 1434 2323 nati
1461 2250 1681 2323 Xptarbv
1707 2246 1887 2323 5501b-

297 2314 418 2391 θεῖν
447 2314 665 2380 miser
687 2314 793 2374 ’δύο
918 2322 1012 2380 τὰς
1042 2320 1311 2380 ἕνωθείσας
1348 2314 1686 2382 ὑποστίάσεις,
1724 2314 1889 2371 eiram

296 2388 501 2463 quiane,
530 2392 689 2463 λέγειν
714 2392 804 2444 οὐκ
834 2388 1039 2445 ἄτοπον.

377 2522 434 2578 Id
451 2530 647 2587 autem,
663 2531 721 2577 ut
736 2522 945 2592 Opinor,
966 2522 1307 2578 Theodoreto
1323 2522 1425 2593 ipsi
1442 2521 1653 2577 videtur
1670 2522 1890 2587 dicenti,

297 2617 371 2672 ab
421 2619 646 2671 humana
692 2627 881 2671 natura
928 2617 1095 2671 Deum
1133 2634 1238 2672 non
1268 2619 1427 2688 fuisse
1451 2626 1776 2688 separatum,
1800 2630 1895 2668 nec

296 2708 495 2780 absque
515 2709 703 2762 deitate
724 2708 1094 2761 humanitatem
1115 2708 1354 2779 intelligi.
1380 2707 1544 2777 Igitur
1566 2722 1666 2761 nec
1693 2706 1896 2775 absque

296 2799 616 2854 substantiis
642 2800 783 2853 servi
823 2808 878 2854 et
914 2799 1009 2854 Dei
1050 2798 1250 2854 formas
1276 2799 1593 2869 conjunctas
1633 2798 1889 2864 dicimus,

299 2906 409 2945 nec
442 2905 778 2945 communem
817 2891 1089 2945 hominem
1126 2890 1437 2961 aequalitate
1478 2890 1593 2944 sola
1621 2888 1896 2957 dignitatis

296 2981 625 3036 honoratum
639 2988 901 3051 σχετικῶς
914 2996 1013 3035 con
1014 2979 1259 3049 junctum
1271 2995 1387 3034 esse
1402 2979 1580 3034 Verbo
1594 2978 1894 3043 deﬁnimus;

300 3072 407 3126 sed
436 3072 628 3141 ipsum,
654 3078 711 3125 ut
733 3086 893 3140 supra
922 3070 1053 3136 dixi,
1085 3070 1276 3124 Filium
1306 3069 1401 3123 Dei
1431 3068 1781 3137 unigenitum,
1805 3070 1898 3137 qui

298 3178 437 3216 vere
465 3177 679 3216 carnem
701 3162 1015 3231 assumpsit,
1048 3176 1168 3230 qua:
1209 3161 1434 3215 haberet
1476 3161 1708 3217 animam
1731 3161 1896 3215 ratio-
1922 3186 1964 3245 ρ

303 3252 561 3317 nabilem,
586 3252 857 3307 hominem
880 3251 1077 3307 factum
1094 3292 1109 3317 ,
1142 3252 1215 3306 ita
1241 3259 1420 3306 tamen
1441 3259 1500 3306 ut
1519 3259 1823 3306 remaneret
1843 3258 1898 3306 et

303 3344 471 3398 Deus.

384 3434 488 3489 Sed
513 3436 594 3489 vir
620 3435 709 3489 ille
737 3436 1025 3489 vehemens
1046 3434 1313 3496 oratione,
1340 3442 1394 3489 et
1407 3434 1735 3503 cogitatione
1755 3449 1901 3488 acer-

300 3529 495 3591 rimus,
522 3529 960 3583 commixtionem
1007 3526 1295 3597 signiﬁcari
1328 3527 1633 3596 hujusmodi
1662 3528 1899 3583 dictione

301 3617 516 3683 deﬁnit,
543 3628 597 3673 et
621 3619 801 3673 dicere
830 3618 1021 3683 audet,
1054 3626 1215 3685 atque
1238 3632 1320 3682 ea,
1350 3632 1468 3685 quae
1490 3632 1559 3671 ex
1587 3625 1896 3671 naturarum

303 3710 695 3765 commixtione
715 3710 1051 3777 contingant,
1085 3708 1338 3778 proponit
1367 3709 1419 3761 in
1448 3708 1682 3762 medium
1701 3749 1715 3772 ,
1745 3708 1899 3775 quasi

303 3817 412 3853 nos
438 3801 771 3867 ignoremus,
798 3817 865 3854 an
896 3800 1033 3855 forte
1060 3801 1290 3869 quadam
1307 3801 1592 3855 insolentia
1615 3800 1895 3869 gloriatur,

299 3900 362 3943 et
404 3892 675 3944 existimat
715 3891 983 3945 neminem
1039 3900 1234 3959 przeter
1273 3906 1333 3945 se
1380 3890 1562 3953 alium,
1596 3889 1898 3944 orationem

303 4000 490 4056 posse,
520 3992 778 4052 quantum
807 3984 1065 4047 voluerit,
1096 3998 1427 4053 propagare;
1458 3983 1503 4037 si
1532 3982 1723 4045 modo,
1754 3982 1898 4051 quod

301 4092 336 4129 a
387 4074 534 4127 nullo
575 4074 645 4128 sit
685 4075 906 4140 dictum,
936 4083 1205 4143 tamquam
1234 4090 1360 4128 vere
1381 4074 1601 4137 dictum,
1632 4074 1732 4129 sibi
1773 4090 1900 4142 pro-

300 4166 583 4237 posuerit,
616 4175 676 4219 ut
705 4166 902 4234 aliquid
932 4167 1177 4221 videatur
1205 4182 1324 4221 esse
1349 4166 1489 4237 apud
1517 4182 1637 4232 eos,
1669 4167 1760 4235 qui
1786 4167 1898 4222 dis-

302 4272 534 4314 cernere
561 4258 823 4323 nesciunt,
847 4259 936 4326 qui
959 4259 1065 4312 sint
1085 4258 1378 4326 vaniloqui,
1411 4258 1818 4326 mendacesque,
1846 4266 1902 4311 et

302 4349 404 4419 qui
436 4357 640 4402 rectam
670 4350 810 4401 viam
831 4356 1053 4402 teneant
1070 4348 1330 4414 veritatis,
1355 4356 1409 4403 et
1432 4349 1722 4418 prudentes
1744 4364 1900 4403 exer-

302 4448 473 4495 ceant
497 4440 936 4507 necessariosque
964 4454 1258 4494 sermones.

383 4528 655 4600 Opinabar
682 4531 916 4599 quidem,
950 4530 1231 4595 conﬁteor,
1264 4546 1293 4584 a
1323 4531 1606 4601 principio,
1639 4531 1899 4600 capitulo-
1931 4558 1984 4619 Ι)

306 4638 431 4675 rmn
457 4622 563 4674 vim
594 4624 765 4691 ipsum
796 4624 1015 4676 minime
1038 4624 1329 4690 ignorasse,
1360 4623 1454 4678 sed
1476 4623 1727 4677 simulare
1751 4623 1903 4689 igno-

306 4714 563 4778 rantiam,
583 4723 637 4768 et
666 4716 718 4768 in
749 4716 851 4768 hoc
878 4714 1195 4783 quibusdam
1218 4716 1537 4783 gratiﬁcari;
1569 4731 1694 4770 vere
1719 4722 1901 4770 tamen

306 4820 438 4859 cum
472 4805 744 4872 ignorasse
778 4821 917 4859 nunc
937 4805 1195 4873 comperi.

734 4933 1211 4972 ANATHEMATISMUS
1250 4935 1492 4973 TERTIUS.

389 5024 485 5093 Siq
526 5027 569 5079 is
610 5028 659 5080 in
693 5042 799 5080 uno
827 5024 1042 5081 Christo
1072 5027 1274 5081 dividat
1300 5029 1625 5082 substantias
1642 5039 1761 5098 post
1792 5032 1909 5084 uni-

314 5126 506 5181 tatem,
531 5126 584 5172 et
605 5120 984 5186 conjunctione
1006 5120 1119 5173 sola
1150 5118 1445 5187 conjungat
1473 5121 1764 5176 secundum
1794 5123 1909 5191 dig-

316 5210 577 5274 nitatem,
604 5210 685 5263 vel
710 5211 1097 5277 auctoritatem,
1127 5210 1212 5264 vel
1232 5210 1684 5276 dominationem,
1709 5230 1771 5269 ac
1799 5232 1905 5268 non

1988 1928 2195 2002 [Baluz.
2220 1928 2519 2001 sitientes],
2550 1931 2644 1985 sed
2674 1931 3027 1995 necessitate;
3062 1946 3125 1985 ac
3175 1932 3228 1986 ni
3272 1933 3348 1987 ita
3391 1938 3565 1995 esset,

1987 2034 2253 2089 pauperes
2277 2034 2307 2072 a
2336 2020 2678 2075 mendicitate
2708 2021 3088 2086 liberarentur,
3120 2022 3382 2077 habentes
3401 2022 3453 2076 in
3475 2037 3567 2075 vo-

1989 2110 2195 2165 luntate
2222 2127 2348 2177 sua,
2378 2120 2437 2165 ut
2475 2128 2583 2167 non
2624 2113 2893 2177 esuriant;
2937 2114 3256 2168 naturaliter
3278 2114 3566 2177 sentimus,

1992 2202 2309 2257 naturaliter
2344 2202 2658 2265 dormimus,
2690 2204 3008 2258 naturaliter
3034 2205 3277 2274 spiritum
3306 2205 3570 2260 ducimus.

1992 2292 2192 2348 Verum
2221 2294 2337 2349 hazc
2356 2296 2565 2360 omnia,
2604 2296 2742 2350 sicut
2779 2296 2919 2362 dixi,
2952 2312 3058 2352 non
3090 2296 3222 2353 liunt
3250 2298 3524 2353 voluntate
3556 2316 3568 2349 :

1994 2400 2134 2438 nam-
2152 2385 2198 2440 si
2235 2386 2356 2454 quis
2383 2385 2575 2441 horum
2606 2387 2805 2457 aliquid
2832 2403 2938 2442 non
2968 2388 3232 2453 admittat,
3269 2390 3574 2444 necessario

1994 2476 2116 2529 vita:
2135 2475 2332 2529 sentiet
2351 2473 2531 2530 ﬁnem.
2558 2474 2700 2544 Ergo
2720 2475 2747 2513 δ
2770 2478 2815 2532 si
2835 2477 3092 2547 naturalis
3114 2477 3421 2547 conjunctio
3436 2478 3585 2534 facta.

1997 2571 2112 2620 est.c
2144 2564 2330 2621 formas
2350 2567 2580 2632 servilis,
2602 2568 2958 2637 compellente
2976 2567 3207 2637 quadam
3236 2570 3587 2635 necessitate,

1999 2674 2106 2713 non
2121 2673 2215 2713 sua
2229 2659 2511 2714 clementia
2532 2660 2672 2715 Deus
2693 2659 2924 2715 Verbum
2940 2676 3040 2716 con
3044 2661 3281 2730 junctum
3297 2670 3385 2717 est.
3395 2662 3575 2716 forum

1998 2748 2201 2813 servili,
2214 2755 2375 2818 atque
2387 2749 2460 2803 ita
2476 2750 2778 2805 invenietur
2799 2750 3074 2818 legislator
3095 2753 3411 2807 necessariis
3441 2753 3573 2821 legi-

1998 2839 2099 2895 bus
2108 2840 2366 2896 serviens.
2380 2840 2578 2895 Verum
2593 2858 2703 2896 non
2719 2843 2789 2896 ita
2812 2859 2911 2898 nos
2931 2842 3120 2898 beatus
3135 2842 3330 2898 Paulus
3345 2845 3577 2909 edocuit,

2001 2932 2095 2987 sed
2122 2939 2310 2987 contra
2330 2932 2521 3001 magis,
2551 2934 2693 3002 quod
2717 2950 2911 3005 nempe
2948 2952 3003 2990 se
3030 2937 3315 2989 exinanivit
3359 2938 3576 3007 formam

2000 3023 2131 3077 servi
2159 3024 2415 3093 accipiens
2448 3022 2677 3096 (Philip.
2703 3043 2759 3091 ιι,
2785 3027 2880 3097 6);
2912 3028 3139 3083 dicendo
3156 3069 3170 3093 ,
3194 3047 3249 3083 se
3276 3031 3585 3095 exinanirit,

2002 3114 2267 3183 signiﬁcat
2286 3116 2635 3171 voluntatem.
2667 3116 2725 3172 Si
2755 3119 2916 3187 igitur
2942 3135 3040 3175 suo
3066 3121 3289 3175 arbitrio
3318 3131 3373 3177 et
3394 3123 3573 3177 volun-

2000 3213 2130 3271 tate,
2146 3214 2348 3261 natura:
2364 3222 2431 3261 ex
2460 3193 2614 3263 nobis
2635 3218 2919 3279 assumpta:
2939 3210 3253 3280 conjunctus
3274 3221 3375 3278 est,
3397 3228 3573 3282 super-

2000 3295 2105 3351 ﬁua
2134 3306 2215 3354 est
2240 3299 2403 3355 dictio
2433 3301 2687 3357 naturalis
2726 3304 3142 3374 conjunctionis:
3173 3302 3416 3359 conﬁteri
3438 3307 3579 3360 enim

1999 3388 2193 3445 sufficit
2219 3392 2421 3447 ἕνωσιν.
2450 3392 2626 3453 ἶνωσις
2662 3408 2825 3463 porro
2853 3394 2921 3449 de
2948 3393 3131 3449 divisis
3151 3396 3428 3465 accipitur,
3458 3413 3579 3452 nam

1999 3483 2043 3537 si
2073 3484 2212 3537 nulla
2235 3484 2305 3537 sit
2340 3484 2561 3550 divisio,
2593 3502 2883 3555 numquam
2910 3489 3091 3551 ἕνωσις
3120 3489 3230 3555 ﬁet,
3260 3497 3315 3544 et
3359 3492 3451 3560 qui
3491 3492 3580 3547 ads

1999 3574 2164 3629 mittit
2185 3575 2385 3641 ῐνωσιν,
2416 3576 2649 3632 admittit
2678 3587 2732 3633 et
2758 3578 3073 3636 divisionem
3099 3583 3350 3652 prteviam
3375 3583 3581 3657 [‘Baluz.

2000 3682 2101 3719 om.
2135 3664 2431 3735 prazviam].

2071 3758 2249 3824 Quare
2269 3774 2397 3827 ergo
2416 3759 2545 3815 dicit
2574 3761 2899 3818 substantias
2924 3764 3035 3819 sive
3055 3773 3272 3820 naturas
3292 3767 3453 3822 dividi
3476 3785 3588 3822 non

2001 3856 2275 3918 Oportere,
2296 3850 2531 3904 maxime
2561 3866 2681 3905 cum
2710 3852 2866 3918 sciat,
2896 3855 3037 3921 quod
3067 3854 3304 3924 perfecta
3328 3864 3443 3911 erat
3490 3858 3580 3911 Dei

2000 3939 2161 3995 Verbi
2182 3942 2495 4009 substantia,
2535 3946 2784 4016 quodque
2811 3947 3049 4018 perfecta
3088 3950 3156 4004 ab
3197 3965 3262 4005 eo
3310 3962 3580 4021 assumpta

2000 4031 2171 4087 forma
2211 4036 2439 4104 servilis,
2496 4039 2725 4109 ideoque
2780 4042 3111 4097 substantias
3138 4042 3353 4110 dixerit,
3392 4053 3581 4100 etnon

2000 4128 2389 4185 substantiam?
2409 4131 2551 4202 Ergo
2584 4135 2628 4189 si
2661 4143 2887 4204 utraque
2916 4143 3103 4190 natura
3134 4136 3371 4207 perfecta
3400 4146 3502 4198 est.
3532 4149 3581 4193 ct

2001 4219 2173 4274 amba:
2196 4221 2248 4275 in
2289 4238 2453 4276 unum
2492 4233 2881 4290 convenerunt,
2906 4225 2999 4280 Dei
3030 4226 3199 4281 forma
3229 4228 3435 4284 scilicet
3468 4230 3581 4284 fur-

2001 4323 2144 4362 mam
2182 4319 2487 4367 assumente
2529 4314 2799 4378 servilem,
2840 4330 3000 4370 unam
3029 4316 3243 4384 quidem
3273 4333 3584 4388 personam,

2002 4398 2054 4455 tv
2084 4404 2173 4470 μὶν
2202 4403 2482 4477 «pacem»,
2514 4410 2569 4458 et
2598 4419 2760 4457 unum
2791 4403 2983 4460 Filium
3007 4420 3070 4462 ac
3103 4405 3373 4463 Christum
3401 4410 3583 4464 simili-

2006 4497 2091 4543 ter
2116 4490 2382 4556 conﬁteri,
2406 4492 2619 4561 pietatis
2646 4494 2784 4548 ratio
2814 4495 3013 4563 poscit;
3038 4495 3170 4551 duas
3189 4513 3319 4553 vero
3347 4500 3596 4554 substan-

2013 4584 2113 4638 tias
2159 4583 2416 4638 adunatas
2454 4586 2568 4640 sive
2609 4594 2828 4641 naturas
2855 4587 3064 4655 dicere,
3088 4606 3195 4645 non
3217 4590 3453 4659 ineptum
3485 4600 3583 4655 est,

2009 4674 2103 4729 sed
2134 4674 2338 4747 [Βαλια.
2372 4677 2495 4730 add.
2528 4692 2596 4731 ex
2624 4678 2806 4750 causa]
2836 4681 3003 4748 magis
3029 4696 3383 4750 consequens.

2076 4764 2206 4818 Nam
2223 4765 2267 4820 si
2280 4767 2332 4820 in
2350 4782 2457 4821 uno
2472 4768 2687 4823 homine
2699 4778 2914 4824 naturas
2928 4770 3229 4837 dividimus,
3244 4774 3583 4828 etmortalem

2011 4853 2250 4923 quidem,
2264 4871 2461 4925 corpus
2478 4872 2758 4923 vocamus;
2784 4859 3139 4913 immortalem
3162 4875 3310 4926 vero,
3326 4860 3555 4914 animam
3573 4880 3586 4922 ;

2011 4954 2296 5015 utrumque
2330 4956 2507 5003 autem
2541 4987 2556 5011 ,
2582 4949 2854 5003 hominem
2883 4968 2895 5002 :
2922 4950 3090 5003 multo
3126 4951 3295 5019 magis
3324 4966 3595 5017 assumen-

2012 5038 2079 5092 tis
2109 5037 2233 5102 Dei,
2266 5045 2321 5093 et
2346 5040 2603 5108 assumpti
2632 5040 2864 5094 hominis
2894 5048 3204 5094 naturarum
3233 5041 3593 5111 proprietates

2010 5129 2259 5181 convenit
2279 5128 2602 5184 discernere.
2620 5130 2923 5185 Invenimus
2937 5132 3097 5185 ctiam
3114 5133 3326 5187 beatum
3345 5130 3588 5197 Paulum,

2010 5235 2171 5273 unum
2202 5219 2554 5290 eumdemquc
2566 5222 2837 5278 hominem
2859 5224 2911 5277 in
2935 5223 3070 5279 duos
3091 5224 3335 5280 homines
3357 5224 3589 5280 dividen-

1508 5324 2047 5383 CASTIGATIONES
2083 5328 2170 5383 ET
2210 5330 2437 5386 ΝΟΤᾹΞ.

396 5425 421 5450 ⁸
450 5415 628 5468 Βίιιιη.
663 5432 783 5469 nam
813 5428 861 5489 et
892 5419 1155 5471 conventio
1184 5434 1358 5471 eorum
1378 5428 1453 5471 est
1478 5435 1594 5489 qute
1613 5430 1761 5473 erant
1789 5430 1907 5473 ante

323 5496 565 5553 separata
591 5526 605 5548 ,
650 5495 697 5538 et
744 5488 1036 5557 conjunctio
1058 5504 1229 5541 eorum
1265 5503 1379 5557 qua:
1399 5488 1546 5541 erant
1576 5498 1693 5542 ante
1723 5490 1903 5543 divisa.

324 5560 481 5608 I‘LDIT.

352 5572 481 5608 .DIT.

395 5625 423 5697 ιτ
458 5625 521 5697 Si
548 5627 817 5697 ttatttrqlis.
852 5624 1196 5691 Segmentum
1255 5628 1393 5679 istud
1424 5627 1655 5681 refertur
1703 5630 1754 5683 in
1796 5630 1909 5697 epi-

319 5696 462 5749 stola
492 5692 687 5763 Pelagii
712 5695 751 5748 ll
780 5713 937 5765 supra
969 5697 1199 5750 laudata.
1236 5698 1490 5753 GALLAND

2092 5421 2299 5506 {Facta
2327 5434 2403 5478 est
2426 5427 2614 5506 forma:
2629 5426 2811 5506 _Dei_et
2840 5428 3054 5506 iormar.
3105 5426 3337 5506 Et__li:cc
3376 5443 3594 5506 quoque

2015 5502 2229 5547 exstant
2262 5494 2312 5547 in
2343 5494 2528 5549 eadem
2557 5498 2804 5566 epistola.
2840 5494 2919 5551 Ex
2947 5512 3054 5566 quo
3081 5498 3304 5566 colligas
3332 5494 3475 5551 recte
3504 5494 3595 5548 illa

2016 5574 2268 5617 revocata
2319 5580 2436 5618 esse
2481 5582 2546 5619 ex
2592 5568 2864 5623 codicibus
2911 5567 3240 5623 hlercatoris.
3275 5568 3598 5625 Exciderunt

2015 5634 2156 5687 enim
2190 5635 2239 5688 in
2271 5635 2505 5690 editione
2529 5636 2791 5692 Garnerii.
2825 5638 3097 5693 Caussa.
