  <div class='ocr_page' id='page_1' title='image "/cluster/home/n/w/nwhite01/storage/ocr_20150623/48/hvd.32044096580691/495.png"; bbox 0 0 3978 6188; ppageno 0'>
   <div class='ocr_carea' id='block_1_1' title="bbox 491 268 597 326">
    <p class='ocr_par' dir='ltr' id='par_1_1' title="bbox 491 268 597 326">
     <span class='ocr_line' id='line_1_1' title="bbox 491 268 597 326; baseline -0.019 0"><span class='ocrx_word' id='word_1_1' title='bbox 491 268 597 326; x_wconf 78' lang='lat'><strong><em>979</em></strong></span> 
     </span>
    </p>
   </div>
   <div class='ocr_carea' id='block_1_2' title="bbox 1010 264 3655 342">
    <p class='ocr_par' dir='ltr' id='par_1_2' title="bbox 1010 264 3655 342">
     <span class='ocr_line' id='line_1_2' title="bbox 1010 264 3655 342; baseline 0.002 -19"><span class='ocrx_word' id='word_1_2' title='bbox 1010 268 1198 323; x_wconf 65' lang='lat' dir='ltr'><strong><em>MAR&quot;</em></strong></span> <span class='ocrx_word' id='word_1_3' title='bbox 1239 264 1673 322; x_wconf 56' lang='lat' dir='ltr'><strong><em>MERCXTORIS</em></strong></span> <span class='ocrx_word' id='word_1_4' title='bbox 1712 266 2284 322; x_wconf 72' lang='lat' dir='ltr'><strong><em>TRANSLATIUNES</em></strong></span> <span class='ocrx_word' id='word_1_5' title='bbox 2326 267 2683 323; x_wconf 74' lang='lat' dir='ltr'><strong><em>VARIURUM</em></strong></span> <span class='ocrx_word' id='word_1_6' title='bbox 2727 266 3240 327; x_wconf 76' lang='lat' dir='ltr'><strong><em>OPUSCULORUM.</em></strong></span> <span class='ocrx_word' id='word_1_7' title='bbox 3575 286 3655 342; x_wconf 69' lang='lat'><strong><em>93°</em></strong></span> 
     </span>
    </p>
   </div>
   <div class='ocr_carea' id='block_1_3' title="bbox 490 380 3662 456">
    <p class='ocr_par' dir='ltr' id='par_1_3' title="bbox 490 380 3662 456">
     <span class='ocr_line' id='line_1_3' title="bbox 490 380 3662 456; baseline 0.001 -13"><span class='ocrx_word' id='word_1_8' title='bbox 490 397 619 451; x_wconf 88' lang='lat' dir='ltr'><strong><em>tem,</em></strong></span> <span class='ocrx_word' id='word_1_9' title='bbox 652 393 706 441; x_wconf 90' lang='lat' dir='ltr'><strong><em>et</em></strong></span> <span class='ocrx_word' id='word_1_10' title='bbox 736 386 896 440; x_wconf 88' lang='lat' dir='ltr'><strong><em>modo</em></strong></span> <span class='ocrx_word' id='word_1_11' title='bbox 924 385 1189 439; x_wconf 82' lang='lat' dir='ltr'><strong><em>dicentem</em></strong></span> <span class='ocrx_word' id='word_1_12' title='bbox 1218 401 1230 436; x_wconf 90' lang='lat'><strong><em>:</em></strong></span> <span class='ocrx_word' id='word_1_13' title='bbox 1262 380 1468 446; x_wconf 85' lang='lat' dir='ltr'><strong><em>Quanto</em></strong></span> <span class='ocrx_word' id='word_1_14' title='bbox 1504 384 1726 437; x_wconf 67' lang='lat' dir='ltr'><strong><em>exterior</em></strong></span> <span class='ocrx_word' id='word_1_15' title='bbox 1767 382 1916 437; x_wconf 83' lang='lat' dir='ltr'><strong><em>homo</em></strong></span> <span class='ocrx_word' id='word_1_16' title='bbox 1956 399 2071 436; x_wconf 84' lang='lat' dir='ltr'><strong><em>cor-</em></strong></span> <span class='ocrx_word' id='word_1_17' title='bbox 2098 387 2144 442; x_wconf 76' lang='grc' dir='ltr'>Α</span> <span class='ocrx_word' id='word_1_18' title='bbox 2177 389 2462 451; x_wconf 78' lang='lat' dir='ltr'><strong><em>propterea</em></strong></span> <span class='ocrx_word' id='word_1_19' title='bbox 2491 381 2637 450; x_wconf 90' lang='lat' dir='ltr'><strong><em>quod</em></strong></span> <span class='ocrx_word' id='word_1_20' title='bbox 2657 382 2861 436; x_wconf 79' lang='lat' dir='ltr'><strong><em>scilicet</em></strong></span> <span class='ocrx_word' id='word_1_21' title='bbox 2882 389 3119 436; x_wconf 78' lang='lat' dir='ltr'><strong><em>naturam</em></strong></span> <span class='ocrx_word' id='word_1_22' title='bbox 3141 386 3662 456; x_wconf 71' lang='lat' dir='ltr'><strong><em>passionibushabomus</em></strong></span> 
     </span>
    </p>
   </div>
   <div class='ocr_carea' id='block_1_4' title="bbox 490 472 2071 549">
    <p class='ocr_par' dir='ltr' id='par_1_4' title="bbox 490 472 2071 549">
     <span class='ocr_line' id='line_1_4' title="bbox 490 472 2071 549; baseline -0.006 -15"><span class='ocrx_word' id='word_1_23' title='bbox 490 480 761 549; x_wconf 76' lang='lat' dir='ltr'><strong><em>rumpitur,</em></strong></span> <span class='ocrx_word' id='word_1_24' title='bbox 814 485 955 529; x_wconf 83' lang='lat' dir='ltr'><strong><em>tanto</em></strong></span> <span class='ocrx_word' id='word_1_25' title='bbox 1006 476 1222 528; x_wconf 84' lang='lat' dir='ltr'><strong><em>interior</em></strong></span> <span class='ocrx_word' id='word_1_26' title='bbox 1269 483 1543 527; x_wconf 81' lang='lat' dir='ltr'><strong><em>renovatur</em></strong></span> <span class='ocrx_word' id='word_1_27' title='bbox 1593 472 2071 545; x_wconf 74' lang='lat' dir='ltr'><strong><em>(IlCor.tv,16);</em></strong></span> 
     </span>
    </p>
   </div>
   <div class='ocr_carea' id='block_1_5' title="bbox 490 565 2074 638">
    <p class='ocr_par' dir='ltr' id='par_1_5' title="bbox 490 565 2074 638">
     <span class='ocr_line' id='line_1_5' title="bbox 490 565 2074 638; baseline -0.007 -10"><span class='ocrx_word' id='word_1_28' title='bbox 490 572 651 628; x_wconf 86' lang='lat' dir='ltr'><strong><em>modo</em></strong></span> <span class='ocrx_word' id='word_1_29' title='bbox 685 589 697 623; x_wconf 94' lang='lat'><strong><em>:</em></strong></span> <span class='ocrx_word' id='word_1_30' title='bbox 723 568 1055 624; x_wconf 80' lang='lat' dir='ltr'><strong><em>Condelector</em></strong></span> <span class='ocrx_word' id='word_1_31' title='bbox 1074 569 1210 620; x_wconf 87' lang='lat' dir='ltr'><strong><em>enim</em></strong></span> <span class='ocrx_word' id='word_1_32' title='bbox 1238 566 1336 638; x_wconf 86' lang='lat' dir='ltr'><strong><em>legi</em></strong></span> <span class='ocrx_word' id='word_1_33' title='bbox 1358 565 1455 619; x_wconf 87' lang='lat' dir='ltr'><strong><em>Dei</em></strong></span> <span class='ocrx_word' id='word_1_34' title='bbox 1479 565 1757 619; x_wconf 78' lang='lat' dir='ltr'><strong><em>secundum</em></strong></span> <span class='ocrx_word' id='word_1_35' title='bbox 1778 566 2074 618; x_wconf 84' lang='lat' dir='ltr'><strong><em>interiorem</em></strong></span> 
     </span>
    </p>
   </div>
   <div class='ocr_carea' id='block_1_6' title="bbox 489 655 2072 728">
    <p class='ocr_par' dir='ltr' id='par_1_6' title="bbox 489 655 2072 728">
     <span class='ocr_line' id='line_1_6' title="bbox 489 655 2072 728; baseline -0.006 -11"><span class='ocrx_word' id='word_1_36' title='bbox 489 664 743 717; x_wconf 78' lang='lat' dir='ltr'><strong><em>hominem</em></strong></span> <span class='ocrx_word' id='word_1_37' title='bbox 776 658 951 727; x_wconf 83' lang='lat' dir='ltr'><strong><em>(Rom.</em></strong></span> <span class='ocrx_word' id='word_1_38' title='bbox 986 675 1076 722; x_wconf 84' lang='lat' dir='ltr'><strong><em>vn,</em></strong></span> <span class='ocrx_word' id='word_1_39' title='bbox 1106 656 1229 728; x_wconf 63' lang='lat'><strong><em>22);</em></strong></span> <span class='ocrx_word' id='word_1_40' title='bbox 1263 665 1318 712; x_wconf 90' lang='lat' dir='ltr'><strong><em>et</em></strong></span> <span class='ocrx_word' id='word_1_41' title='bbox 1346 657 1531 711; x_wconf 91' lang='lat' dir='ltr'><strong><em>statim</em></strong></span> <span class='ocrx_word' id='word_1_42' title='bbox 1565 675 1577 709; x_wconf 92' lang='lat'><strong><em>:</em></strong></span> <span class='ocrx_word' id='word_1_43' title='bbox 1614 655 1678 709; x_wconf 85' lang='lat' dir='ltr'><strong><em>In</em></strong></span> <span class='ocrx_word' id='word_1_44' title='bbox 1705 657 1953 709; x_wconf 84' lang='lat' dir='ltr'><strong><em>interiore</em></strong></span> <span class='ocrx_word' id='word_1_45' title='bbox 1974 655 2072 709; x_wconf 85' lang='lat' dir='ltr'><strong><em>ho-</em></strong></span> 
     </span>
    </p>
   </div>
   <div class='ocr_carea' id='block_1_7' title="bbox 485 745 2074 819">
    <p class='ocr_par' dir='ltr' id='par_1_7' title="bbox 485 745 2074 819">
     <span class='ocr_line' id='line_1_7' title="bbox 485 745 2074 819; baseline -0.006 -10"><span class='ocrx_word' id='word_1_46' title='bbox 485 755 621 809; x_wconf 83' lang='lat' dir='ltr'><strong><em>mine</em></strong></span> <span class='ocrx_word' id='word_1_47' title='bbox 664 751 957 805; x_wconf 72' lang='lat' dir='ltr'><strong><em>inhabitare</em></strong></span> <span class='ocrx_word' id='word_1_48' title='bbox 1001 748 1259 803; x_wconf 81' lang='lat' dir='ltr'><strong><em>Christum</em></strong></span> <span class='ocrx_word' id='word_1_49' title='bbox 1309 747 1531 819; x_wconf 74' lang='lat' dir='ltr'><strong><em>(Ep/tes.</em></strong></span> <span class='ocrx_word' id='word_1_50' title='bbox 1566 765 1640 813; x_wconf 87' lang='grc' dir='ltr'><strong>ιιι,</strong></span> <span class='ocrx_word' id='word_1_51' title='bbox 1676 747 1795 817; x_wconf 80' lang='grc' dir='ltr'><strong><em>Π).</em></strong></span> <span class='ocrx_word' id='word_1_52' title='bbox 1825 745 1880 801; x_wconf 88' lang='lat' dir='ltr'><strong><em>Si</em></strong></span> <span class='ocrx_word' id='word_1_53' title='bbox 1913 746 2074 815; x_wconf 78' lang='lat' dir='ltr'><strong><em>igitur</em></strong></span> 
     </span>
    </p>
   </div>
   <div class='ocr_carea' id='block_1_8' title="bbox 492 838 2074 910">
    <p class='ocr_par' dir='ltr' id='par_1_8' title="bbox 492 838 2074 910">
     <span class='ocr_line' id='line_1_8' title="bbox 492 838 2074 910; baseline -0.005 -13"><span class='ocrx_word' id='word_1_54' title='bbox 492 842 787 898; x_wconf 73' lang='lat' dir='ltr'><strong><em>naturalem</em></strong></span> <span class='ocrx_word' id='word_1_55' title='bbox 817 841 1251 910; x_wconf 88' lang='lat' dir='ltr'><strong><em>conjunctionem</em></strong></span> <span class='ocrx_word' id='word_1_56' title='bbox 1282 838 1521 906; x_wconf 83' lang='lat' dir='ltr'><strong><em>ejusdem</em></strong></span> <span class='ocrx_word' id='word_1_57' title='bbox 1571 839 1829 907; x_wconf 91' lang='lat' dir='ltr'><strong><em>temporis</em></strong></span> <span class='ocrx_word' id='word_1_58' title='bbox 1857 844 2074 889; x_wconf 82' lang='lat' dir='ltr'><strong><em>natura—</em></strong></span> 
     </span>
    </p>
   </div>
   <div class='ocr_carea' id='block_1_9' title="bbox 486 929 2076 1010">
    <p class='ocr_par' dir='ltr' id='par_1_9' title="bbox 486 929 2076 1010">
     <span class='ocr_line' id='line_1_9' title="bbox 486 929 2076 1010; baseline -0.005 -21"><span class='ocrx_word' id='word_1_59' title='bbox 486 951 602 989; x_wconf 87' lang='lat' dir='ltr'><strong><em>rum</em></strong></span> <span class='ocrx_word' id='word_1_60' title='bbox 621 931 733 1005; x_wconf 63' lang='lat' dir='ltr'><strong><em>[Gn</em></strong></span> <span class='ocrx_word' id='word_1_61' title='bbox 751 931 1069 1010; x_wconf 77' lang='grc' dir='ltr'><strong><em>ὁμοχρόνων]</em></strong></span> <span class='ocrx_word' id='word_1_62' title='bbox 1088 931 1373 1001; x_wconf 80' lang='lat' dir='ltr'><strong><em>Apostolus</em></strong></span> <span class='ocrx_word' id='word_1_63' title='bbox 1388 930 1592 997; x_wconf 92' lang='lat' dir='ltr'><strong><em>dividit,</em></strong></span> <span class='ocrx_word' id='word_1_64' title='bbox 1608 945 1773 999; x_wconf 87' lang='lat' dir='ltr'><strong><em>quare</em></strong></span> <span class='ocrx_word' id='word_1_65' title='bbox 1787 929 2076 999; x_wconf 88' lang='lat' dir='ltr'><strong><em>impietatis</em></strong></span> 
     </span>
    </p>
   </div>
   <div class='ocr_carea' id='block_1_10' title="bbox 486 1020 2077 1093">
    <p class='ocr_par' dir='ltr' id='par_1_10' title="bbox 486 1020 2077 1093">
     <span class='ocr_line' id='line_1_10' title="bbox 486 1020 2077 1093; baseline -0.004 -14"><span class='ocrx_word' id='word_1_66' title='bbox 486 1026 661 1093; x_wconf 81' lang='lat' dir='ltr'><strong><em>arguit</em></strong></span> <span class='ocrx_word' id='word_1_67' title='bbox 682 1040 777 1079; x_wconf 89' lang='lat' dir='ltr'><strong><em>eos</em></strong></span> <span class='ocrx_word' id='word_1_68' title='bbox 805 1023 1175 1093; x_wconf 89' lang='lat' dir='ltr'><strong><em>qui,dividunt</em></strong></span> <span class='ocrx_word' id='word_1_69' title='bbox 1204 1022 1418 1092; x_wconf 88' lang='lat' dir='ltr'><strong><em>propria</em></strong></span> <span class='ocrx_word' id='word_1_70' title='bbox 1448 1030 1780 1085; x_wconf 89' lang='lat' dir='ltr'><strong><em>naturarum,</em></strong></span> <span class='ocrx_word' id='word_1_71' title='bbox 1818 1020 1912 1074; x_wconf 86' lang='lat' dir='ltr'><strong><em>Dei</em></strong></span> <span class='ocrx_word' id='word_1_72' title='bbox 1941 1035 2077 1073; x_wconf 81' lang='lat' dir='ltr'><strong><em>sem-</em></strong></span> 
     </span>
    </p>
   </div>
   <div class='ocr_carea' id='block_1_11' title="bbox 489 1113 2077 1188">
    <p class='ocr_par' dir='ltr' id='par_1_11' title="bbox 489 1113 2077 1188">
     <span class='ocr_line' id='line_1_11' title="bbox 489 1113 2077 1188; baseline -0.002 -19"><span class='ocrx_word' id='word_1_73' title='bbox 489 1117 686 1188; x_wconf 83' lang='lat' dir='ltr'><strong><em>piterni</em></strong></span> <span class='ocrx_word' id='word_1_74' title='bbox 716 1125 770 1170; x_wconf 89' lang='lat' dir='ltr'><strong><em>et</em></strong></span> <span class='ocrx_word' id='word_1_75' title='bbox 797 1116 910 1184; x_wconf 81' lang='lat' dir='ltr'><strong><em>ejus</em></strong></span> <span class='ocrx_word' id='word_1_76' title='bbox 942 1115 1191 1179; x_wconf 87' lang='lat' dir='ltr'><strong><em>hominis,</em></strong></span> <span class='ocrx_word' id='word_1_77' title='bbox 1216 1114 1308 1183; x_wconf 88' lang='lat' dir='ltr'><strong><em>qui</em></strong></span> <span class='ocrx_word' id='word_1_78' title='bbox 1336 1115 1391 1168; x_wconf 89' lang='lat' dir='ltr'><strong><em>in</em></strong></span> <span class='ocrx_word' id='word_1_79' title='bbox 1419 1114 1721 1168; x_wconf 86' lang='lat' dir='ltr'><strong><em>novissimis</em></strong></span> <span class='ocrx_word' id='word_1_80' title='bbox 1746 1113 2077 1181; x_wconf 83' lang='lat' dir='ltr'><strong><em>temporibus</em></strong></span> 
     </span>
    </p>
   </div>
   <div class='ocr_carea' id='block_1_12' title="bbox 490 1203 2075 1275">
    <p class='ocr_par' dir='ltr' id='par_1_12' title="bbox 490 1203 2075 1275">
     <span class='ocr_line' id='line_1_12' title="bbox 490 1203 2075 1275; baseline -0.003 -15"><span class='ocrx_word' id='word_1_81' title='bbox 490 1214 796 1275; x_wconf 83' lang='lat' dir='ltr'><strong><em>assumptus</em></strong></span> <span class='ocrx_word' id='word_1_82' title='bbox 818 1208 933 1260; x_wconf 85' lang='lat' dir='ltr'><strong><em>est?</em></strong></span> <span class='ocrx_word' id='word_1_83' title='bbox 959 1205 1166 1274; x_wconf 78' lang='lat' dir='ltr'><strong><em>Arguit,</em></strong></span> <span class='ocrx_word' id='word_1_84' title='bbox 1199 1205 1437 1274; x_wconf 90' lang='lat' dir='ltr'><strong><em>inquam,</em></strong></span> <span class='ocrx_word' id='word_1_85' title='bbox 1468 1203 1579 1268; x_wconf 90' lang='lat' dir='ltr'><strong><em>ille,</em></strong></span> <span class='ocrx_word' id='word_1_86' title='bbox 1610 1203 1699 1271; x_wconf 88' lang='lat' dir='ltr'><strong><em>qui</em></strong></span> <span class='ocrx_word' id='word_1_87' title='bbox 1732 1203 2075 1257; x_wconf 81' lang='lat' dir='ltr'><strong><em>commixtio-</em></strong></span> 
     </span>
    </p>
   </div>
   <div class='ocr_carea' id='block_1_13' title="bbox 490 1294 1401 1351">
    <p class='ocr_par' dir='ltr' id='par_1_13' title="bbox 490 1294 1401 1351">
     <span class='ocr_line' id='line_1_13' title="bbox 490 1294 1401 1351; baseline -0.002 -1"><span class='ocrx_word' id='word_1_88' title='bbox 490 1312 612 1351; x_wconf 89' lang='lat' dir='ltr'><strong><em>nem</em></strong></span> <span class='ocrx_word' id='word_1_89' title='bbox 634 1312 732 1350; x_wconf 89' lang='lat' dir='ltr'><strong><em>nos</em></strong></span> <span class='ocrx_word' id='word_1_90' title='bbox 752 1296 870 1351; x_wconf 88' lang='lat' dir='ltr'><strong><em>aliis</em></strong></span> <span class='ocrx_word' id='word_1_91' title='bbox 898 1296 1203 1350; x_wconf 86' lang='lat' dir='ltr'><strong><em>nominibus</em></strong></span> <span class='ocrx_word' id='word_1_92' title='bbox 1223 1294 1401 1350; x_wconf 86' lang='lat' dir='ltr'><strong><em>docet.</em></strong></span> 
     </span>
    </p>
   </div>
   <div class='ocr_carea' id='block_1_14' title="bbox 951 1446 1607 1486">
    <p class='ocr_par' dir='ltr' id='par_1_14' title="bbox 951 1446 1607 1486">
     <span class='ocr_line' id='line_1_14' title="bbox 951 1446 1607 1486; baseline -0.003 -3"><span class='ocrx_word' id='word_1_93' title='bbox 951 1446 1232 1486; x_wconf 72' lang='lat' dir='ltr'><strong><em>BESPONSlO</em></strong></span> <span class='ocrx_word' id='word_1_94' title='bbox 1281 1446 1607 1485; x_wconf 75' lang='lat' dir='ltr'><strong><em>ORTIIODOXI.</em></strong></span> 
     </span>
    </p>
   </div>
   <div class='ocr_carea' id='block_1_15' title="bbox 565 1564 2075 1633">
    <p class='ocr_par' dir='ltr' id='par_1_15' title="bbox 565 1564 2075 1633">
     <span class='ocr_line' id='line_1_15' title="bbox 565 1564 2075 1633; baseline -0.003 -12"><span class='ocrx_word' id='word_1_95' title='bbox 565 1567 942 1622; x_wconf 87' lang='lat' dir='ltr'><strong><em>Animadverte</em></strong></span> <span class='ocrx_word' id='word_1_96' title='bbox 990 1564 1262 1633; x_wconf 89' lang='lat' dir='ltr'><strong><em>quomodo</em></strong></span> <span class='ocrx_word' id='word_1_97' title='bbox 1302 1564 1518 1632; x_wconf 85' lang='lat' dir='ltr'><strong><em>sapiens</em></strong></span> <span class='ocrx_word' id='word_1_98' title='bbox 1572 1564 1661 1617; x_wconf 91' lang='lat' dir='ltr'><strong><em>ille</em></strong></span> <span class='ocrx_word' id='word_1_99' title='bbox 1710 1564 1809 1627; x_wconf 88' lang='lat' dir='ltr'><strong><em>vir,</em></strong></span> <span class='ocrx_word' id='word_1_100' title='bbox 1849 1564 2075 1633; x_wconf 90' lang='lat' dir='ltr'><strong><em>primum</em></strong></span> 
     </span>
    </p>
   </div>
   <div class='ocr_carea' id='block_1_16' title="bbox 494 1656 2076 1731">
    <p class='ocr_par' dir='ltr' id='par_1_16' title="bbox 494 1656 2076 1731">
     <span class='ocr_line' id='line_1_16' title="bbox 494 1656 2076 1731; baseline -0.004 -16"><span class='ocrx_word' id='word_1_101' title='bbox 494 1661 710 1731; x_wconf 87' lang='lat' dir='ltr'><strong><em>quidem</em></strong></span> <span class='ocrx_word' id='word_1_102' title='bbox 758 1660 984 1714; x_wconf 90' lang='lat' dir='ltr'><strong><em>obscura</em></strong></span> <span class='ocrx_word' id='word_1_103' title='bbox 1026 1657 1167 1711; x_wconf 90' lang='lat' dir='ltr'><strong><em>dicta</em></strong></span> <span class='ocrx_word' id='word_1_104' title='bbox 1216 1670 1334 1710; x_wconf 89' lang='lat' dir='ltr'><strong><em>esse</em></strong></span> <span class='ocrx_word' id='word_1_105' title='bbox 1364 1662 1546 1709; x_wconf 89' lang='lat' dir='ltr'><strong><em>nostra</em></strong></span> <span class='ocrx_word' id='word_1_106' title='bbox 1578 1656 1851 1721; x_wconf 86' lang='lat' dir='ltr'><strong><em>mentitur,</em></strong></span> <span class='ocrx_word' id='word_1_107' title='bbox 1874 1664 1928 1710; x_wconf 92' lang='lat' dir='ltr'><strong><em>et</em></strong></span> <span class='ocrx_word' id='word_1_108' title='bbox 1957 1672 2076 1711; x_wconf 91' lang='lat' dir='ltr'><strong><em>cum</em></strong></span> 
     </span>
    </p>
   </div>
   <div class='ocr_carea' id='block_1_17' title="bbox 2182 473 3663 545">
    <p class='ocr_par' dir='ltr' id='par_1_17' title="bbox 2182 473 3663 545">
     <span class='ocr_line' id='line_1_17' title="bbox 2182 473 3663 545; baseline 0.011 -18"><span class='ocrx_word' id='word_1_109' title='bbox 2182 474 2488 527; x_wconf 84' lang='lat' dir='ltr'><strong><em>obnoxiam.</em></strong></span> <span class='ocrx_word' id='word_1_110' title='bbox 2523 473 2712 527; x_wconf 82' lang='lat' dir='ltr'><strong><em>Divina</em></strong></span> <span class='ocrx_word' id='word_1_111' title='bbox 2753 489 2882 528; x_wconf 90' lang='lat' dir='ltr'><strong><em>vero</em></strong></span> <span class='ocrx_word' id='word_1_112' title='bbox 2934 490 3223 545; x_wconf 88' lang='lat' dir='ltr'><strong><em>arcanaque</em></strong></span> <span class='ocrx_word' id='word_1_113' title='bbox 3249 478 3390 535; x_wconf 88' lang='lat' dir='ltr'><strong><em>Verbi</em></strong></span> <span class='ocrx_word' id='word_1_114' title='bbox 3413 494 3568 541; x_wconf 84' lang='lat' dir='ltr'><strong><em>natura</em></strong></span> <span class='ocrx_word' id='word_1_115' title='bbox 3586 509 3663 545; x_wconf 72' lang='lat' dir='ltr'><strong><em>non</em></strong></span> 
     </span>
    </p>
   </div>
   <div class='ocr_carea' id='block_1_18' title="bbox 2180 567 3666 638">
    <p class='ocr_par' dir='ltr' id='par_1_18' title="bbox 2180 567 3666 638">
     <span class='ocr_line' id='line_1_18' title="bbox 2180 567 3666 638; baseline 0.011 -19"><span class='ocrx_word' id='word_1_116' title='bbox 2180 567 2534 631; x_wconf 81' lang='lat' dir='ltr'><strong><em>necessitatis,</em></strong></span> <span class='ocrx_word' id='word_1_117' title='bbox 2592 582 2690 621; x_wconf 91' lang='lat' dir='ltr'><strong><em>nec</em></strong></span> <span class='ocrx_word' id='word_1_118' title='bbox 2736 568 3004 637; x_wconf 84' lang='lat' dir='ltr'><strong><em>passionis</em></strong></span> <span class='ocrx_word' id='word_1_119' title='bbox 3046 583 3229 638; x_wconf 89' lang='lat' dir='ltr'><strong><em>capax,</em></strong></span> <span class='ocrx_word' id='word_1_120' title='bbox 3258 575 3454 629; x_wconf 86' lang='lat' dir='ltr'><strong><em>omnino</em></strong></span> <span class='ocrx_word' id='word_1_121' title='bbox 3494 592 3518 630; x_wconf 89' lang='lat' dir='ltr'><strong><em>a</em></strong></span> <span class='ocrx_word' id='word_1_122' title='bbox 3555 583 3666 636; x_wconf 89' lang='lat' dir='ltr'><strong><em>nullo</em></strong></span> 
     </span>
    </p>
   </div>
   <div class='ocr_carea' id='block_1_19' title="bbox 2178 658 3668 727">
    <p class='ocr_par' dir='ltr' id='par_1_19' title="bbox 2178 658 3668 727">
     <span class='ocr_line' id='line_1_19' title="bbox 2178 658 3668 727; baseline 0.009 -15"><span class='ocrx_word' id='word_1_123' title='bbox 2178 666 2367 712; x_wconf 88' lang='lat' dir='ltr'><strong><em>coacta</em></strong></span> <span class='ocrx_word' id='word_1_124' title='bbox 2396 665 2498 723; x_wconf 91' lang='lat' dir='ltr'><strong><em>est,</em></strong></span> <span class='ocrx_word' id='word_1_125' title='bbox 2530 674 2598 713; x_wconf 92' lang='lat' dir='ltr'><strong><em>ne</em></strong></span> <span class='ocrx_word' id='word_1_126' title='bbox 2625 674 2655 712; x_wconf 90' lang='lat' dir='ltr'><strong><em>a</em></strong></span> <span class='ocrx_word' id='word_1_127' title='bbox 2680 674 2739 713; x_wconf 90' lang='lat' dir='ltr'><strong><em>se</em></strong></span> <span class='ocrx_word' id='word_1_128' title='bbox 2777 658 2991 727; x_wconf 89' lang='lat' dir='ltr'><strong><em>quidem</em></strong></span> <span class='ocrx_word' id='word_1_129' title='bbox 3014 668 3073 713; x_wconf 90' lang='lat' dir='ltr'><strong><em>ut</em></strong></span> <span class='ocrx_word' id='word_1_130' title='bbox 3096 670 3271 715; x_wconf 90' lang='lat' dir='ltr'><strong><em>contra</em></strong></span> <span class='ocrx_word' id='word_1_131' title='bbox 3307 666 3587 723; x_wconf 81' lang='lat' dir='ltr'><strong><em>voluntatem</em></strong></span> <span class='ocrx_word' id='word_1_132' title='bbox 3605 672 3668 726; x_wconf 83' lang='lat' dir='ltr'><strong><em>tie-</em></strong></span> 
     </span>
    </p>
   </div>
   <div class='ocr_carea' id='block_1_20' title="bbox 2178 749 3667 823">
    <p class='ocr_par' dir='ltr' id='par_1_20' title="bbox 2178 749 3667 823">
     <span class='ocr_line' id='line_1_20' title="bbox 2178 749 3667 823; baseline 0.009 -22"><span class='ocrx_word' id='word_1_133' title='bbox 2178 755 2263 803; x_wconf 86' lang='lat' dir='ltr'><strong><em>ret</em></strong></span> <span class='ocrx_word' id='word_1_134' title='bbox 2290 764 2436 813; x_wconf 87' lang='lat' dir='ltr'><strong><em>caro,</em></strong></span> <span class='ocrx_word' id='word_1_135' title='bbox 2469 749 2585 802; x_wconf 84' lang='lat' dir='ltr'><strong><em>sive</em></strong></span> <span class='ocrx_word' id='word_1_136' title='bbox 2632 756 2931 803; x_wconf 81' lang='lat' dir='ltr'><strong><em>assumeret</em></strong></span> <span class='ocrx_word' id='word_1_137' title='bbox 2974 749 3306 805; x_wconf 89' lang='lat' dir='ltr'><strong><em>humanitatis</em></strong></span> <span class='ocrx_word' id='word_1_138' title='bbox 3339 769 3612 823; x_wconf 87' lang='lat' dir='ltr'><strong><em>mensuram,</em></strong></span> <span class='ocrx_word' id='word_1_139' title='bbox 3633 771 3667 814; x_wconf 72' lang='lat' dir='ltr'><strong><em>et</em></strong></span> 
     </span>
    </p>
   </div>
   <div class='ocr_carea' id='block_1_21' title="bbox 2179 841 3093 911">
    <p class='ocr_par' dir='ltr' id='par_1_21' title="bbox 2179 841 3093 911">
     <span class='ocr_line' id='line_1_21' title="bbox 2179 841 3093 911; baseline 0 -16"><span class='ocrx_word' id='word_1_140' title='bbox 2179 841 2407 895; x_wconf 78' lang='lat' dir='ltr'><strong><em>Abrahae</em></strong></span> <span class='ocrx_word' id='word_1_141' title='bbox 2438 841 2865 911; x_wconf 89' lang='lat' dir='ltr'><strong><em>apprehenderet</em></strong></span> <span class='ocrx_word' id='word_1_142' title='bbox 2892 857 3093 895; x_wconf 89' lang='lat' dir='ltr'><strong><em>semen.</em></strong></span> 
     </span>
    </p>
   </div>
   <div class='ocr_carea' id='block_1_22' title="bbox 2250 932 3668 1006">
    <p class='ocr_par' dir='ltr' id='par_1_22' title="bbox 2250 932 3668 1006">
     <span class='ocr_line' id='line_1_22' title="bbox 2250 932 3668 1006; baseline 0.001 -19"><span class='ocrx_word' id='word_1_143' title='bbox 2250 932 2402 1000; x_wconf 86' lang='lat' dir='ltr'><strong><em>Quod</em></strong></span> <span class='ocrx_word' id='word_1_144' title='bbox 2427 949 2555 988; x_wconf 91' lang='lat' dir='ltr'><strong><em>vero</em></strong></span> <span class='ocrx_word' id='word_1_145' title='bbox 2585 934 2883 987; x_wconf 86' lang='lat' dir='ltr'><strong><em>inconsulta</em></strong></span> <span class='ocrx_word' id='word_1_146' title='bbox 2905 933 3239 989; x_wconf 77' lang='lat' dir='ltr'><strong><em>vehementer</em></strong></span> <span class='ocrx_word' id='word_1_147' title='bbox 3259 935 3323 989; x_wconf 88' lang='lat' dir='ltr'><strong><em>sit</em></strong></span> <span class='ocrx_word' id='word_1_148' title='bbox 3350 936 3494 1006; x_wconf 88' lang='lat' dir='ltr'><strong><em>ipsius</em></strong></span> <span class='ocrx_word' id='word_1_149' title='bbox 3518 940 3668 1003; x_wconf 79' lang='lat' dir='ltr'><strong><em>oratio,</em></strong></span> 
     </span>
    </p>
   </div>
   <div class='ocr_carea' id='block_1_23' title="bbox 2181 1022 3669 1091">
    <p class='ocr_par' dir='ltr' id='par_1_23' title="bbox 2181 1022 3669 1091">
     <span class='ocr_line' id='line_1_23' title="bbox 2181 1022 3669 1091; baseline 0.001 -13"><span class='ocrx_word' id='word_1_150' title='bbox 2181 1040 2287 1078; x_wconf 92' lang='lat' dir='ltr'><strong><em>non</em></strong></span> <span class='ocrx_word' id='word_1_151' title='bbox 2318 1031 2398 1078; x_wconf 86' lang='lat' dir='ltr'><strong><em>est</em></strong></span> <span class='ocrx_word' id='word_1_152' title='bbox 2418 1022 2632 1078; x_wconf 79' lang='lat' dir='ltr'><strong><em>difficile</em></strong></span> <span class='ocrx_word' id='word_1_153' title='bbox 2646 1023 2951 1078; x_wconf 91' lang='lat' dir='ltr'><strong><em>volentibus</em></strong></span> <span class='ocrx_word' id='word_1_154' title='bbox 2972 1023 3204 1078; x_wconf 89' lang='lat' dir='ltr'><strong><em>invenire</em></strong></span> <span class='ocrx_word' id='word_1_155' title='bbox 3227 1043 3238 1076; x_wconf 88' lang='lat'><strong><em>:</em></strong></span> <span class='ocrx_word' id='word_1_156' title='bbox 3257 1025 3325 1077; x_wconf 88' lang='lat' dir='ltr'><strong><em>ait</em></strong></span> <span class='ocrx_word' id='word_1_157' title='bbox 3343 1026 3466 1079; x_wconf 89' lang='lat' dir='ltr'><strong><em>enim</em></strong></span> <span class='ocrx_word' id='word_1_158' title='bbox 3486 1029 3669 1091; x_wconf 79' lang='lat' dir='ltr'><strong><em>omnino,</em></strong></span> 
     </span>
    </p>
   </div>
   <div class='ocr_carea' id='block_1_24' title="bbox 2180 1113 3675 1184">
    <p class='ocr_par' dir='ltr' id='par_1_24' title="bbox 2180 1113 3675 1184">
     <span class='ocr_line' id='line_1_24' title="bbox 2180 1113 3675 1184; baseline 0.001 -16"><span class='ocrx_word' id='word_1_159' title='bbox 2180 1122 2234 1169; x_wconf 88' lang='lat' dir='ltr'><strong><em>et</em></strong></span> <span class='ocrx_word' id='word_1_160' title='bbox 2262 1115 2447 1184; x_wconf 87' lang='lat' dir='ltr'><strong><em>procul</em></strong></span> <span class='ocrx_word' id='word_1_161' title='bbox 2476 1114 2660 1176; x_wconf 91' lang='lat' dir='ltr'><strong><em>dubio,</em></strong></span> <span class='ocrx_word' id='word_1_162' title='bbox 2695 1114 2873 1167; x_wconf 91' lang='lat' dir='ltr'><strong><em>omnia</em></strong></span> <span class='ocrx_word' id='word_1_163' title='bbox 2914 1113 3171 1166; x_wconf 89' lang='lat' dir='ltr'><strong><em>naturalia</em></strong></span> <span class='ocrx_word' id='word_1_164' title='bbox 3196 1115 3497 1169; x_wconf 84' lang='lat' dir='ltr'><strong><em>necessitatis</em></strong></span> <span class='ocrx_word' id='word_1_165' title='bbox 3519 1116 3675 1183; x_wconf 78' lang='lat' dir='ltr'><strong><em>legibus</em></strong></span> 
     </span>
    </p>
   </div>
   <div class='ocr_carea' id='block_1_25' title="bbox 2178 1202 3679 1275">
    <p class='ocr_par' dir='ltr' id='par_1_25' title="bbox 2178 1202 3679 1275">
     <span class='ocr_line' id='line_1_25' title="bbox 2178 1202 3679 1275; baseline 0.001 -16"><span class='ocrx_word' id='word_1_166' title='bbox 2178 1205 2488 1274; x_wconf 85' lang='lat' dir='ltr'><strong><em>subjacere;</em></strong></span> <span class='ocrx_word' id='word_1_167' title='bbox 2514 1213 2568 1258; x_wconf 92' lang='lat' dir='ltr'><strong><em>et</em></strong></span> <span class='ocrx_word' id='word_1_168' title='bbox 2606 1204 2673 1259; x_wconf 90' lang='lat' dir='ltr'><strong><em>ad</em></strong></span> <span class='ocrx_word' id='word_1_169' title='bbox 2713 1202 2872 1274; x_wconf 84' lang='lat' dir='ltr'><strong><em>hujus</em></strong></span> <span class='ocrx_word' id='word_1_170' title='bbox 2893 1205 2968 1259; x_wconf 89' lang='lat' dir='ltr'><strong><em>rei</em></strong></span> <span class='ocrx_word' id='word_1_171' title='bbox 2992 1205 3346 1273; x_wconf 88' lang='lat' dir='ltr'><strong><em>probationem</em></strong></span> <span class='ocrx_word' id='word_1_172' title='bbox 3380 1206 3582 1275; x_wconf 86' lang='lat' dir='ltr'><strong><em>protulit,</em></strong></span> <span class='ocrx_word' id='word_1_173' title='bbox 3607 1224 3679 1260; x_wconf 87' lang='lat' dir='ltr'><strong><em>nos</em></strong></span> 
     </span>
    </p>
   </div>
   <div class='ocr_carea' id='block_1_26' title="bbox 2180 1292 3681 1363">
    <p class='ocr_par' dir='ltr' id='par_1_26' title="bbox 2180 1292 3681 1363">
     <span class='ocr_line' id='line_1_26' title="bbox 2180 1292 3681 1363; baseline -0.001 -14"><span class='ocrx_word' id='word_1_174' title='bbox 2180 1305 2366 1349; x_wconf 89' lang='lat' dir='ltr'><strong><em>contra</em></strong></span> <span class='ocrx_word' id='word_1_175' title='bbox 2406 1295 2737 1349; x_wconf 81' lang='lat' dir='ltr'><strong><em>voluntatem</em></strong></span> <span class='ocrx_word' id='word_1_176' title='bbox 2781 1294 2984 1348; x_wconf 87' lang='lat' dir='ltr'><strong><em>esurire</em></strong></span> <span class='ocrx_word' id='word_1_177' title='bbox 3020 1302 3175 1363; x_wconf 89' lang='lat' dir='ltr'><strong><em>atque</em></strong></span> <span class='ocrx_word' id='word_1_178' title='bbox 3218 1294 3385 1359; x_wconf 88' lang='lat' dir='ltr'><strong><em>sitire,</em></strong></span> <span class='ocrx_word' id='word_1_179' title='bbox 3422 1293 3479 1347; x_wconf 89' lang='lat' dir='ltr'><strong><em>ad</em></strong></span> <span class='ocrx_word' id='word_1_180' title='bbox 3499 1292 3586 1349; x_wconf 84' lang='lat' dir='ltr'><strong><em>hoc</em></strong></span> <span class='ocrx_word' id='word_1_181' title='bbox 3609 1311 3681 1349; x_wconf 82' lang='lat' dir='ltr'><strong><em>nos</em></strong></span> 
     </span>
    </p>
   </div>
   <div class='ocr_carea' id='block_1_27' title="bbox 2179 1383 3682 1454">
    <p class='ocr_par' dir='ltr' id='par_1_27' title="bbox 2179 1383 3682 1454">
     <span class='ocr_line' id='line_1_27' title="bbox 2179 1383 3682 1454; baseline -0.001 -16"><span class='ocrx_word' id='word_1_182' title='bbox 2179 1393 2509 1454; x_wconf 85' lang='lat' dir='ltr'><strong><em>provocante</em></strong></span> <span class='ocrx_word' id='word_1_183' title='bbox 2550 1392 2759 1448; x_wconf 89' lang='lat' dir='ltr'><strong><em>natura,</em></strong></span> <span class='ocrx_word' id='word_1_184' title='bbox 2792 1384 3002 1437; x_wconf 88' lang='lat' dir='ltr'><strong><em>etiamsi</em></strong></span> <span class='ocrx_word' id='word_1_185' title='bbox 3048 1384 3165 1451; x_wconf 90' lang='lat' dir='ltr'><strong><em>quis</em></strong></span> <span class='ocrx_word' id='word_1_186' title='bbox 3214 1384 3426 1437; x_wconf 89' lang='lat' dir='ltr'><strong><em>noluerit</em></strong></span> <span class='ocrx_word' id='word_1_187' title='bbox 3464 1383 3571 1451; x_wconf 85' lang='lat' dir='ltr'><strong><em>(sed</em></strong></span> <span class='ocrx_word' id='word_1_188' title='bbox 3596 1392 3682 1435; x_wconf 79' lang='lat' dir='ltr'><strong><em>erat</em></strong></span> 
     </span>
    </p>
   </div>
   <div class='ocr_carea' id='block_1_28' title="bbox 2179 1472 3683 1540">
    <p class='ocr_par' dir='ltr' id='par_1_28' title="bbox 2179 1472 3683 1540">
     <span class='ocr_line' id='line_1_28' title="bbox 2179 1472 3683 1540; baseline -0.004 -11"><span class='ocrx_word' id='word_1_189' title='bbox 2179 1475 2410 1529; x_wconf 89' lang='lat' dir='ltr'><strong><em>hominis</em></strong></span> <span class='ocrx_word' id='word_1_190' title='bbox 2432 1474 2593 1540; x_wconf 89' lang='lat' dir='ltr'><strong><em>docti,</em></strong></span> <span class='ocrx_word' id='word_1_191' title='bbox 2620 1482 2673 1528; x_wconf 89' lang='lat' dir='ltr'><strong><em>et</em></strong></span> <span class='ocrx_word' id='word_1_192' title='bbox 2690 1475 2741 1528; x_wconf 93' lang='lat' dir='ltr'><strong><em>in</em></strong></span> <span class='ocrx_word' id='word_1_193' title='bbox 2764 1474 2849 1528; x_wconf 88' lang='lat' dir='ltr'><strong><em>bis</em></strong></span> <span class='ocrx_word' id='word_1_194' title='bbox 2870 1474 3030 1527; x_wconf 82' lang='lat' dir='ltr'><strong><em>rebus</em></strong></span> <span class='ocrx_word' id='word_1_195' title='bbox 3053 1473 3318 1527; x_wconf 84' lang='lat' dir='ltr'><strong><em>exercitati</em></strong></span> <span class='ocrx_word' id='word_1_196' title='bbox 3333 1472 3683 1526; x_wconf 82' lang='lat' dir='ltr'><strong><em>solidioresalias</em></strong></span> 
     </span>
    </p>
   </div>
   <div class='ocr_carea' id='block_1_29' title="bbox 2179 1562 3684 1632">
    <p class='ocr_par' dir='ltr' id='par_1_29' title="bbox 2179 1562 3684 1632">
     <span class='ocr_line' id='line_1_29' title="bbox 2179 1562 3684 1632; baseline -0.003 -13"><span class='ocrx_word' id='word_1_197' title='bbox 2179 1581 2360 1620; x_wconf 88' lang='lat' dir='ltr'><strong><em>rerum</em></strong></span> <span class='ocrx_word' id='word_1_198' title='bbox 2406 1580 2596 1620; x_wconf 87' lang='lat' dir='ltr'><strong><em>causas</em></strong></span> <span class='ocrx_word' id='word_1_199' title='bbox 2634 1564 2835 1627; x_wconf 83' lang='lat' dir='ltr'><strong><em>videre,</em></strong></span> <span class='ocrx_word' id='word_1_200' title='bbox 2868 1580 2988 1632; x_wconf 72' lang='lat' dir='ltr'><strong><em>qua:</em></strong></span> <span class='ocrx_word' id='word_1_201' title='bbox 3033 1565 3269 1618; x_wconf 89' lang='lat' dir='ltr'><strong><em>oratione</em></strong></span> <span class='ocrx_word' id='word_1_202' title='bbox 3311 1563 3492 1631; x_wconf 88' lang='lat' dir='ltr'><strong><em>majore</em></strong></span> <span class='ocrx_word' id='word_1_203' title='bbox 3530 1562 3684 1630; x_wconf 87' lang='lat' dir='ltr'><strong><em>requiri</em></strong></span> 
     </span>
    </p>
   </div>
   <div class='ocr_carea' id='block_1_30' title="bbox 2180 1656 3683 1732">
    <p class='ocr_par' dir='ltr' id='par_1_30' title="bbox 2180 1656 3683 1732">
     <span class='ocr_line' id='line_1_30' title="bbox 2180 1656 3683 1732; baseline -0.005 -17"><span class='ocrx_word' id='word_1_204' title='bbox 2180 1661 2351 1730; x_wconf 74' lang='lat' dir='ltr'><strong><em>dignm</em></strong></span> <span class='ocrx_word' id='word_1_205' title='bbox 2378 1661 2527 1732; x_wconf 88' lang='lat' dir='ltr'><strong><em>sint);</em></strong></span> <span class='ocrx_word' id='word_1_206' title='bbox 2552 1659 2651 1713; x_wconf 92' lang='lat' dir='ltr'><strong><em>nisi</em></strong></span> <span class='ocrx_word' id='word_1_207' title='bbox 2683 1659 2818 1713; x_wconf 90' lang='lat' dir='ltr'><strong><em>forte</em></strong></span> <span class='ocrx_word' id='word_1_208' title='bbox 2845 1659 2914 1712; x_wconf 90' lang='lat' dir='ltr'><strong><em>sit</em></strong></span> <span class='ocrx_word' id='word_1_209' title='bbox 2944 1658 3152 1723; x_wconf 88' lang='lat' dir='ltr'><strong><em>falsum,</em></strong></span> <span class='ocrx_word' id='word_1_210' title='bbox 3176 1658 3429 1711; x_wconf 87' lang='lat' dir='ltr'><strong><em>hominem</em></strong></span> <span class='ocrx_word' id='word_1_211' title='bbox 3449 1656 3683 1710; x_wconf 84' lang='lat' dir='ltr'><strong><em>rationabi-</em></strong></span> 
     </span>
    </p>
   </div>
   <div class='ocr_carea' id='block_1_31' title="bbox 496 1746 3685 1823">
    <p class='ocr_par' dir='ltr' id='par_1_31' title="bbox 496 1746 3685 1823">
     <span class='ocr_line' id='line_1_31' title="bbox 496 1746 3685 1823; baseline -0.005 -6"><span class='ocrx_word' id='word_1_212' title='bbox 496 1753 609 1822; x_wconf 73' lang='lat' dir='ltr'><strong><em>ittse</em></strong></span> <span class='ocrx_word' id='word_1_213' title='bbox 629 1750 973 1820; x_wconf 61' lang='lat'><strong><em>0315830053“)</em></strong></span> <span class='ocrx_word' id='word_1_214' title='bbox 1019 1746 1350 1815; x_wconf 73' lang='grc' dir='ltr'><strong><em>οπυεειιηίιυθ</em></strong></span> <span class='ocrx_word' id='word_1_215' title='bbox 1378 1746 1575 1801; x_wconf 50' lang='lat' dir='ltr'><strong><em>habe“</em></strong></span> <span class='ocrx_word' id='word_1_216' title='bbox 1600 1754 1855 1812; x_wconf 61' lang='lat' dir='ltr'><strong><em>mentem.</em></strong></span> <span class='ocrx_word' id='word_1_217' title='bbox 1886 1748 2078 1802; x_wconf 78' lang='lat' dir='ltr'><strong><em>Obscu-</em></strong></span> <span class='ocrx_word' id='word_1_218' title='bbox 2111 1763 2151 1821; x_wconf 81' lang='grc' dir='ltr'>Β</span> <span class='ocrx_word' id='word_1_219' title='bbox 2182 1754 2287 1808; x_wconf 91' lang='lat' dir='ltr'><strong><em>lem</em></strong></span> <span class='ocrx_word' id='word_1_220' title='bbox 2315 1770 2434 1809; x_wconf 87' lang='lat' dir='ltr'><strong><em>esse</em></strong></span> <span class='ocrx_word' id='word_1_221' title='bbox 2465 1763 2672 1809; x_wconf 90' lang='lat' dir='ltr'><strong><em>natura.</em></strong></span> <span class='ocrx_word' id='word_1_222' title='bbox 2706 1753 2846 1823; x_wconf 83' lang='lat' dir='ltr'><strong><em>Ergo</em></strong></span> <span class='ocrx_word' id='word_1_223' title='bbox 2877 1762 3064 1809; x_wconf 92' lang='lat' dir='ltr'><strong><em>contra</em></strong></span> <span class='ocrx_word' id='word_1_224' title='bbox 3092 1753 3402 1807; x_wconf 83' lang='lat' dir='ltr'><strong><em>voluntatem</em></strong></span> <span class='ocrx_word' id='word_1_225' title='bbox 3428 1757 3608 1805; x_wconf 87' lang='lat' dir='ltr'><strong><em>coactus</em></strong></span> <span class='ocrx_word' id='word_1_226' title='bbox 3625 1759 3685 1802; x_wconf 85' lang='lat' dir='ltr'><strong><em>est</em></strong></span> 
     </span>
    </p>
   </div>
   <div class='ocr_carea' id='block_1_32' title="bbox 496 1837 2081 1911">
    <p class='ocr_par' dir='ltr' id='par_1_32' title="bbox 496 1837 2081 1911">
     <span class='ocr_line' id='line_1_32' title="bbox 496 1837 2081 1911; baseline -0.004 -12"><span class='ocrx_word' id='word_1_227' title='bbox 496 1860 611 1899; x_wconf 80' lang='lat' dir='ltr'><strong><em>rum</em></strong></span> <span class='ocrx_word' id='word_1_228' title='bbox 634 1858 752 1899; x_wconf 91' lang='lat' dir='ltr'><strong><em>esse</em></strong></span> <span class='ocrx_word' id='word_1_229' title='bbox 781 1843 857 1896; x_wconf 86' lang='lat' dir='ltr'><strong><em>ait</em></strong></span> <span class='ocrx_word' id='word_1_230' title='bbox 876 1848 983 1895; x_wconf 90' lang='lat' dir='ltr'><strong><em>tam</em></strong></span> <span class='ocrx_word' id='word_1_231' title='bbox 996 1840 1213 1911; x_wconf 88' lang='lat' dir='ltr'><strong><em>planum</em></strong></span> <span class='ocrx_word' id='word_1_232' title='bbox 1235 1838 1585 1908; x_wconf 90' lang='lat' dir='ltr'><strong><em>sapientibus,</em></strong></span> <span class='ocrx_word' id='word_1_233' title='bbox 1600 1837 2081 1893; x_wconf 71' lang='lat' dir='ltr'><strong><em>evidentissimum-</em></strong></span> 
     </span>
    </p>
   </div>
   <div class='ocr_carea' id='block_1_33' title="bbox 497 1948 951 2005">
    <p class='ocr_par' dir='ltr' id='par_1_33' title="bbox 497 1948 951 2005">
     <span class='ocr_line' id='line_1_33' title="bbox 497 1948 951 2005; baseline -0.013 -14"><span class='ocrx_word' id='word_1_234' title='bbox 497 1952 602 2005; x_wconf 88' lang='lat' dir='ltr'><strong><em>que</em></strong></span> <span class='ocrx_word' id='word_1_235' title='bbox 627 1948 951 1989; x_wconf 90' lang='lat' dir='ltr'><strong><em>sermonem.</em></strong></span> 
     </span>
    </p>
   </div>
   <div class='ocr_carea' id='block_1_34' title="bbox 569 2020 2080 2090">
    <p class='ocr_par' dir='ltr' id='par_1_34' title="bbox 569 2020 2080 2090">
     <span class='ocr_line' id='line_1_34' title="bbox 569 2020 2080 2090; baseline -0.003 -10"><span class='ocrx_word' id='word_1_236' title='bbox 569 2026 871 2080; x_wconf 80' lang='lat' dir='ltr'><strong><em>Arhitratus</em></strong></span> <span class='ocrx_word' id='word_1_237' title='bbox 900 2032 980 2078; x_wconf 91' lang='lat' dir='ltr'><strong><em>est</em></strong></span> <span class='ocrx_word' id='word_1_238' title='bbox 1007 2031 1206 2089; x_wconf 91' lang='lat' dir='ltr'><strong><em>autem,</em></strong></span> <span class='ocrx_word' id='word_1_239' title='bbox 1238 2020 1380 2090; x_wconf 90' lang='lat' dir='ltr'><strong><em>quod</em></strong></span> <span class='ocrx_word' id='word_1_240' title='bbox 1408 2021 1820 2085; x_wconf 77' lang='lat' dir='ltr'><strong><em>conventionem</em></strong></span> <span class='ocrx_word' id='word_1_241' title='bbox 1839 2060 1852 2086; x_wconf 95' lang='lat'><strong><em>,</em></strong></span> <span class='ocrx_word' id='word_1_242' title='bbox 1884 2037 1947 2075; x_wconf 90' lang='lat' dir='ltr'><strong><em>ac</em></strong></span> <span class='ocrx_word' id='word_1_243' title='bbox 1976 2037 2080 2075; x_wconf 81' lang='lat' dir='ltr'><strong><em>non</em></strong></span> 
     </span>
    </p>
   </div>
   <div class='ocr_carea' id='block_1_35' title="bbox 498 2111 2083 2186">
    <p class='ocr_par' dir='ltr' id='par_1_35' title="bbox 498 2111 2083 2186">
     <span class='ocr_line' id='line_1_35' title="bbox 498 2111 2083 2186; baseline -0.003 -15"><span class='ocrx_word' id='word_1_244' title='bbox 498 2117 666 2186; x_wconf 89' lang='lat' dir='ltr'><strong><em>magis</em></strong></span> <span class='ocrx_word' id='word_1_245' title='bbox 676 2116 1131 2184; x_wconf 80' lang='lat' dir='ltr'><strong><em>conjunctionem,</em></strong></span> <span class='ocrx_word' id='word_1_246' title='bbox 1150 2112 1413 2167; x_wconf 86' lang='lat' dir='ltr'><strong><em>nominari</em></strong></span> <span class='ocrx_word' id='word_1_247' title='bbox 1426 2111 1641 2177; x_wconf 84' lang='lat' dir='ltr'><strong><em>debere,</em></strong></span> <span class='ocrx_word' id='word_1_248' title='bbox 1660 2119 1842 2165; x_wconf 89' lang='lat' dir='ltr'><strong><em>nostra</em></strong></span> <span class='ocrx_word' id='word_1_249' title='bbox 1856 2111 2083 2166; x_wconf 82' lang='lat' dir='ltr'><strong><em>afﬁrmet</em></strong></span> 
     </span>
    </p>
   </div>
   <div class='ocr_carea' id='block_1_36' title="bbox 498 2205 2080 2273">
    <p class='ocr_par' dir='ltr' id='par_1_36' title="bbox 498 2205 2080 2273">
     <span class='ocr_line' id='line_1_36' title="bbox 498 2205 2080 2273; baseline -0.004 -10"><span class='ocrx_word' id='word_1_250' title='bbox 498 2209 692 2263; x_wconf 90' lang='lat' dir='ltr'><strong><em>oratio.</em></strong></span> <span class='ocrx_word' id='word_1_251' title='bbox 728 2207 927 2262; x_wconf 89' lang='lat' dir='ltr'><strong><em>Deinde</em></strong></span> <span class='ocrx_word' id='word_1_252' title='bbox 956 2205 1301 2262; x_wconf 88' lang='lat' dir='ltr'><strong><em>calliditatem</em></strong></span> <span class='ocrx_word' id='word_1_253' title='bbox 1347 2221 1498 2259; x_wconf 90' lang='lat' dir='ltr'><strong><em>suam</em></strong></span> <span class='ocrx_word' id='word_1_254' title='bbox 1538 2207 1694 2273; x_wconf 90' lang='lat' dir='ltr'><strong><em>cupie</em></strong></span> <span class='ocrx_word' id='word_1_255' title='bbox 1720 2222 1760 2259; x_wconf 65' lang='lat' dir='ltr'><strong><em>rs</em></strong></span> <span class='ocrx_word' id='word_1_256' title='bbox 1788 2212 2080 2269; x_wconf 84' lang='lat' dir='ltr'><strong><em>ostentare,</em></strong></span> 
     </span>
    </p>
   </div>
   <div class='ocr_carea' id='block_1_37' title="bbox 499 2296 2085 2365">
    <p class='ocr_par' dir='ltr' id='par_1_37' title="bbox 499 2296 2085 2365">
     <span class='ocr_line' id='line_1_37' title="bbox 499 2296 2085 2365; baseline -0.004 -11"><span class='ocrx_word' id='word_1_257' title='bbox 499 2316 663 2354; x_wconf 90' lang='lat' dir='ltr'><strong><em>unum</em></strong></span> <span class='ocrx_word' id='word_1_258' title='bbox 683 2299 757 2352; x_wconf 91' lang='lat' dir='ltr'><strong><em>ait</em></strong></span> <span class='ocrx_word' id='word_1_259' title='bbox 789 2315 818 2353; x_wconf 87' lang='lat' dir='ltr'><strong><em>a</em></strong></span> <span class='ocrx_word' id='word_1_260' title='bbox 848 2297 1002 2353; x_wconf 86' lang='lat' dir='ltr'><strong><em>nobis</em></strong></span> <span class='ocrx_word' id='word_1_261' title='bbox 1030 2297 1277 2365; x_wconf 87' lang='lat' dir='ltr'><strong><em>idemque</em></strong></span> <span class='ocrx_word' id='word_1_262' title='bbox 1297 2296 1602 2363; x_wconf 81' lang='lat' dir='ltr'><strong><em>significari,</em></strong></span> <span class='ocrx_word' id='word_1_263' title='bbox 1627 2297 1739 2350; x_wconf 89' lang='lat' dir='ltr'><strong><em>sive</em></strong></span> <span class='ocrx_word' id='word_1_264' title='bbox 1767 2296 2085 2350; x_wconf 86' lang='lat' dir='ltr'><strong><em>conventio-</em></strong></span> 
     </span>
    </p>
   </div>
   <div class='ocr_carea' id='block_1_38' title="bbox 500 2384 2082 2458">
    <p class='ocr_par' dir='ltr' id='par_1_38' title="bbox 500 2384 2082 2458">
     <span class='ocr_line' id='line_1_38' title="bbox 500 2384 2082 2458; baseline -0.004 -13"><span class='ocrx_word' id='word_1_265' title='bbox 500 2408 643 2458; x_wconf 85' lang='lat' dir='ltr'><strong><em>nem,</em></strong></span> <span class='ocrx_word' id='word_1_266' title='bbox 666 2391 779 2445; x_wconf 87' lang='lat' dir='ltr'><strong><em>sive</em></strong></span> <span class='ocrx_word' id='word_1_267' title='bbox 807 2388 1238 2457; x_wconf 88' lang='lat' dir='ltr'><strong><em>conjunctiouem</em></strong></span> <span class='ocrx_word' id='word_1_268' title='bbox 1270 2386 1467 2441; x_wconf 87' lang='lat' dir='ltr'><strong><em>factam</em></strong></span> <span class='ocrx_word' id='word_1_269' title='bbox 1515 2402 1632 2441; x_wconf 89' lang='lat' dir='ltr'><strong><em>esse</em></strong></span> <span class='ocrx_word' id='word_1_270' title='bbox 1678 2386 1934 2441; x_wconf 84' lang='lat' dir='ltr'><strong><em>dicamus.</em></strong></span> <span class='ocrx_word' id='word_1_271' title='bbox 1950 2384 2082 2451; x_wconf 82' lang='lat' dir='ltr'><strong><em>&#39;Ego</em></strong></span> 
     </span>
    </p>
   </div>
   <div class='ocr_carea' id='block_1_39' title="bbox 497 2476 2078 2551">
    <p class='ocr_par' dir='ltr' id='par_1_39' title="bbox 497 2476 2078 2551">
     <span class='ocr_line' id='line_1_39' title="bbox 497 2476 2078 2551; baseline -0.006 -14"><span class='ocrx_word' id='word_1_272' title='bbox 497 2498 628 2537; x_wconf 84' lang='lat' dir='ltr'><strong><em>vero</em></strong></span> <span class='ocrx_word' id='word_1_273' title='bbox 660 2482 762 2536; x_wconf 88' lang='lat' dir='ltr'><strong><em>hoc</em></strong></span> <span class='ocrx_word' id='word_1_274' title='bbox 782 2495 996 2551; x_wconf 89' lang='lat' dir='ltr'><strong><em>quoque</em></strong></span> <span class='ocrx_word' id='word_1_275' title='bbox 1018 2478 1138 2533; x_wconf 90' lang='lat' dir='ltr'><strong><em>loco</em></strong></span> <span class='ocrx_word' id='word_1_276' title='bbox 1158 2478 1354 2532; x_wconf 88' lang='lat' dir='ltr'><strong><em>mentis</em></strong></span> <span class='ocrx_word' id='word_1_277' title='bbox 1378 2478 1540 2547; x_wconf 89' lang='lat' dir='ltr'><strong><em>ipsius</em></strong></span> <span class='ocrx_word' id='word_1_278' title='bbox 1562 2492 1787 2532; x_wconf 89' lang='lat' dir='ltr'><strong><em>acumen</em></strong></span> <span class='ocrx_word' id='word_1_279' title='bbox 1810 2476 2078 2530; x_wconf 87' lang='lat' dir='ltr'><strong><em>admiror:</em></strong></span> 
     </span>
    </p>
   </div>
   <div class='ocr_carea' id='block_1_40' title="bbox 497 2568 2081 2637">
    <p class='ocr_par' dir='ltr' id='par_1_40' title="bbox 497 2568 2081 2637">
     <span class='ocr_line' id='line_1_40' title="bbox 497 2568 2081 2637; baseline -0.004 -10"><span class='ocrx_word' id='word_1_280' title='bbox 497 2573 644 2627; x_wconf 89' lang='lat' dir='ltr'><strong><em>solus</em></strong></span> <span class='ocrx_word' id='word_1_281' title='bbox 674 2572 816 2626; x_wconf 90' lang='lat' dir='ltr'><strong><em>enim</em></strong></span> <span class='ocrx_word' id='word_1_282' title='bbox 838 2571 1066 2625; x_wconf 81' lang='lat' dir='ltr'><strong><em>fortasse</em></strong></span> <span class='ocrx_word' id='word_1_283' title='bbox 1093 2570 1277 2624; x_wconf 89' lang='lat' dir='ltr'><strong><em>didicit</em></strong></span> <span class='ocrx_word' id='word_1_284' title='bbox 1307 2568 1452 2637; x_wconf 90' lang='lat' dir='ltr'><strong><em>quod</em></strong></span> <span class='ocrx_word' id='word_1_285' title='bbox 1486 2584 1515 2622; x_wconf 93' lang='lat' dir='ltr'><strong><em>a</em></strong></span> <span class='ocrx_word' id='word_1_286' title='bbox 1544 2568 1689 2623; x_wconf 90' lang='lat' dir='ltr'><strong><em>nullo</em></strong></span> <span class='ocrx_word' id='word_1_287' title='bbox 1719 2575 1801 2622; x_wconf 91' lang='lat' dir='ltr'><strong><em>est</em></strong></span> <span class='ocrx_word' id='word_1_288' title='bbox 1830 2582 2081 2635; x_wconf 86' lang='lat' dir='ltr'><strong><em>umquam</em></strong></span> 
     </span>
    </p>
   </div>
   <div class='ocr_carea' id='block_1_41' title="bbox 498 2658 2084 2733">
    <p class='ocr_par' dir='ltr' id='par_1_41' title="bbox 498 2658 2084 2733">
     <span class='ocr_line' id='line_1_41' title="bbox 498 2658 2084 2733; baseline -0.005 -14"><span class='ocrx_word' id='word_1_289' title='bbox 498 2664 832 2733; x_wconf 81' lang='lat' dir='ltr'><strong><em>ignoratum;</em></strong></span> <span class='ocrx_word' id='word_1_290' title='bbox 881 2661 1133 2731; x_wconf 90' lang='lat' dir='ltr'><strong><em>quodque</em></strong></span> <span class='ocrx_word' id='word_1_291' title='bbox 1188 2659 1325 2714; x_wconf 89' lang='lat' dir='ltr'><strong><em>adeo</em></strong></span> <span class='ocrx_word' id='word_1_292' title='bbox 1370 2659 1741 2730; x_wconf 88' lang='lat' dir='ltr'><strong><em>proculcatum</em></strong></span> <span class='ocrx_word' id='word_1_293' title='bbox 1788 2666 1889 2725; x_wconf 90' lang='lat' dir='ltr'><strong><em>est,</em></strong></span> <span class='ocrx_word' id='word_1_294' title='bbox 1920 2665 1978 2711; x_wconf 91' lang='lat' dir='ltr'><strong><em>ut</em></strong></span> <span class='ocrx_word' id='word_1_295' title='bbox 2006 2658 2084 2712; x_wconf 89' lang='lat' dir='ltr'><strong><em>eis</em></strong></span> 
     </span>
    </p>
   </div>
   <div class='ocr_carea' id='block_1_42' title="bbox 497 2749 2082 2823">
    <p class='ocr_par' dir='ltr' id='par_1_42' title="bbox 497 2749 2082 2823">
     <span class='ocr_line' id='line_1_42' title="bbox 497 2749 2082 2823; baseline -0.004 -14"><span class='ocrx_word' id='word_1_296' title='bbox 497 2758 681 2821; x_wconf 90' lang='lat' dir='ltr'><strong><em>etiam,</em></strong></span> <span class='ocrx_word' id='word_1_297' title='bbox 709 2754 800 2823; x_wconf 87' lang='lat' dir='ltr'><strong><em>qui</em></strong></span> <span class='ocrx_word' id='word_1_298' title='bbox 832 2760 955 2807; x_wconf 89' lang='lat' dir='ltr'><strong><em>sunt</em></strong></span> <span class='ocrx_word' id='word_1_299' title='bbox 983 2753 1203 2806; x_wconf 89' lang='lat' dir='ltr'><strong><em>omnino</em></strong></span> <span class='ocrx_word' id='word_1_300' title='bbox 1234 2768 1263 2805; x_wconf 91' lang='lat' dir='ltr'><strong><em>a</em></strong></span> <span class='ocrx_word' id='word_1_301' title='bbox 1285 2751 1530 2806; x_wconf 90' lang='lat' dir='ltr'><strong><em>doctrina</em></strong></span> <span class='ocrx_word' id='word_1_302' title='bbox 1559 2759 1613 2804; x_wconf 90' lang='lat' dir='ltr'><strong><em>et</em></strong></span> <span class='ocrx_word' id='word_1_303' title='bbox 1642 2750 1835 2805; x_wconf 89' lang='lat' dir='ltr'><strong><em>litteris</em></strong></span> <span class='ocrx_word' id='word_1_304' title='bbox 1863 2749 2082 2804; x_wconf 68' lang='lat' dir='ltr'><strong><em>saecula-</em></strong></span> 
     </span>
    </p>
   </div>
   <div class='ocr_carea' id='block_1_43' title="bbox 496 2839 2084 2907">
    <p class='ocr_par' dir='ltr' id='par_1_43' title="bbox 496 2839 2084 2907">
     <span class='ocr_line' id='line_1_43' title="bbox 496 2839 2084 2907; baseline -0.004 -8"><span class='ocrx_word' id='word_1_305' title='bbox 496 2846 644 2899; x_wconf 89' lang='lat' dir='ltr'><strong><em>ribus</em></strong></span> <span class='ocrx_word' id='word_1_306' title='bbox 690 2842 1019 2907; x_wconf 81' lang='lat' dir='ltr'><strong><em>alienissimi,</em></strong></span> <span class='ocrx_word' id='word_1_307' title='bbox 1070 2842 1407 2896; x_wconf 89' lang='lat' dir='ltr'><strong><em>notissimum</em></strong></span> <span class='ocrx_word' id='word_1_308' title='bbox 1450 2839 1722 2901; x_wconf 88' lang='lat' dir='ltr'><strong><em>videatur;</em></strong></span> <span class='ocrx_word' id='word_1_309' title='bbox 1748 2841 1911 2895; x_wconf 90' lang='lat' dir='ltr'><strong><em>immo</em></strong></span> <span class='ocrx_word' id='word_1_310' title='bbox 1937 2850 1990 2893; x_wconf 92' lang='lat' dir='ltr'><strong><em>et</em></strong></span> <span class='ocrx_word' id='word_1_311' title='bbox 2020 2840 2084 2893; x_wconf 91' lang='lat' dir='ltr'><strong><em>iis</em></strong></span> 
     </span>
    </p>
   </div>
   <div class='ocr_carea' id='block_1_44' title="bbox 496 2931 2085 3005">
    <p class='ocr_par' dir='ltr' id='par_1_44' title="bbox 496 2931 2085 3005">
     <span class='ocr_line' id='line_1_44' title="bbox 496 2931 2085 3005; baseline -0.003 -15"><span class='ocrx_word' id='word_1_312' title='bbox 496 2938 587 3005; x_wconf 91' lang='lat' dir='ltr'><strong><em>qui</em></strong></span> <span class='ocrx_word' id='word_1_313' title='bbox 619 2935 803 2990; x_wconf 90' lang='lat' dir='ltr'><strong><em>auditu</em></strong></span> <span class='ocrx_word' id='word_1_314' title='bbox 833 2934 1203 2989; x_wconf 65' lang='lat' dir='ltr'><strong><em>tantummodo</em></strong></span> <span class='ocrx_word' id='word_1_315' title='bbox 1232 2932 1553 2997; x_wconf 84' lang='lat' dir='ltr'><strong><em>fabularum,</em></strong></span> <span class='ocrx_word' id='word_1_316' title='bbox 1585 2931 1653 2987; x_wconf 90' lang='lat' dir='ltr'><strong><em>ad</em></strong></span> <span class='ocrx_word' id='word_1_317' title='bbox 1699 2931 1870 2987; x_wconf 85' lang='lat' dir='ltr'><strong><em>levem</em></strong></span> <span class='ocrx_word' id='word_1_318' title='bbox 1910 2932 2085 2987; x_wconf 90' lang='lat' dir='ltr'><strong><em>incer-</em></strong></span> 
     </span>
    </p>
   </div>
   <div class='ocr_carea' id='block_1_45' title="bbox 498 3027 1424 3096">
    <p class='ocr_par' dir='ltr' id='par_1_45' title="bbox 498 3027 1424 3096">
     <span class='ocr_line' id='line_1_45' title="bbox 498 3027 1424 3096; baseline -0.004 -14"><span class='ocrx_word' id='word_1_319' title='bbox 498 3038 715 3096; x_wconf 88' lang='lat' dir='ltr'><strong><em>tamque</em></strong></span> <span class='ocrx_word' id='word_1_320' title='bbox 743 3027 1021 3083; x_wconf 88' lang='lat' dir='ltr'><strong><em>scientiam</em></strong></span> <span class='ocrx_word' id='word_1_321' title='bbox 1044 3032 1424 3096; x_wconf 90' lang='lat' dir='ltr'><strong><em>pervenerunt.</em></strong></span> 
     </span>
    </p>
   </div>
   <div class='ocr_carea' id='block_1_46' title="bbox 2181 1842 3686 1910">
    <p class='ocr_par' dir='ltr' id='par_1_46' title="bbox 2181 1842 3686 1910">
     <span class='ocr_line' id='line_1_46' title="bbox 2181 1842 3686 1910; baseline -0.005 -11"><span class='ocrx_word' id='word_1_322' title='bbox 2181 1846 2518 1901; x_wconf 89' lang='lat' dir='ltr'><strong><em>rationabilis</em></strong></span> <span class='ocrx_word' id='word_1_323' title='bbox 2545 1861 2684 1901; x_wconf 90' lang='lat' dir='ltr'><strong><em>esse.</em></strong></span> <span class='ocrx_word' id='word_1_324' title='bbox 2713 1845 2936 1910; x_wconf 89' lang='lat' dir='ltr'><strong><em>Deinde,</em></strong></span> <span class='ocrx_word' id='word_1_325' title='bbox 2966 1844 3053 1899; x_wconf 88' lang='lat' dir='ltr'><strong><em>die</em></strong></span> <span class='ocrx_word' id='word_1_326' title='bbox 3073 1844 3219 1908; x_wconf 91' lang='lat' dir='ltr'><strong><em>mihi,</em></strong></span> <span class='ocrx_word' id='word_1_327' title='bbox 3250 1843 3381 1897; x_wconf 85' lang='lat' dir='ltr'><strong><em>Deus</em></strong></span> <span class='ocrx_word' id='word_1_328' title='bbox 3414 1842 3686 1908; x_wconf 83' lang='lat' dir='ltr'><strong><em>omnipotens</em></strong></span> 
     </span>
    </p>
   </div>
   <div class='ocr_carea' id='block_1_47' title="bbox 2182 1932 3685 2001">
    <p class='ocr_par' dir='ltr' id='par_1_47' title="bbox 2182 1932 3685 2001">
     <span class='ocr_line' id='line_1_47' title="bbox 2182 1932 3685 2001; baseline -0.007 -5"><span class='ocrx_word' id='word_1_329' title='bbox 2182 1956 2362 1996; x_wconf 90' lang='lat' dir='ltr'><strong><em>nonne</em></strong></span> <span class='ocrx_word' id='word_1_330' title='bbox 2389 1949 2578 1994; x_wconf 86' lang='lat' dir='ltr'><strong><em>natura</em></strong></span> <span class='ocrx_word' id='word_1_331' title='bbox 2600 1948 2683 1994; x_wconf 90' lang='lat' dir='ltr'><strong><em>est</em></strong></span> <span class='ocrx_word' id='word_1_332' title='bbox 2703 1939 2877 1994; x_wconf 84' lang='lat' dir='ltr'><strong><em>Deus?</em></strong></span> <span class='ocrx_word' id='word_1_333' title='bbox 2898 1938 3090 1992; x_wconf 86' lang='lat' dir='ltr'><strong><em>Nonne</em></strong></span> <span class='ocrx_word' id='word_1_334' title='bbox 3110 1944 3293 1991; x_wconf 90' lang='lat' dir='ltr'><strong><em>natura</em></strong></span> <span class='ocrx_word' id='word_1_335' title='bbox 3311 1943 3521 1999; x_wconf 88' lang='lat' dir='ltr'><strong><em>sanctus,</em></strong></span> <span class='ocrx_word' id='word_1_336' title='bbox 3536 1932 3685 2001; x_wconf 86' lang='lat' dir='ltr'><strong><em>justus,</em></strong></span> 
     </span>
    </p>
   </div>
   <div class='ocr_carea' id='block_1_48' title="bbox 2181 2028 3685 2105">
    <p class='ocr_par' dir='ltr' id='par_1_48' title="bbox 2181 2028 3685 2105">
     <span class='ocr_line' id='line_1_48' title="bbox 2181 2028 3685 2105; baseline -0.006 -16"><span class='ocrx_word' id='word_1_337' title='bbox 2181 2036 2371 2103; x_wconf 90' lang='lat' dir='ltr'><strong><em>bonus,</em></strong></span> <span class='ocrx_word' id='word_1_338' title='bbox 2402 2037 2531 2100; x_wconf 91' lang='lat' dir='ltr'><strong><em>vita,</em></strong></span> <span class='ocrx_word' id='word_1_339' title='bbox 2564 2036 2762 2101; x_wconf 88' lang='lat' dir='ltr'><strong><em>lumen,</em></strong></span> <span class='ocrx_word' id='word_1_340' title='bbox 2796 2035 3082 2105; x_wconf 90' lang='lat' dir='ltr'><strong><em>sapientia,</em></strong></span> <span class='ocrx_word' id='word_1_341' title='bbox 3115 2040 3167 2088; x_wconf 90' lang='lat' dir='ltr'><strong><em>et</em></strong></span> <span class='ocrx_word' id='word_1_342' title='bbox 3200 2033 3391 2087; x_wconf 81' lang='lat' dir='ltr'><strong><em>virtus?</em></strong></span> <span class='ocrx_word' id='word_1_343' title='bbox 3418 2028 3576 2084; x_wconf 83' lang='lat' dir='ltr'><strong><em>Utrum</em></strong></span> <span class='ocrx_word' id='word_1_344' title='bbox 3600 2029 3685 2097; x_wconf 83' lang='lat' dir='ltr'><strong><em>ipse</em></strong></span> 
     </span>
    </p>
   </div>
   <div class='ocr_carea' id='block_1_49' title="bbox 2180 2117 3690 2197">
    <p class='ocr_par' dir='ltr' id='par_1_49' title="bbox 2180 2117 3690 2197">
     <span class='ocr_line' id='line_1_49' title="bbox 2180 2117 3690 2197; baseline -0.008 -16"><span class='ocrx_word' id='word_1_345' title='bbox 2180 2143 2395 2197; x_wconf 88' lang='lat' dir='ltr'><strong><em>quoque</em></strong></span> <span class='ocrx_word' id='word_1_346' title='bbox 2408 2134 2597 2183; x_wconf 89' lang='lat' dir='ltr'><strong><em>contra</em></strong></span> <span class='ocrx_word' id='word_1_347' title='bbox 2620 2127 2973 2192; x_wconf 77' lang='lat' dir='ltr'><strong><em>voluntatem,</em></strong></span> <span class='ocrx_word' id='word_1_348' title='bbox 2994 2136 3047 2180; x_wconf 90' lang='lat' dir='ltr'><strong><em>et</em></strong></span> <span class='ocrx_word' id='word_1_349' title='bbox 3071 2126 3299 2188; x_wconf 86' lang='lat' dir='ltr'><strong><em>coactus,</em></strong></span> <span class='ocrx_word' id='word_1_350' title='bbox 3319 2122 3366 2177; x_wconf 89' lang='lat' dir='ltr'><strong><em>id</em></strong></span> <span class='ocrx_word' id='word_1_351' title='bbox 3382 2130 3470 2186; x_wconf 90' lang='lat' dir='ltr'><strong><em>est,</em></strong></span> <span class='ocrx_word' id='word_1_352' title='bbox 3487 2117 3690 2188; x_wconf 77' lang='lat' dir='ltr'><strong><em>quodest?</em></strong></span> 
     </span>
    </p>
   </div>
   <div class='ocr_carea' id='block_1_50' title="bbox 2181 2215 3691 2290">
    <p class='ocr_par' dir='ltr' id='par_1_50' title="bbox 2181 2215 3691 2290">
     <span class='ocr_line' id='line_1_50' title="bbox 2181 2215 3691 2290; baseline -0.007 -14"><span class='ocrx_word' id='word_1_353' title='bbox 2181 2221 2287 2276; x_wconf 87' lang='lat' dir='ltr'><strong><em>Sed</em></strong></span> <span class='ocrx_word' id='word_1_354' title='bbox 2322 2222 2396 2275; x_wconf 87' lang='lat' dir='ltr'><strong><em>ita</em></strong></span> <span class='ocrx_word' id='word_1_355' title='bbox 2426 2221 2635 2290; x_wconf 86' lang='lat' dir='ltr'><strong><em>opinari</em></strong></span> <span class='ocrx_word' id='word_1_356' title='bbox 2664 2235 2878 2275; x_wconf 63' lang='lat' dir='ltr'><strong><em>vesana:</em></strong></span> <span class='ocrx_word' id='word_1_357' title='bbox 2931 2220 3239 2277; x_wconf 87' lang='lat' dir='ltr'><strong><em>stoliditatis</em></strong></span> <span class='ocrx_word' id='word_1_358' title='bbox 3282 2225 3358 2274; x_wconf 87' lang='lat' dir='ltr'><strong><em>est</em></strong></span> <span class='ocrx_word' id='word_1_359' title='bbox 3398 2215 3691 2275; x_wconf 73' lang='lat' dir='ltr'><strong><em>certissimum</em></strong></span> 
     </span>
    </p>
   </div>
   <div class='ocr_carea' id='block_1_51' title="bbox 2182 2319 2571 2380">
    <p class='ocr_par' dir='ltr' id='par_1_51' title="bbox 2182 2319 2571 2380">
     <span class='ocr_line' id='line_1_51' title="bbox 2182 2319 2571 2380; baseline -0.003 -13"><span class='ocrx_word' id='word_1_360' title='bbox 2182 2319 2571 2380; x_wconf 81' lang='lat' dir='ltr'><strong><em>argumentum.</em></strong></span> 
     </span>
    </p>
   </div>
   <div class='ocr_carea' id='block_1_52' title="bbox 2256 2400 3693 2474">
    <p class='ocr_par' dir='ltr' id='par_1_52' title="bbox 2256 2400 3693 2474">
     <span class='ocr_line' id='line_1_52' title="bbox 2256 2400 3693 2474; baseline -0.011 -14"><span class='ocrx_word' id='word_1_361' title='bbox 2256 2403 2394 2471; x_wconf 84' lang='lat' dir='ltr'><strong><em>Quid</em></strong></span> <span class='ocrx_word' id='word_1_362' title='bbox 2425 2407 2586 2474; x_wconf 81' lang='lat' dir='ltr'><strong><em>igitur</em></strong></span> <span class='ocrx_word' id='word_1_363' title='bbox 2631 2406 2786 2460; x_wconf 87' lang='lat' dir='ltr'><strong><em>nobis</em></strong></span> <span class='ocrx_word' id='word_1_364' title='bbox 2827 2404 3074 2459; x_wconf 90' lang='lat' dir='ltr'><strong><em>obtendit</em></strong></span> <span class='ocrx_word' id='word_1_365' title='bbox 3128 2400 3442 2457; x_wconf 87' lang='lat' dir='ltr'><strong><em>mendacium</em></strong></span> <span class='ocrx_word' id='word_1_366' title='bbox 3482 2407 3693 2463; x_wconf 85' lang='lat' dir='ltr'><strong><em>tamquam</em></strong></span> 
     </span>
    </p>
   </div>
   <div class='ocr_carea' id='block_1_53' title="bbox 2186 2493 3695 2568">
    <p class='ocr_par' dir='ltr' id='par_1_53' title="bbox 2186 2493 3695 2568">
     <span class='ocr_line' id='line_1_53' title="bbox 2186 2493 3695 2568; baseline -0.007 -17"><span class='ocrx_word' id='word_1_367' title='bbox 2186 2497 2624 2568; x_wconf 80' lang='lat' dir='ltr'><strong><em>inexpugnabile,</em></strong></span> <span class='ocrx_word' id='word_1_368' title='bbox 2658 2506 2712 2553; x_wconf 85' lang='lat' dir='ltr'><strong><em>et</em></strong></span> <span class='ocrx_word' id='word_1_369' title='bbox 2754 2497 3063 2552; x_wconf 88' lang='lat' dir='ltr'><strong><em>invincihile</em></strong></span> <span class='ocrx_word' id='word_1_370' title='bbox 3110 2495 3499 2553; x_wconf 86' lang='lat' dir='ltr'><strong><em>munimentum;</em></strong></span> <span class='ocrx_word' id='word_1_371' title='bbox 3536 2493 3580 2541; x_wconf 86' lang='lat' dir='ltr'><strong><em>et</em></strong></span> <span class='ocrx_word' id='word_1_372' title='bbox 3617 2493 3695 2537; x_wconf 78' lang='lat' dir='ltr'><strong><em>tam</em></strong></span> 
     </span>
    </p>
   </div>
   <div class='ocr_carea' id='block_1_54' title="bbox 2186 2575 3697 2655">
    <p class='ocr_par' dir='ltr' id='par_1_54' title="bbox 2186 2575 3697 2655">
     <span class='ocr_line' id='line_1_54' title="bbox 2186 2575 3697 2655; baseline -0.009 -16"><span class='ocrx_word' id='word_1_373' title='bbox 2186 2586 2475 2643; x_wconf 88' lang='lat' dir='ltr'><strong><em>imbecillis</em></strong></span> <span class='ocrx_word' id='word_1_374' title='bbox 2506 2587 2676 2642; x_wconf 84' lang='lat' dir='ltr'><strong><em>utitur</em></strong></span> <span class='ocrx_word' id='word_1_375' title='bbox 2703 2586 3051 2655; x_wconf 79' lang='lat' dir='ltr'><strong><em>argumentis,</em></strong></span> <span class='ocrx_word' id='word_1_376' title='bbox 3100 2593 3159 2639; x_wconf 89' lang='lat' dir='ltr'><strong><em>ut</em></strong></span> <span class='ocrx_word' id='word_1_377' title='bbox 3186 2583 3420 2644; x_wconf 88' lang='lat' dir='ltr'><strong><em>audiens,</em></strong></span> <span class='ocrx_word' id='word_1_378' title='bbox 3465 2575 3697 2631; x_wconf 81' lang='lat' dir='ltr'><strong><em>naturalem</em></strong></span> 
     </span>
    </p>
   </div>
   <div class='ocr_carea' id='block_1_55' title="bbox 2185 2674 3699 2742">
    <p class='ocr_par' dir='ltr' id='par_1_55' title="bbox 2185 2674 3699 2742">
     <span class='ocr_line' id='line_1_55' title="bbox 2185 2674 3699 2742; baseline -0.01 -14"><span class='ocrx_word' id='word_1_379' title='bbox 2185 2674 2377 2733; x_wconf 86' lang='lat' dir='ltr'><strong><em>factam</em></strong></span> <span class='ocrx_word' id='word_1_380' title='bbox 2421 2693 2541 2733; x_wconf 89' lang='lat' dir='ltr'><strong><em>esse</em></strong></span> <span class='ocrx_word' id='word_1_381' title='bbox 2583 2676 2981 2742; x_wconf 88' lang='lat' dir='ltr'><strong><em>adunationem,</em></strong></span> <span class='ocrx_word' id='word_1_382' title='bbox 3016 2675 3071 2730; x_wconf 88' lang='lat' dir='ltr'><strong><em>id</em></strong></span> <span class='ocrx_word' id='word_1_383' title='bbox 3116 2682 3216 2738; x_wconf 90' lang='lat' dir='ltr'><strong><em>est,</em></strong></span> <span class='ocrx_word' id='word_1_384' title='bbox 3246 2684 3433 2732; x_wconf 83' lang='lat' dir='ltr'><strong><em>veram,</em></strong></span> <span class='ocrx_word' id='word_1_385' title='bbox 3456 2674 3503 2721; x_wconf 90' lang='lat' dir='ltr'><strong><em>et</em></strong></span> <span class='ocrx_word' id='word_1_386' title='bbox 3526 2676 3699 2719; x_wconf 85' lang='lat' dir='ltr'><strong><em>convcr-</em></strong></span> 
     </span>
    </p>
   </div>
   <div class='ocr_carea' id='block_1_56' title="bbox 2185 2753 3700 2836">
    <p class='ocr_par' dir='ltr' id='par_1_56' title="bbox 2185 2753 3700 2836">
     <span class='ocr_line' id='line_1_56' title="bbox 2185 2753 3700 2836; baseline -0.011 -16"><span class='ocrx_word' id='word_1_387' title='bbox 2185 2767 2353 2822; x_wconf 89' lang='lat' dir='ltr'><strong><em>sionis</em></strong></span> <span class='ocrx_word' id='word_1_388' title='bbox 2382 2767 2625 2834; x_wconf 84' lang='lat' dir='ltr'><strong><em>liberam,</em></strong></span> <span class='ocrx_word' id='word_1_389' title='bbox 2658 2773 2820 2836; x_wconf 89' lang='lat' dir='ltr'><strong><em>atque</em></strong></span> <span class='ocrx_word' id='word_1_390' title='bbox 2850 2765 3187 2821; x_wconf 87' lang='lat' dir='ltr'><strong><em>inconfusam</em></strong></span> <span class='ocrx_word' id='word_1_391' title='bbox 3215 2761 3420 2817; x_wconf 90' lang='lat' dir='ltr'><strong><em>omnino</em></strong></span> <span class='ocrx_word' id='word_1_392' title='bbox 3445 2753 3700 2813; x_wconf 81' lang='lat' dir='ltr'><strong><em>substantia-</em></strong></span> 
     </span>
    </p>
   </div>
   <div class='ocr_carea' id='block_1_57' title="bbox 2185 2844 3701 2927">
    <p class='ocr_par' dir='ltr' id='par_1_57' title="bbox 2185 2844 3701 2927">
     <span class='ocr_line' id='line_1_57' title="bbox 2185 2844 3701 2927; baseline -0.011 -16"><span class='ocrx_word' id='word_1_393' title='bbox 2185 2874 2303 2912; x_wconf 88' lang='lat' dir='ltr'><strong><em>rum</em></strong></span> <span class='ocrx_word' id='word_1_394' title='bbox 2334 2859 2767 2923; x_wconf 80' lang='lat' dir='ltr'><strong><em>conventionem,</em></strong></span> <span class='ocrx_word' id='word_1_395' title='bbox 2802 2866 3063 2927; x_wconf 84' lang='lat' dir='ltr'><strong><em>torquere</em></strong></span> <span class='ocrx_word' id='word_1_396' title='bbox 3103 2860 3323 2911; x_wconf 89' lang='lat' dir='ltr'><strong><em>conetur</em></strong></span> <span class='ocrx_word' id='word_1_397' title='bbox 3349 2851 3448 2905; x_wconf 85' lang='lat' dir='ltr'><strong><em>vim</em></strong></span> <span class='ocrx_word' id='word_1_398' title='bbox 3464 2844 3701 2902; x_wconf 83' lang='lat' dir='ltr'><strong><em>sententia-</em></strong></span> 
     </span>
    </p>
   </div>
   <div class='ocr_carea' id='block_1_58' title="bbox 2186 2936 3700 3020">
    <p class='ocr_par' dir='ltr' id='par_1_58' title="bbox 2186 2936 3700 3020">
     <span class='ocr_line' id='line_1_58' title="bbox 2186 2936 3700 3020; baseline -0.015 -10"><span class='ocrx_word' id='word_1_399' title='bbox 2186 2966 2325 3016; x_wconf 86' lang='lat' dir='ltr'><strong><em>rum,</em></strong></span> <span class='ocrx_word' id='word_1_400' title='bbox 2357 2955 2417 3004; x_wconf 86' lang='grc' dir='ltr'><strong>υι</strong></span> <span class='ocrx_word' id='word_1_401' title='bbox 2442 2965 2630 3020; x_wconf 90' lang='lat' dir='ltr'><strong><em>parum</em></strong></span> <span class='ocrx_word' id='word_1_402' title='bbox 2659 2959 2805 3005; x_wconf 90' lang='lat' dir='ltr'><strong><em>recte</em></strong></span> <span class='ocrx_word' id='word_1_403' title='bbox 2826 2949 3012 3019; x_wconf 75' lang='lat' dir='ltr'><strong><em>positae</em></strong></span> <span class='ocrx_word' id='word_1_404' title='bbox 3034 2963 3159 3004; x_wconf 86' lang='lat' dir='ltr'><strong><em>esse</em></strong></span> <span class='ocrx_word' id='word_1_405' title='bbox 3179 2942 3479 3001; x_wconf 86' lang='lat' dir='ltr'><strong><em>credantur?</em></strong></span> <span class='ocrx_word' id='word_1_406' title='bbox 3502 2939 3595 2993; x_wconf 82' lang='lat' dir='ltr'><strong><em>Nec</em></strong></span> <span class='ocrx_word' id='word_1_407' title='bbox 3608 2936 3700 2990; x_wconf 86' lang='lat' dir='ltr'><strong><em>hor-</em></strong></span> 
     </span>
    </p>
   </div>
   <div class='ocr_carea' id='block_1_59' title="bbox 2185 3026 3702 3115">
    <p class='ocr_par' dir='ltr' id='par_1_59' title="bbox 2185 3026 3702 3115">
     <span class='ocr_line' id='line_1_59' title="bbox 2185 3026 3702 3115; baseline -0.007 -20"><span class='ocrx_word' id='word_1_408' title='bbox 2185 3042 2350 3096; x_wconf 88' lang='lat' dir='ltr'><strong><em>rescit</em></strong></span> <span class='ocrx_word' id='word_1_409' title='bbox 2377 3043 2458 3096; x_wconf 91' lang='lat' dir='ltr'><strong><em>vir</em></strong></span> <span class='ocrx_word' id='word_1_410' title='bbox 2478 3052 2730 3097; x_wconf 87' lang='lat' dir='ltr'><strong><em>strenuus</em></strong></span> <span class='ocrx_word' id='word_1_411' title='bbox 2752 3041 2960 3115; x_wconf 80' lang='lat' dir='ltr'><strong><em>[Batuz.</em></strong></span> <span class='ocrx_word' id='word_1_412' title='bbox 2994 3040 3123 3093; x_wconf 85' lang='lat' dir='ltr'><strong><em>add.</em></strong></span> <span class='ocrx_word' id='word_1_413' title='bbox 3148 3036 3386 3107; x_wconf 86' lang='lat' dir='ltr'><strong><em>exemplo</em></strong></span> <span class='ocrx_word' id='word_1_414' title='bbox 3416 3026 3609 3099; x_wconf 82' lang='lat' dir='ltr'><strong><em>nostro],</em></strong></span> <span class='ocrx_word' id='word_1_415' title='bbox 3629 3040 3702 3079; x_wconf 77' lang='lat' dir='ltr'><strong><em>na-</em></strong></span> 
     </span>
    </p>
   </div>
   <div class='ocr_carea' id='block_1_60' title="bbox 567 3114 3704 3196">
    <p class='ocr_par' dir='ltr' id='par_1_60' title="bbox 567 3114 3704 3196">
     <span class='ocr_line' id='line_1_60' title="bbox 567 3114 3704 3196; baseline -0.001 -24"><span class='ocrx_word' id='word_1_416' title='bbox 567 3119 849 3173; x_wconf 81' lang='lat' dir='ltr'><strong><em>Adtuirans</em></strong></span> <span class='ocrx_word' id='word_1_417' title='bbox 871 3119 1031 3187; x_wconf 81' lang='lat' dir='ltr'><strong><em>igitur</em></strong></span> <span class='ocrx_word' id='word_1_418' title='bbox 1049 3118 1215 3187; x_wconf 91' lang='lat' dir='ltr'><strong><em>ipsius</em></strong></span> <span class='ocrx_word' id='word_1_419' title='bbox 1233 3116 1670 3181; x_wconf 88' lang='lat' dir='ltr'><strong><em>doctrinam,hoc</em></strong></span> <span class='ocrx_word' id='word_1_420' title='bbox 1699 3114 1766 3169; x_wconf 90' lang='lat' dir='ltr'><strong><em>ad</em></strong></span> <span class='ocrx_word' id='word_1_421' title='bbox 1794 3130 1913 3170; x_wconf 91' lang='lat' dir='ltr'><strong><em>eum</em></strong></span> <span class='ocrx_word' id='word_1_422' title='bbox 1930 3115 2079 3171; x_wconf 90' lang='lat' dir='ltr'><strong><em>dico:</em></strong></span> <span class='ocrx_word' id='word_1_423' title='bbox 2111 3133 2155 3193; x_wconf 71' lang='grc' dir='ltr'><em>ς</em></span> <span class='ocrx_word' id='word_1_424' title='bbox 2187 3140 2361 3187; x_wconf 55' lang='lat' dir='ltr'><strong><em>tum“,</em></strong></span> <span class='ocrx_word' id='word_1_425' title='bbox 2392 3132 2551 3187; x_wconf 61' lang='lat' dir='ltr'><strong><em>verb;</em></strong></span> <span class='ocrx_word' id='word_1_426' title='bbox 2582 3114 2877 3188; x_wconf 46' lang='lat' dir='ltr'><strong><em>,nevilgbm</em></strong></span> <span class='ocrx_word' id='word_1_427' title='bbox 2908 3130 3219 3188; x_wconf 52' lang='lat' dir='ltr'><strong><em>necessitati</em></strong></span> <span class='ocrx_word' id='word_1_428' title='bbox 3248 3127 3505 3196; x_wconf 68' lang='lat' dir='ltr'><strong><em>subjacere</em></strong></span> <span class='ocrx_word' id='word_1_429' title='bbox 3521 3132 3704 3176; x_wconf 84' lang='lat' dir='ltr'><strong><em>comme-</em></strong></span> 
     </span>
    </p>
   </div>
   <div class='ocr_carea' id='block_1_61' title="bbox 494 3209 2085 3279">
    <p class='ocr_par' dir='ltr' id='par_1_61' title="bbox 494 3209 2085 3279">
     <span class='ocr_line' id='line_1_61' title="bbox 494 3209 2085 3279; baseline -0.003 -12"><span class='ocrx_word' id='word_1_430' title='bbox 494 3213 592 3267; x_wconf 85' lang='lat' dir='ltr'><strong><em>Vel</em></strong></span> <span class='ocrx_word' id='word_1_431' title='bbox 634 3213 913 3267; x_wconf 91' lang='lat' dir='ltr'><strong><em>minimum</em></strong></span> <span class='ocrx_word' id='word_1_432' title='bbox 960 3212 1173 3279; x_wconf 82' lang='lat' dir='ltr'><strong><em>evigila,</em></strong></span> <span class='ocrx_word' id='word_1_433' title='bbox 1201 3209 1345 3265; x_wconf 88' lang='lat' dir='ltr'><strong><em>velut</em></strong></span> <span class='ocrx_word' id='word_1_434' title='bbox 1366 3225 1433 3266; x_wconf 83' lang='lat' dir='ltr'><strong><em>ex</em></strong></span> <span class='ocrx_word' id='word_1_435' title='bbox 1473 3210 1731 3264; x_wconf 86' lang='lat' dir='ltr'><strong><em>ebrietate</em></strong></span> <span class='ocrx_word' id='word_1_436' title='bbox 1761 3216 1851 3262; x_wconf 89' lang='lat' dir='ltr'><strong><em>aut</em></strong></span> <span class='ocrx_word' id='word_1_437' title='bbox 1872 3224 2085 3277; x_wconf 89' lang='lat' dir='ltr'><strong><em>somno,</em></strong></span> 
     </span>
    </p>
   </div>
   <div class='ocr_carea' id='block_1_62' title="bbox 496 3300 2086 3373">
    <p class='ocr_par' dir='ltr' id='par_1_62' title="bbox 496 3300 2086 3373">
     <span class='ocr_line' id='line_1_62' title="bbox 496 3300 2086 3373; baseline -0.003 -15"><span class='ocrx_word' id='word_1_438' title='bbox 496 3306 586 3373; x_wconf 86' lang='lat' dir='ltr'><strong><em>qui</em></strong></span> <span class='ocrx_word' id='word_1_439' title='bbox 644 3312 756 3358; x_wconf 89' lang='lat' dir='ltr'><strong><em>tam</em></strong></span> <span class='ocrx_word' id='word_1_440' title='bbox 801 3318 1052 3372; x_wconf 89' lang='lat' dir='ltr'><strong><em>magnum</em></strong></span> <span class='ocrx_word' id='word_1_441' title='bbox 1108 3304 1161 3356; x_wconf 90' lang='lat' dir='ltr'><strong><em>in</em></strong></span> <span class='ocrx_word' id='word_1_442' title='bbox 1208 3319 1309 3357; x_wconf 90' lang='lat' dir='ltr'><strong><em>nos</em></strong></span> <span class='ocrx_word' id='word_1_443' title='bbox 1360 3319 1422 3357; x_wconf 90' lang='lat' dir='ltr'><strong><em>os</em></strong></span> <span class='ocrx_word' id='word_1_444' title='bbox 1462 3302 1672 3372; x_wconf 88' lang='lat' dir='ltr'><strong><em>aperire</em></strong></span> <span class='ocrx_word' id='word_1_445' title='bbox 1698 3300 2086 3366; x_wconf 88' lang='lat' dir='ltr'><strong><em>contendis;et</em></strong></span> 
     </span>
    </p>
   </div>
   <div class='ocr_carea' id='block_1_63' title="bbox 499 3392 2080 3469">
    <p class='ocr_par' dir='ltr' id='par_1_63' title="bbox 499 3392 2080 3469">
     <span class='ocr_line' id='line_1_63' title="bbox 499 3392 2080 3469; baseline -0.005 -14"><span class='ocrx_word' id='word_1_446' title='bbox 499 3402 870 3456; x_wconf 89' lang='lat' dir='ltr'><strong><em>animadverte</em></strong></span> <span class='ocrx_word' id='word_1_447' title='bbox 908 3400 1176 3454; x_wconf 88' lang='lat' dir='ltr'><strong><em>subtiliter</em></strong></span> <span class='ocrx_word' id='word_1_448' title='bbox 1205 3392 1468 3467; x_wconf 85' lang='lat' dir='ltr'><strong><em>acuteque</em></strong></span> <span class='ocrx_word' id='word_1_449' title='bbox 1508 3397 1818 3469; x_wconf 88' lang='lat' dir='ltr'><strong><em>mysterium</em></strong></span> <span class='ocrx_word' id='word_1_450' title='bbox 1844 3394 2080 3459; x_wconf 89' lang='lat' dir='ltr'><strong><em>unitatis,</em></strong></span> 
     </span>
    </p>
   </div>
   <div class='ocr_carea' id='block_1_64' title="bbox 496 3486 2083 3563">
    <p class='ocr_par' dir='ltr' id='par_1_64' title="bbox 496 3486 2083 3563">
     <span class='ocr_line' id='line_1_64' title="bbox 496 3486 2083 3563; baseline -0.006 -16"><span class='ocrx_word' id='word_1_451' title='bbox 496 3494 639 3563; x_wconf 90' lang='lat' dir='ltr'><strong><em>quod</em></strong></span> <span class='ocrx_word' id='word_1_452' title='bbox 669 3492 736 3547; x_wconf 91' lang='lat' dir='ltr'><strong><em>de</em></strong></span> <span class='ocrx_word' id='word_1_453' title='bbox 756 3492 972 3546; x_wconf 89' lang='lat' dir='ltr'><strong><em>Christo</em></strong></span> <span class='ocrx_word' id='word_1_454' title='bbox 1000 3490 1212 3545; x_wconf 89' lang='lat' dir='ltr'><strong><em>dicitur.</em></strong></span> <span class='ocrx_word' id='word_1_455' title='bbox 1254 3489 1478 3545; x_wconf 88' lang='lat' dir='ltr'><strong><em>Faciunt</em></strong></span> <span class='ocrx_word' id='word_1_456' title='bbox 1507 3488 1723 3559; x_wconf 91' lang='lat' dir='ltr'><strong><em>quidam</em></strong></span> <span class='ocrx_word' id='word_1_457' title='bbox 1761 3486 2083 3541; x_wconf 90' lang='lat' dir='ltr'><strong><em>calumniam</em></strong></span> 
     </span>
    </p>
   </div>
   <div class='ocr_carea' id='block_1_65' title="bbox 497 3578 2084 3656">
    <p class='ocr_par' dir='ltr' id='par_1_65' title="bbox 497 3578 2084 3656">
     <span class='ocr_line' id='line_1_65' title="bbox 497 3578 2084 3656; baseline -0.006 -15"><span class='ocrx_word' id='word_1_458' title='bbox 497 3586 621 3641; x_wconf 87' lang='lat' dir='ltr'><strong><em>huic</em></strong></span> <span class='ocrx_word' id='word_1_459' title='bbox 658 3585 849 3638; x_wconf 90' lang='lat' dir='ltr'><strong><em>unitati</em></strong></span> <span class='ocrx_word' id='word_1_460' title='bbox 880 3581 1087 3656; x_wconf 79' lang='lat' dir='ltr'><strong><em>[Baluz.</em></strong></span> <span class='ocrx_word' id='word_1_461' title='bbox 1122 3582 1175 3636; x_wconf 92' lang='lat' dir='ltr'><strong><em>in</em></strong></span> <span class='ocrx_word' id='word_1_462' title='bbox 1199 3579 1481 3652; x_wconf 79' lang='lat' dir='ltr'><strong><em>foeditate],</em></strong></span> <span class='ocrx_word' id='word_1_463' title='bbox 1514 3583 1567 3635; x_wconf 93' lang='lat' dir='ltr'><strong><em>in</em></strong></span> <span class='ocrx_word' id='word_1_464' title='bbox 1598 3580 1669 3645; x_wconf 93' lang='lat' dir='ltr'><strong><em>id,</em></strong></span> <span class='ocrx_word' id='word_1_465' title='bbox 1700 3579 1843 3650; x_wconf 89' lang='lat' dir='ltr'><strong><em>quod</em></strong></span> <span class='ocrx_word' id='word_1_466' title='bbox 1868 3579 1996 3648; x_wconf 89' lang='lat' dir='ltr'><strong><em>ipsis</em></strong></span> <span class='ocrx_word' id='word_1_467' title='bbox 2017 3578 2084 3632; x_wconf 87' lang='lat' dir='ltr'><strong><em>li-</em></strong></span> 
     </span>
    </p>
   </div>
   <div class='ocr_carea' id='block_1_66' title="bbox 499 3669 2080 3742">
    <p class='ocr_par' dir='ltr' id='par_1_66' title="bbox 499 3669 2080 3742">
     <span class='ocr_line' id='line_1_66' title="bbox 499 3669 2080 3742; baseline -0.006 -10"><span class='ocrx_word' id='word_1_468' title='bbox 499 3676 696 3742; x_wconf 87' lang='lat' dir='ltr'><strong><em>buerit,</em></strong></span> <span class='ocrx_word' id='word_1_469' title='bbox 719 3690 990 3729; x_wconf 90' lang='lat' dir='ltr'><strong><em>sacrarum</em></strong></span> <span class='ocrx_word' id='word_1_470' title='bbox 1020 3674 1318 3728; x_wconf 89' lang='lat' dir='ltr'><strong><em>litterarum</em></strong></span> <span class='ocrx_word' id='word_1_471' title='bbox 1347 3674 1640 3728; x_wconf 85' lang='lat' dir='ltr'><strong><em>sententias</em></strong></span> <span class='ocrx_word' id='word_1_472' title='bbox 1670 3669 2080 3726; x_wconf 88' lang='lat' dir='ltr'><strong><em>transferentes:</em></strong></span> 
     </span>
    </p>
   </div>
   <div class='ocr_carea' id='block_1_67' title="bbox 497 3763 2084 3834">
    <p class='ocr_par' dir='ltr' id='par_1_67' title="bbox 497 3763 2084 3834">
     <span class='ocr_line' id='line_1_67' title="bbox 497 3763 2084 3834; baseline -0.003 -13"><span class='ocrx_word' id='word_1_473' title='bbox 497 3767 648 3821; x_wconf 90' lang='lat' dir='ltr'><strong><em>aiunt</em></strong></span> <span class='ocrx_word' id='word_1_474' title='bbox 675 3765 816 3821; x_wconf 90' lang='lat' dir='ltr'><strong><em>enim</em></strong></span> <span class='ocrx_word' id='word_1_475' title='bbox 842 3804 858 3830; x_wconf 93' lang='lat'><strong><em>,</em></strong></span> <span class='ocrx_word' id='word_1_476' title='bbox 887 3764 1085 3819; x_wconf 90' lang='lat' dir='ltr'><strong><em>divisas</em></strong></span> <span class='ocrx_word' id='word_1_477' title='bbox 1114 3763 1329 3834; x_wconf 90' lang='lat' dir='ltr'><strong><em>quidem</em></strong></span> <span class='ocrx_word' id='word_1_478' title='bbox 1360 3779 1477 3819; x_wconf 92' lang='lat' dir='ltr'><strong><em>esse</em></strong></span> <span class='ocrx_word' id='word_1_479' title='bbox 1505 3779 1535 3818; x_wconf 92' lang='lat' dir='ltr'><strong><em>a</em></strong></span> <span class='ocrx_word' id='word_1_480' title='bbox 1574 3778 1693 3819; x_wconf 89' lang='lat' dir='ltr'><strong><em>sese</em></strong></span> <span class='ocrx_word' id='word_1_481' title='bbox 1721 3770 1942 3817; x_wconf 89' lang='lat' dir='ltr'><strong><em>naturas</em></strong></span> <span class='ocrx_word' id='word_1_482' title='bbox 1970 3769 2023 3817; x_wconf 91' lang='lat' dir='ltr'><strong><em>et</em></strong></span> <span class='ocrx_word' id='word_1_483' title='bbox 2054 3778 2084 3816; x_wconf 90' lang='lat' dir='ltr'><strong><em>a</em></strong></span> 
     </span>
    </p>
   </div>
   <div class='ocr_carea' id='block_1_68' title="bbox 497 3857 2087 3928">
    <p class='ocr_par' dir='ltr' id='par_1_68' title="bbox 497 3857 2087 3928">
     <span class='ocr_line' id='line_1_68' title="bbox 497 3857 2087 3928; baseline -0.006 -12"><span class='ocrx_word' id='word_1_484' title='bbox 497 3875 615 3916; x_wconf 87' lang='lat' dir='ltr'><strong><em>sese</em></strong></span> <span class='ocrx_word' id='word_1_485' title='bbox 640 3859 929 3928; x_wconf 88' lang='lat' dir='ltr'><strong><em>sejunctas,</em></strong></span> <span class='ocrx_word' id='word_1_486' title='bbox 952 3867 1007 3912; x_wconf 90' lang='lat' dir='ltr'><strong><em>et</em></strong></span> <span class='ocrx_word' id='word_1_487' title='bbox 1030 3873 1266 3924; x_wconf 87' lang='lat' dir='ltr'><strong><em>seorsus,</em></strong></span> <span class='ocrx_word' id='word_1_488' title='bbox 1291 3865 1345 3912; x_wconf 93' lang='lat' dir='ltr'><strong><em>et</em></strong></span> <span class='ocrx_word' id='word_1_489' title='bbox 1366 3857 1417 3911; x_wconf 92' lang='lat' dir='ltr'><strong><em>in</em></strong></span> <span class='ocrx_word' id='word_1_490' title='bbox 1439 3866 1594 3928; x_wconf 89' lang='lat' dir='ltr'><strong><em>parte</em></strong></span> <span class='ocrx_word' id='word_1_491' title='bbox 1619 3872 1713 3913; x_wconf 92' lang='lat' dir='ltr'><strong><em>sua</em></strong></span> <span class='ocrx_word' id='word_1_492' title='bbox 1742 3871 1861 3911; x_wconf 92' lang='lat' dir='ltr'><strong><em>esse</em></strong></span> <span class='ocrx_word' id='word_1_493' title='bbox 1885 3864 2087 3909; x_wconf 85' lang='lat' dir='ltr'><strong><em>utram-</em></strong></span> 
     </span>
    </p>
   </div>
   <div class='ocr_carea' id='block_1_69' title="bbox 494 3946 2085 4022">
    <p class='ocr_par' dir='ltr' id='par_1_69' title="bbox 494 3946 2085 4022">
     <span class='ocr_line' id='line_1_69' title="bbox 494 3946 2085 4022; baseline -0.005 -15"><span class='ocrx_word' id='word_1_494' title='bbox 494 3967 628 4022; x_wconf 90' lang='lat' dir='ltr'><strong><em>que;</em></strong></span> <span class='ocrx_word' id='word_1_495' title='bbox 658 3950 931 4006; x_wconf 88' lang='lat' dir='ltr'><strong><em>hominem</em></strong></span> <span class='ocrx_word' id='word_1_496' title='bbox 974 3965 1105 4004; x_wconf 89' lang='lat' dir='ltr'><strong><em>vero</em></strong></span> <span class='ocrx_word' id='word_1_497' title='bbox 1146 3957 1404 4022; x_wconf 79' lang='grc' dir='ltr'><strong><em>σχετικῶς</em></strong></span> <span class='ocrx_word' id='word_1_498' title='bbox 1442 3948 1787 4017; x_wconf 90' lang='lat' dir='ltr'><strong><em>conjunctum</em></strong></span> <span class='ocrx_word' id='word_1_499' title='bbox 1827 3960 1944 4001; x_wconf 90' lang='lat' dir='ltr'><strong><em>esse</em></strong></span> <span class='ocrx_word' id='word_1_500' title='bbox 1972 3946 2085 4000; x_wconf 92' lang='lat' dir='ltr'><strong><em>Deo</em></strong></span> 
     </span>
    </p>
   </div>
   <div class='ocr_carea' id='block_1_70' title="bbox 496 4037 2087 4106">
    <p class='ocr_par' dir='ltr' id='par_1_70' title="bbox 496 4037 2087 4106">
     <span class='ocr_line' id='line_1_70' title="bbox 496 4037 2087 4106; baseline -0.004 -9"><span class='ocrx_word' id='word_1_501' title='bbox 496 4041 848 4106; x_wconf 88' lang='lat' dir='ltr'><strong><em>contendunt,</em></strong></span> <span class='ocrx_word' id='word_1_502' title='bbox 870 4039 1164 4095; x_wconf 90' lang='lat' dir='ltr'><strong><em>secundum</em></strong></span> <span class='ocrx_word' id='word_1_503' title='bbox 1192 4040 1363 4095; x_wconf 90' lang='lat' dir='ltr'><strong><em>solam</em></strong></span> <span class='ocrx_word' id='word_1_504' title='bbox 1387 4039 1723 4106; x_wconf 87' lang='lat' dir='ltr'><strong><em>dignitatem,</em></strong></span> <span class='ocrx_word' id='word_1_505' title='bbox 1759 4037 1873 4091; x_wconf 91' lang='lat' dir='ltr'><strong><em>sive</em></strong></span> <span class='ocrx_word' id='word_1_506' title='bbox 1901 4044 2087 4091; x_wconf 88' lang='lat' dir='ltr'><strong><em>aucto-</em></strong></span> 
     </span>
    </p>
   </div>
   <div class='ocr_carea' id='block_1_71' title="bbox 494 4128 2088 4202">
    <p class='ocr_par' dir='ltr' id='par_1_71' title="bbox 494 4128 2088 4202">
     <span class='ocr_line' id='line_1_71' title="bbox 494 4128 2088 4202; baseline -0.004 -13"><span class='ocrx_word' id='word_1_507' title='bbox 494 4136 710 4189; x_wconf 89' lang='lat' dir='ltr'><strong><em>ritatem</em></strong></span> <span class='ocrx_word' id='word_1_508' title='bbox 739 4141 794 4188; x_wconf 91' lang='lat' dir='ltr'><strong><em>et</em></strong></span> <span class='ocrx_word' id='word_1_509' title='bbox 820 4131 1114 4187; x_wconf 89' lang='lat' dir='ltr'><strong><em>secundum</em></strong></span> <span class='ocrx_word' id='word_1_510' title='bbox 1137 4130 1370 4185; x_wconf 87' lang='lat' dir='ltr'><strong><em>tilietatis</em></strong></span> <span class='ocrx_word' id='word_1_511' title='bbox 1392 4131 1701 4202; x_wconf 82' lang='grc' dir='ltr'><strong><em>ὁμωνυμίαν.</em></strong></span> <span class='ocrx_word' id='word_1_512' title='bbox 1722 4128 2088 4183; x_wconf 85' lang='lat' dir='ltr'><strong><em>lluicanathe-</em></strong></span> 
     </span>
    </p>
   </div>
   <div class='ocr_carea' id='block_1_72' title="bbox 495 4218 2083 4294">
    <p class='ocr_par' dir='ltr' id='par_1_72' title="bbox 495 4218 2083 4294">
     <span class='ocr_line' id='line_1_72' title="bbox 495 4218 2083 4294; baseline -0.004 -15"><span class='ocrx_word' id='word_1_513' title='bbox 495 4226 773 4279; x_wconf 89' lang='lat' dir='ltr'><strong><em>matismus</em></strong></span> <span class='ocrx_word' id='word_1_514' title='bbox 813 4223 1052 4294; x_wconf 88' lang='lat' dir='ltr'><strong><em>opinioni</em></strong></span> <span class='ocrx_word' id='word_1_515' title='bbox 1094 4228 1316 4293; x_wconf 83' lang='lat' dir='ltr'><strong><em>pugnat,</em></strong></span> <span class='ocrx_word' id='word_1_516' title='bbox 1366 4227 1420 4274; x_wconf 92' lang='grc' dir='ltr'><strong><em>ει</em></strong></span> <span class='ocrx_word' id='word_1_517' title='bbox 1467 4228 1577 4273; x_wconf 89' lang='lat' dir='ltr'><strong><em>tam</em></strong></span> <span class='ocrx_word' id='word_1_518' title='bbox 1604 4218 1845 4289; x_wconf 82' lang='lat' dir='ltr'><strong><em>profanis</em></strong></span> <span class='ocrx_word' id='word_1_519' title='bbox 1890 4234 2083 4272; x_wconf 89' lang='lat' dir='ltr'><strong><em>vocum</em></strong></span> 
     </span>
    </p>
   </div>
   <div class='ocr_carea' id='block_1_73' title="bbox 493 4311 2083 4373">
    <p class='ocr_par' dir='ltr' id='par_1_73' title="bbox 493 4311 2083 4373">
     <span class='ocr_line' id='line_1_73' title="bbox 493 4311 2083 4373; baseline -0.007 0"><span class='ocrx_word' id='word_1_520' title='bbox 493 4317 819 4373; x_wconf 75' lang='lat' dir='ltr'><strong><em>novitatibus</em></strong></span> <span class='ocrx_word' id='word_1_521' title='bbox 876 4316 1188 4369; x_wconf 88' lang='lat' dir='ltr'><strong><em>reluctatur.</em></strong></span> <span class='ocrx_word' id='word_1_522' title='bbox 1226 4312 1473 4367; x_wconf 76' lang='lat' dir='ltr'><strong><em>Atlirmat</em></strong></span> <span class='ocrx_word' id='word_1_523' title='bbox 1525 4312 1727 4368; x_wconf 86' lang='lat' dir='ltr'><strong><em>etenim</em></strong></span> <span class='ocrx_word' id='word_1_524' title='bbox 1793 4311 2083 4366; x_wconf 88' lang='lat' dir='ltr'><strong><em>adunatum</em></strong></span> 
     </span>
    </p>
   </div>
   <div class='ocr_carea' id='block_1_74' title="bbox 492 4402 2125 4475">
    <p class='ocr_par' dir='ltr' id='par_1_74' title="bbox 492 4402 2125 4475">
     <span class='ocr_line' id='line_1_74' title="bbox 492 4402 2125 4475; baseline -0.004 -13"><span class='ocrx_word' id='word_1_525' title='bbox 492 4408 657 4462; x_wconf 86' lang='lat' dir='ltr'><strong><em>fuisse</em></strong></span> <span class='ocrx_word' id='word_1_526' title='bbox 686 4406 917 4461; x_wconf 85' lang='lat' dir='ltr'><strong><em>Verbum</em></strong></span> <span class='ocrx_word' id='word_1_527' title='bbox 941 4413 1153 4470; x_wconf 88' lang='lat' dir='ltr'><strong><em>natura,</em></strong></span> <span class='ocrx_word' id='word_1_528' title='bbox 1184 4405 1235 4459; x_wconf 92' lang='lat' dir='ltr'><strong><em>id</em></strong></span> <span class='ocrx_word' id='word_1_529' title='bbox 1265 4414 1367 4469; x_wconf 90' lang='lat' dir='ltr'><strong><em>est,</em></strong></span> <span class='ocrx_word' id='word_1_530' title='bbox 1411 4420 1519 4459; x_wconf 88' lang='lat' dir='ltr'><strong><em>non</em></strong></span> <span class='ocrx_word' id='word_1_531' title='bbox 1558 4410 1838 4475; x_wconf 77' lang='grc' dir='ltr'><strong>σχετικῶς,</strong></span> <span class='ocrx_word' id='word_1_532' title='bbox 1870 4402 1964 4457; x_wconf 91' lang='lat' dir='ltr'><strong><em>sed</em></strong></span> <span class='ocrx_word' id='word_1_533' title='bbox 1991 4418 2083 4456; x_wconf 88' lang='lat' dir='ltr'><strong><em>ve-</em></strong></span> <span class='ocrx_word' id='word_1_534' title='bbox 2122 4422 2125 4423; x_wconf 48' lang='grc' dir='ltr'><em>ν</em></span> 
     </span>
    </p>
   </div>
   <div class='ocr_carea' id='block_1_75' title="bbox 2189 3206 3705 3292">
    <p class='ocr_par' dir='ltr' id='par_1_75' title="bbox 2189 3206 3705 3292">
     <span class='ocr_line' id='line_1_75' title="bbox 2189 3206 3705 3292; baseline -0.011 -12"><span class='ocrx_word' id='word_1_535' title='bbox 2189 3242 2425 3281; x_wconf 88' lang='lat' dir='ltr'><strong><em>morans.</em></strong></span> <span class='ocrx_word' id='word_1_536' title='bbox 2465 3227 2772 3281; x_wconf 76' lang='lat' dir='ltr'><strong><em>Exiuanivit</em></strong></span> <span class='ocrx_word' id='word_1_537' title='bbox 2799 3241 2889 3292; x_wconf 87' lang='lat' dir='ltr'><strong><em>se,</em></strong></span> <span class='ocrx_word' id='word_1_538' title='bbox 2939 3242 3049 3281; x_wconf 88' lang='lat' dir='ltr'><strong><em>non</em></strong></span> <span class='ocrx_word' id='word_1_539' title='bbox 3082 3234 3266 3281; x_wconf 89' lang='lat' dir='ltr'><strong><em>contra</em></strong></span> <span class='ocrx_word' id='word_1_540' title='bbox 3307 3220 3611 3276; x_wconf 80' lang='lat' dir='ltr'><strong><em>voluntatem,</em></strong></span> <span class='ocrx_word' id='word_1_541' title='bbox 3635 3206 3705 3262; x_wconf 76' lang='lat' dir='ltr'><strong><em>sed</em></strong></span> 
     </span>
    </p>
   </div>
   <div class='ocr_carea' id='block_1_76' title="bbox 2188 3300 3705 3383">
    <p class='ocr_par' dir='ltr' id='par_1_76' title="bbox 2188 3300 3705 3383">
     <span class='ocr_line' id='line_1_76' title="bbox 2188 3300 3705 3383; baseline -0.005 -14"><span class='ocrx_word' id='word_1_542' title='bbox 2188 3316 2517 3371; x_wconf 78' lang='lat' dir='ltr'><strong><em>voluntarius</em></strong></span> <span class='ocrx_word' id='word_1_543' title='bbox 2540 3317 2841 3383; x_wconf 86' lang='lat' dir='ltr'><strong><em>unigenitus</em></strong></span> <span class='ocrx_word' id='word_1_544' title='bbox 2870 3315 3041 3370; x_wconf 85' lang='lat' dir='ltr'><strong><em>factus</em></strong></span> <span class='ocrx_word' id='word_1_545' title='bbox 3063 3316 3227 3370; x_wconf 91' lang='lat' dir='ltr'><strong><em>homo</em></strong></span> <span class='ocrx_word' id='word_1_546' title='bbox 3252 3331 3264 3366; x_wconf 91' lang='lat'><strong><em>:</em></strong></span> <span class='ocrx_word' id='word_1_547' title='bbox 3288 3320 3342 3365; x_wconf 91' lang='lat' dir='ltr'><strong><em>at</em></strong></span> <span class='ocrx_word' id='word_1_548' title='bbox 3368 3324 3482 3373; x_wconf 91' lang='lat' dir='ltr'><strong><em>non,</em></strong></span> <span class='ocrx_word' id='word_1_549' title='bbox 3503 3312 3549 3359; x_wconf 93' lang='lat' dir='ltr'><strong><em>ut</em></strong></span> <span class='ocrx_word' id='word_1_550' title='bbox 3571 3310 3616 3355; x_wconf 90' lang='lat' dir='ltr'><strong><em>lu</em></strong></span> <span class='ocrx_word' id='word_1_551' title='bbox 3632 3300 3705 3360; x_wconf 70' lang='lat' dir='ltr'><strong><em>ais.</em></strong></span> 
     </span>
    </p>
   </div>
   <div class='ocr_carea' id='block_1_77' title="bbox 2187 3390 3709 3479">
    <p class='ocr_par' dir='ltr' id='par_1_77' title="bbox 2187 3390 3709 3479">
     <span class='ocr_line' id='line_1_77' title="bbox 2187 3390 3709 3479; baseline -0.031 8"><span class='ocrx_word' id='word_1_552' title='bbox 2187 3407 2475 3476; x_wconf 64' lang='lat' dir='ltr'><strong><em>assumPSi‘</em></strong></span> <span class='ocrx_word' id='word_1_553' title='bbox 2508 3407 2802 3471; x_wconf 65' lang='lat' dir='ltr'><strong><em>hominem.</em></strong></span> <span class='ocrx_word' id='word_1_554' title='bbox 2831 3411 3087 3479; x_wconf 74' lang='grc' dir='ltr'><strong><em>σχετικὴν</em></strong></span> <span class='ocrx_word' id='word_1_555' title='bbox 3109 3406 3158 3460; x_wconf 90' lang='lat' dir='ltr'><strong><em>ei</em></strong></span> <span class='ocrx_word' id='word_1_556' title='bbox 3186 3403 3420 3474; x_wconf 77' lang='lat' dir='ltr'><strong><em>prtebens</em></strong></span> <span class='ocrx_word' id='word_1_557' title='bbox 3438 3390 3709 3462; x_wconf 82' lang='lat' dir='ltr'><strong><em>conjunctio-</em></strong></span> 
     </span>
    </p>
   </div>
   <div class='ocr_carea' id='block_1_78' title="bbox 2188 3484 3709 3563">
    <p class='ocr_par' dir='ltr' id='par_1_78' title="bbox 2188 3484 3709 3563">
     <span class='ocr_line' id='line_1_78' title="bbox 2188 3484 3709 3563; baseline -0.008 -10"><span class='ocrx_word' id='word_1_558' title='bbox 2188 3513 2348 3563; x_wconf 90' lang='lat' dir='ltr'><strong><em>nem,</em></strong></span> <span class='ocrx_word' id='word_1_559' title='bbox 2402 3506 2457 3552; x_wconf 89' lang='lat' dir='ltr'><strong><em>et</em></strong></span> <span class='ocrx_word' id='word_1_560' title='bbox 2503 3513 2626 3553; x_wconf 88' lang='lat' dir='ltr'><strong><em>eum</em></strong></span> <span class='ocrx_word' id='word_1_561' title='bbox 2676 3498 2914 3553; x_wconf 87' lang='lat' dir='ltr'><strong><em>tilietatis</em></strong></span> <span class='ocrx_word' id='word_1_562' title='bbox 2957 3496 3227 3553; x_wconf 82' lang='lat' dir='ltr'><strong><em>beneﬁcio</em></strong></span> <span class='ocrx_word' id='word_1_563' title='bbox 3274 3495 3556 3550; x_wconf 89' lang='lat' dir='ltr'><strong><em>honorans,</em></strong></span> <span class='ocrx_word' id='word_1_564' title='bbox 3593 3484 3709 3552; x_wconf 63' lang='lat' dir='ltr'><strong><em>juxta</em></strong></span> 
     </span>
    </p>
   </div>
   <div class='ocr_carea' id='block_1_79' title="bbox 2187 3605 3225 3660">
    <p class='ocr_par' dir='ltr' id='par_1_79' title="bbox 2187 3605 3225 3660">
     <span class='ocr_line' id='line_1_79' title="bbox 2187 3605 3225 3660; baseline -0.005 -18"><span class='ocrx_word' id='word_1_565' title='bbox 2187 3605 2304 3642; x_wconf 89' lang='lat' dir='ltr'><strong><em>nos.</em></strong></span> <span class='ocrx_word' id='word_1_566' title='bbox 3200 3652 3225 3660; x_wconf 76' lang='lat'><em>_</em></span> 
     </span>
    </p>
   </div>
   <div class='ocr_carea' id='block_1_80' title="bbox 2258 3667 3708 3752">
    <p class='ocr_par' dir='ltr' id='par_1_80' title="bbox 2258 3667 3708 3752">
     <span class='ocr_line' id='line_1_80' title="bbox 2258 3667 3708 3752; baseline -0.014 -15"><span class='ocrx_word' id='word_1_567' title='bbox 2258 3684 2419 3752; x_wconf 90' lang='lat' dir='ltr'><strong><em>Ergo,</em></strong></span> <span class='ocrx_word' id='word_1_568' title='bbox 2452 3684 2553 3738; x_wconf 87' lang='lat' dir='ltr'><strong><em>etsi</em></strong></span> <span class='ocrx_word' id='word_1_569' title='bbox 2582 3684 2941 3751; x_wconf 81' lang='lat' dir='ltr'><strong><em>intelligamus</em></strong></span> <span class='ocrx_word' id='word_1_570' title='bbox 2974 3682 3245 3738; x_wconf 89' lang='lat' dir='ltr'><strong><em>adunatas</em></strong></span> <span class='ocrx_word' id='word_1_571' title='bbox 3277 3692 3393 3733; x_wconf 86' lang='lat' dir='ltr'><strong><em>esse</em></strong></span> <span class='ocrx_word' id='word_1_572' title='bbox 3424 3667 3708 3728; x_wconf 82' lang='lat' dir='ltr'><strong><em>substantias,</em></strong></span> 
     </span>
    </p>
   </div>
   <div class='ocr_carea' id='block_1_81' title="bbox 2187 3761 3708 3844">
    <p class='ocr_par' dir='ltr' id='par_1_81' title="bbox 2187 3761 3708 3844">
     <span class='ocr_line' id='line_1_81' title="bbox 2187 3761 3708 3844; baseline -0.016 -11"><span class='ocrx_word' id='word_1_573' title='bbox 2187 3785 2243 3833; x_wconf 89' lang='lat' dir='ltr'><strong><em>et</em></strong></span> <span class='ocrx_word' id='word_1_574' title='bbox 2264 3778 2535 3831; x_wconf 89' lang='lat' dir='ltr'><strong><em>hominem</em></strong></span> <span class='ocrx_word' id='word_1_575' title='bbox 2565 3776 2763 3831; x_wconf 90' lang='lat' dir='ltr'><strong><em>factum</em></strong></span> <span class='ocrx_word' id='word_1_576' title='bbox 2808 3782 2968 3844; x_wconf 89' lang='lat' dir='ltr'><strong><em>atque</em></strong></span> <span class='ocrx_word' id='word_1_577' title='bbox 3000 3775 3338 3829; x_wconf 86' lang='lat' dir='ltr'><strong><em>incarnatum</em></strong></span> <span class='ocrx_word' id='word_1_578' title='bbox 3367 3768 3456 3821; x_wconf 90' lang='lat' dir='ltr'><strong><em>Dei</em></strong></span> <span class='ocrx_word' id='word_1_579' title='bbox 3482 3761 3673 3816; x_wconf 79' lang='lat' dir='ltr'><strong><em>Verbum</em></strong></span> <span class='ocrx_word' id='word_1_580' title='bbox 3698 3772 3708 3804; x_wconf 88' lang='lat'><strong><em>:</em></strong></span> 
     </span>
    </p>
   </div>
   <div class='ocr_carea' id='block_1_82' title="bbox 2187 3846 3715 3937">
    <p class='ocr_par' dir='ltr' id='par_1_82' title="bbox 2187 3846 3715 3937">
     <span class='ocr_line' id='line_1_82' title="bbox 2187 3846 3715 3937; baseline -0.016 -15"><span class='ocrx_word' id='word_1_581' title='bbox 2187 3873 2582 3937; x_wconf 89' lang='lat' dir='ltr'><strong><em>pr0ptereaque</em></strong></span> <span class='ocrx_word' id='word_1_582' title='bbox 2602 3865 2897 3929; x_wconf 90' lang='lat' dir='ltr'><strong><em>videamur,</em></strong></span> <span class='ocrx_word' id='word_1_583' title='bbox 2917 3864 3100 3931; x_wconf 91' lang='lat' dir='ltr'><strong><em>aliquo</em></strong></span> <span class='ocrx_word' id='word_1_584' title='bbox 3124 3861 3285 3917; x_wconf 88' lang='lat' dir='ltr'><strong><em>modo</em></strong></span> <span class='ocrx_word' id='word_1_585' title='bbox 3305 3858 3474 3913; x_wconf 85' lang='lat' dir='ltr'><strong><em>dicere</em></strong></span> <span class='ocrx_word' id='word_1_586' title='bbox 3492 3846 3715 3907; x_wconf 84' lang='lat' dir='ltr'><strong><em>adunatio-</em></strong></span> 
     </span>
    </p>
   </div>
   <div class='ocr_carea' id='block_1_83' title="bbox 2186 3949 3711 4026">
    <p class='ocr_par' dir='ltr' id='par_1_83' title="bbox 2186 3949 3711 4026">
     <span class='ocr_line' id='line_1_83' title="bbox 2186 3949 3711 4026; baseline -0.012 -13"><span class='ocrx_word' id='word_1_587' title='bbox 2186 3974 2309 4013; x_wconf 91' lang='lat' dir='ltr'><strong><em>nem</em></strong></span> <span class='ocrx_word' id='word_1_588' title='bbox 2332 3958 2779 4026; x_wconf 82' lang='lat' dir='ltr'><strong><em>naturalem,qu:e</em></strong></span> <span class='ocrx_word' id='word_1_589' title='bbox 2800 3956 2943 4010; x_wconf 91' lang='lat' dir='ltr'><strong><em>illam</em></strong></span> <span class='ocrx_word' id='word_1_590' title='bbox 2966 3953 3236 4009; x_wconf 82' lang='lat' dir='ltr'><strong><em>excludat.</em></strong></span> <span class='ocrx_word' id='word_1_591' title='bbox 3262 3965 3376 4020; x_wconf 68' lang='lat' dir='ltr'><strong><em>qua:</em></strong></span> <span class='ocrx_word' id='word_1_592' title='bbox 3397 3962 3493 4001; x_wconf 91' lang='lat' dir='ltr'><strong><em>non</em></strong></span> <span class='ocrx_word' id='word_1_593' title='bbox 3513 3951 3582 3996; x_wconf 88' lang='lat' dir='ltr'><strong><em>est</em></strong></span> <span class='ocrx_word' id='word_1_594' title='bbox 3598 3949 3711 3995; x_wconf 76' lang='lat' dir='ltr'><strong><em>vera.</em></strong></span> 
     </span>
    </p>
   </div>
   <div class='ocr_carea' id='block_1_84' title="bbox 2187 4029 3716 4122">
    <p class='ocr_par' dir='ltr' id='par_1_84' title="bbox 2187 4029 3716 4122">
     <span class='ocr_line' id='line_1_84' title="bbox 2187 4029 3716 4122; baseline -0.02 -13"><span class='ocrx_word' id='word_1_595' title='bbox 2187 4050 2282 4106; x_wconf 87' lang='lat' dir='ltr'><strong><em>sed</em></strong></span> <span class='ocrx_word' id='word_1_596' title='bbox 2307 4055 2547 4122; x_wconf 80' lang='grc' dir='ltr'><strong>σχετική,</strong></span> <span class='ocrx_word' id='word_1_597' title='bbox 2575 4063 2841 4117; x_wconf 85' lang='lat' dir='ltr'><strong><em>quamque</em></strong></span> <span class='ocrx_word' id='word_1_598' title='bbox 2869 4063 2970 4102; x_wconf 90' lang='lat' dir='ltr'><strong><em>nos</em></strong></span> <span class='ocrx_word' id='word_1_599' title='bbox 2994 4047 3162 4101; x_wconf 90' lang='lat' dir='ltr'><strong><em>etiam</em></strong></span> <span class='ocrx_word' id='word_1_600' title='bbox 3186 4043 3461 4099; x_wconf 89' lang='lat' dir='ltr'><strong><em>habuimus</em></strong></span> <span class='ocrx_word' id='word_1_601' title='bbox 3485 4051 3572 4106; x_wconf 88' lang='lat' dir='ltr'><strong><em>per</em></strong></span> <span class='ocrx_word' id='word_1_602' title='bbox 3594 4029 3716 4083; x_wconf 81' lang='lat' dir='ltr'><strong><em>ﬁdem</em></strong></span> 
     </span>
    </p>
   </div>
   <div class='ocr_carea' id='block_1_85' title="bbox 2187 4128 3718 4207">
    <p class='ocr_par' dir='ltr' id='par_1_85' title="bbox 2187 4128 3718 4207">
     <span class='ocr_line' id='line_1_85' title="bbox 2187 4128 3718 4207; baseline -0.013 -12"><span class='ocrx_word' id='word_1_603' title='bbox 2187 4149 2243 4195; x_wconf 92' lang='lat' dir='ltr'><strong><em>et</em></strong></span> <span class='ocrx_word' id='word_1_604' title='bbox 2269 4139 2770 4202; x_wconf 89' lang='lat' dir='ltr'><strong><em>sanetiticationem,</em></strong></span> <span class='ocrx_word' id='word_1_605' title='bbox 2802 4145 3093 4207; x_wconf 90' lang='lat' dir='ltr'><strong><em>propterea</em></strong></span> <span class='ocrx_word' id='word_1_606' title='bbox 3147 4133 3294 4204; x_wconf 89' lang='lat' dir='ltr'><strong><em>quod</em></strong></span> <span class='ocrx_word' id='word_1_607' title='bbox 3332 4129 3518 4185; x_wconf 69' lang='lat' dir='ltr'><strong><em>divina:</em></strong></span> <span class='ocrx_word' id='word_1_608' title='bbox 3556 4128 3718 4175; x_wconf 67' lang='lat' dir='ltr'><strong><em>natura:</em></strong></span> 
     </span>
    </p>
   </div>
   <div class='ocr_carea' id='block_1_86' title="bbox 2186 4209 3721 4302">
    <p class='ocr_par' dir='ltr' id='par_1_86' title="bbox 2186 4209 3721 4302">
     <span class='ocr_line' id='line_1_86' title="bbox 2186 4209 3721 4302; baseline -0.005 -17"><span class='ocrx_word' id='word_1_609' title='bbox 2186 4231 2476 4302; x_wconf 87' lang='lat' dir='ltr'><strong><em>participes</em></strong></span> <span class='ocrx_word' id='word_1_610' title='bbox 2505 4229 2727 4295; x_wconf 89' lang='lat' dir='ltr'><strong><em>fuimus;</em></strong></span> <span class='ocrx_word' id='word_1_611' title='bbox 2765 4229 2963 4283; x_wconf 89' lang='lat' dir='ltr'><strong><em>etenim</em></strong></span> <span class='ocrx_word' id='word_1_612' title='bbox 2996 4229 3140 4282; x_wconf 85' lang='lat' dir='ltr'><strong><em>sicut</em></strong></span> <span class='ocrx_word' id='word_1_613' title='bbox 3176 4226 3253 4279; x_wconf 90' lang='lat' dir='ltr'><strong><em>ait</em></strong></span> <span class='ocrx_word' id='word_1_614' title='bbox 3281 4222 3470 4276; x_wconf 85' lang='lat' dir='ltr'><strong><em>Paulus</em></strong></span> <span class='ocrx_word' id='word_1_615' title='bbox 3499 4236 3510 4269; x_wconf 91' lang='lat'><strong><em>:</em></strong></span> <span class='ocrx_word' id='word_1_616' title='bbox 3542 4211 3624 4278; x_wconf 70' lang='grc' dir='ltr'><strong>Οτιί</strong></span> <span class='ocrx_word' id='word_1_617' title='bbox 3649 4209 3721 4262; x_wconf 66' lang='grc' dir='ltr'><em>ηδ’</em></span> 
     </span>
    </p>
   </div>
   <div class='ocr_carea' id='block_1_87' title="bbox 2187 4308 3718 4391">
    <p class='ocr_par' dir='ltr' id='par_1_87' title="bbox 2187 4308 3718 4391">
     <span class='ocr_line' id='line_1_87' title="bbox 2187 4308 3718 4391; baseline -0.008 -13"><span class='ocrx_word' id='word_1_618' title='bbox 2187 4326 2348 4380; x_wconf 72' lang='lat' dir='ltr'><strong><em>haeret</em></strong></span> <span class='ocrx_word' id='word_1_619' title='bbox 2382 4325 2617 4387; x_wconf 85' lang='lat' dir='ltr'><strong><em>Domino,</em></strong></span> <span class='ocrx_word' id='word_1_620' title='bbox 2648 4339 2782 4376; x_wconf 76' lang='lat' dir='ltr'><strong><em>unus</em></strong></span> <span class='ocrx_word' id='word_1_621' title='bbox 2820 4332 2896 4376; x_wconf 73' lang='lat' dir='ltr'><strong><em>est</em></strong></span> <span class='ocrx_word' id='word_1_622' title='bbox 2924 4320 3154 4391; x_wconf 75' lang='lat' dir='ltr'><strong><em>Spiritus</em></strong></span> <span class='ocrx_word' id='word_1_623' title='bbox 3188 4318 3237 4387; x_wconf 80' lang='grc' dir='ltr'><strong><em>(Ι</em></strong></span> <span class='ocrx_word' id='word_1_624' title='bbox 3266 4315 3380 4370; x_wconf 88' lang='lat' dir='ltr'><strong><em>Cor.</em></strong></span> <span class='ocrx_word' id='word_1_625' title='bbox 3414 4329 3481 4373; x_wconf 86' lang='lat' dir='ltr'><strong><em>vt,</em></strong></span> <span class='ocrx_word' id='word_1_626' title='bbox 3506 4308 3610 4377; x_wconf 73' lang='lat' dir='ltr'><strong><em>l7);</em></strong></span> <span class='ocrx_word' id='word_1_627' title='bbox 3639 4315 3718 4354; x_wconf 82' lang='grc' dir='ltr'><strong><em>ηοη</em></strong></span> 
     </span>
    </p>
   </div>
   <div class='ocr_carea' id='block_1_88' title="bbox 2188 4394 3722 4473">
    <p class='ocr_par' dir='ltr' id='par_1_88' title="bbox 2188 4394 3722 4473">
     <span class='ocr_line' id='line_1_88' title="bbox 2188 4394 3722 4473; baseline -0.018 -4"><span class='ocrx_word' id='word_1_628' title='bbox 2188 4424 2365 4469; x_wconf 90' lang='lat' dir='ltr'><strong><em>tamen</em></strong></span> <span class='ocrx_word' id='word_1_629' title='bbox 2414 4413 2717 4467; x_wconf 89' lang='lat' dir='ltr'><strong><em>necessitati</em></strong></span> <span class='ocrx_word' id='word_1_630' title='bbox 2743 4419 2796 4466; x_wconf 91' lang='lat' dir='ltr'><strong><em>et</em></strong></span> <span class='ocrx_word' id='word_1_631' title='bbox 2822 4412 3093 4466; x_wconf 78' lang='lat' dir='ltr'><strong><em>violentiae</em></strong></span> <span class='ocrx_word' id='word_1_632' title='bbox 3118 4407 3346 4463; x_wconf 85' lang='lat' dir='ltr'><strong><em>naturali</em></strong></span> <span class='ocrx_word' id='word_1_633' title='bbox 3374 4394 3661 4473; x_wconf 88' lang='lat' dir='ltr'><strong><em>impassibile</em></strong></span> <span class='ocrx_word' id='word_1_634' title='bbox 3683 4396 3722 4443; x_wconf 81' lang='lat' dir='ltr'><strong><em>et</em></strong></span> 
     </span>
    </p>
   </div>
   <div class='ocr_carea' id='block_1_89' title="bbox 495 4494 3147 4569">
    <p class='ocr_par' dir='ltr' id='par_1_89' title="bbox 495 4494 3147 4569">
     <span class='ocr_line' id='line_1_89' title="bbox 495 4494 3147 4569; baseline -0.003 -17"><span class='ocrx_word' id='word_1_635' title='bbox 495 4499 676 4563; x_wconf 85' lang='lat' dir='ltr'><strong><em>ritate,</em></strong></span> <span class='ocrx_word' id='word_1_636' title='bbox 707 4496 854 4551; x_wconf 90' lang='lat' dir='ltr'><strong><em>carni</em></strong></span> <span class='ocrx_word' id='word_1_637' title='bbox 898 4495 1117 4549; x_wconf 89' lang='lat' dir='ltr'><strong><em>habenti</em></strong></span> <span class='ocrx_word' id='word_1_638' title='bbox 1154 4496 1388 4548; x_wconf 88' lang='lat' dir='ltr'><strong><em>animam</em></strong></span> <span class='ocrx_word' id='word_1_639' title='bbox 1419 4495 1822 4559; x_wconf 85' lang='lat' dir='ltr'><strong><em>rationabilem;</em></strong></span> <span class='ocrx_word' id='word_1_640' title='bbox 1847 4501 1900 4549; x_wconf 91' lang='lat' dir='ltr'><strong><em>et</em></strong></span> <span class='ocrx_word' id='word_1_641' title='bbox 1931 4494 2075 4547; x_wconf 91' lang='lat' dir='ltr'><strong><em>nullo</em></strong></span> <span class='ocrx_word' id='word_1_642' title='bbox 2110 4508 2157 4566; x_wconf 78' lang='grc' dir='ltr'><strong>ι)</strong></span> <span class='ocrx_word' id='word_1_643' title='bbox 2183 4505 2406 4558; x_wconf 66' lang='lat' dir='ltr'><strong><em>uberum</em></strong></span> <span class='ocrx_word' id='word_1_644' title='bbox 2429 4504 2526 4557; x_wconf 70' lang='lat' dir='ltr'><strong><em>Dei</em></strong></span> <span class='ocrx_word' id='word_1_645' title='bbox 2553 4503 2787 4557; x_wconf 70' lang='lat' dir='ltr'><strong><em>verbum</em></strong></span> <span class='ocrx_word' id='word_1_646' title='bbox 2815 4501 3147 4569; x_wconf 62' lang='lat' dir='ltr'><strong><em>suhjicimus,</em></strong></span> 
     </span>
    </p>
   </div>
   <div class='ocr_carea' id='block_1_90' title="bbox 497 4584 2081 4659">
    <p class='ocr_par' dir='ltr' id='par_1_90' title="bbox 497 4584 2081 4659">
     <span class='ocr_line' id='line_1_90' title="bbox 497 4584 2081 4659; baseline -0.004 -13"><span class='ocrx_word' id='word_1_647' title='bbox 497 4592 659 4646; x_wconf 90' lang='lat' dir='ltr'><strong><em>modo</em></strong></span> <span class='ocrx_word' id='word_1_648' title='bbox 688 4587 851 4659; x_wconf 83' lang='lat' dir='ltr'><strong><em>dividi</em></strong></span> <span class='ocrx_word' id='word_1_649' title='bbox 880 4597 1152 4657; x_wconf 90' lang='lat' dir='ltr'><strong><em>oportere,</em></strong></span> <span class='ocrx_word' id='word_1_650' title='bbox 1186 4602 1254 4641; x_wconf 92' lang='lat' dir='ltr'><strong><em>ne</em></strong></span> <span class='ocrx_word' id='word_1_651' title='bbox 1276 4586 1410 4640; x_wconf 90' lang='lat' dir='ltr'><strong><em>duos</em></strong></span> <span class='ocrx_word' id='word_1_652' title='bbox 1438 4584 1573 4639; x_wconf 68' lang='lat' dir='ltr'><strong><em>tilio-i</em></strong></span> <span class='ocrx_word' id='word_1_653' title='bbox 1600 4586 1975 4653; x_wconf 85' lang='lat' dir='ltr'><strong><em>intelligamus,</em></strong></span> <span class='ocrx_word' id='word_1_654' title='bbox 2002 4586 2081 4639; x_wconf 88' lang='lat' dir='ltr'><strong><em>in-</em></strong></span> 
     </span>
    </p>
   </div>
   <div class='ocr_carea' id='block_1_91' title="bbox 493 4675 2083 4744">
    <p class='ocr_par' dir='ltr' id='par_1_91' title="bbox 493 4675 2083 4744">
     <span class='ocr_line' id='line_1_91' title="bbox 493 4675 2083 4744; baseline -0.007 -6"><span class='ocrx_word' id='word_1_655' title='bbox 493 4683 768 4738; x_wconf 79' lang='lat' dir='ltr'><strong><em>dividuum</em></strong></span> <span class='ocrx_word' id='word_1_656' title='bbox 791 4679 1108 4734; x_wconf 89' lang='lat' dir='ltr'><strong><em>dividentes.</em></strong></span> <span class='ocrx_word' id='word_1_657' title='bbox 1144 4677 1211 4730; x_wconf 89' lang='lat' dir='ltr'><strong><em>At</em></strong></span> <span class='ocrx_word' id='word_1_658' title='bbox 1250 4676 1339 4730; x_wconf 90' lang='lat' dir='ltr'><strong><em>ille</em></strong></span> <span class='ocrx_word' id='word_1_659' title='bbox 1369 4692 1474 4729; x_wconf 91' lang='lat' dir='ltr'><strong><em>non</em></strong></span> <span class='ocrx_word' id='word_1_660' title='bbox 1505 4676 1834 4744; x_wconf 82' lang='lat' dir='ltr'><strong><em>intelligens,</em></strong></span> <span class='ocrx_word' id='word_1_661' title='bbox 1859 4676 1985 4743; x_wconf 91' lang='lat' dir='ltr'><strong><em>quid</em></strong></span> <span class='ocrx_word' id='word_1_662' title='bbox 2014 4675 2083 4728; x_wconf 88' lang='lat' dir='ltr'><strong><em>sit</em></strong></span> 
     </span>
    </p>
   </div>
   <div class='ocr_carea' id='block_1_92' title="bbox 495 4767 2083 4837">
    <p class='ocr_par' dir='ltr' id='par_1_92' title="bbox 495 4767 2083 4837">
     <span class='ocr_line' id='line_1_92' title="bbox 495 4767 2083 4837; baseline -0.005 -8"><span class='ocrx_word' id='word_1_663' title='bbox 495 4773 710 4829; x_wconf 88' lang='lat' dir='ltr'><strong><em>tandem</em></strong></span> <span class='ocrx_word' id='word_1_664' title='bbox 752 4771 1007 4827; x_wconf 90' lang='lat' dir='ltr'><strong><em>adunatio</em></strong></span> <span class='ocrx_word' id='word_1_665' title='bbox 1050 4769 1329 4833; x_wconf 91' lang='lat' dir='ltr'><strong><em>naturalis,</em></strong></span> <span class='ocrx_word' id='word_1_666' title='bbox 1361 4767 1413 4821; x_wconf 91' lang='lat' dir='ltr'><strong><em>id</em></strong></span> <span class='ocrx_word' id='word_1_667' title='bbox 1454 4778 1555 4833; x_wconf 88' lang='lat' dir='ltr'><strong><em>est,</em></strong></span> <span class='ocrx_word' id='word_1_668' title='bbox 1587 4784 1734 4832; x_wconf 86' lang='lat' dir='ltr'><strong><em>vera,</em></strong></span> <span class='ocrx_word' id='word_1_669' title='bbox 1766 4782 1884 4836; x_wconf 64' lang='lat' dir='ltr'><strong><em>quae</em></strong></span> <span class='ocrx_word' id='word_1_670' title='bbox 1909 4783 2083 4837; x_wconf 88' lang='lat' dir='ltr'><strong><em>neque</em></strong></span> 
     </span>
    </p>
   </div>
   <div class='ocr_carea' id='block_1_93' title="bbox 496 4859 2084 4926">
    <p class='ocr_par' dir='ltr' id='par_1_93' title="bbox 496 4859 2084 4926">
     <span class='ocr_line' id='line_1_93' title="bbox 496 4859 2084 4926; baseline -0.005 -8"><span class='ocrx_word' id='word_1_671' title='bbox 496 4874 717 4920; x_wconf 88' lang='lat' dir='ltr'><strong><em>naturas</em></strong></span> <span class='ocrx_word' id='word_1_672' title='bbox 760 4861 1082 4926; x_wconf 83' lang='lat' dir='ltr'><strong><em>confundat,</em></strong></span> <span class='ocrx_word' id='word_1_673' title='bbox 1116 4876 1215 4915; x_wconf 91' lang='lat' dir='ltr'><strong><em>nec</em></strong></span> <span class='ocrx_word' id='word_1_674' title='bbox 1252 4859 1688 4914; x_wconf 85' lang='lat' dir='ltr'><strong><em>commixtionem</em></strong></span> <span class='ocrx_word' id='word_1_675' title='bbox 1712 4859 1897 4923; x_wconf 90' lang='lat' dir='ltr'><strong><em>faciat;</em></strong></span> <span class='ocrx_word' id='word_1_676' title='bbox 1924 4860 1996 4912; x_wconf 91' lang='lat' dir='ltr'><strong><em>ita</em></strong></span> <span class='ocrx_word' id='word_1_677' title='bbox 2026 4865 2084 4911; x_wconf 91' lang='lat' dir='ltr'><strong><em>ut</em></strong></span> 
     </span>
    </p>
   </div>
   <div class='ocr_carea' id='block_1_94' title="bbox 493 4949 2083 5026">
    <p class='ocr_par' dir='ltr' id='par_1_94' title="bbox 493 4949 2083 5026">
     <span class='ocr_line' id='line_1_94' title="bbox 493 4949 2083 5026; baseline -0.005 -16"><span class='ocrx_word' id='word_1_678' title='bbox 493 4964 722 5026; x_wconf 89' lang='lat' dir='ltr'><strong><em>utraque</em></strong></span> <span class='ocrx_word' id='word_1_679' title='bbox 748 4955 891 5009; x_wconf 88' lang='lat' dir='ltr'><strong><em>aliud</em></strong></span> <span class='ocrx_word' id='word_1_680' title='bbox 917 4968 1053 5019; x_wconf 89' lang='lat' dir='ltr'><strong><em>esse,</em></strong></span> <span class='ocrx_word' id='word_1_681' title='bbox 1095 4968 1257 5021; x_wconf 90' lang='lat' dir='ltr'><strong><em>quam</em></strong></span> <span class='ocrx_word' id='word_1_682' title='bbox 1297 4951 1441 5019; x_wconf 91' lang='lat' dir='ltr'><strong><em>quod</em></strong></span> <span class='ocrx_word' id='word_1_683' title='bbox 1468 4959 1603 5013; x_wconf 90' lang='lat' dir='ltr'><strong><em>erat,</em></strong></span> <span class='ocrx_word' id='word_1_684' title='bbox 1637 4950 1873 5020; x_wconf 89' lang='lat' dir='ltr'><strong><em>incipiat,</em></strong></span> <span class='ocrx_word' id='word_1_685' title='bbox 1908 4949 2083 5004; x_wconf 87' lang='lat' dir='ltr'><strong><em>infan-</em></strong></span> 
     </span>
    </p>
   </div>
   <div class='ocr_carea' id='block_1_95' title="bbox 493 5040 2082 5117">
    <p class='ocr_par' dir='ltr' id='par_1_95' title="bbox 493 5040 2082 5117">
     <span class='ocr_line' id='line_1_95' title="bbox 493 5040 2082 5117; baseline -0.003 -15"><span class='ocrx_word' id='word_1_686' title='bbox 493 5051 553 5103; x_wconf 78' lang='grc' dir='ltr'><strong><em>ιιι</em></strong></span> <span class='ocrx_word' id='word_1_687' title='bbox 577 5068 586 5082; x_wconf 68' lang='grc' dir='ltr'><strong><em>ι</em></strong></span> <span class='ocrx_word' id='word_1_688' title='bbox 609 5048 806 5117; x_wconf 85' lang='lat' dir='ltr'><strong><em>aliquid</em></strong></span> <span class='ocrx_word' id='word_1_689' title='bbox 837 5047 1194 5114; x_wconf 88' lang='lat' dir='ltr'><strong><em>frivolumque</em></strong></span> <span class='ocrx_word' id='word_1_690' title='bbox 1240 5045 1462 5099; x_wconf 90' lang='lat' dir='ltr'><strong><em>assumit</em></strong></span> <span class='ocrx_word' id='word_1_691' title='bbox 1490 5043 1555 5097; x_wconf 88' lang='lat' dir='ltr'><strong><em>ad</em></strong></span> <span class='ocrx_word' id='word_1_692' title='bbox 1583 5040 1958 5113; x_wconf 81' lang='lat' dir='ltr'><strong><em>probationem</em></strong></span> <span class='ocrx_word' id='word_1_693' title='bbox 1990 5059 2082 5099; x_wconf 91' lang='lat' dir='ltr'><strong><em>eo-</em></strong></span> 
     </span>
    </p>
   </div>
   <div class='ocr_carea' id='block_1_96' title="bbox 494 5136 1672 5209">
    <p class='ocr_par' dir='ltr' id='par_1_96' title="bbox 494 5136 1672 5209">
     <span class='ocr_line' id='line_1_96' title="bbox 494 5136 1672 5209; baseline -0.008 -13"><span class='ocrx_word' id='word_1_694' title='bbox 494 5157 611 5196; x_wconf 87' lang='lat' dir='ltr'><strong><em>rum</em></strong></span> <span class='ocrx_word' id='word_1_695' title='bbox 634 5155 753 5209; x_wconf 70' lang='lat' dir='ltr'><strong><em>quaz</em></strong></span> <span class='ocrx_word' id='word_1_696' title='bbox 777 5155 835 5195; x_wconf 89' lang='lat' dir='ltr'><strong><em>se</em></strong></span> <span class='ocrx_word' id='word_1_697' title='bbox 863 5139 1001 5194; x_wconf 90' lang='lat' dir='ltr'><strong><em>bene</em></strong></span> <span class='ocrx_word' id='word_1_698' title='bbox 1027 5139 1227 5192; x_wconf 91' lang='lat' dir='ltr'><strong><em>habere</em></strong></span> <span class='ocrx_word' id='word_1_699' title='bbox 1257 5136 1546 5191; x_wconf 89' lang='lat' dir='ltr'><strong><em>arbitratus</em></strong></span> <span class='ocrx_word' id='word_1_700' title='bbox 1572 5143 1672 5189; x_wconf 90' lang='lat' dir='ltr'><strong><em>est.</em></strong></span> 
     </span>
    </p>
   </div>
   <div class='ocr_carea' id='block_1_97' title="bbox 564 5225 2080 5299">
    <p class='ocr_par' dir='ltr' id='par_1_97' title="bbox 564 5225 2080 5299">
     <span class='ocr_line' id='line_1_97' title="bbox 564 5225 2080 5299; baseline -0.005 -15"><span class='ocrx_word' id='word_1_701' title='bbox 564 5230 806 5299; x_wconf 91' lang='lat' dir='ltr'><strong><em>Denique</em></strong></span> <span class='ocrx_word' id='word_1_702' title='bbox 835 5229 910 5282; x_wconf 89' lang='lat' dir='ltr'><strong><em>ait</em></strong></span> <span class='ocrx_word' id='word_1_703' title='bbox 942 5246 955 5281; x_wconf 90' lang='lat'><strong><em>:</em></strong></span> <span class='ocrx_word' id='word_1_704' title='bbox 989 5228 1049 5283; x_wconf 85' lang='lat' dir='ltr'><strong><em>Si</em></strong></span> <span class='ocrx_word' id='word_1_705' title='bbox 1070 5228 1325 5281; x_wconf 79' lang='lat' dir='ltr'><strong><em>naturalis</em></strong></span> <span class='ocrx_word' id='word_1_706' title='bbox 1349 5229 1487 5299; x_wconf 83' lang='lat' dir='ltr'><strong><em>facta</em></strong></span> <span class='ocrx_word' id='word_1_707' title='bbox 1533 5236 1611 5280; x_wconf 82' lang='lat' dir='ltr'><strong><em>est</em></strong></span> <span class='ocrx_word' id='word_1_708' title='bbox 1653 5225 1935 5289; x_wconf 82' lang='lat' dir='ltr'><strong><em>adunatio;</em></strong></span> <span class='ocrx_word' id='word_1_709' title='bbox 1959 5241 2080 5295; x_wconf 86' lang='lat' dir='ltr'><strong><em>ergo</em></strong></span> 
     </span>
    </p>
   </div>
   <div class='ocr_carea' id='block_1_98' title="bbox 493 5320 2072 5391">
    <p class='ocr_par' dir='ltr' id='par_1_98' title="bbox 493 5320 2072 5391">
     <span class='ocr_line' id='line_1_98' title="bbox 493 5320 2072 5391; baseline -0.003 -14"><span class='ocrx_word' id='word_1_710' title='bbox 493 5342 599 5379; x_wconf 79' lang='lat' dir='ltr'><strong><em>non</em></strong></span> <span class='ocrx_word' id='word_1_711' title='bbox 622 5324 911 5377; x_wconf 76' lang='lat' dir='ltr'><strong><em>voluntaria</em></strong></span> <span class='ocrx_word' id='word_1_712' title='bbox 957 5331 1033 5376; x_wconf 78' lang='lat' dir='ltr'><strong><em>est</em></strong></span> <span class='ocrx_word' id='word_1_713' title='bbox 1074 5323 1367 5376; x_wconf 65' lang='lat' dir='ltr'><strong><em>exinanitae</em></strong></span> <span class='ocrx_word' id='word_1_714' title='bbox 1406 5321 1575 5386; x_wconf 84' lang='lat' dir='ltr'><strong><em>Verbi,</em></strong></span> <span class='ocrx_word' id='word_1_715' title='bbox 1606 5320 1697 5375; x_wconf 78' lang='lat' dir='ltr'><strong><em>sed</em></strong></span> <span class='ocrx_word' id='word_1_716' title='bbox 1726 5331 1985 5391; x_wconf 85' lang='lat' dir='ltr'><strong><em>tamquam</em></strong></span> <span class='ocrx_word' id='word_1_717' title='bbox 2007 5337 2072 5373; x_wconf 66' lang='lat' dir='ltr'><strong><em>ea:</em></strong></span> 
     </span>
    </p>
   </div>
   <div class='ocr_carea' id='block_1_99' title="bbox 492 5416 2070 5485">
    <p class='ocr_par' dir='ltr' id='par_1_99' title="bbox 492 5416 2070 5485">
     <span class='ocr_line' id='line_1_99' title="bbox 492 5416 2070 5485; baseline -0.004 -14"><span class='ocrx_word' id='word_1_718' title='bbox 492 5418 812 5484; x_wconf 73' lang='lat' dir='ltr'><strong><em>necessitate,</em></strong></span> <span class='ocrx_word' id='word_1_719' title='bbox 870 5428 919 5469; x_wconf 85' lang='lat' dir='ltr'><strong><em>et</em></strong></span> <span class='ocrx_word' id='word_1_720' title='bbox 966 5416 1226 5480; x_wconf 75' lang='lat' dir='ltr'><strong><em>uiolentia,</em></strong></span> <span class='ocrx_word' id='word_1_721' title='bbox 1278 5416 1553 5485; x_wconf 82' lang='lat' dir='ltr'><strong><em>imperiosa</em></strong></span> <span class='ocrx_word' id='word_1_722' title='bbox 1573 5416 1711 5468; x_wconf 83' lang='lat' dir='ltr'><strong><em>enim</em></strong></span> <span class='ocrx_word' id='word_1_723' title='bbox 1753 5431 1831 5467; x_wconf 74' lang='lat' dir='ltr'><strong><em>res</em></strong></span> <span class='ocrx_word' id='word_1_724' title='bbox 1859 5424 2070 5467; x_wconf 78' lang='lat' dir='ltr'><strong><em>natura.</em></strong></span> 
     </span>
    </p>
   </div>
   <div class='ocr_carea' id='block_1_100' title="bbox 492 5505 2078 5576">
    <p class='ocr_par' dir='ltr' id='par_1_100' title="bbox 492 5505 2078 5576">
     <span class='ocr_line' id='line_1_100' title="bbox 492 5505 2078 5576; baseline -0.003 -13"><span class='ocrx_word' id='word_1_725' title='bbox 492 5508 571 5563; x_wconf 75' lang='lat' dir='ltr'><strong><em>Ad</em></strong></span> <span class='ocrx_word' id='word_1_726' title='bbox 601 5508 705 5563; x_wconf 88' lang='lat' dir='ltr'><strong><em>hoc</em></strong></span> <span class='ocrx_word' id='word_1_727' title='bbox 732 5508 955 5576; x_wconf 89' lang='lat' dir='ltr'><strong><em>quilibet</em></strong></span> <span class='ocrx_word' id='word_1_728' title='bbox 978 5506 1043 5561; x_wconf 90' lang='lat' dir='ltr'><strong><em>ad</em></strong></span> <span class='ocrx_word' id='word_1_729' title='bbox 1064 5518 1186 5561; x_wconf 87' lang='lat' dir='ltr'><strong><em>eum</em></strong></span> <span class='ocrx_word' id='word_1_730' title='bbox 1215 5506 1409 5561; x_wconf 81' lang='lat' dir='ltr'><strong><em>dixerit</em></strong></span> <span class='ocrx_word' id='word_1_731' title='bbox 1434 5524 1447 5558; x_wconf 92' lang='lat'><strong><em>:</em></strong></span> <span class='ocrx_word' id='word_1_732' title='bbox 1471 5505 1732 5571; x_wconf 87' lang='lat' dir='ltr'><strong><em>Esuritio,</em></strong></span> <span class='ocrx_word' id='word_1_733' title='bbox 1763 5514 1818 5561; x_wconf 91' lang='lat' dir='ltr'><strong><em>et</em></strong></span> <span class='ocrx_word' id='word_1_734' title='bbox 1853 5506 1987 5570; x_wconf 86' lang='lat' dir='ltr'><strong><em>sitis,</em></strong></span> <span class='ocrx_word' id='word_1_735' title='bbox 2022 5513 2078 5559; x_wconf 91' lang='lat' dir='ltr'><strong><em>et</em></strong></span> 
     </span>
    </p>
   </div>
   <div class='ocr_carea' id='block_1_101' title="bbox 491 5592 2076 5668">
    <p class='ocr_par' dir='ltr' id='par_1_101' title="bbox 491 5592 2076 5668">
     <span class='ocr_line' id='line_1_101' title="bbox 491 5592 2076 5668; baseline -0.004 -14"><span class='ocrx_word' id='word_1_736' title='bbox 491 5609 705 5663; x_wconf 67' lang='lat' dir='ltr'><strong><em>caetera,</em></strong></span> <span class='ocrx_word' id='word_1_737' title='bbox 737 5598 1185 5668; x_wconf 82' lang='lat' dir='ltr'><strong><em>quemadmodum</em></strong></span> <span class='ocrx_word' id='word_1_738' title='bbox 1212 5597 1413 5661; x_wconf 88' lang='lat' dir='ltr'><strong><em>dixisti,</em></strong></span> <span class='ocrx_word' id='word_1_739' title='bbox 1444 5597 1618 5651; x_wconf 90' lang='lat' dir='ltr'><strong><em>carnis</em></strong></span> <span class='ocrx_word' id='word_1_740' title='bbox 1647 5605 1771 5650; x_wconf 91' lang='lat' dir='ltr'><strong><em>sunt</em></strong></span> <span class='ocrx_word' id='word_1_741' title='bbox 1796 5592 2076 5649; x_wconf 82' lang='lat' dir='ltr'><strong><em>infirmita-</em></strong></span> 
     </span>
    </p>
   </div>
   <div class='ocr_carea' id='block_1_102' title="bbox 492 5688 2073 5758">
    <p class='ocr_par' dir='ltr' id='par_1_102' title="bbox 492 5688 2073 5758">
     <span class='ocr_line' id='line_1_102' title="bbox 492 5688 2073 5758; baseline -0.003 -13"><span class='ocrx_word' id='word_1_742' title='bbox 492 5699 571 5747; x_wconf 89' lang='lat' dir='ltr'><strong><em>tes</em></strong></span> <span class='ocrx_word' id='word_1_743' title='bbox 594 5691 885 5758; x_wconf 87' lang='lat' dir='ltr'><strong><em>naturales,</em></strong></span> <span class='ocrx_word' id='word_1_744' title='bbox 932 5698 983 5746; x_wconf 89' lang='lat' dir='ltr'><strong><em>et</em></strong></span> <span class='ocrx_word' id='word_1_745' title='bbox 1028 5690 1081 5744; x_wconf 92' lang='lat' dir='ltr'><strong><em>in</em></strong></span> <span class='ocrx_word' id='word_1_746' title='bbox 1129 5690 1395 5745; x_wconf 88' lang='lat' dir='ltr'><strong><em>nobismet</em></strong></span> <span class='ocrx_word' id='word_1_747' title='bbox 1426 5689 1553 5757; x_wconf 90' lang='lat' dir='ltr'><strong><em>ipsis</em></strong></span> <span class='ocrx_word' id='word_1_748' title='bbox 1594 5688 1790 5744; x_wconf 89' lang='lat' dir='ltr'><strong><em>habent</em></strong></span> <span class='ocrx_word' id='word_1_749' title='bbox 1834 5696 2073 5748; x_wconf 85' lang='lat' dir='ltr'><strong><em>motum;</em></strong></span> 
     </span>
    </p>
   </div>
   <div class='ocr_carea' id='block_1_103' title="bbox 2256 4570 3721 4666">
    <p class='ocr_par' dir='ltr' id='par_1_103' title="bbox 2256 4570 3721 4666">
     <span class='ocr_line' id='line_1_103' title="bbox 2256 4570 3721 4666; baseline -0.014 -16"><span class='ocrx_word' id='word_1_750' title='bbox 2256 4595 2409 4661; x_wconf 89' lang='lat' dir='ltr'><strong><em>Quod</em></strong></span> <span class='ocrx_word' id='word_1_751' title='bbox 2430 4610 2561 4650; x_wconf 89' lang='lat' dir='ltr'><strong><em>vero</em></strong></span> <span class='ocrx_word' id='word_1_752' title='bbox 2584 4603 2707 4665; x_wconf 90' lang='lat' dir='ltr'><strong><em>post</em></strong></span> <span class='ocrx_word' id='word_1_753' title='bbox 2727 4595 3107 4649; x_wconf 89' lang='lat' dir='ltr'><strong><em>adunationem</em></strong></span> <span class='ocrx_word' id='word_1_754' title='bbox 3132 4592 3341 4666; x_wconf 81' lang='lat' dir='ltr'><strong><em>[Batuz.</em></strong></span> <span class='ocrx_word' id='word_1_755' title='bbox 3373 4586 3490 4641; x_wconf 84' lang='lat' dir='ltr'><strong><em>add.</em></strong></span> <span class='ocrx_word' id='word_1_756' title='bbox 3515 4570 3721 4643; x_wconf 76' lang='lat' dir='ltr'><strong><em>divinam]</em></strong></span> 
     </span>
    </p>
   </div>
   <div class='ocr_carea' id='block_1_104' title="bbox 2187 4672 3720 4754">
    <p class='ocr_par' dir='ltr' id='par_1_104' title="bbox 2187 4672 3720 4754">
     <span class='ocr_line' id='line_1_104' title="bbox 2187 4672 3720 4754; baseline -0.012 -13"><span class='ocrx_word' id='word_1_757' title='bbox 2187 4687 2437 4741; x_wconf 91' lang='lat' dir='ltr'><strong><em>nolumus</em></strong></span> <span class='ocrx_word' id='word_1_758' title='bbox 2459 4702 2542 4752; x_wconf 90' lang='lat' dir='ltr'><strong><em>ea,</em></strong></span> <span class='ocrx_word' id='word_1_759' title='bbox 2572 4701 2692 4754; x_wconf 66' lang='lat' dir='ltr'><strong><em>qua:</em></strong></span> <span class='ocrx_word' id='word_1_760' title='bbox 2720 4684 2951 4739; x_wconf 87' lang='lat' dir='ltr'><strong><em>adunata</em></strong></span> <span class='ocrx_word' id='word_1_761' title='bbox 2979 4693 3122 4750; x_wconf 91' lang='lat' dir='ltr'><strong><em>sunt,</em></strong></span> <span class='ocrx_word' id='word_1_762' title='bbox 3158 4699 3189 4736; x_wconf 91' lang='lat' dir='ltr'><strong><em>a</em></strong></span> <span class='ocrx_word' id='word_1_763' title='bbox 3218 4695 3337 4736; x_wconf 89' lang='lat' dir='ltr'><strong><em>sese</em></strong></span> <span class='ocrx_word' id='word_1_764' title='bbox 3365 4691 3480 4733; x_wconf 87' lang='lat' dir='ltr'><strong><em>esse</em></strong></span> <span class='ocrx_word' id='word_1_765' title='bbox 3505 4672 3720 4740; x_wconf 73' lang='lat' dir='ltr'><strong><em>seiuncta.</em></strong></span> 
     </span>
    </p>
   </div>
   <div class='ocr_carea' id='block_1_105' title="bbox 2186 4758 3725 4840">
    <p class='ocr_par' dir='ltr' id='par_1_105' title="bbox 2186 4758 3725 4840">
     <span class='ocr_line' id='line_1_105' title="bbox 2186 4758 3725 4840; baseline -0.013 -7"><span class='ocrx_word' id='word_1_766' title='bbox 2186 4780 2289 4833; x_wconf 91' lang='lat' dir='ltr'><strong><em>nisi</em></strong></span> <span class='ocrx_word' id='word_1_767' title='bbox 2318 4779 2492 4840; x_wconf 89' lang='lat' dir='ltr'><strong><em>fallor,</em></strong></span> <span class='ocrx_word' id='word_1_768' title='bbox 2524 4794 2625 4832; x_wconf 90' lang='lat' dir='ltr'><strong><em>nec</em></strong></span> <span class='ocrx_word' id='word_1_769' title='bbox 2646 4778 2991 4832; x_wconf 90' lang='lat' dir='ltr'><strong><em>criminosum</em></strong></span> <span class='ocrx_word' id='word_1_770' title='bbox 3015 4776 3240 4831; x_wconf 91' lang='lat' dir='ltr'><strong><em>omnino</em></strong></span> <span class='ocrx_word' id='word_1_771' title='bbox 3269 4781 3369 4837; x_wconf 86' lang='lat' dir='ltr'><strong><em>est,</em></strong></span> <span class='ocrx_word' id='word_1_772' title='bbox 3395 4784 3491 4825; x_wconf 90' lang='lat' dir='ltr'><strong><em>nec</em></strong></span> <span class='ocrx_word' id='word_1_773' title='bbox 3508 4758 3725 4834; x_wconf 81' lang='lat' dir='ltr'><strong><em>culpabile</em></strong></span> 
     </span>
    </p>
   </div>
   <div class='ocr_carea' id='block_1_106' title="bbox 2188 4852 3725 4939">
    <p class='ocr_par' dir='ltr' id='par_1_106' title="bbox 2188 4852 3725 4939">
     <span class='ocr_line' id='line_1_106' title="bbox 2188 4852 3725 4939; baseline -0.018 -14"><span class='ocrx_word' id='word_1_774' title='bbox 2188 4871 2415 4936; x_wconf 91' lang='lat' dir='ltr'><strong><em>videtur,</em></strong></span> <span class='ocrx_word' id='word_1_775' title='bbox 2447 4885 2570 4926; x_wconf 91' lang='lat' dir='ltr'><strong><em>cum</em></strong></span> <span class='ocrx_word' id='word_1_776' title='bbox 2598 4869 2896 4939; x_wconf 64' lang='lat' dir='ltr'><strong><em>praesertim</em></strong></span> <span class='ocrx_word' id='word_1_777' title='bbox 2927 4869 3041 4937; x_wconf 90' lang='lat' dir='ltr'><strong><em>ipse</em></strong></span> <span class='ocrx_word' id='word_1_778' title='bbox 3078 4868 3160 4921; x_wconf 88' lang='lat' dir='ltr'><strong><em>vir</em></strong></span> <span class='ocrx_word' id='word_1_779' title='bbox 3189 4864 3434 4934; x_wconf 86' lang='lat' dir='ltr'><strong><em>egregius</em></strong></span> <span class='ocrx_word' id='word_1_780' title='bbox 3462 4852 3725 4911; x_wconf 82' lang='lat' dir='ltr'><strong><em>Theodore-</em></strong></span> 
     </span>
    </p>
   </div>
   <div class='ocr_carea' id='block_1_107' title="bbox 2186 4952 3727 5025">
    <p class='ocr_par' dir='ltr' id='par_1_107' title="bbox 2186 4952 3727 5025">
     <span class='ocr_line' id='line_1_107' title="bbox 2186 4952 3727 5025; baseline -0.004 -10"><span class='ocrx_word' id='word_1_781' title='bbox 2186 4971 2273 5018; x_wconf 89' lang='lat' dir='ltr'><strong><em>tus</em></strong></span> <span class='ocrx_word' id='word_1_782' title='bbox 2319 4977 2482 5016; x_wconf 89' lang='lat' dir='ltr'><strong><em>unum</em></strong></span> <span class='ocrx_word' id='word_1_783' title='bbox 2513 4977 2581 5017; x_wconf 89' lang='lat' dir='ltr'><strong><em>ex</em></strong></span> <span class='ocrx_word' id='word_1_784' title='bbox 2611 4960 2764 5015; x_wconf 90' lang='lat' dir='ltr'><strong><em>uobis</em></strong></span> <span class='ocrx_word' id='word_1_785' title='bbox 2793 4960 3063 5015; x_wconf 89' lang='lat' dir='ltr'><strong><em>hominem</em></strong></span> <span class='ocrx_word' id='word_1_786' title='bbox 3093 4955 3333 5025; x_wconf 89' lang='lat' dir='ltr'><strong><em>exempli</em></strong></span> <span class='ocrx_word' id='word_1_787' title='bbox 3372 4965 3524 5008; x_wconf 82' lang='lat' dir='ltr'><strong><em>causa</em></strong></span> <span class='ocrx_word' id='word_1_788' title='bbox 3563 4952 3727 5017; x_wconf 70' lang='lat' dir='ltr'><strong><em>pTOPO‘</em></strong></span> 
     </span>
    </p>
   </div>
   <div class='ocr_carea' id='block_1_108' title="bbox 2190 5025 3729 5120">
    <p class='ocr_par' dir='ltr' id='par_1_108' title="bbox 2190 5025 3729 5120">
     <span class='ocr_line' id='line_1_108' title="bbox 2190 5025 3729 5120; baseline -0.013 -13"><span class='ocrx_word' id='word_1_789' title='bbox 2190 5070 2343 5119; x_wconf 90' lang='lat' dir='ltr'><strong><em>nens,</em></strong></span> <span class='ocrx_word' id='word_1_790' title='bbox 2367 5053 2419 5106; x_wconf 89' lang='lat' dir='ltr'><strong><em>in</em></strong></span> <span class='ocrx_word' id='word_1_791' title='bbox 2450 5052 2556 5106; x_wconf 91' lang='lat' dir='ltr'><strong><em>duo</em></strong></span> <span class='ocrx_word' id='word_1_792' title='bbox 2584 5050 2745 5105; x_wconf 89' lang='lat' dir='ltr'><strong><em>dividi</em></strong></span> <span class='ocrx_word' id='word_1_793' title='bbox 2771 5067 2878 5105; x_wconf 91' lang='lat' dir='ltr'><strong><em>non</em></strong></span> <span class='ocrx_word' id='word_1_794' title='bbox 2908 5052 3083 5115; x_wconf 86' lang='lat' dir='ltr'><strong><em>sinat;</em></strong></span> <span class='ocrx_word' id='word_1_795' title='bbox 3114 5048 3365 5120; x_wconf 89' lang='lat' dir='ltr'><strong><em>quamvis</em></strong></span> <span class='ocrx_word' id='word_1_796' title='bbox 3406 5048 3639 5114; x_wconf 91' lang='lat' dir='ltr'><strong><em>quantum</em></strong></span> <span class='ocrx_word' id='word_1_797' title='bbox 3678 5025 3729 5082; x_wconf 75' lang='lat' dir='ltr'><strong><em>ad</em></strong></span> 
     </span>
    </p>
   </div>
   <div class='ocr_carea' id='block_1_109' title="bbox 2186 5136 3729 5222">
    <p class='ocr_par' dir='ltr' id='par_1_109' title="bbox 2186 5136 3729 5222">
     <span class='ocr_line' id='line_1_109' title="bbox 2186 5136 3729 5222; baseline -0.008 -20"><span class='ocrx_word' id='word_1_798' title='bbox 2186 5148 2420 5202; x_wconf 91' lang='lat' dir='ltr'><strong><em>hominis</em></strong></span> <span class='ocrx_word' id='word_1_799' title='bbox 2439 5149 2650 5222; x_wconf 78' lang='grc' dir='ltr'><strong><em>θεωρίαν</em></strong></span> <span class='ocrx_word' id='word_1_800' title='bbox 2677 5145 2929 5215; x_wconf 88' lang='lat' dir='ltr'><strong><em>pertinet,</em></strong></span> <span class='ocrx_word' id='word_1_801' title='bbox 2959 5143 3239 5199; x_wconf 89' lang='lat' dir='ltr'><strong><em>divisionis</em></strong></span> <span class='ocrx_word' id='word_1_802' title='bbox 3266 5140 3476 5211; x_wconf 90' lang='lat' dir='ltr'><strong><em>patiens</em></strong></span> <span class='ocrx_word' id='word_1_803' title='bbox 3501 5144 3607 5190; x_wconf 80' lang='lat' dir='ltr'><strong><em>esse</em></strong></span> <span class='ocrx_word' id='word_1_804' title='bbox 3631 5136 3729 5197; x_wconf 70' lang='lat' dir='ltr'><strong>POS&#39;</strong></span> 
     </span>
    </p>
   </div>
   <div class='ocr_carea' id='block_1_110' title="bbox 2184 5226 3731 5304">
    <p class='ocr_par' dir='ltr' id='par_1_110' title="bbox 2184 5226 3731 5304">
     <span class='ocr_line' id='line_1_110' title="bbox 2184 5226 3731 5304; baseline -0.01 -12"><span class='ocrx_word' id='word_1_805' title='bbox 2184 5239 2270 5304; x_wconf 90' lang='lat' dir='ltr'><strong><em>sit,</em></strong></span> <span class='ocrx_word' id='word_1_806' title='bbox 2290 5253 2355 5292; x_wconf 93' lang='lat' dir='ltr'><strong><em>eo</em></strong></span> <span class='ocrx_word' id='word_1_807' title='bbox 2383 5237 2651 5300; x_wconf 90' lang='lat' dir='ltr'><strong><em>videlicet,</em></strong></span> <span class='ocrx_word' id='word_1_808' title='bbox 2680 5234 2822 5304; x_wconf 91' lang='lat' dir='ltr'><strong><em>quod</em></strong></span> <span class='ocrx_word' id='word_1_809' title='bbox 2852 5235 3217 5303; x_wconf 89' lang='lat' dir='ltr'><strong><em>intelligimus,</em></strong></span> <span class='ocrx_word' id='word_1_810' title='bbox 3243 5230 3388 5286; x_wconf 91' lang='lat' dir='ltr'><strong><em>aliud</em></strong></span> <span class='ocrx_word' id='word_1_811' title='bbox 3407 5228 3620 5281; x_wconf 90' lang='lat' dir='ltr'><strong><em>animam</em></strong></span> <span class='ocrx_word' id='word_1_812' title='bbox 3639 5226 3731 5270; x_wconf 62' lang='lat' dir='ltr'><strong><em>esse</em></strong></span> 
     </span>
    </p>
   </div>
   <div class='ocr_carea' id='block_1_111' title="bbox 2184 5310 3732 5397">
    <p class='ocr_par' dir='ltr' id='par_1_111' title="bbox 2184 5310 3732 5397">
     <span class='ocr_line' id='line_1_111' title="bbox 2184 5310 3732 5397; baseline -0.014 -14"><span class='ocrx_word' id='word_1_813' title='bbox 2184 5338 2394 5394; x_wconf 87' lang='lat' dir='ltr'><strong><em>natura,</em></strong></span> <span class='ocrx_word' id='word_1_814' title='bbox 2427 5328 2570 5383; x_wconf 89' lang='lat' dir='ltr'><strong><em>aliud</em></strong></span> <span class='ocrx_word' id='word_1_815' title='bbox 2600 5336 2790 5381; x_wconf 89' lang='lat' dir='ltr'><strong><em>natura</em></strong></span> <span class='ocrx_word' id='word_1_816' title='bbox 2819 5327 3034 5397; x_wconf 90' lang='lat' dir='ltr'><strong><em>propria</em></strong></span> <span class='ocrx_word' id='word_1_817' title='bbox 3063 5340 3307 5381; x_wconf 88' lang='lat' dir='ltr'><strong><em>carnem.</em></strong></span> <span class='ocrx_word' id='word_1_818' title='bbox 3332 5321 3470 5390; x_wconf 87' lang='lat' dir='ltr'><strong><em>Ergo</em></strong></span> <span class='ocrx_word' id='word_1_819' title='bbox 3501 5310 3641 5376; x_wconf 83' lang='lat' dir='ltr'><strong><em>simili</em></strong></span> <span class='ocrx_word' id='word_1_820' title='bbox 3665 5318 3732 5397; x_wconf 54' lang='lat' dir='ltr'><strong><em>ra:</em></strong></span> 
     </span>
    </p>
   </div>
   <div class='ocr_carea' id='block_1_112' title="bbox 2184 5395 3733 5488">
    <p class='ocr_par' dir='ltr' id='par_1_112' title="bbox 2184 5395 3733 5488">
     <span class='ocr_line' id='line_1_112' title="bbox 2184 5395 3733 5488; baseline -0.006 -14"><span class='ocrx_word' id='word_1_821' title='bbox 2184 5424 2331 5475; x_wconf 92' lang='lat' dir='ltr'><strong><em>tione</em></strong></span> <span class='ocrx_word' id='word_1_822' title='bbox 2378 5421 2643 5475; x_wconf 77' lang='lat' dir='ltr'><strong><em>Curiosius</em></strong></span> <span class='ocrx_word' id='word_1_823' title='bbox 2696 5419 3048 5488; x_wconf 88' lang='lat' dir='ltr'><strong><em>inquirentcs,</em></strong></span> <span class='ocrx_word' id='word_1_824' title='bbox 3099 5415 3519 5474; x_wconf 88' lang='lat' dir='ltr'><strong><em>adunationem,</em></strong></span> <span class='ocrx_word' id='word_1_825' title='bbox 3549 5416 3650 5473; x_wconf 65' lang='lat' dir='ltr'><strong><em>qum</em></strong></span> <span class='ocrx_word' id='word_1_826' title='bbox 3691 5395 3733 5449; x_wconf 85' lang='grc' dir='ltr'><strong><em>ίη</em></strong></span> 
     </span>
    </p>
   </div>
   <div class='ocr_carea' id='block_1_113' title="bbox 2183 5500 3734 5577">
    <p class='ocr_par' dir='ltr' id='par_1_113' title="bbox 2183 5500 3734 5577">
     <span class='ocr_line' id='line_1_113' title="bbox 2183 5500 3734 5577; baseline -0.006 -13"><span class='ocrx_word' id='word_1_827' title='bbox 2183 5509 2402 5564; x_wconf 88' lang='lat' dir='ltr'><strong><em>Christo</em></strong></span> <span class='ocrx_word' id='word_1_828' title='bbox 2427 5507 2564 5564; x_wconf 85' lang='lat' dir='ltr'><strong><em>facta</em></strong></span> <span class='ocrx_word' id='word_1_829' title='bbox 2593 5524 2710 5563; x_wconf 91' lang='lat' dir='ltr'><strong><em>esse</em></strong></span> <span class='ocrx_word' id='word_1_830' title='bbox 2742 5508 3072 5577; x_wconf 81' lang='lat' dir='ltr'><strong><em>intelligitur,</em></strong></span> <span class='ocrx_word' id='word_1_831' title='bbox 3103 5504 3403 5560; x_wconf 89' lang='lat' dir='ltr'><strong><em>secundum</em></strong></span> <span class='ocrx_word' id='word_1_832' title='bbox 3434 5500 3627 5573; x_wconf 74' lang='grc' dir='ltr'><strong><em>Θεωρίαν</em></strong></span> <span class='ocrx_word' id='word_1_833' title='bbox 3644 5502 3734 5555; x_wconf 65' lang='lat'>(1‘1&quot;</span> 
     </span>
    </p>
   </div>
   <div class='ocr_carea' id='block_1_114' title="bbox 2183 5590 3731 5664">
    <p class='ocr_par' dir='ltr' id='par_1_114' title="bbox 2183 5590 3731 5664">
     <span class='ocr_line' id='line_1_114' title="bbox 2183 5590 3731 5664; baseline -0.011 -10"><span class='ocrx_word' id='word_1_834' title='bbox 2183 5600 2306 5655; x_wconf 90' lang='lat' dir='ltr'><strong><em>dem</em></strong></span> <span class='ocrx_word' id='word_1_835' title='bbox 2334 5600 2626 5653; x_wconf 86' lang='lat' dir='ltr'><strong><em>divinitatis</em></strong></span> <span class='ocrx_word' id='word_1_836' title='bbox 2660 5608 2715 5653; x_wconf 90' lang='lat' dir='ltr'><strong><em>et</em></strong></span> <span class='ocrx_word' id='word_1_837' title='bbox 2744 5599 3108 5664; x_wconf 88' lang='lat' dir='ltr'><strong><em>humanitatis,</em></strong></span> <span class='ocrx_word' id='word_1_838' title='bbox 3139 5595 3553 5652; x_wconf 87' lang='lat' dir='ltr'><strong><em>conventionem</em></strong></span> <span class='ocrx_word' id='word_1_839' title='bbox 3584 5590 3731 5637; x_wconf 63' lang='lat' dir='ltr'><strong><em>verum</em></strong></span> 
     </span>
    </p>
   </div>
   <div class='ocr_carea' id='block_1_115' title="bbox 2184 5664 3736 5758">
    <p class='ocr_par' dir='ltr' id='par_1_115' title="bbox 2184 5664 3736 5758">
     <span class='ocr_line' id='line_1_115' title="bbox 2184 5664 3736 5758; baseline -0.015 -13"><span class='ocrx_word' id='word_1_840' title='bbox 2184 5706 2280 5758; x_wconf 87' lang='lat' dir='ltr'><strong><em>per</em></strong></span> <span class='ocrx_word' id='word_1_841' title='bbox 2307 5692 2482 5745; x_wconf 75' lang='grc' dir='ltr'><strong><em>ἕνωσιν</em></strong></span> <span class='ocrx_word' id='word_1_842' title='bbox 2514 5689 2705 5746; x_wconf 80' lang='lat' dir='ltr'><strong><em>factam</em></strong></span> <span class='ocrx_word' id='word_1_843' title='bbox 2727 5706 2843 5745; x_wconf 80' lang='lat' dir='ltr'><strong><em>esse</em></strong></span> <span class='ocrx_word' id='word_1_844' title='bbox 2864 5689 3115 5744; x_wconf 85' lang='lat' dir='ltr'><strong><em>dicimus:</em></strong></span> <span class='ocrx_word' id='word_1_845' title='bbox 3146 5703 3255 5741; x_wconf 86' lang='lat' dir='ltr'><strong><em>non</em></strong></span> <span class='ocrx_word' id='word_1_846' title='bbox 3282 5687 3597 5755; x_wconf 83' lang='lat' dir='ltr'><strong><em>ignorantes,</em></strong></span> <span class='ocrx_word' id='word_1_847' title='bbox 3621 5664 3736 5726; x_wconf 80' lang='lat' dir='ltr'><strong><em>aliud</em></strong></span> 
     </span>
    </p>
   </div>
  </div>
