3978 6188
260 319 348 374 εδει

917 313 976 370 S.
1016 310 1291 367 CVRILH
1333 303 1866 363 APOLOGETICL’S
1907 302 2271 360 ADVERSCS
2311 301 2849 361 TllEODORETUM.

3425 305 3527 359 τῆς

261 430 462 500 quidem
492 442 611 482 esse
650 433 846 497 prieter
865 439 1080 480 carnem
1122 423 1218 476 Dei
1250 420 1508 481 Verbum,
1533 419 1690 472 aliam
1712 433 1839 472 vero
1869 419 1914 476 Α
1948 415 2118 470 Patris
2138 433 2196 471 se
2224 417 2424 471 habere
2445 431 2891 480 commemorans,
2915 430 3033 470 cum
3063 431 3169 470 non
3199 417 3395 472 haheat
3423 418 3522 472 Pa-

258 523 402 590 juxta
424 533 575 572 suam
604 527 848 571 naturam
877 530 1122 580 carnem,
1167 522 1362 583 prazter
1395 511 1648 566 Verbum.
1685 509 1834 563 Adu-

263 619 436 668 uatum
461 623 590 663 vero
642 607 808 662 semel
848 607 1085 661 dividere
1113 605 1458 660 criminosum
1506 609 1622 664 est;
1655 615 1753 654 nec
1784 599 1835 653 in

257 708 379 760 duos
399 703 562 757 Filios
581 717 832 772 separare
859 716 1022 754 unum
1037 697 1328 763 Christum,
1348 704 1402 751 et
1426 696 1637 760 Filium,
1657 703 1709 748 et
1730 693 1834 747 Do-

254 798 443 851 minum
470 804 615 850 recta
636 795 770 848 ratio
794 793 1054 862 permittit.
1085 809 1096 843 :
1131 791 1183 844 in
1207 791 1345 844 hanc
1373 789 1516 844 enim
1549 787 1830 842 scientiam

254 903 346 940 nos
371 896 549 941 sancta
574 893 627 940 et
654 885 832 939 divina
861 882 1136 953 Scriptura
1167 881 1401 935 deducit.

319 979 626 1033 Verumville
654 976 962 1045 dogmatum
1000 973 1240 1029 veritatis
1269 972 1468 1025 nullam
1496 971 1660 1024 habet
1680 967 1834 1038 peni-

254 1084 336 1128 tus
365 1087 570 1137 curam,
611 1086 711 1125 nec
740 1069 947 1123 laborat
974 1067 1180 1122 discere
1219 1063 1419 1132 aliquid
1449 1061 1828 1124 necessarium,

251 1161 466 1231 etquod
494 1161 580 1216 vel
611 1159 952 1215 mediocriter
997 1157 1098 1228 ipsi
1145 1154 1403 1226 prodesse
1457 1153 1646 1223 possit,
1681 1161 1706 1188 ι
1737 1151 1831 1206 sed

252 1254 297 1306 id
340 1260 573 1318 tantum,
603 1251 750 1320 quod
794 1264 992 1304 nocere
1042 1248 1232 1318 possit.
1275 1245 1659 1301 Verumtamen
1707 1258 1831 1298 cum

251 1343 520 1398 linendacio
566 1341 844 1410 glorietur,
875 1347 929 1396 et
957 1337 1316 1394 calumniandi
1341 1336 1510 1406 jactet
1535 1351 1593 1389 se
1632 1335 1831 1389 habere

250 1435 610 1496 calliditatem,
643 1433 826 1486 audiat
847 1448 878 1486 a
899 1432 1053 1486 nobis
1085 1449 1098 1484 ε
1143 1428 1279 1493 Quid
1324 1429 1566 1499 gloriaris
1593 1429 1647 1480 in
1677 1426 1832 1480 mali-

249 1528 333 1590 tia,
350 1527 434 1596 qui
459 1533 639 1594 potem
668 1539 720 1577 es
741 1525 795 1576 in
823 1523 1130 1594 iniquitate?
1159 1530 1266 1575 tota
1295 1521 1376 1574 die
1407 1520 1715 1592 injustitiam
1736 1534 1826 1571 co-

250 1618 422 1687 gitarit
449 1618 624 1687 lingua
655 1625 743 1668 tua
775 1615 944 1684 (Psal.
979 1632 1050 1678 u,
1082 1614 1158 1686 '5}.

668 1742 1144 1782 ΔΝΔἸἮΕΜΑΊΊΒΜΕΒ
1162 1741 1420 1788 QUARTUS.

312 1846 490 1914 Siquis
516 1846 761 1915 personis
799 1844 1003 1898 duabus
1021 1884 1035 1908 ,
1062 1844 1174 1898 sive
1200 1841 1511 1896 substantiis
1548 1841 1828 1910 dispertiat

248 1954 422 2000 voces,
448 1951 566 2006 qua:
590 1947 714 1991 sunt
743 1937 796 1990 in
824 1935 1172 2004 evangelicis,
1217 1937 1302 1990 vel
1344 1935 1650 2004 apostolicis
1687 1933 1832 1988 Scri-

247 2029 434 2097 pturis,
465 2043 694 2097 qumque
721 2027 808 2082 vel
834 2025 902 2082 de
928 2025 1144 2080 Christo
1174 2041 1204 2079 a
1229 2027 1426 2079 sanctis
1451 2024 1715 2089 dicuntur,
1746 2025 1832 2079 vel

247 2119 308 2171 ab
336 2118 453 2186 ipso
481 2117 549 2172 de
578 2133 636 2172 se
669 2118 786 2187 ipso
807 2157 820 2183 ,
863 2125 918 2170 et
964 2116 1060 2169 has
1107 2115 1345 2183 quidem,
1385 2123 1444 2169 ut
1486 2115 1708 2180 homini,
1741 2115 1832 2182 qui

248 2218 432 2278 praeter
482 2207 717 2263 Verbum
762 2223 978 2262 seorsus
1026 2207 1382 2274 intelligatur,
1433 2205 1686 2276 deputet;
1735 2206 1834 2260 has

246 2315 387 2365 vero,
417 2309 475 2354 ut
503 2299 731 2363 divinas,
757 2300 857 2353 soli
889 2299 998 2352 Deo
1025 2297 1232 2362 Verbo;
1265 2298 1548 2352 anathema
1576 2297 1662 2352 sit.

701 2423 1062 2462 REI'RElll-INSIO
1093 2423 1377 2460 ILERETICI.

313 2521 555 2590 Cognata
578 2523 692 2577 hzcc
719 2535 934 2590 quoque
963 2519 1283 2590 supradictis
1309 2538 1320 2572 :
1355 2521 1466 2574 vult
1494 2521 1665 2586 enim,
1693 2527 1832 2573 tam-

248 2631 400 2682 quam
429 2615 814 2669 commixtione
843 2613 1000 2677 facta,
1039 2612 1240 2666 nullam
1267 2627 1386 2666 esse
1413 2613 1698 2667 verborum
1728 2611 1834 2667 dif-

245 2703 545 2772 ferentiam,
584 2721 704 2775 quae
733 2707 787 2760 in
827 2705 992 2760 sacris
1022 2703 1344 2772 Evangeliis,
1371 2705 1482 2759 sive
1528 2705 1837 2775 apostolicis

246 2797 408 2862 libris,
440 2796 585 2851 dicta
613 2802 737 2850 sunt
761 2813 774 2862 ;
817 2811 936 2850 cum
967 2795 1263 2865 praesertim
1290 2793 1438 2861 Ario,
1465 2803 1521 2849 et
1547 2793 1834 2860 Eunomio,

244 2895 294 2940 et
320 2887 531 2942 caeteris
576 2886 861 2942 haeresewn
905 2885 1215 2941 auctoribus
1241 2886 1453 2940 hostem
1494 2901 1552 2941 se
1579 2900 1694 2941 esse
1723 2886 1838 2956 glo-

244 2979 428 3033 rietur.

313 3070 464 3126 Dicat
495 3070 658 3138 igitur
684 3070 986 3126 divinorum
1011 3069 1319 3138 dogmatum
1349 3068 1701 3140 peritissimus
1721 3085 1837 3123 ma-

1942 511 2039 565 tris
2075 512 2389 565 scientiam?
2413 510 2566 565 Solus
2583 512 2740 574 enim,
2774 510 2970 578 inquit,
2996 509 3154 563 Pater
3182 511 3278 564 scit
3308 511 3440 564 diem
3461 512 3526 564 il-

1939 602 2043 656 lam
2073 603 2286 674 (Matth.
2315 620 2456 669 xxiv,
2484 603 2593 673 ⁸56).
2626 603 2724 658 Vel
2751 603 3023 672 quomodo
3065 603 3237 672 imago
3262 603 3331 658 sit
3358 605 3525 659 simil-

1940 692 2066 748 lima
2087 695 2366 764 genitoris,
2407 695 2497 763 qui
2545 711 2654 750 non
2696 696 2873 749 omnia
2914 694 3111 749 haheat
3146 681 3437 762 genitoris?
3468 695 3522 749 Si

1937 805 2043 843 non
2067 789 2323 842 mentitur
2345 789 2526 842 dicens
2547 804 2604 845 se
2626 788 2891 856 ignorare,
2917 789 3031 843 ιιωο
3045 789 3167 856 quis
3185 787 3252 842 de
3273 785 3392 858 ipso
3419 789 3525 842 exi-

1935 878 2264 942 stimaverit;
2311 879 2392 931 sin
2425 893 2555 932 vero
2585 878 2738 932 novit
2765 878 2928 944 diem,
2961 886 3016 932 et
3042 879 3310 932 occultare
3338 879 3524 932 volens

1936 971 2186 1040 ignorare
2224 986 2281 1025 se
2309 971 2440 1025 dicit
2483 989 2495 1023 :
2537 970 2686 1025 vides
2723 971 2898 1039 qualis
2944 986 3011 1028 ex
3046 971 3151 1025 hoc
3192 971 3520 1040 blasphemia

1933 1070 2329 1130 consequatur;
2361 1062 2560 1116 veritas
2580 1062 2783 1116 scilicet
2821 1061 3096 1114 mentitur.
3125 1060 3228 1114 Sed
3258 1062 3347 1128 qui
3378 1062 3520 1114 veri-

1937 1163 2018 1209 tas
2042 1164 2283 1221 vocetur,
2316 1169 2433 1224 qua:
2462 1156 2790 1210 contrarium
2819 1155 3016 1209 habeat
3056 1155 3297 1208 veritati?
3326 1153 3382 1208 Si
3415 1171 3519 1208 non

1934 1246 2194 1299 mentitur
2223 1246 2444 1310 veritas,
2484 1260 2659 1313 neque
2705 1245 2846 1300 Deus
2877 1244 3080 1320 [Baluz.
3115 1242 3245 1314 Dei]
3285 1244 3518 1298 Verbum

1933 1342 2145 1408 ignorat
2174 1341 2335 1407 diem,
2367 1357 2526 1411 quam
2552 1343 2663 1412 ipse
2689 1342 2966 1412 disposuit,
2985 1343 3036 1396 in
3059 1358 3162 1411 qua
3187 1342 3520 1411 iudicaturus

1932 1441 2012 1487 est
2058 1433 2244 1487 orbem
2293 1441 2590 1499 terrarum,
2643 1434 2739 1488 sed
2785 1433 2947 1488 habet
2996 1433 3169 1487 Patris
3216 1434 3516 1497 scientiam,

1930 1524 2130 1593 quippe
2159 1524 2334 1592 imago
2356 1523 2642 1578 simillima.
2669 1523 2809 1591 Ergo
2831 1540 2938 1577 non
2960 1522 3055 1576 Dei
3078 1523 3235 1576 Verbi
3267 1531 3348 1577 est
3378 1524 3522 1592 igno-

1929 1615 2138 1679 rantia,
2179 1615 2274 1668 sed
2321 1615 2532 1668 servilis
2570 1613 2782 1679 formze,
2815 1630 2934 1683 quae
2979 1616 3068 1668 illo
3107 1622 3348 1683 tempore
3371 1624 3519 1670 tanta

1929 1707 2152 1772 sciebat,
2186 1714 2386 1776 quanta
2417 1705 2721 1761 inhabitans
2742 1705 2914 1760 deitas
2942 1705 3234 1760 revolabat.

2002 1821 2069 1874 Et
2099 1821 2148 1875 id
2173 1837 2390 1890 quoque
2420 1819 2532 1875 fere
2577 1826 2770 1884 totum,
2810 1820 2954 1888 quod
2982 1819 3319 1890 paragrapho
3348 1821 3522 1873 conti-

1935 1900 2111 1954 netur,
2152 1889 2380 1946 relatum
2402 1900 2485 1961 est
2514 1891 2564 1944 in
2596 1907 2628 1944 ν
2660 1891 2894 1961 synodo,
2922 1891 3067 1944 velut
3089 1889 3409 1961 Nestoriano
3423 1905 3519 1961 er-

1932 1978 2076 2085 rgiil‘e,
2107 1963 2174 2016 de
2202 1963 2410 2017 duobus
2455 1959 2597 2025 ﬁliis,
2637 1958 2916 2025 infectum,
2961 1959 3105 2029 quod
3153 1959 3386 2014 advertit
3412 1958 3518 2031 Cy-

1933 2048 1977 2085 ri
2023 2049 2103 2085 us.

1933 2048 2103 2086 l‘lilllS.

2005 2166 2121 2221 lloc
2147 2167 2214 2221 de
2243 2167 2362 2220 aliis
2394 2165 2656 2220 similibus
2683 2171 2864 2234 potest
2891 2163 2994 2217 dici
3023 2180 3034 2214 :
3068 2162 3194 2230 quid
3242 2163 3384 2217 enim
3426 2162 3524 2216 ha-

1933 2257 2027 2312 bet
2050 2257 2296 2320 rationis,
2330 2256 2427 2311 Dei
2456 2255 2689 2310 Verbum
2727 2254 2907 2308 dicere
2953 2253 3019 2306 ad
3049 2253 3261 2306 Patrem
3297 2271 3308 2304 :
3343 2244 3523 2318 Pater,

1935 2350 1979 2403 si
2008 2357 2172 2417 potest
2191 2348 2329 2417 ﬁeri,
2356 2355 2584 2400 transeat
2605 2363 2636 2399 a
2657 2362 2737 2400 me
2763 2345 3008 2399 calixiste
3023 2361 3040 2407 ;
3063 2353 3404 2396 verumtamen
3423 2359 3525 2396 non

1935 2441 2067 2493 sicut
2089 2457 2181 2510 ego
2213 2438 2346 2504 volo,
2376 2438 2466 2493 sed
2493 2439 2625 2492 sicut
2649 2446 2701 2491 tu
2734 2436 2952 2502 (Matth.
2989 2451 3132 2499 xxvr,
3163 2433 3296 2503 '59)?
3317 2432 3405 2517 Ex.
3423 2433 3527 2488 hoc

1937 2533 2079 2586 enim
2101 2546 2285 2584 rursus
2301 2530 2684 2584 irrationabilia
2702 2529 2866 2583 multa
2885 2528 3168 2592 eveniunt;
3199 2535 3251 2580 et
3274 2528 3525 2595 primum,

1937 2620 2243 2675 discordare
2274 2620 2483 2674 Patrem
2539 2628 2594 2674 ct
2627 2619 2819 2674 Filium
2840 2659 2854 2685 ,
2885 2627 2941 2674 et
2978 2619 3080 2672 alia
3121 2618 3258 2672 velle
3289 2616 3524 2681 Patrem,

1937 2712 2041 2766 alia
2069 2711 2368 2776 Filium,ait
2388 2711 2530 2766 enim
2561 2729 2572 2763 :
2597 2710 2959 2764 Verumtamen
2990 2726 3092 2762 non
3121 2709 3252 2762 sicut
3271 2725 3364 2778 ego
3392 2709 3524 2771 rolo,

1937 2803 2029 2857 sed
2055 2805 2188 2856 sicut
2233 2811 2305 2856 tu.
2337 2802 2541 2858 Deinde
2575 2802 2842 2870 ingentem
2876 2817 3059 2855 rursus
3097 2801 3448 2868 ignorantiam
3474 2801 3526 2856 in

1937 2895 1978 2947 F
1985 2895 2074 2948 ilio
2090 2909 2208 2948 esse
2225 2893 2542 2956 videbimus.
2567 2893 2868 2948 invenietur
2882 2893 3024 2951 enim
3049 2892 3299 2959 ignorans
3320 2891 3523 2945 dicere:

1939 2985 2002 3039 Si
2020 2994 2185 3056 potest
2208 2986 2343 3055 ﬁeri,
2361 2994 2588 3039 transeat
2609 2985 2765 3038 calix.
2791 2984 2905 3038 lloc
2925 2990 3104 3037 autem
3131 2984 3198 3038 de
3221 2984 3330 3038 Deo
3346 2983 3526 3037 Verbo

1939 3077 2120 3131 dicere
2162 3077 2386 3146 impium
2422 3084 2536 3140 est,
2578 3083 2632 3129 et
2661 3076 3007 3144 blasphemia:
3038 3074 3252 3143 plenum
3283 3092 3294 3126 :
3326 3073 3527 3128 sciebat

243 3162 422 3230 gister,
455 3163 733 3231 quomodo
763 3163 1138 3218 haereticorum
1159 3163 1548 3234 blasphemiam
1578 3163 1746 3232 possit
1768 3178 1848 3216 ar—
1875 3168 1918 3228 (ζ
1952 3167 2095 3221 enim
2123 3167 2440 3231 certissime,
2469 3166 2560 3234 qui
2590 3165 2745 3234 hujus
2780 3180 2939 3219 causa
2963 3164 3199 3228 advenit,
3221 3164 3312 3230 qui
3339 3171 3529 3231 sponte

242 3265 422 3319 gnere,
451 3253 674 3307 humilia
697 3262 751 3308 et
771 3255 911 3309 servi
935 3254 1118 3309 formze
1142 3256 1301 3310 verba
1327 3255 1697 3310 convenientia
1720 3255 1831 3310 Deo

241 3343 510 3414 deputans
524 3343 734 3400 Verbo:
763 3346 839 3399 illi
869 3347 1010 3400 enim
1041 3347 1144 3400 hoc
1174 3345 1446 3412 facientes,
1473 3353 1526 3401 et
1547 3348 1828 3412 minorem,

242 3445 295 3488 et
323 3444 652 3502 creaturam,
707 3445 761 3491 et
797 3437 1080 3502 facturam,
1115 3446 1171 3491 et
1219 3453 1460 3502 servum,
1488 3447 1542 3494 et
1570 3454 1636 3493 ex
1667 3439 1832 3496 nihilo

241 3524 458 3593 factum,
497 3527 684 3582 Filium
717 3539 962 3582 asserunt
993 3528 1106 3581 Dei.

306 3619 404 3673 Cui
434 3620 604 3688 igitur
633 3635 750 3684 nos,
782 3620 873 3688 qui
902 3621 968 3674 ab
990 3620 1093 3674 illis
1120 3620 1328 3675 diversa
1354 3620 1630 3687 sentimus,
1661 3629 1714 3675 et
1741 3623 1834 3689 qui

238 3709 482 3777 ejusdem
508 3712 822 3766 substantiae
849 3720 1173 3766 comternum
1204 3729 1326 3767 cum
1348 3713 1458 3768 Deo
1487 3721 1540 3768 et
1568 3711 1727 3767 Patre
1747 3713 1836 3767 Fi-

239 3799 364 3854 lium
410 3797 756 3866 conﬁtemur,
800 3799 1046 3870 opificem
1075 3801 1312 3855 omnium
1332 3843 1346 3866 ,
1379 3810 1434 3856 et
1478 3802 1756 3866 factorem,
1781 3810 1836 3857 et

238 3888 630 3955 ordinatorem,
647 3897 702 3944 ct
727 3891 1234 3965 gubernatorem,et
1262 3892 1521 3945 arbitrum
1547 3891 1834 3961 sapientis-

236 3981 452 4048 simum,
487 3989 544 4036 et
565 3982 1013 4050 omnipotentem,
1045 3980 1208 4035 immo
1237 3995 1365 4036 vero
1396 3982 1565 4050 ipsam
1598 3979 1827 4054 [Baluz.

237 4071 411 4140 ipsum
439 4073 525 4125 hic
542 4080 594 4124 et
612 4068 776 4141 infra]
797 4085 892 4140 per
903 4086 960 4124 se
975 4071 1248 4137 virtutem,
1273 4071 1442 4141 ipsam
1464 4073 1645 4137 vitam,
1666 4071 1834 4140 ipsam

233 4164 584 4231 sapientiam.
641 4161 760 4226 Cui,
819 4162 1056 4230 inquam,
1088 4162 1201 4216 hmo
1251 4163 1614 4232 deputemus:
1676 4150 1831 4228 Deus,

235 4253 372 4306 licus
388 4271 557 4317 meus,
582 4253 644 4307 ob
672 4253 794 4324 quid
814 4270 893 4306 me
913 4253 1226 4324 dereliquisti
1251 4253 1476 4324 (Matth.
1504 4270 1667 4320 xxvii,
1699 4253 1832 4322 46);

232 4354 284 4398 ct
316 4346 450 4400 illud
488 4363 500 4398 :
536 4344 717 4411 Pater,
740 4347 785 4398 si
815 4354 979 4415 potest
1005 4346 1140 4413 ﬁeri,
1166 4354 1394 4398 transeat
1415 4363 1446 4397 a
1474 4363 1554 4398 me
1575 4349 1714 4400 calix
1740 4349 1834 4401 iste

233 4435 454 4496 (Matth.
494 4451 642 4499 xxvi,
676 4435 802 4504 59);
832 4444 887 4489 et
931 4453 942 4487 :
978 4435 1156 4499 Pater,
1190 4435 1332 4488 salva
1356 4452 1434 4488 me
1480 4435 1544 4486 ab
1573 4437 1700 4490 hora
1736 4438 1836 4491 ista

1936 3266 2176 3312 nostram
2191 3264 2436 3311 naturam
2459 3257 2764 3326 assumpsit,
2781 3256 2871 3324 qui
2893 3270 2951 3309 se
2976 3253 3526 3322 exinanivit,dispen-

1935 3349 2160 3403 sationis
2186 3347 2426 3420 mysterii
2459 3347 2690 3412 exitum,
2720 3354 2945 3416 propter
2969 3359 3131 3413 quem
3158 3344 3358 3398 sanctis
3388 3358 3527 3412 prcc-

1935 3440 2148 3494 dieabat
2182 3440 2446 3510 apostolis
2485 3458 2496 3492 :
2531 3438 2667 3493 Ecce
2713 3439 3035 3494 ascendimus
3092 3435 3528 3504 Hierosolymam,

1935 3539 1984 3583 et
2005 3528 2175 3583 Filius
2205 3531 2428 3584 hominis
2457 3529 2685 3584 tradetur
2715 3530 2769 3582 in
2799 3545 2982 3582 "rarius
3013 3527 3262 3598 gentium,
3283 3534 3332 3578 et
3350 3525 3531 3594 ﬂagel-

1934 3626 1952 3680 ι
1971 3623 2126 3678 ibitur
2145 3662 2160 3687 ,
2183 3633 2232 3677 et
2253 3624 2390 3676 cruci
2393 3624 2598 3694 ﬁgatur,
2621 3630 2670 3675 et
2687 3623 2833 3675 tertia
2860 3621 2941 3674 die
2962 3627 3187 3691 resurget
3203 3617 3416 3688 (Matth.
3436 3633 3500 3670 xx
3514 3656 3528 3680 ,

1937 3715 2018 3783 l).
2045 3714 2146 3780 Qui
2173 3715 2332 3783 igitur
2351 3715 2464 3769 haec
2485 3713 2870 3783 pronuntiavit,
2895 3721 2948 3765 et
2973 3713 3061 3780 qui
3089 3710 3304 3764 Petrum
3335 3708 3517 3776 objur-

1935 3805 2080 3872 gavit
2105 3805 2482 3872 deprecantem
2504 3817 2570 3856 ne
2589 3801 3046 3870 lieret,quomodo
3057 3800 3373 3868 deprecatus
3385 3806 3527 3855 esset

1939 3911 2006 3949 ne
2033 3894 2205 3959 fieret,
2235 3895 2279 3949 si
2308 3894 2468 3964 plane
2505 3894 2710 3948 sciebat
2742 3887 2902 3946 omne
2939 3889 3214 3944 futurum?
3244 3888 3526 3955 Quomodo

1937 3997 2118 4042 autem
2138 4002 2244 4042 non
2267 3987 2336 4040 sit
2352 3984 2662 4049 absurdum,
2682 3982 2946 4037 Abraham
2972 3979 3185 4049 quidem
3208 3987 3332 4033 ante
3358 3979 3522 4032 multa

1938 4079 2132 4134 saecula
2183 4077 2378 4132 vidisse
2405 4076 2546 4131 diem
2595 4076 2792 4144 ipsius,
2824 4081 2879 4128 et
2919 4071 3242 4140 gratulatum
3289 4084 3437 4134 esse;
3471 4078 3526 4122 ct

1937 4171 2131 4224 Isaiam
2159 4170 2290 4224 item
2313 4176 2671 4239 praecantasse
2692 4168 2955 4222 salutares
2977 4163 3276 4234 passiones,
3305 4170 3358 4216 et
3385 4160 3526 4214 Jerc-

1938 4263 2122 4325 rniam,
2147 4269 2203 4315 et
2224 4261 2520 4324 Danielem,
2546 4268 2600 4313 et
2622 4258 2957 4320 Zachariam,
2981 4263 3033 4310 et
3062 4269 3275 4308 omnem
3300 4253 3528 4323 prophe-

1939 4361 2115 4406 tarum
2144 4352 2397 4414 chorum;
2431 4350 2605 4418 ipsum
2634 4363 2763 4401 vero
2789 4355 2844 4401 et
2867 4347 3115 4415 ignorare
3133 4385 3148 4410 ,
3172 4353 3225 4399 et
3251 4345 3520 4398 liberatio-

1911 4464 1923 4474 ·
1941 4458 2063 4497 nem
2086 4457 2332 4512 poscere,
2355 4448 2408 4496 et
2437 4439 2714 4509 deprecari
2745 4438 2816 4503 id,
2846 4437 2988 4506 quod
3011 4437 3172 4491 saluti
3193 4436 3372 4490 mundi
3412 4437 3523 4490 lue-

231 4526 418 4593 (loan.
458 4542 554 4586 ιιι.
582 4525 650 4577 9-7
674 4525 720 4595 ):
752 4533 806 4580 et
829 4525 955 4579 illud
990 4544 1000 4577 ε
1037 4525 1236 4578 Horam
1263 4526 1406 4578 illam
1432 4543 1578 4580 nemo
1603 4527 1716 4592 scit,
1741 4545 1833 4580 nec
1866 4541 1911 4600 ι)
1937 4542 2022 4588 rat
2043 4532 2419 4603 profuturum?
2441 4544 2457 4567 τ
2479 4529 2618 4598 Ergo
2642 4545 2748 4584 non
2777 4529 2870 4584 Dei
2899 4528 3057 4582 Verbi
3082 4527 3177 4580 ista
3194 4535 3317 4580 sunt
3338 4527 3520 4590 verba,

231 4615 404 4670 ("ilius
441 4617 671 4670 hominis
696 4616 886 4686 (Marc.
918 4633 1027 4682 xm,
1061 4615 1170 4682 39.),
1198 4625 1252 4670 et
1279 4626 1492 4682 cetera,
1514 4632 1630 4686 quae
1657 4618 1830 4672 humi-

229 4706 353 4760 liter
383 4709 457 4762 ab
484 4708 606 4776 ipso
636 4708 775 4761 dicta
806 4717 947 4767 sunt,
978 4715 1032 4760 et
1055 4723 1084 4760 a
1107 4708 1306 4763 sanctis
1335 4710 1592 4778 apostolis
1618 4709 1684 4764 de
1714 4710 1830 4778 ipso

227 4803 552 4871 conscripta
578 4802 738 4854 sunt?
768 4798 793 4836 δ
826 4796 924 4853 Cui
953 4800 1299 4854 esuritionem
1329 4802 1687 4856 ascribamus?
1729 4798 1829 4855 Cui

226 4891 614 4962 fatigationem
644 4901 697 4947 et
725 4894 1006 4946 somnum?
1033 4890 1130 4945 Cui
1156 4891 1507 4960 ignorantiam
1537 4902 1591 4946 et
1638 4893 1838 4946 timidi-

228 4987 443 5039 tatem?
469 4985 605 5050 Quis
631 4993 731 5050 est,
763 4985 854 5053 qui
886 4984 1153 5053 adjutorio
1202 4986 1348 5052 eguit
1396 4985 1743 5052 angelorum?
1781 4984 1839 5039 Si

223 5075 343 5131 hmc
369 5077 471 5130 Dei
494 5075 653 5129 Verbi
670 5083 814 5138 sunt,
833 5074 1104 5144 quomodo
1133 5074 1394 5143 sapientia
1418 5073 1720 5144 ignoravit?
1741 5075 1839 5130 Vel

221 5168 520 5234 quomodo
543 5168 802 5238 sapientia
827 5167 1150 5232 nominatur,
1168 5183 1287 5236 quae
1311 5168 1621 5235 ignorantia:
1642 5169 1839 5223 habeat

221 5262 421 5315 vitium
442 5263 467 5315 ?
495 5260 878 5329 Velquomodo
903 5276 1086 5314 verum
1116 5260 1314 5317 dixisse
1343 5261 1624 5327 videbitur,
1655 5263 1835 5317 omnia

1937 4624 2032 4680 sed
2057 4623 2196 4678 servi
2221 4622 2423 4686 formm,
2449 4637 2567 4690 qua:
2583 4620 2814 4690 pavebat
2847 4629 3098 4683 mortem,
3136 4619 3258 4686 quia
3283 4617 3517 4670 nomium

1936 4729 2082 4766 mors
2106 4711 2281 4766 fuerat
2313 4712 2576 4775 resoluta;
2607 4710 2700 4766 sed
2730 4711 2870 4764 Deus
2913 4709 3148 4762 Verbum
3190 4708 3304 4760 iure
3339 4705 3520 4760 dicere

1937 4805 2226 4868 concessit,
2255 4804 2386 4857 dans
2408 4803 2582 4857 locum
2616 4802 2910 4865 timiditati,
2954 4809 3010 4853 ut
3045 4806 3327 4868 appareret
3355 4797 3518 4863 geniti

1943 4904 2154 4960 natura,
2177 4905 2230 4950 et
2249 4913 2312 4951 ne
2334 4895 2527 4966 δόκημα
2553 4895 2912 4969 αἱφαντασίαν,
2935 4892 2983 4945 id
2999 4891 3140 4959 quod
3163 4905 3228 4943 ex
3251 4888 3517 4940 Abraham

1941 4996 1997 5042 et
2025 4987 2192 5041 David
2239 4986 2438 5041 factum
2471 4992 2570 5048 est,
2617 4985 3005 5045 existimemus,
3037 4981 3105 5034 ob
3133 4978 3388 5049 profanos
3414 4978 3521 5030 lar.—

1941 5081 2137 5134 reticos
2159 5077 2260 5152 [Id
2281 5088 2358 5132 est
2386 5077 2710 5132 Manichaeos
2727 5073 2765 5147 J,
2789 5091 3015 5145 quorum
3038 5071 3196 5128 factio
3219 5073 3376 5126 talem
3407 5071 3521 5123 bla-

1939 5170 2236 5239 sphemiam
2257 5169 2480 5239 peperit.

2012 5260 2154 5330 Ergo
2187 5275 2272 5325 ea,
2329 5273 2449 5331 quae
2490 5257 2669 5312 divine
2713 5255 2883 5320 dicta,
2923 5255 3008 5310 vel
3041 5253 3178 5310 facta
3215 5260 3358 5317 sunt,
3409 5252 3520 5308 Deo

1417 5396 1957 5452 CASTICATIONES
1996 5395 2084 5448 ET
2126 5391 2354 5447 ΝΟΤᾹΞ.

297 5521 322 5548 ³
363 5512 452 5584 hi
483 5521 743 5584 tamquam
789 5510 920 5584 quod
951 5509 1829 5584 nocerepossite_vita»t.__Verumta-

222 5599 362 5633 men.
406 5582 545 5634 Haec
573 5579 651 5633 est
698 5579 856 5635 lectio
901 5581 1102 5634 codicis
1132 5580 1392 5634 Vaticani.
1438 5579 1830 5633 Bellovacensis

223 5652 396 5704 habet
449 5651 631 5704 eiulat.
667 5652 829 5706 Vetus
859 5651 1034 5705 versio
1066 5650 1326 5719 Antidoti,
1358 5651 1585 5719 festinat.
1630 5649 1825 5703 BALUL.

279 5724 323 5777 ,τ’
371 5722 431 5774 ln
466 5723 699 5777 concilio
733 5739 757 5775 v
789 5723 976 5791 legitur
1013 5739 1027 5774 :
1079 5718 1171 5774 Cui
1221 5718 1543 5774 esuritionem
1593 5730 1640 5772 ct
1693 5721 1829 5772 sitim

1937 5507 2474 5579 applicemus.iVetus
2502 5507 2680 5579 versio
2712 5505 2970 5579 Antidoti,
3003 5502 3094 5556 Cui
3123 5504 3338 5579 esuriem
3367 5511 3416 5554 et
3451 5497 3524 5579 si-

1940 5568 2028 5632 tim
2063 5578 2474 5648 applicabimus;
2506 5577 2649 5645 quod
2678 5592 2796 5630 esse
2824 5575 3014 5629 melius
3047 5573 3332 5629 ostendunt
3361 5568 3522 5623 verba

1937 5649 2140 5704 Grzrca.
2175 5649 2367 5701 Buuz.

2016 5730 2033 5756 ο
2080 5718 2144 5772 Et
2177 5719 2315 5773 istud
2347 5733 2557 5786 quoque
2589 5717 2816 5770 habetur
2846 5715 2896 5768 in
2925 5731 2953 5764 ν
2984 5714 3230 5770 concilio.
3264 5711 3456 5764 BALIZl.
