3978 6188
409 317 516 373 99:3

922 316 1112 372 ll.\illl
1153 314 1598 372 MERCATURIS
1637 317 2208 375 TRANSLATIONI'S
2254 317 2610 374 VARIOlllJM
2647 316 3179 374 OPUSCULORI'M.

3594 314 3719 375 εδει

409 432 588 487 Verbo
619 431 975 496 ascribamus;
1008 446 1126 498 qua:
1158 444 1288 482 vero
1341 428 1616 483 humiliter
1661 429 1802 484 dicta
1844 439 2001 496 sunt,
2033 443 2077 500 Α
2109 431 2367 485 dicentis:
2403 429 2481 484 De
2501 430 2582 483 die
2603 441 2770 482 autem
2801 440 2887 482 aut
2909 430 3036 482 liora
3059 429 3148 480 illa
3173 444 3319 482 nemo
3346 430 3459 493 scit,
3491 446 3586 483 nec
3611 447 3724 483 an-

409 526 550 580 servi
575 525 755 577 forma:
779 531 1044 592 aptemus,
1075 536 1141 574 ne
1165 519 1276 573 Arii
1301 528 1354 573 et
1376 518 1623 574 Eunomii
1647 519 2008 590 blasphemias

410 617 742 671 :cnmlemur.

887 765 1169 805 BESPONSIO
1198 765 1524 805 ORTIIODOXI.

479 886 666 942 Nonne
692 889 860 943 multo
883 889 1093 953 melius,
1116 888 1507 958 qu:eso,fuerat
1535 890 1730 958 ipsum,
1755 890 1859 944 vim
1886 903 2009 959 per-

405 981 636 1034 scrutari
672 981 972 1045 dictorum,
1025 981 1093 1033 ab
1134 981 1258 1034 odio
1307 988 1362 1035 et
1417 981 1728 1051 pucjudicio
1777 981 2004 1035 liberum

408 1074 646 1128 animum
676 1074 1034 1128 retinentem?
1062 1073 1259 1128 Verum
1289 1074 1339 1127 id
1371 1075 1590 1128 minime
1620 1089 1782 1142 agere
1814 1074 2005 1142 digna-

410 1173 524 1228 tur;
549 1163 729 1217 omnia
759 1163 900 1216 enim
932 1163 995 1218 ad
1019 1179 1170 1218 suum
1189 1165 1459 1218 convertit
1487 1165 1787 1229 arbitrium,
1813 1172 1867 1219 et
1897 1165 2000 1217 ait:

411 1253 645 1326 Cognata
684 1265 732 1308 et
752 1255 862 1309 lucc
889 1257 1201 1325 supradictis
1225 1273 1241 1309 :
1274 1258 1376 1310 vult
1401 1259 1554 1321 enim,
1583 1267 1840 1328 tamquam
1866 1273 2007 1310 com-

409 1347 659 1400 mixtione
681 1348 838 1416 facta,
871 1348 1067 1400 nullam
1090 1364 1199 1400 esse
1226 1348 1492 1401 uerborum
1509 1347 1723 1417 di/feren
1749 1350 1874 1413 iam,
1893 1367 2007 1420 qua:

409 1439 460 1490 in
473 1437 667 1490 sanctis
679 1437 954 1506 evangeliis
971 1437 1047 1490 rel
1068 1437 1364 1506 apostolicis
1382 1438 1530 1492 dictis
1549 1441 1839 1509 conscripta
1853 1449 2004 1504 sunt;

409 1545 523 1581 cum
547 1529 836 1598 pra'sertim
866 1529 1010 1592 Aria,
1036 1538 1084 1580 et
1123 1526 1399 1593 Eunomia,
1431 1538 1480 1581 et
1508 1530 1705 1583 cwleris
1733 1529 2005 1583 lia’rcsemn

409 1621 700 1675 auctoribus
732 1621 927 1675 hostem
975 1637 1030 1674 se
1074 1637 1186 1674 esse
1227 1622 1494 1692 glorietur.
1525 1620 1591 1675 Et
1627 1622 1742 1677 hinc
1789 1622 2004 1691 quidem

410 1712 499 1766 ille
527 1729 538 1765 :
566 1727 752 1766 verum
783 1720 990 1765 tantum
1021 1712 1195 1776 abest,
1220 1719 1279 1764 ut
1293 1725 1394 1780 ego
1417 1711 1590 1766 dicam
1617 1719 1840 1766 naturas
1867 1713 2008 1766 inter

2114 527 2215 595 geli
2239 525 2505 586 (telorum,
2539 541 2630 577 nec
2661 522 2828 576 Filius
2849 566 2861 586 ,
2893 525 2992 575 msi
3028 521 3189 575 Pater
3219 520 3409 591 (Marc.
3446 539 3556 587 xui,
3583 524 3711 591 5:2).

2113 614 2315 668 Deinde
2336 613 2654 683 sapientiam
2678 629 2798 668 esse
2824 613 3096 665 affirmans
3120 611 3213 665 Dei
3240 609 3412 665 Patris
3442 611 3714 673 Verbum,

2110 712 2166 758 ct
2193 705 2371 758 omnia
2417 703 2594 758 futura
2623 719 2872 774 pnescue
2897 745 2911 768 ,
2963 702 3146 772 adjicit
3185 711 3240 758 et
3287 705 3397 756 ait:
3431 701 3552 757 Non
3575 722 3717 775 ergo

2109 796 2207 852 Dei
2245 797 2399 852 Verbi
2429 799 2727 868 ignorantia
2751 837 2765 862 ,
2798 797 2890 850 sed
2917 797 3048 849 servi
3074 799 3257 867 forma?
3279 839 3293 861 ,
3337 813 3449 867 quin
3471 807 3618 848 tanta
3641 813 3716 849 eo

2111 901 2334 962 tempore
2361 890 2586 955 sciebat;
2623 900 2648 927 α
2680 891 2789 945 lucc
2819 901 2867 944 et
2894 891 2958 943 de
2995 890 3112 942 aliis
3157 890 3406 943 similibus
3447 889 3548 942 dici
3579 905 3722 959 pos-

2107 994 2246 1040 sunt.
2289 982 2431 1051 Ergo
2459 983 2504 1037 si
2536 999 2642 1036 non
2673 983 3007 1038 mendaciter
3028 980 3236 1054 [Batuz.
3267 980 3538 1051 mendose}
3563 980 3718 1033 dicis

2110 1090 2271 1128 u..um
2301 1073 2603 1138 Christum,
2635 1082 2689 1127 et
2718 1074 2883 1127 Deum
2915 1073 3124 1137 Filium,
3151 1073 3398 1127 eumdem
3430 1073 3591 1126 Deum
3624 1071 3721 1125 si-

2110 1167 2219 1220 mul
2248 1174 2302 1221 et
2332 1166 2634 1221 hominem:
2666 1181 2834 1235 quare
2865 1167 3077 1230 dividis,
3097 1175 3152 1220 et
3171 1166 3307 1220 duos
3333 1165 3505 1220 dicere
3530 1165 3721 1218 Filios

2110 1274 2218 1312 non
2246 1257 2540 1322 erubescis,
2573 1257 2671 1310 nisi
2696 1257 2833 1311 forte
2860 1273 2968 1311 non
2998 1257 3286 1311 videantur
3311 1256 3416 1310 duo
3438 1271 3556 1309 esse
3577 1271 3724 1309 om-

2109 1349 2258 1415 nino,
2283 1351 2326 1404 is
2355 1351 2446 1420 qui
2473 1350 2669 1405 habeat
2709 1350 2986 1405 scie:.tiam
3026 1349 3341 1419 pneflnitam
3365 1389 3380 1414 ,
3431 1357 3482 1404 et
3529 1349 3576 1402 is
3602 1350 3722 1417 qui

2109 1442 2288 1498 omnia
2318 1443 2482 1508 sciat,
2520 1451 2575 1497 et
2605 1443 2696 1511 qui
2740 1442 3116 1512 particularem
3155 1442 3382 1510 accipiat
3410 1440 3725 1494 revelatio-

2109 1549 2232 1588 nem
2252 1573 2267 1599 ,
2307 1541 2362 1588 et
2384 1533 2475 1601 qui
2511 1533 2581 1587 sit
2611 1531 2880 1602 perfectus
2915 1531 3200 1602 sapientia,
3231 1540 3284 1585 et
3314 1538 3456 1584 tanta
3483 1543 3722 1598 cogno-

2108 1632 2242 1688 scat,
2274 1631 2470 1700 quanta
2503 1623 2666 1678 etiam
2697 1621 2894 1678 Pater?

2180 1715 2237 1772 Si
2287 1725 2468 1771 autem
2516 1725 2600 1771 est
2646 1732 2784 1770 unus
2810 1724 2864 1770 et
2894 1715 3055 1781 idem,
3105 1722 3331 1786 propter
3357 1714 3726 1771 adunationis

407 1819 467 1857 se
497 1803 662 1858 fuisse
700 1802 981 1868 confusas,
1024 1812 1080 1857 et
1107 1802 1515 1870 confusionem,
1564 1805 2005 1860 commixtionem
2041 1819 2082 1877 Β
2113 1808 2402 1863 verissima:
2448 1808 2709 1863 rationem
2735 1848 2750 1873 ,
2801 1816 2857 1862 et
2904 1823 3012 1862 non
3053 1807 3188 1862 alius
3214 1814 3269 1861 et
3295 1807 3428 1861 alius
3447 1805 3619 1862 divise
3652 1817 3723 1862 et

408 1911 471 1949 ac
496 1896 906 1951 conversionem
935 1895 1266 1966 suscepisse,
1304 1905 1564 1966 quantum
1596 1897 1780 1963 abest,
1814 1905 1872 1952 ut
1916 1897 2006 1952 ille

407 1994 556 2041 recta
584 1987 800 2041 sentiat.

479 2076 586 2132 Sed
617 2092 789 2146 neque
818 2079 1106 2133 verborum
1135 2077 1351 2148 quidem
1394 2077 1753 2134 differentiam
1780 2081 2004 2136 sustuli-

408 2184 558 2222 mus:
594 2169 791 2223 scimus
820 2169 1002 2234 enim,
1057 2169 1173 2223 lucc
1215 2169 1436 2238 quidem
1476 2169 1655 2224 divine
1693 2171 1830 2226 facta
1861 2187 2002 2238 esse,

409 2261 523 2314 hinc
550 2275 680 2315 vero
708 2261 968 2326 humane;
989 2268 1043 2314 et
1070 2259 1216 2330 quod
1243 2261 1356 2316 haec
1381 2261 1845 2316 excellentissima:
1874 2279 2006 2317 con—

407 2351 628 2405 veniant
669 2351 882 2420 gloriae,
914 2351 1030 2406 hinc
1074 2352 1181 2406 sint
1221 2351 1566 2406 exinanitatis
1603 2353 1812 2423 aptiora
1853 2369 2006 2408 men—

407 2458 565 2497 sura).
607 2440 872 2513 Oportere
899 2451 1077 2497 autem
1102 2443 1409 2508 asserimus,
1437 2458 1501 2497 ea
1530 2444 1776 2514 personis
1798 2443 2006 2499 duabus

409 2550 439 2588 a
469 2549 527 2590 se
555 2536 769 2605 penitus
809 2534 994 2589 divisis
1040 2550 1147 2589 non
1189 2533 1474 2603 deputari:
1509 2551 1633 2588 nam
1674 2535 1719 2590 si
1760 2544 1843 2590 est
1870 2552 2002 2591 unus

410 2626 663 2681 Dominus
695 2637 870 2681 noster
897 2625 1048 2680 Jesus
1079 2625 1331 2689 Christus,
1373 2642 1480 2680 una
1501 2626 1632 2697 fides
1658 2627 1709 2680 in
1735 2629 1922 2696 ipsum,
1952 2636 2001 2680 et

409 2733 565 2770 unum
588 2715 842 2788 baptisma
867 2715 1083 2789 (Eplies.
1115 2731 1186 2780 iv,
1220 2714 1295 2786 5),
1323 2731 1427 2770 una
1457 2717 1560 2770 erit.
1586 2724 1640 2771 et
1661 2717 1816 2770 unius
1837 2717 2003 2787 ipsius

409 2818 556 2864 recte
584 2825 833 2880 persona.
877 2807 944 2863 Et
991 2810 1036 2864 si
1075 2810 1178 2863 erit
1220 2809 1334 2880 ipse
1371 2809 1513 2865 Deus
1547 2809 1703 2865 simul
1733 2818 1789 2865 et
1816 2810 1999 2876 homo,

408 2900 565 2955 decet
594 2901 769 2970 ipsum
807 2909 954 2956 certe
979 2908 1034 2956 et
1079 2899 1258 2956 divine
1299 2900 1458 2955 simul
1480 2899 1658 2955 facere
1686 2909 1740 2955 et
1768 2901 2003 2957 humane

412 3005 719 3057 sermones;
753 3007 873 3045 cum
915 3006 1089 3060 neque
1126 2990 1249 3045 inde
1277 2990 1460 3045 divina
1496 2991 1664 3061 ipsius
1697 3007 2002 3062 arcanaque

410 3095 599 3140 natura
627 3085 732 3140 ulla
757 3101 824 3140 ex
847 3085 1108 3156 particula
1131 3083 1222 3140 fiat
1248 3083 1530 3154 majestate
1551 3082 1728 3138 Patris
1748 3083 1996 3151 inferior;

2108 1900 2428 1970 separatim,
2450 1899 2616 1969 ipsius
2654 1907 2737 1954 est
2763 1899 2984 1952 omnino
3013 1898 3150 1953 scire
3178 1906 3233 1952 et
3260 1897 3427 1952 videri
3461 1897 3718 1952 nescire.

2108 1991 2250 2060 Ergo
2275 1992 2376 2047 scit
2396 1991 2613 2060 quidem
2637 1990 2836 2055 divine,
2861 1999 3048 2060 utpote
3073 1989 3337 2060 sapientia
3366 1987 3556 2042 Patris.
3581 1986 3716 2042 Sed

2107 2082 2361 2150 quoniam
2378 2081 2582 2136 inscita:
2605 2079 2811 2153 lBaluz.
2845 2076 3143 2149 inscientia]
3169 2078 3510 2132 humanitatis
3540 2092 3722 2130 meu-

2108 2187 2287 2226 suram
2317 2172 2458 2227 subit
2485 2171 2906 2241 dispensatorie,
2948 2177 3005 2224 et
3050 2169 3152 2224 hoc
3181 2183 3398 2237 quoque
3425 2183 3546 2223 cum
3576 2167 3723 2222 aliis

2108 2264 2370 2319 familiare
2416 2262 2574 2328 facit;
2615 2263 2860 2332 quamvis
2896 2261 3036 2316 sicut
3073 2276 3244 2331 nuper
3271 2260 3528 2326 diximus,
3563 2259 3723 2314 nihil

2107 2373 2328 2428 prorsus
2350 2357 2580 2424 ignoret,
2614 2355 2708 2410 sed
2740 2356 2876 2410 sciat
2903 2363 3092 2409 cuncta
3123 2369 3244 2410 cum
3277 2352 3452 2408 Patre.

2179 2447 2351 2514 Quam
2381 2447 2541 2516 igitur
2569 2446 2638 2502 ob
2668 2461 2884 2501 causam
2913 2446 3145 2500 esurisse
3177 2443 3390 2508 dicitur,
3419 2453 3472 2498 et
3502 2443 3722 2514 fatiga-

2109 2548 2194 2595 tus
2224 2556 2344 2596 esse
2371 2556 2438 2595 ex
2477 2539 2700 2604 itinere,
2743 2554 2862 2594 eum
2893 2539 2963 2592 sit
2991 2537 3099 2591 vita
3123 2545 3178 2592 et
3205 2535 3475 2601 vivificus,
3506 2545 3724 2608 utpote

2107 2632 2266 2699 Deus,
2295 2641 2351 2687 et
2378 2647 2499 2686 cum
2529 2632 2596 2686 sit
2625 2631 2738 2701 ipse
2766 2632 2915 2700 panis
2939 2632 3074 2683 vivus
3096 2669 3112 2694 ,
3145 2631 3232 2701 qui
3253 2628 3316 2683 de
3342 2629 3463 2684 calo
3485 2629 3725 2682 descen-

2107 2723 2205 2790 dit,
2246 2733 2295 2777 et
2330 2724 2485 2776 vitam
2527 2721 2658 2774 dans
2699 2719 2893 2774 mundo
2925 2717 3104 2788 (Joan.
3139 2734 3212 2784 γι,
3237 2716 3325 2787 51)
3350 2758 3365 2783 ,
3390 2725 3442 2772 et
3472 2718 3587 2786 ipse
3637 2719 3724 2771 sit

2105 2815 2247 2870 idem
2277 2815 2516 2868 virtutum
2547 2811 2800 2865 Dominus
2834 2809 3012 2882 (Psal.
3045 2825 3194 2875 xxnt,
3225 2808 3358 2870 l0)?
3394 2807 3615 2863 Scilicet
3651 2819 3723 2863 ut

2107 2905 2278 2962 factus
2322 2905 2486 2960 fuisse
2527 2906 2690 2960 homo
2731 2918 2859 2958 vere
2908 2901 3180 2965 credatur,
3230 2899 3507 2954 familiaria
3540 2909 3722 2970 putat

2106 3000 2359 3064 humana,
2393 3011 2680 3066 numquam
2711 3003 2917 3050 naturae
2944 3009 3054 3048 sua:
3081 2993 3241 3048 bonis
3265 2991 3528 3047 excedens
3552 3009 3565 3050 :
3600 2994 3718 3046 sed

2108 3105 2172 3146 ea
2203 3091 2422 3145 immota
2468 3089 2708 3144 retinens
2732 3127 2746 3152 ,
2797 3087 2851 3142 in
2879 3086 3073 3157 quibus
3097 3092 3215 3140 erat
3242 3099 3468 3154 semper,
3503 3092 3558 3138 et
3587 3094 3716 3148 est,

409 3185 464 3232 et
493 3177 578 3232 illa
601 3177 930 3248 dispensatio
959 3193 1083 3232 cum
1110 3192 1270 3233 carne
1293 3177 1561 3232 credenda
1591 3178 1680 3244 sit,
1711 3177 1855 3247 quod
1879 3194 2000 3233 cum
2029 3189 2076 3252 ρ
2107 3191 2162 3238 et
2190 3183 2309 3238 erit.

409 3270 479 3324 sit
510 3269 668 3336 Deus,
696 3271 859 3324 homo
889 3270 1050 3324 etiam
1072 3268 1225 3338 juxta
1251 3285 1351 3324 nos
1381 3267 1554 3324 factus
1581 3269 1810 3324 dicatur.

479 3360 670 3415 Omnia
703 3361 864 3428 igitur
893 3359 1050 3415 unius
1088 3358 1287 3414 Christi
1317 3367 1472 3424 sunt,
1515 3359 1693 3414 divina
1725 3368 1884 3429 atque
1906 3359 2005 3414 hu-

412 3465 603 3503 mana:
638 3466 760 3503 nam
785 3451 829 3504 si
869 3465 975 3504 non
1007 3448 1204 3503 factum
1234 3456 1318 3504 est
1344 3449 1510 3504 homo
1539 3449 1635 3504 Dei
1663 3448 1836 3505 Patris
1865 3451 1993 3505 Ver-

411 3545 570 3610 bum,
617 3558 722 3598 non
757 3541 964 3614 [Daluz.
994 3541 1113 3614 nec]
1147 3540 1298 3610 juxta
1349 3556 1449 3597 uos
1475 3556 1607 3596 sane
1634 3541 1887 3611 loquatur
1911 3543 2005 3597 hu-

409 3644 604 3700 mane;
634 3634 716 3689 sin
755 3641 934 3688 autem
962 3648 1150 3687 verum
1186 3643 1297 3700 est,
1341 3632 1516 3704 ipsum
1543 3633 1791 3688 similiter
1817 3649 1880 3688 ac
1903 3650 2003 3690 nos

411 3726 839 3781 communicasse
893 3724 1141 3794 sanguini
1186 3733 1241 3779 et
1270 3725 1419 3781 carni
1443 3765 1460 3792 ,
1491 3725 1793 3780 assimilans
1819 3742 1876 3781 se
1905 3742 2002 3796 per

410 3819 590 3875 omnia
620 3818 874 3873 fratribus
893 3858 908 3883 ,
937 3818 1094 3873 nobis
1115 3818 1352 3886 scilicet;
1387 3832 1556 3887 quare
1584 3818 2002 3888 dispensationis

410 3911 762 3967 rectissimam
805 3911 1068 3965 rationem
1099 3910 1412 3966 stultissime
1440 3911 1877 3980 reprehendunt,
1907 3911 2000 3980 qui

412 4021 598 4062 vocem
651 4021 759 4060 non
795 4005 1074 4075 patiuntur
1109 4003 1430 4068 humanam,
1469 4003 1668 4072 quique
1717 4003 1997 4069 sermonis,

407 4107 632 4171 pr0pter
678 4098 1134 4168 dispensationem
1186 4095 1404 4161 factam,
1455 4095 1833 4161 humilitatem,
1863 4105 2000 4150 tam-

406 4208 568 4262 quam
615 4190 704 4245 alii
734 4205 978 4245 seorsum
1019 4187 1174 4254 Filio,
1205 4187 1348 4242 servi
1378 4185 1585 4254 formar,
1613 4193 1673 4241 ut
1702 4187 1803 4258 ipsi
1825 4189 1996 4254 aiunt,

406 4283 669 4354 deputare
699 4282 993 4338 festinant?

482 4373 726 4442 Ineptum
757 4381 838 4427 est
872 4382 1072 4439 autem,
1097 4387 1192 4428 eos
1224 4372 1600 4428 luereticorum
1631 4370 1846 4441 quidem
1877 4387 1996 4425 ma-

409 4465 708 4532 lignitatcm
735 4463 959 4518 horrere
988 4479 1046 4518 se
1078 4464 1288 4530 dicere;
1333 4471 1496 4519 rectae
1520 4471 1701 4518 autem
1733 4462 1854 4516 lldei
1885 4470 1998 4516 tra-

2177 3273 2278 3340 Qui
2320 3288 2450 3328 vero
2499 3271 2884 3328 revelationem
2927 3269 3108 3324 datam
3147 3282 3267 3324 esse
3304 3275 3718 3322 commemorat

2105 3365 2247 3420 servi
2277 3363 2460 3419 forma:
2505 3379 2534 3417 a
2580 3363 2690 3417 Deo
2730 3361 3087 3426 inhabitante,
3119 3367 3175 3415 et
3203 3374 3322 3414 eam
3351 3356 3712 3428 prceﬁnitam,

2105 3455 2430 3526 Prophetam
2480 3455 2635 3509 nobis
2680 3452 2915 3508 ostendit
2961 3451 3301 3516 Emmanuel,
3333 3459 3386 3504 et
3415 3450 3713 3504 hominem

2104 3545 2375 3623 Θεοφόρον,
2400 3555 2454 3601 et
2484 3545 2628 3599 aliud
2660 3544 2810 3598 nihil.

2174 3637 2374 3691 Verum
2412 3634 2662 3689 callidum
2703 3631 2904 3701 aliquid
2945 3646 3005 3686 se
3057 3630 3240 3686 dicere
3277 3637 3332 3684 et
3360 3629 3714 3698 inexpugna-

2101 3727 2209 3782 bile
2238 3727 2528 3780 arbitratur
2553 3743 2565 3777 :
2591 3720 2734 3777 Nam
2763 3725 2805 3776 si
2837 3723 2933 3776 Dei
2972 3720 3212 3785 Verbum,
3247 3720 3434 3788 inquit,
3457 3721 3714 3790 estquod

2103 3820 2429 3883 exclamavit,
2470 3816 2676 3881 Parua,
2708 3831 2753 3870 SI
2795 3831 2996 3870 Ροτεδτ
3029 3829 3188 3878 nent,
3224 3827 3498 3867 rusnssn
3541 3828 3568 3864 Α
3627 3828 3710 3866 ιε

2102 3930 2257 3970 csux
2285 3927 2404 3966 ISTE
2429 3909 2643 3982 (Matth.
2676 3925 2820 3974 nvr,
2854 3906 2966 3977 '59).
3014 3905 3254 3959 Primum
3283 3904 3483 3975 quidem
3517 3919 3550 3955 α
3579 3901 3712 3956 Ρα-

2103 4015 2180 4060 tre
2219 4003 2512 4068 discordat,
2561 4018 2654 4055 nec
2683 4011 2816 4056 recte
2845 4008 3047 4054 recusat
3083 3997 3254 4052 bibere
3295 3997 3543 4060 calicem;
3573 4013 3711 4050 cum

2100 4102 2251 4164 sciat,
2280 4099 2471 4167 inquit,
2505 4095 2640 4169 quod
2663 4093 2853 4149 mundo
2881 4093 3126 4147 salutaris
3161 4094 3336 4164 futura
3367 4093 3535 4161 fuerat
3565 4107 3715 4160 pas-

2101 4195 2217 4246 sio:
2249 4192 2406 4262 igitur
2450 4205 2554 4243 non
2584 4197 2738 4251 sunt,
2771 4186 2979 4256 inquit,
3017 4183 3114 4237 Dei
3153 4182 3305 4237 Verbi
3349 4183 3472 4234 tales
3521 4199 3710 4239 taces.

2101 4283 2297 4338 Audiat
2334 4282 2495 4350 igitur
2523 4291 2710 4335 contra
2745 4293 2906 4348 super
2933 4276 3037 4331 hoc
3065 4288 3282 4344 quoque
3322 4289 3351 4326 a
3385 4273 3567 4335 nobis,
3603 4278 3713 4341 qui

2103 4385 2211 4430 tam
2253 4373 2478 4428 infirmis
2516 4371 2814 4425 rationibus
2850 4377 3002 4423 nutat
3033 4376 3086 4422 et
3125 4366 3337 4420 titubat.
3382 4364 3522 4432 Ergo
3549 4379 3710 4433 quo-

2102 4470 2244 4524 niam
2277 4468 2371 4522 tibi
2397 4466 2644 4522 videntur
2663 4465 2796 4518 tales
2825 4477 2986 4518 voces
3013 4477 3044 4516 a
3075 4460 3188 4514 Deo
3213 4459 3390 4514 Verbo
3420 4460 3711 4513 removeri

411 4555 671 4609 ditionem
720 4553 862 4608 nolle
911 4554 1103 4608 sectari
1141 4572 1152 4606 =
1195 4554 1554 4623 praestabilius
1596 4562 1776 4608 autem
1822 4553 1913 4619 sit.
1945 4561 2000 4608 et
2031 4573 2076 4630 ο
2104 4559 2319 4624 debere,
2347 4566 2401 4613 et
2429 4557 2526 4611 soli
2549 4554 2798 4625 deputari
2829 4553 3012 4608 forma:
3041 4550 3242 4616 servili,
3273 4564 3447 4602 nonne
3479 4549 3532 4601 in
3553 4547 3713 4603 duos

409 4649 579 4702 multo
601 4647 830 4713 doctius,
856 4663 1018 4702 voces
1039 4648 1301 4701 humanas
1320 4654 1525 4717 aptare,
1553 4663 1656 4702 non
1681 4648 1768 4701 alii
1793 4646 1998 4720 [Baluz.

409 4739 549 4813 ali-.12]
594 4756 868 4810 personrc,
918 4755 1038 4809 qua:
1087 4738 1416 4806 intelligatur
1453 4754 1668 4794 seorsus
1711 4737 1908 4803 Filius,
1952 4746 2007 4793 et

408 4833 549 4888 servi
581 4832 785 4896 formas,
815 4831 954 4885 sicut
976 4829 1076 4900 ipsi
1109 4829 1287 4884 dicere
1309 4837 1740 4895 consueverunt;
1773 4829 1867 4883 sed
1897 4845 2006 4882 ma-

409 4925 490 4994 gis
532 4923 879 4978 humanitatis
912 4922 1079 4992 ipsius
1119 4919 1379 4990 deputare
1417 4935 1715 4974 mensuras:
1749 4919 2006 4976 decuerat

411 5016 588 5079 enim,
615 5032 738 5070 cum
770 5022 911 5070 esset
941 5015 1081 5068 Deus
1110 5011 1269 5067 simul
1298 5020 1353 5066 et
1383 5012 1574 5077 homo,
1607 5027 1705 5081 per
1743 5019 2003 5080 utrosque

411 5122 532 5160 eum
560 5106 851 5175 procedere
881 5103 1087 5178 [Baluz.
1111 5119 1213 5157 om.
1239 5102 1559 5174 procedere]
1589 5117 1886 5158 sermones.

481 5197 732 5254 Admiror
759 5207 958 5262 autem,
979 5197 1122 5266 quod
1143 5197 1356 5252 simulet
1376 5196 1591 5267 quidem
1622 5195 1736 5266 ipse
1764 5210 1999 5265 quoque,

410 5289 671 5355 ceniiteri,
703 5291 849 5360 quod
885 5291 954 5346 sit
978 5306 1114 5345 unus
1141 5288 1420 5354 Christus,
1453 5289 1595 5345 idem
1623 5289 1830 5344 scilicet
1859 5288 2000 5342 Deus

411 5381 569 5436 simul
597 5391 652 5436 et
681 5383 874 5446 homo;
909 5381 1104 5437 deinde
1134 5389 1404 5450 tamquam
1450 5381 1504 5435 in
1553 5380 1879 5436 oblivionem
1909 5378 2004 5433 de-

414 5475 592 5545 lapsus
619 5489 826 5542 eorum,
848 5490 967 5544 qua:
997 5483 1142 5530 recte
1167 5475 1364 5529 habere
1392 5474 1683 5528 arbitratus
1705 5481 1805 5539 est,
1839 5486 2002 5525 unum

410 5567 615 5623 dividat
642 5584 826 5623 rursus
853 5569 905 5624 in
941 5567 1068 5625 duo.
1134 5566 1291 5621 Ponit
1320 5567 1463 5621 enim
1493 5565 1790 5621 Salvatoris
1815 5580 2001 5619 vocem

2109 4651 2246 4704 filios
2269 4665 2431 4702 unum
2460 4646 2671 4708 dividis,
2704 4653 2758 4699 et
2780 4645 2864 4698 cui
2891 4644 2994 4697 hoc
3017 4641 3336 4710 sapientium
3361 4637 3570 4692 videtur
3599 4639 3712 4692 oh-

2105 4741 2357 4796 scurum?
2385 4739 2588 4794 Dixerit
2621 4737 2763 4791 enim
2795 4735 3023 4790 fortasse
3057 4732 3271 4802 aliquis,
3309 4740 3425 4785 tuas
3459 4745 3716 4798 sequens

2105 4833 2372 4895 rationes,
2418 4829 2563 4898 quod
2611 4843 2709 4883 nec
2737 4827 3026 4881 verisimile
3071 4824 3170 4890 sit,
3217 4838 3318 4878 nec
3348 4823 3711 4886 rationabile,

2104 4939 2357 4980 recusare
2407 4922 2714 4994 passionem
2763 4920 2902 4975 servi
2943 4918 3199 4981 formam,
3239 4925 3294 4970 et
3320 4916 3644 4971 discordare
3680 4936 3713 4973 ει

2108 5015 2302 5080 Patre,
2334 5023 2387 5070 et
2417 5015 2484 5069 ab
2514 5029 2599 5079 eo,
2642 5010 2786 5081 quod
2818 5011 3237 5072 inhabitaverat,
3271 5006 3446 5061 Verbo
3480 5006 3710 5078 illatus.

2109 5105 2388 5177 Verbum],
2415 5122 2535 5162 cum
2566 5106 2725 5160 sciret
2746 5103 3050 5173 passionem
3075 5101 3366 5154 salutarem
3389 5099 3596 5152 mundo
3625 5101 3714 5154 ft:-

2108 5207 2304 5263 turam,
2335 5206 2390 5252 et
2420 5198 2541 5251 vita:
2571 5211 2784 5250 causam
2809 5194 2940 5256 illis,
2973 5192 3063 5260 qui
3095 5192 3303 5245 Inerant
3341 5198 3512 5242 morte
3541 5190 3714 5245 devi-

2108 5289 2200 5345 cti.
2240 5286 2536 5358 Oportebat
2564 5301 2723 5354 ergo,
2769 5283 2969 5352 inquit,
3014 5282 3183 5351 ipsam
3217 5279 3384 5333 videri
3407 5279 3712 5334 timiditate

2106 5380 2478 5450 superiorem,
2549 5386 2602 5431 et
2659 5375 2852 5431 divinis
2911 5373 3149 5442 imperiis
3205 5370 3713 5441 obtemperantem.

2108 5471 2296 5526 Nonne
2322 5471 2482 5540 igitur
2505 5479 2555 5524 te
2577 5469 2743 5523 sentis
2767 5466 2958 5520 frustra
2988 5464 3230 5534 garrire?
3260 5461 3411 5518 Unde
3439 5462 3551 5518 haec
3585 5478 3720 5518 seno

2111 5563 2398 5616 tentiarum
2429 5561 2662 5631 vulgaris
2689 5557 2924 5615 inventio
2948 5560 2970 5613 ?

1579 5650 2115 5709 CASTIGATIONES
2157 5649 2244 5704 ΕΤ
2283 5648 2511 5704 NOTAE.

487 5761 510 5788 ⁸
552 5750 731 5805 Baluz.
773 5751 954 5806 addit:
989 5759 1178 5821 quanta
1218 5750 1261 5802 ei
1303 5746 1597 5800 inhabitans
1639 5745 1883 5797 divinitas
1914 5741 2184 5797 reuelabat.
2223 5739 2372 5795 Εῡιτ.
