3980 6182
344 277 448 332 I85

1025 279 1080 337 S.
1121 278 1394 336 CYRILLI
1439 273 1964 334 APOLOCETICUS
2012 275 2378 332 ADVERSUS
2415 273 2958 331 THEODORETUM.

3521 281 3624 338 986

418 397 580 466 Ergo,
605 392 748 464 quod
777 394 954 448 omnia
981 393 1192 462 quidem
1213 394 1446 446 humana
1469 391 1580 445 Deo
1602 390 1782 444 Verbo
1804 403 1929 458 par—
1958 391 2004 448 Α
2036 404 2168 443 nans
2195 389 2384 446 beatus
2427 387 2624 441 Paulus
2652 386 2866 442 dicebat
2891 405 2902 440 :
2939 385 3146 453 Videte,
3179 404 3242 443 ne
3275 391 3388 462 quis
3425 409 3509 448 ros
3537 381 3624 448 te.

345 491 469 544 vula
490 497 542 543 et
563 488 754 555 exigua
779 487 1076 551 videantur,
1101 501 1232 540 sane
1253 485 1546 548 conlitenr;
1567 483 1662 538 sed
1692 482 1927 552 requiro,

344 579 650 634 exinanitas
675 575 826 645 cujus
848 576 987 630 tacta
1009 591 1127 630 esse
1150 577 1494 644 intelligatur,
1524 584 1578 629 et
1604 575 1724 643 quis
1742 573 1932 628 volens

344 685 464 724 eam
494 667 828 723 sustinuerit.
869 665 1002 719 Nam
1034 666 1116 731 si,
1160 673 1218 719 ut
1240 667 1336 735 ipsi
1369 667 1536 731 aiunt,
1562 665 1700 720 servi
1734 663 1926 726 forma,

344 763 463 818 sive
494 761 543 816 id
564 759 706 828 quod
738 765 854 812 erat
882 772 950 812 ex
984 757 1190 812 semine
1219 757 1412 821 David;
1443 757 1715 826 quomodo
1744 763 1798 811 et
1825 770 1929 823 qua

343 854 556 906 ratione
596 851 927 905 exinanitum
956 849 1054 912 sit,
1098 863 1220 902 cum
1249 866 1280 901 a
1309 848 1420 902 Deo
1449 856 1780 918 assumptum
1819 847 1931 900 sit?

343 944 400 998 Si
433 959 560 998 vero
585 944 758 1011 ipsum
787 940 1042 1003 Verbum,
1072 939 1213 1009 quod
1243 948 1361 994 erat
1390 940 1442 992 in
1472 939 1641 993 forma
1671 947 1726 992 et
1745 953 1928 1006 aequa-

342 1033 496 1087 litate
525 1033 617 1086 Dei
648 1041 703 1086 et
729 1031 932 1096 Patris,
984 1031 1286 1084 exinanisse
1326 1045 1386 1084 se
1413 1030 1624 1091 dicitur,
1657 1029 1928 1098 quomodo

341 1145 531 1183 rursus
557 1128 642 1182 vel
664 1142 769 1196 qua
797 1128 1009 1180 ratione
1035 1125 1364 1180 exinanitum
1391 1125 1479 1188 sit,
1511 1125 1555 1178 si
1576 1131 1789 1178 recuset
1816 1122 1932 1176 exi-

342 1219 679 1275 nanitatem?
709 1216 1025 1271 Exinanitas
1055 1224 1231 1270 autem
1264 1215 1358 1270 Dei
1385 1215 1566 1280 Verbi,
1592 1214 1735 1283 quod
1758 1215 1929 1268 nescit

340 1311 457 1381 pati
486 1308 892 1364 conversionem
917 1348 930 1372 ,
976 1316 1059 1362 est
1098 1321 1256 1376 agere
1278 1305 1480 1375 aliquid
1509 1306 1593 1360 vel
1621 1305 1801 1360 dicere
1829 1306 1928 1360 hu-

345 1415 627 1454 manorum
652 1441 668 1466 ,
733 1406 955 1469 prepter
1008 1397 1422 1453 conventionem
1479 1395 1927 1466 dispensatoriam

344 1507 543 1546 carnis.

418 1580 524 1635 Sed
553 1580 654 1634 etsi
681 1578 852 1633 factus
873 1577 943 1633 sit
971 1578 1154 1642 homo,
1187 1576 1335 1631 nullo
1368 1583 1547 1630 tamen
1575 1575 1736 1630 modo
1765 1582 1926 1628 natu-

341 1687 460 1726 ram
486 1670 601 1740 ejus
628 1671 870 1742 mysterii
901 1671 1063 1724 violat
1100 1670 1239 1724 ratio
1265 1687 1277 1721 :
1301 1669 1497 1722 mansit
1528 1668 1670 1722 enim
1701 1667 1753 1720 id
1781 1667 1925 1736 quod

2039 480 2215 544 ducat,
2239 490 2448 548 propter
2471 479 2848 550 philosophiam
2873 489 2922 532 et
2941 481 3148 533 inanem
3171 481 3408 551 gloriam.
3438 500 3622 539 senm-

2038 571 2160 624 dum
2191 572 2521 624 traditionem
2549 571 2834 636 hominum,
2858 571 3136 625 secundant
3157 573 3406 628 elementa
3421 580 3622 642 mundi,

2033 674 2084 717 et
2131 681 2236 718 non
2283 665 2563 718 secundum
2607 663 2896 727 Christum;
2957 666 3078 736 quia
3123 669 3177 720 in
3216 669 3328 737 ipso
3367 671 3625 725 inhabitat

2032 757 2202 810 omnis
2223 756 2488 827 plenitudo
2519 757 2800 810 divinitatis
2829 759 3170 828 corporaliter
3198 759 3423 832 (Coloss.
3455 780 3512 828 ιι,
3541 763 3622 833 8).

2512 905 2796 946 ΒΕΞΡΟΧΞΙΟ
2827 908 3148 948 OR'I'HODOXI.

2103 1023 2203 1079 Hic
2225 1037 2441 1092 quoque
2469 1039 2635 1078 vanas
2670 1039 2792 1078 eum
2823 1023 3030 1080 fabulas
3063 1043 3316 1084 exercere
3344 1032 3521 1087 nullus
3542 1043 3625 1087 est

2031 1115 2184 1170 labor
2210 1115 2532 1180 ostendere;
2576 1117 2867 1172 asserimus
2897 1119 3072 1182 enim,
3115 1135 3145 1172 a
3189 1122 3335 1176 nullo
3373 1135 3625 1193 oportere

2031 1209 2262 1286 Θεοφόρον
2285 1209 2560 1261 hominem
2583 1209 2847 1263 nominari
2870 1207 3162 1276 Christum,
3194 1228 3262 1265 ne
3285 1213 3435 1281 juxta
3462 1232 3625 1268 unum

2033 1302 2266 1369 aliquem
2315 1299 2646 1366 intelligatur
2700 1298 2864 1354 fuisse
2925 1312 3268 1366 sanctorum;
3315 1304 3409 1358 sed
3456 1305 3624 1358 Deum

2029 1391 2199 1458 magis
2233 1405 2420 1444 verum
2468 1390 2745 1444 hominem
2787 1389 3008 1458 factum,
3047 1401 3102 1446 et
3140 1393 3478 1449 incarnatum
3527 1396 3624 1451 Dei

2029 1483 2286 1538 Verbum.

2101 1576 2348 1646 Increpat
2381 1583 2558 1630 autem
2590 1576 2803 1642 iterum,
2837 1591 2958 1646 qua;
3005 1586 3152 1633 recte
3193 1588 3318 1634 sunt
3358 1579 3519 1645 dicta,
3569 1590 3623 1636 et

2029 1663 2164 1720 fallit
2185 1666 2358 1721 modis
2380 1667 2562 1731 variis,
2596 1673 2758 1734 atque
2787 1669 3064 1722 mentitur.
3093 1669 3197 1733 Ait,
3229 1669 3408 1724 dicere
3429 1687 3548 1734 nos,
3571 1672 3623 1726 in

341 1771 482 1830 erat,
513 1762 724 1817 etiamsi
752 1761 818 1815 ad
859 1761 1244 1815 humanitatem
1270 1799 1284 1822 ,
1313 1769 1535 1830 propter
1569 1759 1755 1813 mundi
1783 1759 1928 1814 salu-
1965 1767 2004 1821 ις
2034 1765 2278 1811 naturam
2321 1758 2498 1812 carnis
2545 1757 2641 1810 Dei
2679 1757 2926 1812 Verbum
2973 1757 3134 1813 fuisse
3181 1775 3518 1826 conversum,
3570 1772 3622 1816 et

342 1862 476 1917 tem,
500 1855 772 1923 vitamque
792 1853 1146 1908 descenderit.
1185 1852 1352 1920 Igitur
1379 1869 1487 1906 non
1516 1853 1761 1922 personis
1792 1852 1924 1906 dua-

342 1947 464 2012 bus,
495 1947 590 2002 sed
621 1946 712 2002 uni
739 1945 974 2010 Christo,
994 1945 1236 2014 Filioque
1267 1955 1322 2000 et
1342 1945 1472 2009 Deo,
1497 1945 1835 2014 evangelicas
1865 1961 1928 2000 ac

342 2045 654 2093 sanctorum
694 2038 1062 2109 apostolorum
1102 2036 1475 2106 deputabimus
1521 2052 1712 2102 voces;
1755 2052 1930 2105 neque

346 2129 583 2183 divinam
614 2130 782 2199 ipsius
811 2137 1080 2192 naturam,
1106 2136 1160 2183 et
1189 2129 1415 2196 gloriam
1435 2129 1698 2183 minorem
1729 2129 1930 2183 facien-

348 2229 447 2284 tes,
469 2228 693 2290 pr0pter
720 2221 1004 2274 humanam
1023 2260 1038 2285 ,
1071 2233 1170 2273 nec
1207 2218 1662 2288 dispensationem
1690 2218 1930 2272 abnuen-

346 2323 460 2378 tes;
483 2314 575 2368 sed
598 2314 764 2383 ipsius
787 2313 950 2369 Verbi
974 2313 1345 2388 ἐνανθρώπησιν
1371 2320 1594 2382 propter
1615 2327 1714 2366 nos
1733 2310 1928 2365 factam

346 2422 467 2464 csse
495 2407 795 2462 credentes.
821 2429 824 2432 ν

754 2536 1232 2576 ANATHEMATISMUS
1259 2534 1502 2583 QUXNTUS.

419 2635 597 2705 Siquis
623 2635 801 2691 dicere
830 2634 1044 2698 audeat,
1075 2633 1347 2688 Christum
1371 2648 1492 2688 esse
1518 2633 1793 2687 hominem
1823 2634 1932 2689 θω-

347 2729 495 2803 eripui:
512 2768 526 2792 ,
557 2742 621 2781 ac
649 2741 756 2780 non
781 2726 950 2793 magis
981 2741 1105 2780 vere
1132 2726 1298 2780 Deum
1316 2764 1330 2789 ,
1363 2731 1551 2794 utpote
1572 2742 1737 2780 unum
1763 2723 1928 2780 ﬁlium

348 2835 446 2889 per
475 2826 720 2872 naturam
743 2858 758 2882 ,
791 2831 858 2872 eo
881 2816 1027 2885 quod
1059 2815 1290 2870 Verbum
1318 2815 1518 2870 factum
1564 2817 1635 2870 sit
1677 2832 1825 2882 caro,
1877 2825 1931 2872 et

347 2908 756 2964 communicarit
775 2907 1022 2962 similiter
1050 2922 1115 2962 ac
1133 2922 1232 2962 nos
1252 2907 1402 2962 carni
1423 2915 1479 2962 et
1499 2907 1742 2977 sanguini
1763 2924 1777 2974 ;
1803 2923 1932 2962 ana-

351 3001 527 3055 thema
558 3000 646 3054 sit.

799 3128 1161 3168 REPREHENSIO
1186 3128 1468 3168 HERETICI.

419 3218 859 3275 Communicasse
899 3220 1113 3288 quidem
1143 3221 1390 3276 similiter
1431 3238 1496 3278 ac
1523 3238 1652 3289 nos,
1684 3223 1930 3293 sanguini

347 3319 403 3364 et
420 3310 586 3374 carui,
613 3316 666 3364 et
691 3311 882 3364 anima:
905 3312 1194 3367 immortali
1221 3313 1389 3367 D.=uxn
1418 3312 1667 3378 Verbum,
1693 3330 1760 3369 eo
1784 3315 1931 3384 quod

346 3403 462 3456 haec
499 3402 598 3470 ipsi
642 3403 750 3456 sint
791 3402 1062 3468 adunata,
1110 3402 1448 3459 conﬁtemur.
1525 3404 1756 3460 Carnem
1797 3421 1928 3460 vero

345 3493 516 3548 Deum
540 3493 772 3548 Verbum
793 3495 1146 3549 conversione
1171 3495 1369 3550 factum
1385 3510 1521 3560 esse,
1550 3511 1656 3550 non
1680 3495 1925 3562 dicimus;

343 3584 440 3638 sed
466 3583 586 3639 illos
611 3583 771 3639 etiam
791 3624 806 3648 ,
850 3586 943 3653 qui
974 3585 1029 3639 id
1066 3585 1278 3652 dicunt,
1309 3585 1601 3655 impietatis
1631 3587 1923 3654 arguimus.

344 3673 517 3741 Quam
538 3682 715 3729 autem
739 3676 1069 3730 contrarium
1090 3675 1144 3730 id
1165 3677 1236 3730 sit
1250 3676 1360 3744 jam
1385 3683 1509 3730 ante
1537 3675 1712 3740 dictis,
1745 3676 1928 3732 videre

344 3765 472 3822 licet
496 3785 508 3819 :
541 3783 664 3821 nam
693 3769 739 3821 si
765 3767 999 3822 Verbum
1029 3769 1082 3822 in
1110 3784 1327 3824 carnem
1349 3784 1664 3824 conversum
1695 3777 1795 3831 est,
1821 3785 1928 3824 non

341 3859 763 3914 communicavit
805 3866 953 3913 certe
999 3859 1150 3914 carni
1205 3867 1259 3914 et
1297 3858 1572 3928 sanguini;
1615 3860 1695 3913 sin
1747 3867 1926 3914 autem

343 3949 492 4003 carni
520 3957 573 4003 et
612 3949 857 4018 sanguini
897 3949 1350 4015 communicavit,
1383 3951 1537 4018 quasi
1565 3950 1701 4004 alius
1734 3962 1931 4020 praeter

345 4039 490 4102 haec,
533 4039 982 4093 communicavit:
1023 4039 1068 4092 si
1104 4055 1233 4094 vero
1273 4055 1402 4096 caro
1441 4039 1584 4094 aliud
1612 4048 1694 4095 est
1732 4049 1931 4111 prmter

345 4130 552 4199 ipsum,
596 4145 702 4185 non
733 4139 816 4185 est
843 4130 1014 4200 ipsum
1053 4130 1107 4185 in
1148 4146 1365 4186 carnem
1401 4147 1740 4187 conversum.
1786 4131 1928 4201 Ergo

344 4229 371 4256 ι
401 4221 618 4274 nomine
647 4222 1147 4277 communicationis
1176 4229 1406 4290 utentes,
1438 4233 1496 4277 ut
1517 4225 1926 4294 unum‘quidem

344 4310 538 4365 Filium
569 4311 869 4376 adoramus,
895 4319 950 4366 et
971 4328 1114 4379 eum,
1145 4313 1236 4381 qui
1265 4315 1568 4384 assumpsit,
1595 4323 1650 4369 et
1672 4331 1812 4382 eum,
1837 4316 1928 4384 qui

344 4411 650 4472 assumptus
681 4411 788 4468 est;
821 4403 1181 4458 diﬂ'erentiam
1210 4413 1389 4459 tamen
1426 4406 1796 4474 cognoscimus
1834 4423 1928 4460 na-

343 4501 606 4547 turarum.

413 4583 442 4622 δ
458 4585 704 4659 Θεοφὸρον
723 4591 922 4649 autem,
940 4584 992 4638 id
1014 4591 1114 4650 est,
1139 4584 1421 4651 deiferum,
1445 4585 1640 4651 dicere,
1656 4595 1716 4640 ut
1743 4601 1772 4640 a
1794 4587 1926 4641 mul-

339 4675 412 4729 tis
438 4675 635 4729 sanctis
666 4673 912 4729 Patribus
939 4675 1114 4730 dictus
1141 4683 1242 4741 est,
1267 4693 1375 4732 non
1404 4692 1710 4732 recusamus
1739 4696 1752 4730 :
1785 4694 1922 4748 quo-

338 4780 460 4820 rum
487 4780 624 4819 unus
661 4777 886 4831 magnus
924 4764 1013 4818 ille
1041 4764 1301 4832 Basilius,
1348 4768 1402 4821 in
1427 4769 1670 4823 oratione
1696 4769 1763 4823 ad
1793 4769 1923 4824 Am-

338 4856 671 4926 philochium
709 4855 776 4910 de
815 4864 1004 4910 sancto
1033 4855 1257 4926 Spiritu,
1291 4858 1395 4913 hoc
1420 4868 1503 4913 est
1529 4876 1656 4914 usus
1684 4861 1920 4926 nomine,

340 4947 472 5001 etin
499 4946 939 5015 interpretatione
968 4947 1159 5015 psalmi
1183 4949 1607 5017 quinquagesimi
1638 4951 1783 5005 noni.
1819 4951 1926 5006 Vo-

340 5053 526 5091 camus
554 5046 731 5091 autem
777 5038 1024 5112 Θεοφόρον,
1078 5053 1186 5093 non
1233 5046 1292 5092 ut
1331 5041 1709 5109 particularem
1742 5043 1924 5098 nescio

339 5143 502 5195 quam
533 5127 765 5182 divinam
793 5128 1019 5195 gratiam
1052 5129 1403 5198 accipientem
1423 5172 1437 5195 ,
1478 5131 1571 5184 sed
1611 5141 1671 5185 ut
1710 5149 1925 5188 omnem

341 5214 628 5270 habentem
655 5216 944 5271 adunatam
976 5217 1098 5272 Filii
1125 5219 1409 5286 deitatem;
1442 5220 1546 5275 hoc
1567 5221 1710 5275 enim
1740 5225 1924 5294 expla-

2029 1849 2170 1902 eruit
2210 1849 2451 1902 rationes
2497 1863 2562 1902 ex
2595 1848 2724 1914 alto,
2763 1865 2862 1919 per
2901 1865 3034 1919 quas
3076 1851 3306 1920 probare
3347 1855 3624 1908 contendit

2030 1940 2125 1996 Dei
2169 1940 2400 1994 Verbum
2449 1957 2555 1994 non
2606 1956 2724 1995 esse
2753 1941 3019 1996 vertibile.
3070 1943 3224 2008 Quod
3254 1959 3382 1999 vero
3429 1946 3624 2015 smpins

2029 2029 2159 2096 dixi,
2192 2030 2366 2084 dicam
2409 2047 2554 2085 nunc
2581 2044 2799 2098 quoque
2828 2034 3154 2099 necessario,
3179 2049 3298 2087 cum
3333 2050 3488 2088 nemo
3530 2036 3619 2097 sit,

2030 2121 2123 2190 qui
2172 2121 2224 2174 in
2282 2135 2500 2175 carnem
2548 2128 2841 2186 terrenam,
2875 2121 3110 2176 divinam
3157 2124 3624 2194 immortalemqne

2030 2210 2192 2265 Verbi
2213 2219 2456 2264 naturam
2487 2227 2805 2266 conversam
2836 2212 2998 2267 fuisse
3019 2213 3191 2278 dicat;
3217 2216 3309 2269 sed
3341 2217 3623 2271 inconver-

2029 2305 2232 2359 tibilem
2262 2320 2378 2359 eam
2411 2319 2600 2359 omnes
2638 2304 3016 2359 conﬁteantur.
3051 2305 3263 2361 Parcite
3289 2307 3400 2376 jam
3432 2309 3621 2364 inanes

2030 2393 2242 2448 labores
2271 2394 2601 2463 impendere,
2635 2403 2692 2448 ut
2723 2395 2820 2459 eis,
2853 2396 2943 2463 qui
2967 2397 3019 2450 in
3056 2397 3202 2452 nullo
3229 2397 3438 2468 decepti
3475 2409 3619 2464 sunt,

2029 2486 2247 2556 possitis
2276 2486 2561 2540 ostendere
2587 2527 2600 2551 ,
2633 2488 2856 2554 quodet
2894 2487 3195 2543 invertibile
3241 2491 3310 2544 sit
3340 2507 3437 2560 per
3469 2502 3623 2546 natu-

2031 2592 2165 2641 ram,
2197 2583 2252 2630 et
2290 2576 2724 2631 incommutabile
2764 2577 2858 2631 Dei
2901 2577 3108 2649 [Balnz.
3156 2577 3316 2651 Deus]
3366 2580 3618 2637 Verbum.

2033 2667 2162 2735 Quis
2183 2668 2324 2723 enim
2355 2667 2490 2722 adeo
2520 2668 2784 2737 stupidus,
2816 2670 2901 2722 vel
2946 2680 3127 2724 mente
3156 2680 3346 2741 captus
3385 2682 3485 2738 est,
3531 2676 3622 2742 qui

2033 2769 2141 2814 tam
2189 2759 2537 2824 dedecorosa,
2583 2768 2638 2814 et
2679 2760 2806 2829 ipsis
2849 2759 2986 2815 forte
3041 2763 3204 2816 etiam
3251 2764 3624 2834 insipientibus

2033 2849 2410 2915 abominanda,
2435 2850 2635 2904 sentire
2661 2849 2789 2903 velit
2818 2858 2873 2903 et
2901 2850 3118 2905 dicere?

2103 2940 2218 3010 Ego
2243 2957 2373 2996 vero
2401 2941 2753 2995 vehementer
2781 2941 3036 3006 admiror,
3081 2943 3222 3011 quod
3253 2959 3372 2998 cum
3421 2946 3621 3014 ubique

2035 3031 2284 3094 afﬁrmet,
2317 3031 2483 3086 Deum
2513 3046 2631 3086 esse
2660 3030 2996 3098 Emmanuel,
3030 3031 3312 3103 Propheta:
3333 3036 3381 3090 ei
3404 3051 3622 3090 mensu-

1957 3130 2002 3190 (ζ
2034 3141 2149 3179 ram
2194 3125 2247 3178 in
2277 3125 2361 3178 his
2402 3125 2651 3179 tribuisse
2695 3126 3048 3180 convincatur
3079 3145 3092 3179 :
3119 3128 3194 3180 ait
3240 3129 3380 3182 enim
3400 3170 3414 3193 ,
3448 3129 3622 3198 ipsum

2035 3231 2154 3272 esse
2189 3216 2462 3271 hominem
2506 3216 2771 3289 θεοφόρον,
2803 3224 2862 3270 ut
2890 3216 3136 3272 videatur
3163 3233 3281 3272 esse
3305 3217 3457 3286 juxta
3503 3236 3620 3285 nos,

2032 3309 2123 3378 qui
2145 3309 2404 3363 habemus
2423 3309 2808 3364 inhabitantem
2834 3308 2998 3364 Deum
3020 3310 3072 3364 in
3092 3311 3245 3365 nobis
3266 3327 3362 3381 per
3380 3321 3623 3366 sanctum

2032 3400 2288 3471 Spiritum
2314 3419 2326 3453 :
2358 3401 2624 3455 inhabitat
2653 3402 2794 3455 enim
2821 3402 2874 3455 in
2912 3401 3165 3457 cordibus
3199 3403 3416 3467 nostris,
3453 3411 3505 3456 et
3529 3420 3623 3458 su-

2031 3510 2150 3548 mus
2191 3494 2386 3564 templa
2416 3493 2534 3547 Dei.
2584 3493 2802 3549 Minime
2833 3509 2962 3549 vero
3009 3494 3345 3549 tantumdem
3390 3504 3475 3550 est
3500 3535 3514 3557 ,
3543 3495 3624 3550 di-

2031 3603 2154 3641 cere
2180 3587 2413 3642 Verbum
2444 3585 2641 3641 factum
2673 3602 2790 3641 esse
2821 3587 3113 3650 hominem,
3140 3603 3203 3642 ac
3230 3587 3398 3640 Deum
3447 3588 3498 3641 in
3528 3589 3626 3641 ho-

2031 3677 2174 3729 mine
2203 3676 2543 3741 inhabitare;
2577 3692 2700 3729 nam
2726 3677 2850 3730 licet
2875 3691 3000 3730 vera
3032 3677 3101 3731 sit
3121 3677 3264 3731 beati
3297 3676 3448 3731 Pauli
3477 3695 3578 3732 vox
3608 3697 3618 3730 :

2035 3765 2291 3831 Quoniam
2311 3768 2364 3820 in
2386 3769 2498 3837 ipso
2538 3768 2847 3837 complacuit
2867 3766 3160 3820 inhabitare
3180 3784 3380 3822 omnem
3403 3769 3624 3838 plenitu-

2033 3858 2207 3912 dinem
2248 3857 2537 3911 divinitatis
2566 3857 2905 3927 corporaliter
2945 3855 3179 3927 (Coloss.
3213 3873 3268 3922 tt,
3313 3856 3392 3919 9),
3439 3858 3491 3911 id
3518 3868 3619 3923 est,

2034 3967 2139 4004 non
2184 3956 2476 4023 σχετικῶς;
2521 3955 2758 4002 attamen
2790 3963 2954 4001 unum
3003 3947 3078 4000 ait
3124 3962 3242 4001 esse
3282 3945 3516 4012 Patrem,
3569 3929 3628 4002 ei

2033 4057 2196 4096 unum
2224 4042 2508 4096 Dominum
2545 4039 2726 4095 Jesum
2768 4037 3060 4104 Christum,
3088 4053 3187 4109 per
3211 4053 3372 4108 quem
3417 4039 3619 4094 omnia.

2103 4133 2256 4188 Dicat
2280 4133 2474 4201 aliquis
2497 4131 2709 4196 deinde,
2754 4132 2914 4184 etiam
2964 4131 3018 4185 in
3063 4131 3281 4185 homine
3321 4130 3622 4184 inhabitare

2031 4223 2324 4287 Christum,
2358 4225 2704 4292 ejusdemque
2732 4223 2976 4291 spiritum
2995 4265 3009 4289 ,
3038 4230 3094 4277 et
3127 4223 3386 4292 scriptum
3415 4237 3534 4276 esse
3555 4221 3623 4276 de

2033 4315 2354 4384 quibusdam
2383 4333 2393 4366 :
2427 4313 2788 4367 Inhabitantes
2829 4323 2999 4368 autem
3039 4315 3217 4368 domos
3260 4314 3423 4366 luteas
3465 4311 3615 4384 (Job.

2034 4421 2102 4470 iv,
2138 4403 2269 4474 l9);
2295 4403 2364 4458 de
2391 4405 2587 4472 quibus
2619 4411 2672 4457 et
2699 4419 2798 4457 nos
2831 4419 2896 4458 ex
2927 4405 3114 4459 eodem
3145 4404 3258 4458 luto
3279 4420 3501 4459 sumus:
3535 4411 3620 4456 at-

1957 4504 2006 4562 D
2035 4505 2214 4550 tamen
2259 4512 2398 4550 unus
2426 4495 2757 4564 intelligitur,
2802 4504 2858 4550 et
2905 4505 2982 4551 est
3032 4512 3131 4566 per
3175 4496 3620 4566 compositionem

2033 4587 2194 4640 homo
2217 4601 2283 4640 ex
2311 4601 2492 4649 carne,
2517 4593 2571 4640 et
2591 4601 2657 4640 ex
2691 4586 2866 4640 anima
2889 4587 3192 4641 rationabili
3221 4602 3438 4641 carnem
3467 4586 3622 4639 inha-

2032 4678 2238 4732 bitante
2268 4676 2473 4750 [_Baluz.
2511 4695 2615 4731 om.
2666 4693 2882 4732 carnem
2925 4676 3301 4749 inhabitante].
3339 4675 3448 4732 Cur
3490 4693 3619 4743 ergo

2033 4777 2234 4823 rectam
2264 4776 2320 4822 et
2346 4769 2590 4823 stabilem
2615 4766 2737 4822 ﬁdei
2761 4769 3023 4822 rationem
3045 4768 3260 4822 turbare
3282 4783 3387 4821 non
3411 4769 3619 4822 cessat?

2031 4859 2192 4914 Modo
2221 4860 2364 4914 enim
2404 4875 2568 4914 unum
2597 4860 2673 4912 ait
2697 4859 2990 4923 Christum,
3023 4866 3078 4912 et
3107 4857 3320 4922 Filium,
3351 4867 3406 4913 et
3435 4858 3618 4912 Domi-

2033 4966 2188 5016 num,
2215 4950 2572 5018 eumdemque
2599 4950 2768 5004 Deum
2807 4949 2966 5004 simul
2995 4957 3051 5004 et
3080 4949 3352 5004 hominem
3397 4967 3409 5001 :
3457 4949 3620 5004 mcdo

2032 5043 2174 5097 inter
2199 5043 2490 5112 prophetas
2515 5057 2636 5096 eum
2659 5042 2830 5110 ponit,
2855 5042 3125 5096 hominem
3142 5043 3314 5112 ipsum
3339 5043 3622 5096 nominans

2032 5139 2286 5212 θεοφόρον,
2319 5137 2562 5190 nesciens
2583 5152 2641 5191 se
2669 5136 2894 5191 fortasse
2915 5137 3089 5206 ipsum
3117 5151 3350 5205 aequare,
3380 5137 3464 5190 vel
3495 5137 3623 5205 ipsis

2033 5227 2208 5289 nobis,
2239 5227 2284 5280 si
2328 5226 2545 5294 quidem
2590 5242 2696 5280 non
2726 5227 2795 5280 sit
2817 5226 2961 5282 Deus
2989 5243 3135 5290 vere,
3159 5225 3254 5280 sed
3282 5227 3451 5294 magis
3481 5235 3620 5279 teni-

1529 5352 2070 5412 CASTIGATIONES
2109 5358 2198 5411 ET
2237 5357 2463 5413 NOTAE.

416 5469 441 5536 ξ
480 5461 597 5536 ξω
616 5463 882 5518 habentur
902 5465 953 5518 in
976 5466 1160 5520 eadem
1183 5467 1406 5536 epistola
1432 5465 1700 5534 Pelagiin.
1729 5469 1923 5525 B.u.uz.

414 5530 443 5568 δ
468 5531 550 5610 _Et
579 5535 810 5610 θεοφορογ
849 5546 1019 5589 autem
1057 5530 1331 5610 hominem,
1363 5547 1417 5589 ut
1447 5555 1477 5590 a
1508 5530 1700 5592 maliis.
1741 5540 1938 5593 Viden-

343 5611 432 5678 tur
452 5603 904 5678 deesseho'cloco
933 5607 1182 5678 nonnulla
1224 5622 1341 5678 quae
1371 5615 1585 5662 exstant
1620 5610 1668 5662 in
1710 5611 1934 5678 epistola

347 5675 431 5727 illa
465 5671 693 5742 Pelagii,
727 5676 814 5729 ubi
838 5677 914 5730 sic
943 5676 1168 5744 legitur:
1221 5671 1552 5744 Theophoron
1579 5671 1754 5732 autent
1770 5682 1937 5735 dicere

2038 5483 2253 5542 portans
2294 5475 2371 5528 rel
2418 5472 2585 5526 Deum
2615 5473 2825 5526 indutus
2867 5471 3120 5526 hominem
3162 5469 3452 5534 Christum,
3494 5484 3549 5524 nt
3585 5489 3617 5525 a

2044 5544 2216 5596 multis
2257 5545 2449 5597 sanctis
2497 5542 2742 5596 Patribus
2794 5543 2985 5596 dictum
3029 5551 3124 5604 est,
3167 5558 3265 5595 non
3305 5559 3612 5594 rernsmnns.

2047 5612 2240 5666 Verum
2267 5613 2316 5666 in
2342 5614 2558 5681 antiqua
2582 5615 2827 5666 versione
2850 5611 3085 5665 Antidoti
3108 5612 3297 5667 eodem
3327 5612 3435 5666 fere
3456 5613 3616 5667 modo

2043 5682 2235 5751 legitur
2263 5699 2370 5748 quo
2398 5683 2538 5752 apud
2561 5683 2932 5739 Mercatorem.
2969 5682 3164 5737 ilAer.
