3978 6188
458 287 562 339 9S7

971 278 1157 336 MAR"
1201 275 1638 330 MERCATORIS
1680 272 2254 330 TRANSLATIUNES
2294 273 2649 329 VARIORL‘M
2688 269 3214 331 Ol'bSClIlDRL'M.

3593 283 3690 339 9‘38

457 408 626 476 plum,
656 402 708 454 in
755 413 862 469 quo
907 395 1166 450 inhabitet
1190 392 1421 446 Verbum
1448 431 1464 456 ,
1493 391 1630 444 sicut
1679 398 1734 444 et
1762 390 1816 444 in
1861 389 2034 444 nobis.
2066 392 2114 448 A
2143 387 2316 444 Patris
2347 389 2648 456 unigenitus
2691 389 2876 455 Filius,
2907 389 2999 460 qui
3041 405 3140 460 per
3164 391 3340 446 omnia
3381 401 3460 448 est
3504 399 3708 466 aequalis

465 500 656 552 Verum
686 495 798 548 haec
820 505 923 542 non
951 487 1024 541 ita
1054 501 1112 539 se
1142 485 1361 548 habere,
1389 483 1567 536 divina
1610 482 1884 552 Scriptura
1913 497 2038 551 per-

459 588 642 643 docuit
674 603 686 637 :
731 579 945 636 Verbum
974 593 1094 630 caro
1120 577 1313 647 factum
1340 582 1435 639 est,
1469 583 1519 626 et
1542 572 1789 627 habitavit
1815 574 1867 626 in
1889 571 2036 626 nobis

461 679 656 749 (Joan.
687 691 723 738 ι,
756 672 840 740 M)
862 689 876 736 ;
901 685 967 724 ne
993 669 1111 737 quis
1134 667 1421 719 arbitretur
1442 680 1537 734 per
1556 664 1960 719 conversionem
1983 672 2037 718 et

457 765 930 823 commutationem
961 761 1012 812 in
1042 757 1217 813 carnis
1246 763 1495 810 naturam
1525 756 1694 826 ipsum
1721 755 1884 810 fuisse
1904 771 2036 809 con-

456 873 689 912 versum.
719 853 820 920 Qui
850 860 1029 906 autem
1063 849 1233 903 factus
1273 855 1354 905 est
1382 863 1509 902 caro
1533 888 1546 913 ,
1574 848 1686 901 sive
1714 848 1896 912 homo,
1928 864 2033 902 non

455 955 537 999 est
566 946 727 999 homo
756 945 1005 1020 θεοφόρος,
1037 940 1129 994 sed
1161 939 1300 992 Deus
1326 939 1523 1005 magis,
1548 939 1640 1005 qui
1663 953 1723 993 se
1761 939 1813 992 in
1841 939 2033 992 volun-

454 1034 645 1089 |ariam
668 1033 1055 1088 exinanitatem
1079 1029 1314 1093 immisit,
1337 1037 1392 1082 et
1421 1029 1690 1098 propriam
1713 1044 1929 1083 carnem
1956 1028 2035 1083 fe-

457 1126 531 1182 cit
562 1141 631 1180 ex
656 1125 902 1190 muliere,
925 1139 1138 1178 carnem
1168 1131 1346 1176 autem
1376 1137 1481 1175 non
1511 1121 1801 1176 inanimem
1827 1130 1880 1178 et
1908 1124 2034 1179 abs-

454 1231 560 1285 que
587 1231 769 1280 sensu,
798 1214 890 1269 sed
917 1215 1205 1268 animatam
1234 1221 1288 1266 et
1317 1213 1742 1288 rationabilema
1769 1279 1788 1292 χ

527 1307 863 1362 Meminimus
893 1315 1110 1371 autem,
1156 1313 1210 1360 et
1253 1306 1509 1375 templum
1557 1320 1681 1360 eum
1727 1307 2034 1361 nominasse

454 1414 610 1451 suum
659 1414 856 1467 corpus
887 1416 898 1450 :
925 1408 1175 1452 ceterum
1207 1412 1310 1451 non
1337 1403 1585 1468 σχετικὴν
1616 1395 1739 1452 fecit
1767 1397 2034 1452 inhabita-

458 1489 681 1554 tionem,
711 1489 849 1543 sicut
877 1497 931 1543 et
959 1489 1009 1541 in
1034 1488 1208 1552 nobis,
1237 1503 1334 1555 per
1357 1487 1632 1555 spiritum;
1660 1487 1752 1542 sed
1783 1503 1917 1542 unus
1941 1503 2036 1556 per

456 1580 832 1634 adunationem
869 1579 1180 1648 intelligitur
1218 1577 1496 1643 Christus,
1526 1585 1577 1632 et
1609 1577 1793 1642 Filius,
1836 1587 1892 1633 et
1924 1579 2034 1633 Do-

455 1688 650 1726 IlllllUS.

880 1805 1358 1845 ANATIIEMATISMUS
1395 1805 1613 1843 SEXTUS.

521 1905 700 1973 Siquis
747 1905 930 1970 dicat,
987 1903 1153 1957 Deum
1205 1903 1286 1957 vel
1316 1902 1600 1956 Dominum
1649 1916 1768 1956 esse
1814 1899 2034 1968 Christi,

454 1996 658 2060 [II-tluz.
684 1996 807 2048 add.
841 1993 947 2064 vel]
984 1995 1077 2049 Dei
1119 1994 1293 2049 Patris
1321 1994 1585 2057 Verbum;
1629 2010 1693 2048 ac
1731 2009 1840 2047 non
1867 1996 2036 2063 magis

452 2085 739 2141 conﬁtetur
785 2085 1032 2140 eumdem
1070 2085 1237 2140 Deum
1282 2086 1524 2140 simulet
1570 2086 1864 2151 hominem,
1905 2103 2034 2154 pro-

452 2187 636 2246 pterea
663 2175 804 2244 quod
836 2175 1068 2229 Verbum
1098 2192 1224 2231 caro
1246 2177 1315 2230 sit
1336 2175 1552 2241 factum,
1578 2177 1872 2232 secundum
1894 2176 2035 2232 Scri-

453 2277 670 2338 pturas;
705 2268 991 2321 anathema
1018 2267 1105 2321 sit.

903 2417 1264 2456 REPREHENSIO
1301 2418 1582 2457 IIERETICI.

525 2511 717 2566 Beatus
736 2511 954 2582 quidem
981 2510 1176 2566 Paulus
1204 2511 1277 2576 id,
1311 2513 1456 2580 quod
1505 2530 1536 2566 a
1580 2514 1691 2568 Deo
1737 2513 1914 2570 Verbo
1949 2531 2035 2570 as-

449 2609 722 2671 sumptum
763 2608 864 2666 est,
902 2601 1128 2655 formam
1157 2603 1399 2655 nominat
1427 2603 1586 2656 servi.
1631 2603 1736 2658 Sed
1782 2606 2032 2672 quoniam

451 2699 576 2746 ante
623 2691 1007 2746 adunationem
1053 2694 1348 2762 assumptio
1395 2702 1508 2760 est;
1555 2695 1623 2749 de
1671 2697 2034 2766 assumptione

449 2793 626 2839 autem
653 2784 843 2839 beatus
867 2782 1065 2840 Paulus
1092 2785 1370 2854 disputans
1395 2826 1408 2851 ,
1450 2788 1590 2841 servi
1620 2787 1844 2842 formam
1874 2805 2035 2844 voea-

453 2875 525 2926 vit
549 2881 884 2943 assumptam
914 2882 1160 2928 naturam
1195 2891 1208 2927 :
1239 2875 1361 2930 ideo
1391 2876 1592 2929 nullum
1609 2875 1719 2944 jam
1750 2877 1922 2932 locum
1945 2879 2034 2934 ba-

448 2967 559 3028 bet,
590 2963 915 3020 adunatione
944 2965 1104 3031 facta,
1145 2968 1416 3022 servitutis
1447 2984 1672 3035 nomen;
1704 2986 1828 3024 nam
1858 2971 1902 3025 si
1931 2973 2028 3038 eis,

448 3063 538 3128 qui
563 3061 614 3114 in
646 3061 820 3130 ipsum
849 3060 1209 3127 crediderunt,
1231 3061 1422 3117 beatus
1451 3061 1646 3118 Paulus
1671 3065 1909 3120 scribens
1945 3065 2028 3120 di-

447 3152 602 3205 cebat
633 3168 650 3205 :
681 3150 822 3223 Ergo
844 3151 960 3222 jam
981 3169 1086 3206 non
1113 3162 1190 3206 est
1216 3170 1410 3218 servus,
1443 3153 1533 3206 sed
1560 3153 1732 3208 Filius
1764 3154 1781 3226 (
1806 3152 1922 3208 Gal.
1956 3172 2028 3220 tv,
2060 3147 2104 3207 C

452 3244 536 3312 7);
560 3252 615 3298 et
641 3245 896 3300 Dominus
917 3261 1080 3315 porro
1110 3245 1385 3316 discipulis
1419 3265 1430 3298 :
1457 3245 1579 3300 Non
1603 3248 1715 3316 jam
1747 3249 1917 3303 dicam
1948 3267 2034 3304 ros

449 3351 641 3398 servos,
664 3334 755 3388 sed
782 3337 974 3389 amicos
998 3335 1184 3406 (Ioan.
1232 3353 1320 3401 xv,
1353 3334 1470 3406 15);
1518 3338 1689 3390 multo
1733 3339 1901 3406 magis
1926 3340 2036 3408 pri-

449 3423 714 3476 mordium
757 3431 954 3476 nostrae
984 3430 1207 3488 naturae,
1255 3439 1353 3493 per
1396 3425 1540 3492 quod
1586 3427 1746 3478 etiam
1775 3443 1873 3480 nos
1901 3428 2035 3482 ado-

450 3514 651 3584 ptionis
677 3516 972 3571 meruimus
1001 3515 1259 3589 gratiam,
1285 3517 1465 3570 servili
1504 3517 1865 3588 appellatione
1906 3520 2038 3574 libe-

449 3612 625 3658 ratum
649 3612 750 3660 est.
1195 3597 1199 3600 ’

522 3695 688 3748 Deum
745 3695 906 3763 igitur
950 3696 1271 3750 conﬁtemur
1305 3697 1448 3752 servi
1494 3697 1717 3753 formam
1747 3739 1762 3764 ,
1816 3709 2039 3771 propter

449 3786 733 3840 adunatam
777 3787 826 3841 ei
870 3785 1095 3842 formam
1142 3787 1256 3852 Dei,
1301 3795 1355 3841 et
1394 3791 1712 3859 assentimus
1755 3790 2037 3860 Pr0pheue

431 3877 666 3944 ,vocanti
689 3895 903 3950 puerum
933 3877 1261 3945 Emmanuel,
1285 3889 1333 3933 et
1356 3882 1531 3950 magni
1552 3881 1756 3936 consilii
1776 3885 2034 3950 nuntium,

448 3978 497 4020 et
525 3969 852 4033 miraculum,
883 3977 930 4022 et
953 3970 1330 4035 consiliarium,
1362 3979 1412 4024 et
1437 3970 1604 4024 Deum
1635 3974 1840 4042 fortem,
1871 3982 1922 4025 et
1951 3974 2039 4027 do-

448 4061 750 4124 minantem,
780 4067 830 4112 et
857 4059 1142 4131 principem
1169 4061 1332 4130 pacis,
1355 4069 1404 4112 et
1430 4069 1630 4130 patrem
1670 4063 1830 4130 futuri
1859 4063 2037 4117 seaculi

451 4149 469 4217 (
497 4148 623 4203 Isai.
657 4166 750 4215 vn,
783 4149 880 4216 M;
907 4167 981 4216 IX,
1013 4150 1088 4222 6).
1121 4149 1268 4205 ldem
1287 4165 1418 4205 vero
1440 4151 1702 4220 propheta
1732 4153 1892 4206 etiam
1916 4162 2039 4223 post

449 4240 854 4306 adunationem,
886 4241 1182 4310 prtedicans
1219 4241 1478 4308 assumpti
1524 4249 1793 4307 naturam,
1823 4258 2035 4298 servum

449 4330 680 4398 appellat
706 4330 757 4383 id
783 4330 928 4399 quod
955 4339 1038 4385 est
1064 4346 1130 4384 ex
1153 4331 1357 4385 semine
1390 4330 1681 4396 Abraham,
1717 4332 1790 4386 ita
1817 4332 2032 4387 dicens:

449 4419 640 4472 Servus
668 4435 809 4472 meus
836 4435 888 4472 es
920 4428 971 4473 tu
1001 4419 1190 4485 Israel,
1212 4430 1261 4474 et
1289 4422 1343 4474 in
1382 4429 1429 4474 te
1449 4421 1714 4492 gloriabor
1743 4421 1844 4492 (Is.
1869 4439 1994 4479 xm
2018 4464 2032 4482 .

450 4506 539 4576 '5);
570 4515 626 4561 et
664 4523 887 4561 rursus:
921 4507 1007 4560 Ita
1050 4509 1181 4562 dixit
1213 4509 1488 4574 Dominus,
1529 4512 1615 4581 qui
1645 4516 1726 4563 me
1762 4511 1919 4581 ﬁnxit
1969 4530 2034 4567 ea:
2067 4509 2109 4566 D

451 4610 596 4652 utero
619 4615 817 4653 servum
846 4597 943 4652 sibi
975 4598 1136 4670 (Ibid.
1173 4598 1246 4670 5).
1280 4599 1346 4652 Et
1365 4601 1525 4669 paulo
1553 4609 1678 4670 post
1710 4619 1722 4655 :
1754 4601 1891 4656 Ecce
1914 4603 2031 4659 dedi

451 4701 498 4742 te
519 4691 571 4742 in
595 4698 950 4743 testamentum
971 4691 1172 4759 generis
1194 4690 1246 4742 in
1270 4691 1440 4743 lumen
1479 4693 1723 4759 gentium,
1745 4701 1804 4745 ut
1823 4709 1956 4747 esses
1978 4696 2029 4748 in

447 4780 663 4834 salutem
689 4797 847 4852 usque
875 4781 942 4834 ad
961 4791 1241 4834 extremum
1267 4791 1414 4835 terra:
1447 4780 1600 4852 (Isai.
1634 4799 1764 4849 XLII,
1796 4786 1860 4850 7;
1884 4801 2030 4851 xux,

449 4873 528 4936 6).
571 4874 724 4940 Quod
763 4881 942 4929 autem
974 4875 1026 4927 in
1055 4882 1207 4928 utero
1235 4874 1417 4928 ticlum
1458 4882 1560 4940 est,
1610 4892 1717 4929 non
1760 4884 1843 4930 est
1890 4878 2032 4932 Deus

452 4961 706 5028 Verbum,
736 4962 829 5018 sed
857 4963 997 5018 servi
1019 4962 1186 5017 forma
1213 4981 1225 5014 :
1260 4977 1430 5031 neque
1459 4966 1601 5019 enim
1627 4965 1769 5020 Deus
1797 4965 2030 5021 Verbum

446 5070 766 5110 conversum
813 5058 1011 5110 factum
1051 5065 1133 5110 est
1175 5071 1323 5120 caro,
1367 5056 1462 5111 sed
1490 5057 1778 5127 assumpsit
1814 5073 2030 5114 carnem

444 5145 732 5200 habentem
754 5148 986 5200 animam
1028 5149 1420 5202 rationabilem.

918 5297 1197 5337 BESPONSIO
1233 5298 1555 5338 ORTHODOXI.

511 5393 820 5465 Mysterium
884 5396 1299 5467 dispensationis
1363 5396 1662 5464 Unigeniti,
1730 5412 1850 5465 quas
1905 5412 2029 5450 cum

435 5501 600 5541 carne
627 5485 766 5541 facta
795 5497 893 5554 est,
919 5497 1135 5544 nostros
1163 5504 1438 5543 sermones
1466 5488 1634 5542 nihilo
1670 5504 1813 5541 nunc
1855 5488 2030 5542 minus

435 5580 794 5646 communiet,
840 5589 894 5635 et
922 5597 1016 5636 eos
1055 5597 1160 5637 non
1205 5580 1642 5636 irrationabiliter
1688 5580 1906 5634 habitos
1953 5581 2030 5634 fa-

432 5668 629 5725 (‘illitttu
667 5669 1055 5728 demonstrabit
1096 5691 1106 5726 :
1141 5673 1232 5741 qui
1263 5673 1402 5728 enim
1435 5672 1486 5726 in
1534 5670 1701 5725 forum
1729 5678 1810 5726 est
1839 5670 1932 5725 Dei
1970 5678 2024 5725 et

2142 481 2348 554 [Baluz.
2374 496 2471 550 par
2489 479 2838 552 mqualisque]
2865 482 3115 551 genitori,
3138 484 3227 552 qui
3255 483 3490 551 ejusdem
3516 487 3706 553 giorim,

2138 581 2194 628 et
2221 573 2373 638 liber,
2405 574 2545 627 servi
2569 573 2794 628 formam
2828 574 3116 643 accipiens,
3147 586 3481 645 nuncupatus
3509 584 3584 631 est
3615 579 3708 634 tra-

2135 673 2223 718 ter
2251 679 2458 727 eorum,
2491 664 2583 732 qui
2616 663 2800 732 jugum
2848 666 3028 718 ferunt
3068 667 3360 731 servitutis,
3409 667 3459 720 id
3486 676 3582 731 est,
3621 684 3709 720 no-

2136 764 2264 809 ster.
2298 755 2484 824 Itaque
2510 763 2780 824 tamquam
2806 772 2942 810 unus
2970 772 3034 811 ex
3063 758 3216 812 nobis
3244 758 3575 824 didragmum
3619 767 3708 812 tn-

2136 847 2387 901 butorum
2436 847 2779 900 exactoribus
2825 848 3151 916 pensitabat,
3205 857 3260 902 et
3294 847 3466 902 factus
3504 857 3585 902 est
3621 851 3709 902 sub

2137 938 2255 1005 lege
2283 944 2340 992 ut
2380 937 2562 1003 homo,
2595 938 2686 1007 qui
2717 945 2800 992 est
2834 938 3107 1006 legislator
3149 947 3207 992 ut
3245 939 3417 1003 Dens;
3465 939 3713 993 edocebat

2136 1035 2316 1081 autem
2345 1034 2474 1084 tunc
2498 1044 2626 1083 suos
2664 1028 2985 1098 discipulos,
3025 1030 3166 1097 quod
3194 1038 3249 1084 et
3290 1030 3456 1083 Filius
3485 1030 3552 1082 sit
3575 1046 3708 1094 vere,

2136 1125 2191 1171 et
2221 1117 2272 1171 in
2300 1116 2470 1172 forma
2496 1118 2635 1173 servi
2668 1128 2890 1189 propter
2915 1135 3152 1183 carnem,
3193 1134 3423 1186 eumque
3447 1135 3545 1188 per
3572 1134 3734 1177 suam.

2137 1217 2382 1263 naturam
2409 1210 2479 1262 sit
2498 1210 2653 1274 liber,
2686 1218 2874 1279 utpote
2903 1225 2967 1264 ex
2996 1210 3104 1263 Deo
3125 1250 3138 1274 ,
3163 1218 3216 1263 et
3245 1209 3422 1274 Deus;
3456 1217 3713 1262 verumta-

2135 1311 2282 1362 men,
2312 1299 2586 1368 propriam
2617 1299 2820 1353 habens
2848 1299 2987 1353 servi
3019 1298 3262 1362 formam,
3286 1308 3512 1368 propter
3539 1299 3714 1352 exina-

2139 1388 2322 1442 nitatis
2351 1405 2675 1454 mensuram,
2706 1391 2963 1445 tributum
2985 1391 3327 1445 exactoribus
3346 1389 3667 1459 pensitabat.

2207 1477 2347 1546 Ergo
2375 1481 2586 1534 etiamsi
2615 1481 2880 1549 quispiam
2917 1480 3130 1546 dixerit,
3163 1496 3378 1534 servum
3409 1495 3532 1534 eum
3563 1478 3713 1534 fuisse

2137 1569 2470 1623 nominatum
2522 1571 2908 1639 prophetarum
2971 1586 3105 1625 voce
3169 1579 3519 1635 sanctorum,
3577 1571 3714 1624 nullo

2137 1659 2299 1714 modo
2354 1660 2514 1715 debet
2572 1662 2854 1731 quisquam
2907 1662 3216 1717 scandalum
3269 1663 3382 1731 pati
3425 1681 3439 1714 :
3482 1661 3716 1716 sciebant

2071 1772 2114 1829 Β
2145 1750 2288 1803 enim
2317 1751 2410 1815 illi,
2443 1753 2715 1807 revelante
2743 1753 2948 1826 [Baluz.
2987 1754 3112 1807 add.
3155 1753 3254 1825 eis]
3286 1753 3489 1824 Spiritu
3515 1763 3716 1820 sancto.

2141 1840 2284 1906 quod
2314 1841 2508 1896 factum
2531 1843 2714 1908 homo,
2738 1845 2881 1914 quod
2911 1861 2977 1899 ex
3007 1846 3117 1900 Deo
3144 1846 3299 1900 Patre
3324 1845 3581 1911 Verbum,
3608 1855 3716 1900 erat

2139 1931 2384 2000 quidem,
2417 1933 2495 1988 sic
2533 1950 2748 2004 quoque
2780 1936 2913 1989 liber
2942 1935 3138 2001 Filius;
3168 1953 3274 1991 non
3306 1944 3486 1990 tamen
3513 1938 3712 2006 sapien-

2139 2023 2360 2076 tissimae
2390 2025 2738 2079 exinanitatis
2768 2027 3054 2094 abjicicbat
3078 2042 3408 2090 mensuram,
3441 2027 3601 2081 nobis
3634 2029 3716 2097 qui

2137 2127 2321 2168 sumus
2349 2116 2448 2168 sub
2478 2116 2752 2170 servitutis
2792 2116 2942 2184 jugo,
2972 2117 3197 2170 similem
3224 2117 3444 2186 capiens
3475 2117 3713 2171 lormam.

2138 2203 2226 2259 Sic
2254 2214 2308 2259 et
2337 2206 2505 2260 Deum
2529 2208 2701 2276 ipsum
2735 2206 2948 2262 Patrem
2976 2208 3123 2270 dicit,
3153 2225 3273 2262 cum
3305 2208 3420 2278 ipse
3446 2216 3635 2262 natura
3656 2210 3716 2263 sit

2138 2297 2278 2350 Deus
2321 2307 2376 2351 et
2421 2314 2486 2352 ex
2526 2297 2712 2365 Patre;
2745 2309 2799 2354 et
2843 2299 2985 2353 nulla
3028 2308 3184 2371 parte
3225 2299 3508 2368 majestate
3551 2298 3716 2354 Patris

2137 2386 2355 2441 inferior
2385 2397 2482 2442 est.

2207 2479 2455 2533 Nestorio
2485 2479 2645 2546 igitur
2675 2480 2943 2535 scribente
2974 2482 3046 2534 ita
3077 2481 3144 2534 de
3170 2479 3384 2535 Christo
3414 2500 3426 2533 :
3469 2480 3612 2552 Ergo
3639 2482 3716 2551 qui

2137 2586 2320 2638 passus
2347 2579 2441 2633 est,
2476 2580 2554 2622 est
2582 2570 2669 2623 ille
2698 2573 2931 2642 pontifex
2958 2572 3266 2636 misericors,
3300 2588 3405 2626 non
3429 2571 3572 2624 Deus
3602 2574 3715 2624 viri-

2134 2663 2322 2731 ﬁcator
2367 2663 2497 2733 ejus,
2541 2663 2626 2733 qui
2666 2679 2849 2732 passus
2894 2672 2998 2728 est,
3029 2663 3260 2717 Verbum
3305 2661 3503 2717 Christi
3546 2665 3716 2716 nomi-

2135 2761 2297 2806 nante
2331 2751 2520 2814 Deum,
2563 2761 2724 2821 atque
2749 2753 2863 2807 lucc
2893 2752 3182 2821 adjiciente
3214 2771 3226 2805 :
3255 2751 3391 2806 Erat
3418 2762 3592 2806 autem
3619 2755 3716 2822 ipse

2133 2855 2184 2898 et
2212 2862 2359 2915 puer,
2392 2854 2442 2898 et
2483 2847 2627 2916 pueri
2674 2844 2928 2899 Dominus
2973 2845 3165 2916 (Serm.
3213 2845 3264 2910 6,
3295 2862 3434 2898 num.
3486 2845 3576 2914 6);
3625 2859 3716 2899 nec

2134 2944 2298 2999 recte,
2334 2951 2434 2990 nec
2461 2937 2790 3006 competenti
2839 2936 3018 3000 modo,
3048 2936 3143 2990 sed
3189 2936 3350 3006 impie
3391 2935 3566 2990 dictos
3607 2947 3716 2988 esse

2133 3029 2233 3082 hos
2297 3043 2614 3093 sermones,
2677 3028 3024 3082 vehementer
3079 3025 3427 3081 allirmamus.
3490 3025 3624 3079 Nam
3675 3025 3714 3078 si

2135 3119 2332 3173 Christi
2374 3119 2516 3173 Deus
2546 3119 2752 3191 [Baluz.
2791 3117 3038 3174 Christus
3077 3117 3195 3188 Dei)
3239 3127 3322 3173 est
3352 3117 3586 3171 Verbum
3629 3117 3715 3170 Dei

2138 3220 2190 3266 et
2223 3211 2414 3276 Patris,
2447 3212 2552 3267 duo
2580 3213 2823 3277 omnino,
2854 3221 2908 3266 et
2935 3213 3122 3281 procul
3163 3211 3325 3266 dubio
3355 3227 3476 3266 esse
3505 3224 3717 3265 necesse

2138 3312 2237 3357 est.
2268 3301 2388 3368 Quo
2419 3311 2599 3357 autem
2629 3302 2788 3356 modo
2832 3304 3160 3370 intelligatur
3199 3301 3361 3367 idem,
3389 3310 3443 3355 et
3470 3317 3625 3372 puer,
3669 3307 3716 3354 et

2137 3396 2293 3465 pueri
2325 3395 2622 3450 Dominus?
2659 3394 2774 3448 Non
2805 3410 2933 3464 ergo
2974 3394 3230 3450 dicendus
3258 3402 3340 3448 est
3367 3403 3423 3447 et
3466 3393 3608 3448 Deus
3641 3393 3717 3445 sui

2139 3486 2344 3558 (Bolus.
2378 3485 2527 3557 suus]
2556 3527 2570 3551 ,
2598 3495 2652 3541 et
2677 3487 2934 3541 Dominus
2963 3485 3306 3551 Emmanuel,
3335 3485 3600 3559 siquidem
3643 3491 3716 3540 est

2139 3579 2303 3644 idem,
2334 3588 2390 3634 et
2414 3579 2557 3634 Deus
2581 3579 2740 3634 simul
2770 3587 2824 3633 et
2851 3579 3034 3644 homo,
3060 3580 3214 3650 quasi
3237 3580 3401 3634 homo
3443 3577 3642 3633 factum
3669 3587 3717 3631 et

2139 3672 2472 3726 incarnatum
2503 3671 2598 3725 Dei
2629 3670 2883 3725 Verbum.
2910 3671 3062 3737 Quod
3087 3687 3213 3725 vero
3235 3670 3486 3724 divinitas
3509 3669 3716 3739 quidem

2138 3765 2280 3820 aliud
2305 3765 2560 3834 quiddam
2591 3767 2659 3821 sit
2688 3773 2880 3820 natura
2905 3781 3022 3828 sua,
3051 3765 3192 3818 aliud
3215 3765 3540 3826 humanitas,
3566 3778 3719 3817 nemo

2137 3858 2307 3925 possit
2331 3857 2602 3926 ambigere
2644 3875 2656 3910 ε
2699 3864 2953 3911 cmterum
2979 3871 3045 3910 ex
3075 3863 3303 3924 utraque
3346 3865 3429 3909 est
3455 3854 3718 3918 Christus,

2138 3964 2205 4002 ex
2245 3948 2449 4002 deitate
2481 3956 2536 4002 et
2561 3947 2929 4012 humanitate,
2959 3945 3248 4001 secundum
3277 3945 3718 4016 dispensatoriam

2137 4042 2535 4096 adunationem.

2529 4190 3006 4229 ANATHEIIATISMUS
3043 4189 3318 4229 SEPTIMUS.

2209 4286 2388 4356 Siquis
2414 4286 2705 4354 Christum,
2746 4297 2804 4342 ut
2827 4288 3123 4352 hominem,
3141 4288 3458 4356 operatione
3483 4287 3576 4341 Dei
3601 4287 3719 4340 Ver-

2135 4381 2188 4436 bi
2217 4381 2456 4450 adjutum
2491 4381 2698 4453 [Baluz.
2732 4381 2854 4434 add.
2889 4379 3102 4452 Filium]
3129 4381 3292 4444 dicat,
3323 4389 3376 4434 et
3404 4379 3476 4432 illi
3500 4380 3719 4445 gloriam

2143 4472 2434 4541 l’nigeniti,
2474 4481 2532 4527 ut
2560 4474 2649 4527 alii
2680 4481 2873 4543 pneter
2900 4473 3073 4542 ipsmn
3098 4513 3112 4538 ,
3141 4473 3405 4541 assignet;
3437 4473 3715 4526 anathema

2136 4565 2224 4618 sit.

2581 4671 2941 4709 BEPBEHENSIO
2980 4670 3262 4708 "EBETICI.

2210 4766 2264 4822 SI
2307 4766 2550 4821 mortalis
2577 4776 2657 4820 est
2701 4767 2935 4822 hominis
2972 4775 3184 4830 natura,
3222 4765 3424 4833 Deique
3465 4765 3716 4825 Verbum.

2137 4875 2256 4913 eum
2305 4858 2415 4912 vita
2461 4858 2532 4912 sit
2578 4865 2741 4926 atque
2787 4856 3086 4920 vivificum,
3117 4856 3393 4911 suscitavit
3437 4855 3714 4924 templum,

2136 4949 2280 5020 quod
2308 4965 2337 5002 a
2363 4947 2558 5003 Judazis
2581 4949 2814 5002 solutum
2843 4956 2944 5011 est,
2975 4955 3030 5002 et
3050 4947 3275 5002 elevavit
3299 4947 3349 5000 in
3373 4945 3560 5010 emlos,
3587 4961 3718 5012 quo-

2133 5039 2294 5093 modo
2336 5055 2444 5093 non
2489 5036 2788 5106 gloriﬁcata
2831 5044 2914 5092 est
2941 5038 3080 5091 servi
3127 5036 3297 5090 forma
3342 5051 3441 5105 per
3471 5035 3564 5089 Dei
3611 5034 3716 5087 l‘or—

2132 5129 2312 5182 mam?
2341 5128 2475 5182 Nam
2503 5127 2548 5181 si
2575 5143 2694 5196 qua:
2720 5135 2909 5181 natura
2940 5127 3182 5182 mortalis
3208 5135 3309 5190 est,
3340 5126 3479 5180 facta
3509 5134 3589 5179 est
3616 5125 3715 5177 im-

2130 5221 2396 5285 mortalis,
2425 5228 2648 5289 propter
2675 5219 3053 5274 adunationem
3083 5217 3243 5273 Verbi
3272 5230 3327 5272 et
3349 5217 3466 5281 Dei,
3497 5215 3548 5270 id
3573 5213 3714 5284 quod

2134 5327 2240 5366 non
2271 5311 2505 5365 habebat
2542 5310 2779 5380 accepit;
2821 5309 3089 5379 accipiens
3117 5315 3296 5362 autem
3320 5306 3463 5376 quod
3485 5323 3588 5360 non
3618 5305 3714 5357 lia-

2131 5403 2315 5464 bebat,
2339 5409 2394 5454 et
2420 5397 2738 5468 glorificata,
2773 5400 2839 5453 ab
2869 5414 2934 5453 eo
2964 5398 3054 5467 qui
3083 5397 3246 5462 dedit,
3286 5397 3578 5464 gloriticata
3600 5401 3710 5459 est;

2131 5498 2353 5558 propter
2378 5490 2518 5558 quod
2550 5490 2836 5558 Apostolus
2862 5490 3060 5545 clamat
3092 5508 3103 5542 :
3137 5489 3427 5543 Secundum
3460 5488 3709 5557 operatio-

2132 5597 2247 5633 nem
2286 5583 2552 5651 potestatis
2601 5583 2798 5635 virtutis
2849 5583 3030 5651 ipsius,
3074 5598 3222 5651 quam
3269 5590 3508 5650 operatus
3551 5578 3702 5630 estin

2134 5671 2354 5734 Christo,
2389 5675 2639 5727 suscitans
2670 5689 2783 5727 eum
2810 5690 2840 5726 α
2869 5675 3082 5727 mortuis
3115 5670 3270 5741 (Eph.
3306 5689 3340 5736 ι,
3372 5671 3481 5738 ευ).
