3978 6188
273 264 375 323 989

735 393 1014 433 ιιεεροκδιο
1052 393 1370 432 ORTHODOXI.

342 475 444 542 Qui
471 470 740 532 Christum
769 470 1065 535 nominant,
1099 486 1204 524 non
1235 485 1399 523 unum
1423 467 1653 522 similem
1682 465 1853 518 nostri

272 581 612 625 communem
640 564 932 626 hominem,
957 561 1049 615 sed
1076 562 1347 614 hominem
1371 560 1588 621 factum,
1615 565 1669 611 et
1690 557 1856 610 incar-

271 673 456 717 natum
485 658 577 712 Dei
603 656 835 711 Verbum
868 654 1209 708 audientibus
1236 652 1534 720 designant.
1566 649 1727 717 Ergo,
1754 649 1856 703 etsi

271 750 474 820 aliquid
512 747 833 804 mirabilium
866 752 920 798 et
947 744 1245 798 divinorum
1276 756 1500 810 operum
1528 740 1735 794 dicatur
1763 753 1857 807 per

272 858 430 898 suum
469 854 665 909 corpus
692 837 972 906 implesse,
1004 833 1149 902 quod
1192 834 1241 889 ei
1268 832 1605 886 instrumenti
1635 829 1859 899 prmbuit

275 930 530 994 ofﬁcium,
576 927 922 981 nihilominus
950 934 1129 979 tamen
1175 925 1289 993 ipse
1330 929 1430 987 est,
1463 922 1553 990 qui
1582 928 1855 991 operatur,

276 1022 534 1075 virtutum
579 1017 789 1090 [Βαιιικ.
837 1034 941 1070 om.
990 1013 1267 1085 virtutum]
1298 1013 1552 1067 Dominus
1591 1012 1856 1075 Christus,

276 1113 635 1183 principatum
686 1124 792 1163 non
839 1109 927 1162 alii
972 1117 1251 1177 prtestans,
1282 1112 1342 1158 ut
1385 1104 1599 1173 operari
1647 1103 1857 1172 possit;

274 1208 419 1261 sicut
464 1217 655 1273 nempe
693 1202 863 1256 beatis
907 1199 1180 1269 discipulis
1224 1205 1547 1268 potestatem
1590 1196 1863 1267 praebebat

277 1295 489 1367 [Βαιιιι.
516 1293 638 1347 add.
669 1288 947 1361 adversus]
976 1290 1195 1360 spiritus
1222 1289 1545 1354 immundos,
1573 1295 1632 1342 ut
1653 1303 1747 1341 eos
1767 1286 1860 1355 eji-

275 1392 487 1451 cerent,
530 1392 584 1437 et
612 1392 863 1438 curarent
907 1396 1119 1436 omnem
1148 1382 1422 1444 morbum,
1455 1386 1510 1433 et
1536 1393 1748 1433 omnem
1779 1379 1863 1430 in-

272 1477 590 1530 ﬁrmitatem
620 1476 671 1528 in
717 1474 937 1544 populo.
972 1473 1124 1528 Unde
1151 1474 1339 1527 beatus
1371 1470 1567 1525 Paulus
1606 1470 1816 1524 dicebat
1848 1486 1861 1523 :

278 1565 413 1620 Non
442 1567 575 1619 enim
605 1565 766 1618 audeo
792 1563 987 1635 aliquid
1009 1565 1147 1635 loqui
1174 1579 1367 1625 eorum,
1400 1577 1512 1633 quae
1538 1577 1628 1630 per
1655 1577 1734 1613 me
1763 1576 1866 1613 non

275 1659 457 1727 effecit
485 1656 736 1719 Christus,
768 1653 917 1709 verbo
954 1663 1003 1709 et
1033 1655 1204 1725 factis,
1235 1654 1289 1706 in
1321 1654 1503 1705 virtute
1529 1653 1793 1722 signorum
1818 1658 1868 1703 et

276 1748 657 1819 prodigiorum,
686 1747 742 1800 in
764 1747 945 1799 virtute
973 1744 1203 1814 Spiritus
1239 1745 1404 1797 sancti
1435 1742 1609 1813 (Rom.
1636 1757 1722 1807 xv,
1754 1741 1862 1812 '18).
1901 1740 1943 1799 Β

275 1838 596 1893 Gaudentes
624 1838 785 1892 etiam
806 1836 949 1891 beati
967 1835 1212 1904 discipuli
1238 1834 1562 1890 accedebant
1582 1834 1868 1903 aliquando

277 1928 359 1983 ad
387 1928 659 1984 Christum
685 1928 924 1997 dicentes
947 1944 964 1980 :
994 1924 1231 1991 Domine,
1256 1928 1410 1979 etiam
1438 1926 1693 1981 dazmonia
1721 1925 1867 1981 nobis

275 2019 493 2074 subdita
523 2029 642 2074 sunt
669 2021 723 2073 in
751 2020 957 2073 nomine
984 2027 1069 2071 tuo
1101 2016 1251 2087 (Luc.
1276 2034 1330 2083 ι,
1364 2017 1473 2089 l7).

361 2114 587 2183 Adjutos
626 2114 839 2183 quidem
870 2128 967 2182 per
1003 2110 1275 2167 Christum
1304 2112 1358 2165 in
1406 2111 1597 2181 spiritu
1643 2111 1870 2167 dicimus

278 2214 525 2270 sanctos,
572 2205 725 2273 quasi
764 2204 898 2259 alios
937 2210 1131 2273 prteter
1174 2203 1367 2272 ipsum.
1400 2203 1482 2256 An
1530 2218 1637 2257 non
1684 2202 1875 2257 eodem

280 2296 476 2359 modo,
496 2295 803 2377 eademque
831 2294 1043 2349 ratione
1080 2301 1136 2347 et
1163 2294 1337 2363 ipsum
1366 2292 1604 2362 adjutum
1633 2291 1813 2347 Jesum
1842 2308 1873 2347 a

281 2385 473 2441 Verbo
520 2385 573 2439 in
620 2385 831 2455 spiritu,
881 2384 1246 2452 intelligimus,
1276 2383 1427 2453 quasi
1474 2383 1637 2436 alium
1683 2382 1876 2437 Filium

282 2486 492 2549 prteter
536 2476 727 2530 Filium
766 2476 860 2531 Dei
901 2476 1270 2545 unigenitum?
1309 2473 1483 2530 Unum
1523 2476 1665 2530 enim
1705 2476 1876 2544 ipsum

285 2568 552 2623 adunatio
582 2568 736 2622 nobis
782 2566 1034 2632 ostendit,
1066 2574 1121 2621 et
1148 2567 1201 2620 in
1242 2566 1349 2621 duo
1389 2565 1625 2621 dividere
1660 2582 1879 2621 recusa-

285 2676 420 2714 mus
446 2677 458 2713 :
485 2675 611 2713 nam
640 2658 739 2713 etsi
768 2674 897 2713 caro
927 2658 1123 2712 factum
1151 2658 1220 2712 sit
1246 2656 1511 2723 Verbum,
1551 2656 1703 2726 juxta
1734 2656 1881 2711 Scri-

286 2758 518 2821 pturas,
558 2758 795 2803 attamen
836 2757 919 2803 est
964 2748 1041 2803 sic
1079 2762 1294 2816 quoque
1340 2747 1507 2803 Filius
1553 2748 1879 2815 unigenitus,

288 2840 594 2895 secundum
631 2839 1014 2895 adunationem
1041 2854 1246 2903 veram,
1277 2853 1438 2908 quam
1478 2854 1638 2894 nemo
1681 2839 1886 2906 cogita-

290 2931 452 2986 tione
480 2931 657 3000 capiat
683 2929 897 2985 mentis.

376 3021 495 3091 Ipse
523 3022 681 3090 igitur
710 3036 849 3074 unus
889 3029 971 3074 est
999 3020 1145 3076 solus
1171 3017 1415 3074 Christus
1460 3017 1642 3084 Iesus,
1672 3018 1762 3086 qui
1793 3031 1889 3086 per

954 263 1007 317 S.
1048 260 1318 316 CY'ZILLI
1363 254 1881 316 APOLOGETlCUS
1919 253 2284 309 ADVERSUS
2326 250 2863 308 TllEODORETUM.

1879 376 1927 429 A
1955 371 2066 424 rari
2094 379 2347 440 oportere
2390 386 2512 425 cum
2561 370 2671 424 Deo
2703 368 2897 435 Verbo,
2943 376 2997 423 et
3041 367 3450 437 congloriﬁcari,
3484 377 3537 421 et

3434 252 3536 305 {‘90

1955 462 2358 531 conuuucupari
2388 461 2553 514 Deum
2575 499 2589 524 ,
2620 467 2892 528 tamquam
2923 460 3148 513 alterum
3177 475 3299 514 cum
3327 459 3495 512 altero
3520 476 3534 523 ;

1956 568 2021 607 ac
2064 568 2172 607 non
2201 553 2372 621 magis
2420 566 2527 605 una
2576 552 2923 606 veneratione
2965 552 3094 606 colit
3122 550 3452 614 Emmanuel,
3484 557 3540 602 et

1956 659 2118 697 unam
2163 644 2213 698 ei
2252 642 2696 712 gloriﬁcationem
2732 642 2983 713 deputat,
3016 660 3082 697 eo
3128 642 3272 711 quod
3320 641 3540 696 Verbum
3600 644 3603 645 ⁷

1958 754 2079 792 caro
2102 739 2293 808 factum
2321 745 2398 790 est
2427 736 2600 805 (Joan.
2634 752 2670 801 ι,
2705 734 2827 803 H);
2859 736 3143 789 anathema
3165 735 3253 788 sit.

2406 866 2771 905 REP’REHENSIO
2810 865 3094 903 HAERETICI.

2032 964 2202 1019 Unam
2234 961 2467 1031 quidem,
2497 970 2555 1014 ut
2598 977 2739 1031 smpe
2768 960 2898 1021 dixi,
2940 960 3382 1028 gloriﬁcationem
3414 958 3544 1013 oﬂ'e-

1959 1058 2126 1112 rimus
2155 1055 2382 1108 Domino
2420 1052 2653 1118 Christo,
2685 1060 2740 1106 et
2785 1052 3031 1105 eumdem
3079 1052 3247 1103 Deum
3287 1050 3443 1103 simul
3492 1058 3547 1103 et

1960 1148 2235 1204 hominem
2265 1144 2582 1199 conﬁtemur
2615 1162 2627 1196 :
2662 1144 2763 1197 hoc
2786 1144 2928 1197 enim
2960 1156 3057 1195 nos
3083 1140 3421 1193 adunationis
3463 1156 3546 1192 ra-

1963 1241 2040 1296 tio
2080 1238 2283 1303 docuit,
2310 1243 2366 1291 at
2393 1245 2706 1291 naturarum
2735 1233 3093 1304 proprietates
3115 1232 3293 1285 dicere
3323 1246 3428 1283 non
3458 1245 3545 1283 rc-

1964 1330 2288 1386 cusabimus.
2338 1326 2525 1395 Neque
2573 1325 2714 1380 enim
2762 1324 2904 1377 Deus
2951 1322 3278 1391 Verbum‘in
3330 1336 3549 1375 carnem

1964 1434 2285 1476 conversum
2332 1427 2451 1484 est;
2500 1432 2601 1471 nec
2646 1432 2830 1471 rursus
2857 1416 3039 1479 homo,
3072 1414 3122 1468 id
3164 1412 3306 1482 quod
3356 1408 3555 1475 luerat,

1965 1509 2216 1582 perdidit,
2246 1517 2301 1563 et
2344 1508 2397 1562 in
2427 1508 2523 1562 Dei
2552 1515 2797 1560 naturam
2826 1514 3212 1559 transmutatus
3259 1511 3341 1557 est
3366 1520 3379 1568 ;
3423 1517 3551 1569 ergo

1967 1603 2244 1671 utriusque
2284 1608 2488 1653 natura:
2529 1598 2914 1668 proprietatem
2962 1597 3231 1662 dicentes,
3281 1594 3552 1649 Christum

1970 1694 2256 1749 Dominum
2287 1691 2593 1746 adoramus.

2435 1817 2716 1858 BESI‘ONSIO
2754 1815 3072 1855 ORTIIODOXI.

2042 1920 2112 1973 At
2154 1934 2255 1973 nos
2301 1918 2524 1972 meliora
2566 1916 2842 1983 magisque
2888 1928 3014 1968 vera
3062 1910 3261 1966 sentire
3299 1909 3471 1973 soliti,
3504 1916 3558 1961 et

1971 2011 2279 2067 subtiliores
2322 2024 2512 2065 sensus
2540 2014 2833 2062 tractantes
2862 2005 2929 2059 ad
2970 2004 3256 2059 certiorem
3298 2002 3556 2071 explana-

1974 2105 2196 2168 tionem,
2226 2103 2621 2168 reetioremque
2642 2097 2899 2169 mysterii,
2920 2095 3071 2163 juxta
3098 2095 3397 2148 litterarum
3423 2108 3560 2162 pra:-

1974 2204 2130 2266 cepta
2159 2208 2452 2257 sacrarum,
2487 2199 2541 2245 et
2558 2190 2713 2259 juxta
2746 2202 2952 2243 morem
2975 2185 3194 2239 Patrum
3224 2191 3557 2245 sanctorum,

1977 2303 2086 2343 non
2133 2286 2407 2341 hominem
2450 2289 2781 2352 assumptum
2826 2279 3051 2334 dicimus
3094 2292 3123 2330 a
3172 2275 3282 2328 Deo
3331 2274 3562 2328 Verbum

1980 2379 2183 2453 [Baluz.
2216 2361 2439 2446 Verbo],
2471 2383 2527 2429 et
2552 2374 2599 2428 ei
2625 2371 2998 2442 conjunctum,
3022 2384 3117 2438 per
3147 2369 3336 2439 σχίσιν
3363 2365 3565 2418 extrin-

1980 2485 2141 2525 secus
2170 2466 2600 2535 intelligendam;
2630 2463 2724 2519 sed
2770 2462 3043 2517 hominem
3072 2460 3241 2526 magis
3282 2458 3453 2527 ipsum
3485 2455 3563 2508 fa-

1980 2570 2126 2616 ctum
2181 2574 2300 2614 esse
2354 2556 2655 2611 deﬁnimus.
2699 2552 2867 2621 Hujus
2914 2566 3074 2606 causa
3105 2564 3218 2609 eos,
3257 2548 3348 2615 qui
3387 2546 3566 2600 dicere

1983 2653 2200 2718 audent,
2258 2656 2591 2720 assumptum
2638 2647 2798 2702 fuisse
2850 2644 3145 2705 hominem,
3178 2640 3422 2695 ducimus
3450 2653 3567 2692 esse

1984 2752 2135 2798 extra
2165 2742 2424 2796 terminos
2469 2738 2777 2806 dogmatum
2807 2735 3043 2805 pietatis,
3075 2732 3165 2801 qui
3190 2730 3457 2785 afﬁrmant
3482 2730 3566 2798 ip-

1984 2850 2123 2899 sum,
2173 2840 2232 2888 ut
2274 2832 2504 2886 alterum
2542 2843 2663 2885 eum
2700 2828 2890 2891 altero,
2923 2823 3203 2879 coadorari
3226 2821 3422 2875 debere
3448 2835 3569 2873 cum

1986 2926 2123 2980 Filio
2162 2925 2295 2979 Dei:
2329 2938 2453 2978 nam
2506 2920 2553 2975 si
2598 2928 2682 2975 est
2727 2918 2867 2974 idem
2895 2917 3054 2980 Deus,
3086 2914 3246 2969 simul
3284 2922 3339 2967 et
3384 2912 3569 2971 homo,

1991 3019 2246 3073 adoratur
2273 3016 2460 3083 magis,
2502 3022 2562 3068 ut
2600 3028 2756 3076 unus,
2780 3008 3096 3065 adoratione
3122 3021 3247 3071 una,
3267 3020 3330 3058 ac
3355 3019 3460 3058 non
3483 3018 3575 3056 co-

294 3127 460 3167 suum
488 3127 702 3181 corpus,
736 3118 1005 3179 tamquam
1035 3124 1132 3179 per
1159 3109 1572 3163 instrumentum
1590 3148 1604 3172 .
1637 3114 1889 3177 operatus
1916 3101 1959 3159 C
1993 3110 2263 3173 adorator,
2282 3116 2336 3162 et
2358 3112 2798 3175 eonnuncupatur
2819 3103 2978 3168 Deus,
2996 3100 3238 3154 nehomo
3266 3095 3575 3166 simpliciter

297 3213 391 3261 est
420 3205 569 3273 signa
596 3204 794 3259 divina.
825 3202 934 3258 Nec
960 3203 1133 3273 ipsum
1153 3200 1422 3256 Christum
1450 3200 1674 3255 dicimus
1698 3214 1891 3269 opera-

300 3301 457 3354 tione
500 3298 768 3367 adjutum,
801 3296 1049 3366 exemplo
1078 3302 1388 3350 sanctorum
1421 3312 1434 3348 :
1478 3295 1581 3349 hoc
1609 3293 1752 3348 enim
1792 3292 1892 3346 im-

298 3394 457 3463 pium
487 3400 568 3447 est
595 3400 651 3446 et
678 3391 1024 3446 vehementer
1060 3388 1340 3457 culpabile.
1383 3386 1491 3440 Sed
1529 3386 1574 3440 si
1615 3385 1895 3440 suscitavit

304 3500 333 3536 a
366 3481 594 3546 mortuis
622 3479 893 3549 proprium
917 3493 1129 3546 corpus,
1163 3483 1350 3544 utpote
1374 3474 1482 3527 vita
1512 3474 1645 3543 ipse,
1673 3481 1729 3527 et
1756 3472 1892 3527 vivi-

305 3576 472 3641 ﬁcus,
506 3568 739 3642 illudque
775 3569 1122 3640 gloriﬁcavit,
1154 3564 1417 3622 viviﬁcam
1457 3580 1609 3619 suam
1648 3571 1894 3617 naturam

305 3684 432 3725 esse
460 3668 852 3729 demonstrans,
901 3671 955 3717 at
981 3678 1090 3717 non
1131 3661 1223 3715 alii
1263 3659 1474 3715 cuidam
1502 3663 1709 3727 praeter
1737 3672 1795 3710 se
1843 3655 1896 3709 in

305 3763 420 3816 hoc
439 3759 665 3828 gloriam
690 3756 930 3811 donavit.
961 3754 1121 3809 Certe
1152 3752 1367 3821 quidem
1394 3749 1461 3804 ad
1488 3748 1761 3805 cmlestem
1791 3746 1897 3800 Pa-

308 3863 454 3909 trem
482 3851 691 3906 dicebat
724 3866 737 3902 :
770 3847 929 3901 Pater
956 3846 1194 3918 glori/ica
1219 3860 1301 3898 me
1327 3842 1522 3914 gloria,
1562 3857 1715 3911 quam
1744 3838 1900 3892 habui

308 3959 473 4015 penes
515 3950 580 4006 te,
629 3940 927 4011 priusquam
964 3936 1184 3991 mundus
1231 3936 1377 4005 ﬁeret
1427 3931 1604 4005 (Joan.
1638 3948 1763 3995 xvu,
1809 3929 1898 4001 5);

310 4032 533 4088 tametsi
561 4039 615 4085 et
643 4030 782 4085 Deus
811 4036 974 4093 esset,
1017 4034 1073 4082 et
1100 4042 1169 4080 ex
1203 4025 1312 4087 Deo
1340 4039 1438 4094 per
1478 4031 1743 4086 naturam,
1785 4021 1901 4090 glo-

308 4127 517 4192 rimque
539 4122 815 4178 Dominus.
841 4119 960 4187 Quo
993 4119 1152 4186 igitur
1174 4115 1355 4181 modo,
1383 4113 1536 4183 quasi
1571 4112 1753 4182 gloriae
1780 4124 1903 4178 ege-

312 4232 442 4281 nus,
474 4229 634 4283 quam
660 4212 894 4266 habebat
917 4216 1041 4264 ante
1069 4207 1344 4273 mundum,
1375 4205 1600 4274 gloriam
1627 4203 1904 4273 reposcit?

313 4308 457 4362 Nam
497 4313 776 4376 postquam
818 4302 987 4357 factus
1037 4308 1120 4354 est
1172 4300 1355 4363 homo,
1407 4297 1569 4351 etiam
1612 4310 1710 4365 per
1752 4309 1903 4348 suam

312 4412 542 4454 carnem
588 4414 601 4447 :
644 4392 825 4447 Gratia
871 4392 969 4446 Dei
1008 4408 1101 4462 pro
1144 4386 1378 4445 omnibus
1417 4396 1632 4441 mortem
1685 4387 1905 4456 gustavit

316 4486 486 4557 (Heb.
517 4503 573 4552 ιι,
606 4484 681 4555 9),
711 4492 771 4538 ut
797 4484 871 4538 ait
894 4484 1084 4538 beatus
1112 4480 1326 4535 Paulus.
1362 4489 1386 4518 ι
1416 4477 1621 4532 Exinde
1668 4485 1798 4532 orta:
1827 4477 1908 4530 in.
1942 4474 1987 4531 D

310 4583 477 4654 jurize
504 4594 757 4636 recusans
798 4576 1175 4647 approbrium,
1207 4572 1532 4645 prmnuntiat
1557 4569 1909 4624 resurrectio-

318 4689 472 4738 nem,
504 4688 600 4743 per
623 4686 783 4740 quam
810 4668 1170 4737 cognoscitur,
1201 4665 1345 4734 quod
1373 4664 1441 4718 sit
1470 4672 1524 4718 et
1548 4662 1677 4725 vita,
1709 4668 1764 4714 et
1785 4659 1912 4713 vivi-

319 4765 480 4828 ﬁcus,
512 4769 698 4831 utpote
724 4760 900 4824 'Deus,
934 4764 988 4813 et
1014 4773 1081 4812 eo
1110 4770 1324 4825 quoque
1351 4754 1513 4810 modo
1553 4768 1584 4806 a
1612 4751 1767 4807 nobis
1792 4764 1911 4803 ere--

318 4856 494 4910 ditur.

403 4940 729 4996 Gloriﬁcavit
756 4940 915 5008 igitur
939 4953 1044 4992 non
1072 4938 1231 4991 alium
1259 4935 1561 5004 quemdam,
1593 4933 1688 4988 sed
1715 4939 1912 4988 semet-

321 5037 541 5104 ipsum,
596 5030 851 5100 templum
906 5029 1008 5082 sibi
1048 5042 1176 5081 vere
1229 5024 1575 5092 conjunctum
1626 5021 1912 5089 designans

321 5133 507 5181 morte
534 5123 794 5184 validius;
826 5136 1022 5189 corpus
1049 5126 1247 5182 autem,
1280 5115 1425 5184 quod
1464 5122 1547 5167 est
1580 5112 1678 5183 ipsi
1707 5112 1912 5166 aduna-

322 5228 479 5281 tum,
528 5231 637 5269 non
682 5212 994 5276 inanimum,
1031 5212 1139 5263 nec
1183 5207 1383 5275 absque
1429 5220 1589 5261 sensu
1637 5211 1692 5259 et
1735 5211 1916 5257 mente

327 5301 541 5375 [Βαιηι.
572 5324 674 5362 om.
701 5313 757 5362 et
775 5301 976 5373 mente]
1001 5316 1119 5357 esse
1147 5298 1429 5355 credimus.

746 5409 1220 5453 ANATHEHATISMUS
1255 5403 1507 5446 OCTAVUS.

408 5493 587 5564 Siquis
613 5492 792 5548 dicere
818 5489 1031 5555 audeat,
1054 5491 1385 5553 assumptum
1416 5477 1687 5533 hominem
1718 5474 1918 5529 coado-

1990 3199 2307 3263 communis,
2340 3206 2395 3252 et
2422 3196 2607 3250 similis
2628 3194 2796 3249 nostri
2823 3189 3139 3246 Emmanuel
3168 3203 3287 3243 esse
3308 3186 3573 3246 credatur,

1989 3309 2089 3365 per
2102 3290 2419 3347 beneﬁcium
2435 3289 2628 3343 divinae
2656 3286 2839 3355 glorim
2866 3283 3135 3354 particeps
3164 3279 3335 3334 factus
3366 3296 3379 3329 ε
3413 3275 3559 3329 credi

1994 3392 2079 3437 tur
2100 3382 2243 3437 enim
2268 3380 2436 3447 magis
2465 3379 2606 3434 Deus
2633 3378 2688 3431 in
2709 3391 2869 3430 carne
2888 3382 3110 3445 prepter
3138 3388 3235 3427 nos
3263 3386 3388 3425 vere
3416 3370 3579 3422 homo

1992 3474 2185 3535 factus,
2218 3487 2323 3527 non
2347 3468 2700 3524 conversione
2729 3475 2963 3530 natum,
2996 3471 3088 3518 aut
3120 3460 3540 3518 commutatione
3562 3496 3578 3521 ,

1996 3564 2091 3618 sed
2120 3561 2449 3616 adunatione
2476 3556 2886 3628 dispensatoria.

2444 3680 2922 3724 ANATBEIATISIIUS
2958 3679 3143 3718 NONUS.

2069 3783 2248 3852 Siquis
2285 3781 2430 3836 dicat
2457 3795 2620 3834 unum
2644 3778 2927 3831 Dominum
2946 3774 3126 3829 Jesum
3147 3772 3438 3834 Christum,
3465 3771 3581 3837 glo-

1999 3875 2263 3930 riﬁcatum
2285 3873 2352 3926 ab
2373 3871 2573 3941 Spiritu
2601 3871 2798 3924 virtute
2828 3868 3012 3937 ipsius,
3044 3866 3195 3934 quasi
3227 3864 3399 3917 aliena
3432 3863 3501 3925 vi,
3527 3872 3585 3915 et

2002 3967 2069 4021 ab
2096 3966 2211 4035 ipso
2234 3964 2493 4033 accipere,
2521 3968 2579 4015 ut
2607 3960 2779 4031 possit
2798 3958 3011 4028 operari
3055 3956 3311 4009 adversus
3359 3955 3587 4007 immun-

2002 4057 2100 4112 dos
2129 4056 2366 4126 spiritus,
2410 4060 2465 4108 ct
2504 4052 2727 4122 implere
2774 4049 2924 4117 signa
2954 4048 3154 4111 divina,
3196 4061 3257 4099 ac
3283 4061 3389 4098 non
3421 4043 3589 4109 magis

2005 4150 2172 4219 ipsius
2197 4162 2315 4202 esse
2343 4145 2618 4216 proprium
2648 4141 3029 4211 Spiritum,per
3048 4151 3206 4206 quem
3236 4142 3489 4205 operatus
3510 4143 3591 4187 est

2005 4242 2155 4309 signa
2177 4239 2386 4301 divina;
2411 4236 2697 4289 anathema
2725 4232 2813 4286 sit.

2453 4356 2817 4399 REPREHENSIO
2855 4354 3141 4394 [LERETICL

2083 4462 2180 4519 llic
2208 4440 2365 4530 plane
2393 4472 2501 4511 non
2523 4470 2617 4509 eos
2638 4460 2866 4517 tantum,
2888 4451 2978 4521 qui
3004 4452 3057 4504 in
3078 4451 3183 4505 hoc
3203 4448 3397 4503 saeculo
3425 4447 3593 4516 pieta-

2011 4567 2118 4611 tem
2148 4558 2393 4627 servant,
2438 4548 2532 4603 sed
2578 4546 2699 4599 illos
2722 4544 2882 4598 etiam
2901 4584 2916 4608 ,
2940 4544 3028 4611 qui
3053 4550 3178 4596 ante
3199 4540 3432 4603 fuerunt,
3464 4554 3596 4608 prm-

2010 4648 2279 4703 dicatores
2302 4639 2567 4705 veritatis,
2593 4645 2650 4693 et
2676 4637 2822 4707 ipsos
2857 4635 3160 4689 divinorum
3188 4630 3597 4698 Evangeliornm

2010 4739 2317 4808 scriptores,
2333 4750 2395 4788 ac
2409 4739 2719 4787 sanctorum
2732 4726 3097 4798 apostolorum
3111 4724 3333 4778 chorum
3352 4738 3365 4786 ;
3380 4728 3599 4789 prmter~

2004 4845 2075 4885 ea
2116 4829 2277 4883 etiam
2316 4824 2532 4879 Gabriel
2562 4819 2940 4888 archangelum
2970 4813 3422 4870 anathematizare
3443 4826 3552 4865 aus
3577 4826 3602 4865 s

2014 4928 2113 4975 est.
2171 4915 2475 4972 Secundum
2525 4927 2741 4967 carnem
2792 4909 2935 4963 enim
2987 4905 3257 4960 Christum
3292 4901 3600 4970 ex‘Spiritu

2018 5018 2202 5067 sancto
2226 5008 2423 5062 factum
2445 5019 2583 5065 esse,
2610 5003 2811 5072 primus
2833 5000 2941 5063 ille,
2963 5004 3016 5052 et
3038 5005 3164 5051 ante
3185 4996 3599 5065 conceptionem

2018 5101 2263 5175 praedixit
2310 5098 2490 5153 Maria:
2543 5094 2748 5167 [.Baluz.
2808 5109 2908 5147 om.
2956 5086 3189 5157 Marte];
3221 5096 3275 5141 et
3313 5094 3434 5156 post
3470 5102 3600 5140 con-

2020 5195 2327 5265 ceptionem
2356 5187 2557 5257 Joseph
2586 5185 2833 5250 edocuit,
2859 5183 2927 5236 ad
2948 5180 3166 5235 Mariam
3197 5178 3411 5247 quidem
3433 5176 3600 5230 inter-

2021 5292 2299 5354 rogantem
2330 5298 2342 5333 :
2380 5276 2647 5343 Quomodo
2685 5276 2782 5329 erit
2809 5274 2932 5327 mihi
2978 5270 3133 5335 istud,
3164 5270 3403 5341 quoniam
3443 5268 3604 5320 rirum

2023 5395 2127 5432 non
2156 5388 2404 5445 cognosco
2456 5368 2625 5441 (Luc.
2655 5385 2691 5431 ι,
2725 5363 2794 5419 '55
2816 5365 2867 5433 )?
2888 5364 3070 5417 dicens
3103 5379 3114 5412 :
3148 5359 3374 5429 Spiritus
3407 5365 3605 5409 sumtus

2025 5467 2344 5536 superveniet
2374 5465 2429 5517 in
2473 5471 2547 5527 te,
2584 5471 2633 5515 et
2653 5462 2810 5514 rirtus
2852 5455 3103 5510 Altissimi
3142 5449 3458 5508 obumbrabit
3485 5450 3604 5506 tibi,

1499 5562 2039 5625 CASTIGATIONES
2077 5560 2163 5614 ET
2203 5554 2429 5613 NOTAE.

416 5688 438 5716 ⁸
481 5676 658 5731 Daluz.
691 5695 701 5727 :
733 5674 798 5729 [τι
820 5675 891 5727 ait
922 5672 1094 5725 beatus
1124 5665 1341 5728 Paulus,
1366 5673 1583 5718 terrena!
1612 5659 1821 5729 injuriw
1837 5671 1936 5709 non
1958 5668 2204 5707 recusans
2237 5646 2589 5719 opprobrium,
2621 5650 2723 5697 etc.
2756 5639 2909 5694 Eon.
