3978 6188
484 258 583 316 99!

488 461 567 512 Ad
607 455 805 524 Joseph
845 466 1010 505 vero:
1045 445 1129 500 Ne
1167 448 1345 499 timeas
1380 447 1611 515 accipere
1640 444 1867 498 Mariam
1895 446 2076 516 conju-

487 569 600 624 gem
625 561 780 610 tuam,
811 541 947 616 quod
973 543 1108 594 enim
1139 541 1192 591 in
1213 555 1275 591 ea
1297 547 1476 590 natum
1496 546 1601 601 est,
1628 554 1693 590 ea:
1722 536 1923 606 Spiritu
1952 553 2078 590 san-

488 653 566 694 cto
589 635 887 707 est(.-'llatth.
921 631 1087 701 1,20).
1114 629 1179 682 Et
1204 629 1546 695 Evangelista
1581 646 1592 679 :
1626 627 1951 697 Desponsata
1979 644 2076 679 au-

492 742 607 793 tem,
652 726 838 794 inquit,
872 733 1037 776 matre
1065 722 1175 791 ejus
1225 719 1401 772 Maria
1438 719 1652 789 Ioseph,
1686 721 1892 772 inuenta
1921 727 1997 772 est
2023 719 2078 770 in

490 829 632 871 utero
661 817 852 868 habens
901 814 963 866 de
993 811 1193 881 Spiritu
1221 818 1402 863 sancto
1453 808 1652 880 (Ibid.,
1681 808 1746 861 l8
1768 809 1808 879 ).
1859 807 1927 861 Et
1968 810 2080 877 ipse

491 909 651 960 etiam
682 905 940 960 Dominus
993 903 1263 969 ingressus
1302 901 1354 953 in
1393 915 1719 971 synagogam
1747 898 2077 963 Judzeorum,

493 1015 616 1052 cum
667 997 963 1066 accepisset
1003 993 1192 1047 Isaiam
1234 992 1570 1062 prophetam,
1603 999 1658 1044 et
1693 991 1913 1059 legisset
1936 991 2084 1044 illum

497 1093 694 1155 locum,
728 1090 780 1142 in
827 1104 933 1156 quo
975 1087 1049 1140 ait
1080 1104 1092 1138 :
1127 1085 1356 1156 Spiritus
1390 1083 1602 1137 Domini
1630 1100 1784 1153 super
1810 1100 1908 1148 me,
1939 1083 2084 1152 cujus

497 1201 656 1237 causa
676 1185 824 1236 unxit
851 1199 933 1234 me
963 1179 1112 1252 (Luc.
1147 1194 1215 1241 Iv,
1250 1176 1368 1246 18);
1401 1185 1452 1230 et
1489 1191 1608 1244 qua:
1646 1182 1961 1242 sequuntur,
1993 1172 2086 1226 ad-

494 1275 626 1344 jecit
653 1293 665 1328 :
700 1273 871 1326 Ilodie
899 1270 1107 1341 impleta
1129 1278 1203 1322 est
1239 1269 1497 1337 scriptura
1528 1266 1639 1318 hazc
1669 1267 1724 1318 in
1756 1263 1965 1317 auribus
2003 1279 2086 1316 ee-

500 1369 625 1421 stris
651 1368 668 1438 (
696 1365 858 1428 Ibid,
890 1364 948 1416 2t
979 1369 1015 1421 ).
1048 1363 1103 1415 Id
1128 1369 1307 1414 autem
1341 1369 1395 1413 et
1419 1359 1608 1412 beatus
1630 1355 1841 1420 Petrus,
1871 1372 1992 1410 cum
2022 1354 2088 1408 ad

500 1457 716 1511 .Iudzeos
740 1457 1069 1523 loqueretur,
1103 1451 1237 1505 dixit
1271 1449 1481 1503 :Jesum
1513 1448 1576 1501 de
1605 1446 1658 1500 Ν
1662 1447 1873 1500 azaretlt
1897 1487 1911 1511 ,
1942 1463 2089 1516 quem

500 1551 651 1602 unxit
677 1547 814 1601 Deus
847 1546 1045 1616 Spiritu
1074 1553 1254 1597 sancto
1284 1541 1431 1613 (Act.
1458 1557 1512 1603 κ,
1539 1539 1659 1610 58);
1696 1547 1751 1592 et
1778 1539 1939 1593 Isaias
1965 1546 2090 1592 ante

503 1640 670 1692 multa
693 1638 885 1692 saecula
910 1635 1286 1705 praecanlavit:
1307 1633 1453 1686 Exiit
1472 1634 1617 1702 virga
1645 1631 1707 1684 de
1727 1631 1901 1684 radice
1924 1630 2086 1696 Jesse,

995 251 1039 304 bl
1061 249 1182 301 \Rll
1225 245 1663 300 MERCATURIS
1702 243 2089 298 TRANSLXTI

2197 242 2269 300 ES
2313 242 2667 296 VXRIOlll'M
2709 238 3241 298 OPCSCULORUM.
3607 249 3689 302 εεε

484 376 752 440 propterea
781 360 915 435 quod
943 367 1180 413 nascetur
1199 365 1455 420 sanctum,
1474 355 1737 409 vocabitur
1759 353 1930 408 Filius
1954 355 2069 408 Dei.
2105 366 2146 416 Α

2649 366 2931 406 RESPONSIII
2971 368 3282 407 ORTIIODOXI.

2249 445 2366 500 Jam
2397 451 2523 498 ante
2575 443 2704 508 dixi,
2734 442 2877 512 quod
2926 441 3158 498 Nestorii
3212 445 3692 512 vanilatibus,immo

2177 537 2544 608 blasphemiis,
2576 542 2631 590 et
2659 535 2817 590 dictis
2851 543 2877 572 ⁸·
2921 535 3086 605 ipsius
3131 536 3459 590 vehementer
3497 539 3694 607 incultis,

2180 628 2537 698 capitulorum
2567 627 2650 681 vis
2688 633 2972 695 repugnat.
3010 625 3107 680 Illo
3135 626 3273 679 enim
3303 626 3495 681 dicente
3520 629 3576 683 de
3603 631 3693 700 Spi-

2182 722 2288 775 ritu
2317 726 2507 774 sancto
2535 716 2730 788 (Serm.
2755 715 2810 784 2)
2839 733 2850 768 :
2875 715 2978 769 Hic
2999 717 3084 787 qui
3112 725 3301 771 tantam
3321 716 3506 773 Christo
3524 721 3697 790 gloriam

2187 813 2518 875 condonavit,
2551 813 2636 882 qui
2665 827 2778 864 eum
2803 809 3072 864 daemoniis
3095 813 3215 882 fecit
3239 811 3698 884 horribilcm,quias-

2185 905 2530 974 sumptionem
2556 903 2658 972 ipsi
2679 903 2732 954 in
2757 902 2912 956 caelos
2934 901 3170 967 donavit;
3194 911 3246 956 et
3274 903 3337 957 de
3363 902 3572 970 Christo,
3593 916 3697 960 tam-

2185 1011 2347 1064 quam
2370 994 2437 1048 de
2459 994 2639 1062 aliquo
2673 993 2890 1047 homine
2918 993 3189 1047 communi
3229 993 3379 1048 simili
3417 997 3589 1061 nostri,
3615 998 3698 1054 lucc

2189 1090 2260 1142 ita
2297 1087 2587 1155 garriente,
2634 1083 2806 1139 factus
2833 1091 2915 1139 est
2942 1085 3247 1139 necessario
3275 1086 3693 1147 anathematismus.

2190 1178 2305 1232 Non
2356 1179 2410 1232 in
2460 1193 2576 1243 eos,
2624 1178 2716 1246 qui
2746 1176 2959 1242 dicunt,
3001 1175 3349 1246 gloriﬁcatum
3377 1193 3484 1232 esse
3507 1195 3532 1232 a
3557 1191 3702 1235 sancto

2190 1268 2391 1338 Spiritu
2410 1267 2615 1331 Jesum,
2647 1267 2699 1320 id
2721 1275 2827 1330 est,
2861 1267 3132 1322 hominem
3162 1265 3353 1321 factum
3382 1267 3467 1322 Dei
3488 1267 3700 1334 Verbum;

2189 1359 2284 1414 sed
2311 1359 2363 1412 in
2391 1359 2510 1413 illos
2530 1359 2716 1426 magis,
2744 1358 2835 1427 qui
2857 1357 3198 1428 impudenter
3225 1359 3389 1428 ipsum
3415 1360 3587 1414 virtute
3610 1359 3704 1431 Spi-

2191 1454 2326 1507 ritus
2352 1453 2546 1517 sancti,
2578 1461 2852 1520 tamquam
2881 1451 3079 1514 aliena,
3102 1466 3252 1504 usum
3278 1450 3427 1505 fuisse
3441 1467 3705 1508 commemo-

2191 1553 2331 1597 rant.
2388 1541 2725 1596 Meminimus
2781 1541 2924 1596 enim
2980 1540 3098 1610 ejus
3146 1539 3411 1595 evidenter
3445 1541 3636 1596 dicentis
3657 1543 3707 1597 de

2193 1635 2396 1703 Spiritu
2436 1642 2625 1688 sancto
2663 1650 2676 1685 :
2716 1631 2815 1686 Ille
2841 1650 2922 1686 me
2950 1630 3260 1704 gloriﬁcabit
3283 1631 3446 1702 (Joan.
3475 1647 3597 1695 mn,
3623 1631 3706 1701 ll).

500 1740 549 1782 et
571 1730 666 1798 ﬂos
697 1729 759 1781 de
788 1727 962 1781 radice
989 1728 1100 1797 ejus
1142 1724 1400 1785 ascendet,
1434 1733 1480 1775 et
1522 1723 1798 1793 requiescet
1834 1737 1990 1791 supra
2011 1723 2092 1791 ip-
2125 1739 2168 1798 Β
2197 1726 2453 1780 Novimus
2500 1734 2765 1796 prater-ea
2821 1724 2993 1779 sancti
3041 1723 3269 1795 Spiritus
3313 1725 3592 1793 operatione
3630 1725 3706 1777 im.

501 1837 616 1873 sum
643 1821 854 1890 spiritus
880 1817 994 1882 Dei,
1023 1818 1233 1887 spiritus
1262 1815 1532 1884 sapientia:
1558 1821 1608 1866 et
1633 1812 1936 1876 intellectus,
1981 1813 2092 1882 spi-

503 1916 634 1967 ritus
662 1912 864 1967 consilii
895 1920 946 1964 et
989 1911 1208 1974 virtutis,
1253 1908 1467 1979 spiritus
1521 1907 1752 1960 scientia:
1778 1913 1827 1957 et
1853 1905 2091 1975 pietatis;

505 2004 715 2073 spiritus
746 2001 942 2054 timoris
972 1997 1070 2050 Dei
1099 1995 1311 2068 replebit
1331 2012 1443 2048 eum
1475 1993 1627 2064 (Isai.
1659 2009 1731 2057 xi,
1758 1992 1778 2044 1
1803 1992 1841 2062 ).
1876 1990 1942 2044 Et
1970 2008 2084 2045 rur-

506 2110 598 2147 sus
631 2111 643 2146 :
677 2091 814 2144 Ecce
839 2091 979 2160 ﬁlius
1014 2105 1154 2142 meus
1196 2105 1342 2160 quem
1391 2086 1583 2149 dilexi;
1616 2085 1827 2138 dilectus
1851 2101 2008 2149 meus,
2038 2085 2093 2137 in

507 2201 606 2256 quo
638 2182 946 2253 complacuit
973 2181 1148 2233 anima
1170 2196 1302 2232 mea.
1336 2177 1540 2231 Portam
1569 2178 1807 2248 spiritum
1829 2192 1995 2229 meum
2015 2192 2096 2228 su-

509 2293 599 2345 per
627 2290 740 2327 eum
758 2314 772 2338 ,
803 2282 852 2326 et
874 2272 1132 2342 judicium
1158 2267 1390 2342 gentibus
1411 2266 1738 2321 annuntiabit
1760 2265 1971 2336 (Matth.
1999 2281 2092 2330 xu,

510 2365 620 2434 18).
646 2363 704 2418 Id
742 2371 920 2417 autem
951 2360 1318 2415 testimonium
1339 2359 1500 2414 etiam
1521 2357 1858 2424 Evangelista
1901 2356 1952 2409 in
1983 2356 2097 2411 suis

505 2455 718 2526 scriptis
741 2455 952 2524 pOsuit;
985 2453 1099 2522 ipse
1136 2459 1313 2504 autem
1337 2450 1592 2503 Dominus
1627 2449 1678 2502 in
1712 2447 2003 2516 evangeliis
2027 2447 2095 2500 ad

507 2545 722 2599 Judzeos
750 2544 884 2598 dixit
918 2562 930 2595 :
959 2543 1056 2597 Sin
1084 2550 1254 2595 autem
1275 2543 1330 2594 in
1352 2541 1537 2611 spiritu
1559 2539 1656 2592 Dei
1686 2556 1777 2610 ego
1807 2539 1959 2609 ejicio
1989 2537 2094 2592 dce-

507 2639 700 2700 monia,
731 2652 857 2689 sane
883 2635 1108 2706 pervenit
1129 2636 1182 2687 in
1212 2651 1297 2687 vos
1320 2649 1532 2703 regnum
1578 2631 1670 2685 Dei
1697 2629 1848 2702 (Luc.
1877 2646 1947 2694 xl,
1978 2629 2090 2700 ΞΟ).

512 2728 576 2781 Et
600 2727 872 2783 Joannes:
912 2728 1012 2791 Qui
1040 2729 1180 2780 misit
1214 2743 1313 2792 me,
1346 2726 1537 2793 inquit,
1579 2725 1842 2794 baptizare
1861 2726 1914 2776 in
1937 2740 2091 2794 aqua,

508 2823 616 2889 ipse
639 2821 766 2873 mihi
795 2820 926 2873 dixit
969 2836 986 2872 :
1029 2817 1198 2886 Super
1217 2834 1362 2889 quem
1387 2817 1571 2870 videris
1599 2814 1852 2885 Spiritum
1882 2814 2094 2867 descen-

509 2915 730 2976 dentem,
773 2923 821 2966 et
849 2923 1140 2966 manentem
1179 2928 1330 2983 super
1350 2913 1540 2982 ipsum,
1564 2911 1673 2980 ipse
1698 2918 1792 2974 est,
1825 2909 1908 2979 qui
1930 2908 2098 2979 bapti-

510 3016 593 3060 zat
620 3008 674 3060 in
706 3006 907 3077 Spiritu
935 3016 1115 3060 sancto
1145 3005 1322 3077 (Joan.
1351 3022 1385 3069 ι,
1420 3004 1532 3074 5⁸5).

2196 1817 2424 1872 mundos
2452 1817 2821 1884 malignosque
2850 1815 3074 1885 spiritus
3100 1815 3269 1885 ipsum
3290 1813 3599 1869 contundere.

2265 1910 2370 1964 Sed
2393 1925 2500 1963 non
2527 1908 2776 1972 dicimus,
2815 1915 3088 1976 tamquam
3119 1920 3277 1960 unum
3306 1906 3574 1975 quempiam
3607 1921 3705 1974 pro-

2194 2001 2499 2071 phetarum,
2531 2015 2686 2053 usum
2715 1997 2876 2052 fuisse
2907 1997 3086 2067 ipsum
3112 1996 3308 2050 virtute
3331 1995 3537 2065 Spiritus
3561 1995 3708 2057 sancti,

2195 2103 2255 2146 ut
2282 2091 2457 2145 aliena
2491 2108 2502 2142 :
2536 2097 2653 2144 erat
2683 2103 2914 2157 namque
2949 2087 3138 2156 ipsius,
3181 2093 3356 2150 etest,
3395 2083 3595 2154 Spiritus
3617 2101 3707 2139 sau—

2194 2194 2332 2248 ctus,
2364 2185 2501 2238 sicut
2530 2190 2585 2236 et
2612 2181 2804 2235 Patris.
2829 2180 2944 2236 Hoc
2973 2187 3157 2233 autem
3197 2179 3344 2232 nobis
3381 2177 3708 2232 evidentissima

2195 2277 2495 2345 designavit
2523 2275 2735 2330 divinus
2761 2272 2960 2327 Paulus
2991 2273 3066 2327 ita
3096 2271 3330 2327 scribens
3361 2289 3372 2323 :
3406 2268 3495 2334 Qui
3517 2281 3654 2323 autem
3668 2271 3705 2321 in

2196 2385 2355 2423 carne
2383 2377 2525 2433 sunt,
2556 2365 2669 2420 Deo
2698 2369 2904 2436 placere
2927 2381 3035 2418 non
3075 2371 3314 2434 possunt;
3350 2379 3428 2416 ros
3467 2371 3610 2414 autem
3631 2377 3706 2413 non

2197 2463 2318 2515 estis
2340 2463 2393 2515 in
2421 2476 2598 2524 carne,
2628 2458 2721 2512 sed
2739 2459 2790 2510 in
2817 2457 3026 2528 spiritu,
3045 2458 3090 2510 si
3117 2455 3315 2528 quidem
3343 2455 3531 2524 spiritus
3551 2451 3630 2504 Dei
3645 2453 3705 2503 in-

2198 2549 2397 2604 habitat
2423 2553 2478 2605 in
2508 2548 2666 2604 vobis.
2724 2547 2786 2603 Si
2815 2549 2928 2621 quis
2957 2557 3131 2600 autem
3161 2545 3403 2616 Spiritum
3447 2542 3608 2596 Christi
3630 2558 3708 2592 non

2197 2640 2370 2706 habet,
2401 2641 2483 2693 hic
2504 2657 2604 2694 non
2635 2649 2712 2693 est
2743 2640 2854 2709 ejus
2887 2636 3068 2709 (Rom.
3097 2652 3167 2701 IV,
3196 2635 3269 2706 9).
3297 2635 3409 2688 Exit
3437 2646 3631 2699 namque
3652 2645 3704 2682 ex

2199 2730 2309 2785 Deo
2338 2738 2392 2784 et
2421 2728 2580 2784 Patre
2609 2729 2843 2799 Spiritus
2889 2735 3130 2791 sanctus,
3160 2725 3435 2780 secundum
3473 2721 3710 2776 Salvatoris

2197 2835 2406 2884 vocem,
2436 2819 2530 2874 sed
2555 2835 2662 2873 non
2691 2826 2772 2872 est
2805 2833 2835 2870 a
2873 2815 3011 2871 Filio
3042 2817 3288 2870 alienus:
3312 2813 3472 2868 omnia
3499 2811 3616 2866 enim
3641 2809 3711 2862 ha-

2196 2910 2288 2964 bet
2307 2927 2428 2965 cum
2460 2908 2638 2963 Patre.
2673 2907 2739 2962 Et
2761 2909 2810 2963 id
2834 2909 2949 2978 ipse
2979 2907 3220 2962 ostendit
3240 2905 3304 2959 de
3330 2904 3510 2974 Spiritu
3528 2909 3708 2955 sancto:

2202 2999 2394 3055 Omnia
2421 3015 2536 3072 qua!
2564 2999 2717 3052 habet
2762 2997 2924 3052 Pater
2948 3038 2962 3063 ,
2990 3015 3114 3052 mea
3142 2993 3282 3061 simi,
3315 2996 3419 3050 ideo
3462 2993 3554 3046 dixi
3590 2986 3709 3053 vobis,

580 3096 745 3164 Igitur
766 3113 869 3149 non
889 3098 1178 3166 ρτοινιιθιθε
1208 3082 1378 3156 εοῙοεί
1395 3102 1450 3149 εἰ
1479 3094 1774 3164 aPOStOIOS,
1800 3108 1900 3148 nec
1920 3093 2094 3150 $01111“
2121 3081 2164 3140 (ἶ
2201 3095 2341 3167 quod
2368 3113 2432 3150 ea:
2457 3111 2569 3148 meo
2599 3096 2836 3164 accipiet,
2865 3103 2916 3148 et
2956 3093 3292 3147 annuutiabit
3317 3091 3443 3145 vobis
3465 3089 3610 3158 (Joan.
3631 3101 3709 3146 va,

513 3187 728 3242 Gabriel
751 3189 1149 3256 archangelum,
1183 3187 1658 3240 anathematizavit
1680 3185 1768 3239 ille
1789 3185 2093 3238 divinorum

512 3280 817 3346 (Iugmatum
847 3279 1284 3346 diligentissimus
1313 3277 1682 3342 examinator;
1714 3292 1903 3330 verum
1933 3277 2093 3330 etiam

511 3371 563 3424 in
589 3371 759 3439 ipsum
775 3369 1109 3424 Salvatorem
1133 3370 1373 3422 omnium
1395 3369 1669 3436 protendit
1687 3369 2091 3437 blasphemiam.

511 3459 848 3514 Ostendimus
877 3460 1037 3524 enim,
1071 3467 1126 3512 et
1156 3459 1331 3527 ipsum
1359 3458 1650 3521 Christum,
1694 3459 1854 3513 modo
1882 3459 2094 3527 quidem

513 3548 728 3613 ludatis,
763 3556 1046 3616 pOstquam
1077 3548 1394 3602 recitasset:
1430 3547 1662 3619 Spiritus
1687 3548 1899 3602 Domini
1946 3565 2099 3619 super

513 3658 608 3702 me,
644 3647 852 3710 propter
878 3638 1016 3711 quod
1054 3639 1203 3692 unxit
1231 3655 1341 3702 me;
1363 3638 1563 3693 dixisse
1596 3657 1607 3692 :
1641 3638 1814 3693 Hodie
1842 3641 2099 3711 scriptura

514 3733 623 3787 ha’c
645 3731 856 3802 impleta
883 3731 1034 3784 estin
1062 3730 1272 3784 auribus
1301 3731 1484 3784 vestris
1515 3728 1664 3799 (Luc.
1691 3747 1760 3792 tv,
1788 3729 1906 3800 18);
1938 3730 2098 3785 modo

515 3821 581 3875 ad
609 3837 721 3883 eos,
747 3821 837 3889 qui
878 3819 1153 3884 dixerant,
1187 3820 1359 3889 ipsum
1388 3835 1486 3890 per
1532 3819 1856 3874 Beelzebuth
1903 3819 2100 3888 ejicere

515 3912 797 3976 daemonia,
824 3911 1040 3975 dixisse,
1071 3913 1123 3965 in
1157 3911 1344 3981 spiritu
1385 3909 1482 3963 Dei
1523 3926 1577 3964 se
1615 3911 1800 3980 ejicere
1843 3910 2099 3964 daemonia

520 4000 671 4070 (Luc.
706 4017 778 4064 XI,
809 3998 921 4068 20).

589 4091 898 4145 Formatum
927 4106 1059 4146 vero
1086 4107 1116 4145 a
1145 4100 1335 4147 sancto
1363 4091 1586 4161 Spiritu,
1621 4101 1948 4163 unctumque
1993 4109 2099 4148 non

517 4181 743 4236 dicimus
771 4180 936 4234 Deum
968 4180 1231 4244 Verbum,
1275 4181 1419 4250 quod
1468 4190 1548 4237 est
1575 4197 1696 4236 cum
1725 4181 1925 4252 Spiritu
1955 4182 2099 4251 ejus-

519 4273 641 4327 dem
685 4272 1027 4334 substantias,
1059 4281 1114 4325 et
1155 4281 1518 4338 comternum;
1560 4272 1652 4326 sed
1705 4281 1949 4326 naturam
2004 4274 2101 4327 hu-

522 4378 755 4425 manam,
780 4377 897 4429 qua:
925 4362 991 4416 ab
1020 4363 1134 4432 ipso
1163 4364 1464 4418 novissimis
1485 4371 1567 4418 est
1595 4373 1865 4434 assumpta
1896 4372 2103 4435 tempo-

523 4453 688 4507 ribus.

593 4543 873 4614 Proprium
905 4559 1033 4599 vero
1061 4545 1306 4614 spiritum
1337 4545 1474 4609 Filii,
1505 4547 1550 4600 si
1588 4547 1710 4615 quia
1740 4545 1978 4615 ejusdem
2005 4562 2102 4600 na-

525 4647 656 4691 tune
683 4639 772 4702 sit,
797 4645 850 4691 et
878 4652 944 4692 ex
986 4635 1143 4690 Patre
1172 4645 1347 4702 exeat,
1397 4636 1561 4703 dixit,
1605 4638 2020 4699 eonsentiemus,
2052 4648 2109 4692 et

525 4737 583 4782 ut
603 4728 746 4797 piam
776 4743 962 4782 vocem
987 4728 1342 4797 accipiemus;
1375 4729 1455 4782 sin
1487 4737 1666 4784 autem
1706 4730 1830 4798 quia
1858 4743 1924 4783 ex
1948 4727 2103 4794 Filio,

523 4821 608 4875 vel
640 4836 736 4889 per
765 4819 974 4883 Filium,
1019 4820 1214 4875 habeat
1243 4823 1564 4876 exstantium
1598 4821 1811 4894 [Baluz.
1857 4821 2108 4874 substan-

525 4909 698 4981 tiam],
723 4911 773 4964 id
799 4919 854 4965 ut
881 4911 1284 4979 blasphemiam,
1310 4919 1364 4967 et
1391 4913 1720 4981 impietatem
1741 4911 2104 4980 projiciemus.

525 4999 806 5054 Credimus
833 5002 976 5055 enim
1005 5001 1235 5056 Domino
1263 5002 1460 5056 dicenti
1493 5021 1506 5058 :
1541 5001 1788 5070 Spiritus,
1819 5004 1904 5073 qui
1923 5019 1987 5057 ex
2012 5001 2114 5055 Pa-

528 5102 604 5145 tre
632 5095 739 5146 exit
770 5092 946 5162 (Joan.
979 5110 1075 5157 xv,
1105 5093 1226 5163 ‘26);
1261 5095 1442 5147 divino
1491 5092 1659 5147 Paulo
1701 5093 1825 5148 item
1873 5095 2070 5149 dicenti
2097 5114 2109 5147 :

535 5179 647 5235 Nos
672 5192 840 5237 autem
879 5201 980 5237 non
1009 5187 1250 5254 spiritum
1290 5184 1468 5236 mundi
1499 5185 1808 5254 accepimus,
1841 5187 1933 5239 sed
1959 5187 2116 5256 spiri-

531 5281 636 5325 tum
665 5275 748 5344 qui
769 5291 834 5328 ετ
859 5273 1020 5328 Patre
1040 5283 1114 5328 est
1137 5274 1178 5346 (l
1203 5273 1324 5327 Cor.
1354 5290 1409 5339 ιι,
1445 5273 1553 5344 12).

2200 3186 2311 3256 15).
2341 3185 2679 3241 Glorilicavit
2704 3185 2868 3251 igitur
2893 3183 3084 3238 Jesum
3123 3183 3345 3254 Spiritus
3378 3186 3567 3235 sanctus
3589 3175 3711 3228 mira-

2197 3278 2323 3332 bilia
2353 3284 2700 3346 operantem;
2734 3283 3111 3329 verumtamen
3140 3284 3197 3328 ut
3232 3274 3433 3343 spiritus
3460 3269 3614 3339 ipsius.
3639 3279 3712 3317 ’τεο

2200 3367 2373 3421 aliena
2421 3367 2634 3432 virtute,
2668 3381 2768 3420 nec
2797 3365 2913 3435 ipso
2943 3365 3176 3431 melior,
3201 3380 3264 3420 eo
3308 3361 3441 3433 quod
3465 3355 3712 3422 intelligitur

2200 3456 2360 3511 Deus.
3528 3502 3543 3520 ,

2271 3547 2387 3602 Non
2419 3547 2907 3618 blasphemavimus
2934 3560 3062 3614 ergo
3101 3547 3153 3600 in
3183 3545 3391 3613 angelos
3416 3547 3615 3602 sanctos,
3635 3549 3709 3588 nec

2201 3639 2255 3693 in
2283 3639 2596 3709 prophetas,
2654 3647 2714 3692 ut
2754 3653 2917 3692 ausus
2962 3645 3043 3692 est
3089 3638 3283 3702 dicere,
3330 3635 3415 3705 qui
3456 3630 3712 3687 maledicere

2201 3737 2408 3783 tantum
2437 3729 2642 3784 didicit.
2697 3728 2914 3792 Verum,
2969 3730 3228 3797 quoniam
3259 3728 3420 3781 adhuc
3444 3721 3713 3794 propositum

2203 3829 2284 3874 est
2313 3821 2382 3886 ei,
2415 3829 2471 3876 et
2517 3821 2780 3876 similibus
2821 3819 3004 3889 ipsius,
3037 3834 3206 3873 unum
3235 3818 3485 3873 Christum
3528 3815 3571 3868 in
3615 3810 3716 3865 duos

2201 3908 2472 3975 dividere;
2500 3908 2528 3948 δ
2570 3911 2623 3964 in
2654 3925 2776 3964 eum
2807 3925 3019 3980 nempe,
3061 3910 3155 3978 qui
3191 3908 3514 3977 gloriﬁcatur,
3547 3914 3592 3959 et
3623 3915 3715 3956 eum

2205 4001 2294 4068 qui
2325 4001 2694 4070 operationem
2751 4001 2968 4070 adjuvat
3001 4018 3012 4053 ;
3043 4000 3433 4072 reprehendunt
3467 3996 3720 4066 insipienter

2203 4106 2421 4145 omnem
2442 4092 2706 4146 rationem
2737 4092 2973 4162 pietatis,
3005 4106 3128 4160 qua:
3157 4107 3249 4146 eos
3277 4091 3435 4161 possit
3463 4103 3489 4141 a
3514 4095 3605 4140 tam
3627 4095 3720 4152 pra-

2205 4198 2269 4235 va
2301 4183 2556 4251 opinione
2579 4182 2843 4237 reducere
2874 4182 3076 4253 (Batus.
3113 4179 3402 4251 seducere].

2279 4273 2521 4342 Denique
2560 4273 2627 4327 de
2653 4273 2816 4327 beato
2841 4272 3054 4328 Gabriel
3085 4275 3405 4328 mentionem
3445 4270 3616 4324 faciens
3648 4264 3721 4317 ob-

2204 4364 2452 4434 iurgator
2486 4383 2498 4418 :
2535 4365 2693 4419 Illum
2722 4367 2806 4436 qui
2849 4366 3128 4419 secundum
3169 4381 3384 4428 carnem,
3414 4362 3582 4431 inquit,
3607 4355 3722 4410 Chri-

2134 4456 2179 4514 D
2207 4465 2340 4510 stum
2372 4473 2439 4510 ex
2468 4456 2668 4527 Spiritu
2720 4466 2899 4511 sancto
2931 4459 3126 4528 factum
3167 4459 3339 4528 fuisse,
3383 4456 3556 4526 primus
3592 4448 3662 4502 ille
3688 4451 3723 4496 et

2215 4555 2336 4599 ante
2368 4548 2745 4616 conceptionem
2774 4547 3034 4618 prcedixit.
3068 4548 3217 4601 Alius
3245 4556 3324 4601 est
3350 4546 3497 4613 igitur
3513 4539 3721 4594 Christus,

2211 4635 2303 4702 qui
2330 4636 2620 4689 secundum
2651 4651 2898 4701 carnem;
2931 4644 2987 4690 et
3014 4637 3151 4691 alius
3189 4635 3478 4706 specialiter
3512 4628 3721 4684 Christus.

2215 4727 2304 4796 qui
2349 4741 2416 4780 ex
2466 4726 2576 4780 Deo
2606 4725 2765 4781 Patre
2808 4726 3059 4781 Verbum.
3096 4725 3194 4781 Ubi
3241 4740 3364 4794 ergo
3390 4717 3644 4776 adunatio?
3677 4710 3726 4763 Ει

2219 4818 2364 4887 quod
2394 4818 2499 4872 erit
2526 4817 2648 4872 inde
2673 4819 3116 4884 emolumentum,
3146 4821 3189 4874 si
3218 4819 3320 4873 duo
3347 4824 3462 4871 sunt
3483 4807 3663 4870 Christi,
3687 4810 3726 4857 ct

2217 4925 2464 4965 seorsum
2495 4917 2725 4976 uterque
2755 4909 3070 4978 intelligitur
3097 4917 3151 4964 et
3177 4907 3424 4963 vocatur?

2291 4999 2441 5055 Licet
2463 5014 2592 5068 ergo
2613 5000 2816 5054 vultum
2839 5014 3230 5069 personamque
3251 4994 3453 5066 pictatis
3469 4989 3559 5046 sibi
3578 4986 3729 5051 ﬁngen-

2219 5103 2318 5158 tes,
2366 5108 2530 5147 unum
2579 5091 2852 5145 Christum
2891 5091 3089 5154 dicant,
3135 5090 3267 5145 duos
3293 5096 3461 5140 tamen
3504 5078 3728 5136 credentes

2221 5186 2439 5240 audiant
2467 5200 2497 5238 a
2527 5186 2682 5239 nobis
2717 5203 2728 5236 :
2760 5183 3033 5255 Quousque
3060 5164 3402 5236 claudicabitis
3427 5184 3614 5241 utroque
3636 5162 3729 5260 pt’df

2227 5278 2314 5348 (lli
2338 5277 2462 5348 Reg.
2495 5293 2644 5340 xvm,
2675 5275 2802 5345 2-1)?
2834 5275 3023 5330 Melius
3052 5282 3132 5329 est
3171 5271 3308 5328 enim
3349 5266 3500 5323 rectis
3520 5261 3584 5315 uti
3608 5261 3730 5309 vesti-

1702 5412 2240 5470 CASTIGATIONES
2283 5413 2370 5467 ΕΤ
2407 5413 2637 5471 NOT/E.

606 5511 628 5574 ξι
655 5501 709 5554 ln
739 5501 921 5574 codice
943 5501 1309 5574 Bellpvaccnsi
1339 5502 1557 5570 legitur:
1581 5505 1740 5572 ipsius
1771 5517 1846 5558 est
1869 5507 2118 5574 prredia'it

536 5573 650 5624 aliis
680 5588 742 5624 ne
770 5572 926 5642 igitur
945 5582 1020 5624 est
1039 5569 1268 5625 Christus
1292 5569 1568 5626 secundum
1597 5569 1805 5629 carnem
1843 5569 2114 5629 vehemen-

539 5653 614 5694 ter
633 5641 855 5696 incultis.
884 5641 1009 5707 Qua:
1039 5643 1371 5697 nesciounde
1399 5645 1500 5698 huc
1520 5646 1772 5700 translata
1802 5647 1908 5700 sint
1938 5649 1982 5703 si
2006 5664 2112 5702 non

2225 5509 2330 5630 nuc
2359 5508 2653 5574 migrarent
2677 5520 2740 5560 ex
2773 5506 2836 5559 iis
2857 5519 2976 5572 quae
3004 5503 3311 5574 legunturin
3341 5498 3514 5568 pagina
3539 5492 3740 5557 sequenti.

2273 5593 2424 5630 stur.
3699 5619 3706 5630 .

2273 5593 2534 5701 Ab'lnzénu.
2567 5666 2576 5698 :
2614 5656 2795 5699 etcum
2838 5647 2921 5716 qui
2950 5645 3265 5716 gloriﬁcatur
3291 5651 3338 5696 et
3377 5634 3636 5708 Operatione
3657 5619 3728 5675 atl-
