3980 6182
308 285 415 342 993

997 277 1051 334 S.
1093 274 1361 332 CYRlLLl
1405 267 1916 329 APOLOGETlCUS
1958 267 2316 324 ADVERSUS
2355 262 2892 322 TllEODORETUM.

3460 271 3564 326 93$

305 405 426 470 giis,
455 408 654 454 rectam
679 396 832 451 iidem
853 403 1128 448 servantes
1151 400 1206 445 et
1227 390 1492 453 stabilem,
1517 399 1580 440 ac
1601 401 1706 439 non
1730 385 1878 453 inep-
1909 394 1955 447 Α
1985 385 2084 451 gis,
2115 383 2256 452 quod
2286 399 2350 436 ex
2381 383 2585 437 semine
2616 383 2779 436 David
2810 397 2838 435 a
2870 383 2978 435 Deo
3010 381 3062 434 fu
3083 390 3180 436 rrat
3203 394 3558 452 assumptum,

308 495 376 548 tis
404 488 813 560 cogitationibus
847 484 1203 539 vacillantem.

723 607 1195 649 ANATHEMA’I‘ISIIUS
1223 603 1465 643 DECIMUS.

376 709 689 764 Pontilicem
729 712 783 760 et
828 703 1128 774 apostolum
1176 697 1525 754 confessionis
1559 703 1754 770 nostrae
1801 692 1880 745 fa-

302 813 452 858 ctum
475 817 592 855 esse
617 799 908 863 Christum,
950 796 1127 850 divina
1156 793 1429 862 Scriptura
1468 793 1875 844 commemorat.

303 892 508 945 Obtulit
537 890 678 943 enim
721 903 779 942 se
805 888 918 956 ipse
943 901 1040 955 pro
1088 885 1240 938 nobis
1270 883 1320 936 in
1352 882 1572 935 odorem
1601 877 1880 932 suavitatis

303 985 416 1036 beo
441 991 494 1036 et
525 979 687 1032 Patri.
716 979 773 1032 Si
800 977 919 1045 quis
957 976 1116 1044 igitur
1137 973 1462 1043 pontiﬁcem,
1495 979 1550 1024 et
1577 968 1880 1039 apostolum

303 1080 543 1126 nostrum
587 1068 782 1122 factum
808 1081 926 1120 esse
955 1065 1117 1128 dicat,
1150 1077 1255 1116 non
1296 1061 1466 1130 ipsum
1499 1059 1730 1112 Verbum
1763 1058 1878 1121 Dei,

303 1174 432 1218 tunc
486 1161 708 1223 scilicet,
753 1173 874 1212 cum
926 1164 1009 1211 est
1035 1170 1162 1209 caro
1211 1153 1428 1216 factum,
1459 1157 1512 1205 et
1543 1151 1702 1204 homo
1728 1148 1880 1218 juxta

302 1269 436 1318 nos;
467 1251 558 1306 sed
595 1257 649 1302 ut
680 1249 863 1311 alium,
891 1254 1086 1316 praeter
1108 1246 1301 1314 ipsum,
1333 1256 1576 1297 seorsum
1609 1241 1880 1293 hominem

299 1361 370 1398 ex
401 1342 620 1397 muliere
653 1357 665 1392 :
692 1348 782 1393 aut
807 1339 851 1393 si
881 1338 1002 1406 quis
1021 1337 1182 1399 dicat,
1207 1351 1306 1404 pro
1334 1349 1392 1387 se
1422 1332 1680 1387 obtulisse
1709 1331 1881 1399 ipsum

298 1433 649 1496 oblationem,
704 1446 768 1484 ac
815 1444 921 1482 non
967 1427 1135 1498 magis
1162 1441 1259 1495 pro
1306 1424 1459 1478 nobis
1490 1421 1878 1485 tantummodo,

299 1536 476 1592 neque
500 1522 642 1576 enim
675 1520 818 1586 eguit
864 1516 1146 1579 sacrilicio,
1195 1515 1287 1583 qui
1318 1521 1596 1583 peccatum
1627 1527 1733 1564 non
1780 1527 1878 1564 uo-

299 1621 456 1669 verat
474 1630 488 1678 ;
526 1612 812 1666 anathema
837 1609 925 1663 sit.

751 1734 1112 1777 BEPREHENSIO
1155 1733 1440 1773 llERETlCl.

372 1836 490 1891 Non
533 1834 584 1888 in
613 1833 788 1889 carnis
816 1840 1063 1885 naturam
1091 1827 1509 1884 inconvertibilis
1537 1835 1724 1882 natura
1753 1841 1882 1881 con-

300 1943 459 1982 versa
489 1933 597 1990 est;
621 1923 712 1978 sed
735 1923 1021 1976 humanam
1046 1929 1288 1972 naturam
1315 1917 1623 1985 assumpsit,
1651 1930 1878 1982 eamque

297 2032 466 2087 super
493 2027 802 2070 communes
844 2009 1124 2080 pontiﬁces
1170 2008 1464 2072 constituit,
1513 2007 1651 2061 sicut
1693 2008 1882 2060 beatus

297 2108 499 2162 Paulus
527 2106 685 2160 docet
713 2104 895 2160 dicens
929 2120 941 2156 :
976 2100 1158 2155 Omnis
1201 2117 1420 2171 namque
1446 2101 1679 2170 pontifex
1705 2114 1770 2151 ex
1797 2099 1885 2151 ho-

298 2197 525 2251 minibus
547 2205 856 2264 assumptus,
903 2208 994 2262 pro
1034 2188 1321 2242 hominibus
1353 2188 1677 2240 constituitur
1703 2187 1757 2238 in
1780 2187 1880 2250 his,

299 2303 415 2358 qua:
457 2294 573 2339 sant
601 2284 669 2337 ad
698 2283 882 2346 Deum,
933 2292 986 2334 ut
1015 2281 1199 2349 o/I‘erat
1230 2279 1366 2332 dona
1401 2286 1448 2331 et
1490 2277 1750 2346 sacriﬁcia
1787 2293 1881 2346 pro

300 2378 546 2448 peccatis,
569 2376 654 2447 qui
686 2373 955 2426 condolere
982 2371 1142 2441 possit
1168 2369 1266 2432 his,
1299 2369 1384 2438 qui
1424 2369 1682 2436 ignorant,
1723 2375 1770 2418 et
1802 2382 1884 2418 er-

301 2478 442 2520 rant.
493 2463 748 2528 Quoniam
797 2473 845 2515 et
898 2463 1007 2530 ipse
1061 2458 1403 2512 circumdatas
1457 2467 1529 2509 est
1557 2457 1881 2525 inﬁrmitate,

302 2564 512 2625 propter
543 2572 573 2606 a
604 2553 768 2615 debet,
812 2549 1235 2622 quemadmodum
1265 2564 1356 2617 pro
1380 2546 1585 2616 populo,
1628 2548 1701 2597 ita
1729 2546 1883 2597 etiam

301 2661 399 2715 pro
431 2643 700 2712 semetipso
721 2641 910 2709 offerre
931 2656 1023 2709 pro
1054 2639 1274 2709 peccatis
1299 2635 1463 2707 (Ileb.
1486 2651 1536 2699 v,
1570 2635 1639 2703 l).
1671 2632 1736 2686 Et
1758 2649 1884 2686 mox

301 2736 358 2790 id
388 2737 561 2805 ipsum
593 2733 887 2802 explanatis
917 2749 929 2781 :
961 2731 1109 2783 Sicut
1147 2729 1344 2791 Aaron,
1372 2727 1444 2779 ita
1472 2727 1625 2779 etiam
1654 2724 1882 2779 Christus

304 2825 496 2896 (lbid.,
547 2824 620 2894 5).
653 2822 855 2876 Deinde
890 2819 1180 2874 ostendens
1211 2825 1496 2885 assumpta:
1546 2826 1746 2870 natura:
1799 2815 1883 2868 in-

303 2919 611 2972 ﬁrmitatem
640 2915 769 2968 dicit
801 2930 813 2964 :
845 2909 942 2975 Qui
965 2913 1018 2964 in
1042 2908 1216 2963 diebus
1247 2910 1416 2961 carnis
1439 2923 1545 2961 sua:
1565 2925 1736 2977 preces
1765 2923 1886 2976 sup-

303 3009 700 3078 plicationesque
725 3005 793 3057 ad
820 3019 953 3066 eum,
984 3003 1068 3073 qui
1097 3010 1274 3071 potens
1313 3008 1388 3052 est
1417 3001 1582 3069 ipsum
1610 3015 1812 3052 servare
1853 3015 1886 3050 a

1981 475 2208 527 mortale
2255 483 2309 526 et
2347 473 2628 542 passibile;
2657 473 2816 541 ’quud
2854 473 3001 541 pavit
3046 473 3110 525 ad
3142 481 3388 536 mortem,
3437 475 3562 528 licet

1981 564 2153 632 ipsum
2187 572 2371 632 postea
2413 563 2692 630 imperium
2735 563 2922 616 mortis
2961 562 3302 625 destruxerit,
3342 575 3559 631 propter

1981 654 2300 706 assumentis
2344 652 2705 716 divinitatem;
2755 653 2897 720 quod
2925 667 3020 721 per
3061 668 3128 704 οςι
3154 668 3272 705 nem
3298 651 3557 719 justitiam

1980 745 2298 808 ambulavit;
2329 744 2473 812 quod
2503 744 2567 798 ad
2596 743 2855 798 Joannem
2885 744 3042 798 dixit:
3064 744 3189 799 Sine
3213 746 3382 808 modo,
3417 747 3556 799 deret

1981 851 2074 888 nos
2118 835 2332 904 implere
2360 852 2560 888 omnem
2583 837 2844 904 justitiam
2885 834 3097 905 (Matth.
3154 853 3228 898 Ill,
3263 834 3378 904 l3);
3411 837 3556 904 quod

1980 924 2321 996 pontiﬁcatus
2367 927 2781 995 appellationem
2831 927 3035 994 accepit
3075 927 3364 998 secundum
3407 929 3554 982 ordi-

1981 1033 2104 1072 nem
2132 1018 2518 1073 Melchisedech
2551 1017 2706 1088 (Heb.
2757 1036 2809 1081 v,
2843 1018 2928 1087 10)
2963 1037 2973 1070 :
3001 1019 3170 1087 ipsum
3201 1021 3339 1073 enim
3367 1031 3554 1089 porta-

1979 1110 2072 1163 bat
2097 1118 2301 1164 naturze
2350 1110 2728 1172 inﬁrmitatem,
2755 1126 2859 1164 non
2891 1111 3016 1164 item
3048 1112 3384 1178 omnipotens
3418 1114 3556 1167 Deus

1982 1203 2232 1256 Verbum.
2284 1202 2407 1256 Ideo
2450 1210 2502 1255 et
2532 1210 2657 1255 ante
2703 1203 2894 1254 beatus
2933 1201 3139 1254 dixerat
3169 1200 3298 1253 Paul
3325 1219 3363 1254 .s
3391 1220 3403 1252 :
3431 1202 3554 1254 Non

1978 1294 2113 1345 enim
2142 1291 2382 1346 habemus
2404 1293 2716 1362 pontiﬁcem,
2739 1293 2822 1362 qui
2853 1309 2952 1344 non
2993 1293 3152 1360 possit
3180 1292 3451 1345 condolere
3470 1295 3555 1344 in-

1979 1379 2309 1448 ﬁrmitatibus
2355 1382 2577 1442 nostris;
2607 1388 2856 1432 tentatum
2901 1389 3070 1432 autem
3115 1381 3164 1431 in
3213 1379 3448 1432 omnibus
3487 1379 3556 1431 ad

1979 1470 2361 1522 similitudinem
2391 1468 2577 1541 absque
2601 1479 2812 1540 peccato
2840 1469 2997 1538 (Πρὸ.
3026 1487 3094 1536 tv,
3124 1468 3232 1538 l5).

2052 1597 2173 1674 llipc
2206 1607 2314 1651 tota
2363 1597 2472 1674 fere
2518 1605 2780 1674 Wiptx’aﬁj_
2807 1600 2857 1652 in
2887 1617 2917 1674 γ
2959 1599 3162 1669 synodo
3207 1600 3405 1674 legitur
3445 1604 3558 1655 Col-

1981 1667 2078 1748 lat:
2104 1668 2137 1719 6
2169 1686 2180 1719 :
2213 1669 2540 1748 contendunt
2564 1667 2690 1722 vero
2723 1667 3172 1748 Theodoretuset
3198 1669 3424 1748 Cyr-illus
3453 1672 3556 1748 hoc

1911 1740 1954 1799 Β
1985 1738 2035 1790 in
2067 1738 2187 1791 loco
2211 1752 2399 1804 magna
2445 1739 2496 1791 vi
2537 1748 2989 1804 argmnentorum,
3021 1739 3112 1792 sed
3155 1738 3358 1804 majore
3381 1741 3556 1793 studio

1983 1808 2214 1926 partium
2241 1825 2252 1859 :
2284 1808 2456 1874 agitur
2477 1809 2638 1870 e..-im,
2669 1808 2808 1873 quod
2839 1824 2942 1860 non
2973 1809 3136 1861 semel
3164 1809 3363 1870 monui,
3397 1825 3555 1863 causa

2028 1877 2177 1926 rocli.
2205 1891 2361 1926 auem
2393 1877 2619 1926 invisum
2666 1877 3053 1926 Theodoretus.
3085 1886 3268 1926 utnote
3324 1878 3553 1926 Nestorii

2028 1877 2177 1939 rocli,
2205 1891 2361 1944 quem
2393 1877 2619 1930 invisum
2666 1877 3053 1937 Theodoretus,
3085 1886 3268 1945 utpote
3322 1878 3553 1930 Nestorii

1981 1945 2344 1999 adversarium
2375 1948 2604 2000 nobilem
2629 1965 2642 2010 ;
2679 1947 2896 2002 charum
2926 1947 3172 2016 Cyrillus,
3198 1948 3343 2001 velut
3366 1948 3555 2001 ducem

1981 2016 2329 2086 pugt'iantium
2362 2032 2473 2086 pro
2504 2016 2606 2086 ﬁde
2635 2016 3115 2086 ConsLantiuopoli,
3166 2018 3414 2070 habebat.
3449 2017 3556 2086 Cy-

1982 2077 2102 2137 rillo
2131 2077 2532 2138 conversionem
2558 2085 2716 2139 Verbi
2744 2087 2794 2139 in
2817 2077 3031 2140 carnem
3060 2086 3430 2140 Theodoretus
3459 2077 3559 2139 ob-

1977 2152 2114 2234 jicit,
2145 2153 2372 2234 Cyrillns
2401 2163 2585 2208 contra
2604 2156 2902 2234 exprobrat
2925 2155 3220 2234 deﬂendam
3251 2156 3556 2234 amentiam,

1985 2225 2341 2289 ignorantiam
2399 2225 2637 2294 mysterii
2691 2239 2797 2292 quo
2850 2225 2917 2278 de
2956 2225 3146 2290 agitur,
3207 2226 3557 2276 assertionem

1983 2295 2206 2353 ἑνὼσεως
2223 2295 2925 2364 σχετικῆςιοοηερηεὶοηςῐη
2950 2310 3068 2348 cum
3093 2294 3357 2364 Nestor-io,
3382 2294 3564 2364 impie-

1987 2371 2148 2416 tatem
2195 2361 2792 2417 et'contradictionem.
2840 2363 2972 2433 Tota
3018 2365 3115 2417 ista
3160 2361 3341 2433 Cyrilli
3387 2363 3563 2416 oratio

1984 2447 2231 2500 magnam
2256 2448 2468 2487 crucem
2500 2433 2658 2501 ﬁgere
2689 2442 2866 2502 potest
2887 2432 3215 2486 Theodoreti
3233 2433 3489 2502 patronis.

2056 2575 2288 2644 Experta
2313 2585 2395 2630 est
2424 2586 2600 2630 autem
2633 2578 2908 2647 passiones
2934 2587 3164 2642 nostras,
3200 2578 3400 2646 absque
3435 2593 3560 2648 pec-

1986 2674 2129 2728 cato,
2159 2673 2350 2721 natura
2381 2667 2489 2730 illa,
2533 2683 2651 2736 qua:
2679 2682 2745 2721 ex
2783 2668 2939 2722 nobis
2968 2684 3065 2736 pro
3101 2668 3256 2722 nobis
3292 2678 3565 2737 assumpta

1986 2764 2100 2820 est;
2133 2772 2240 2810 non
2267 2757 2358 2824 qni
2381 2773 2500 2811 eam
2534 2773 2632 2827 pro
2661 2758 2833 2811 salute
2863 2767 3043 2812 nostra
3075 2759 3378 2827 assumpsit.
3413 2759 3475 2812 Et
3516 2761 3566 2813 in

1986 2849 2250 2918 principio
2280 2847 2438 2916 hujus
2469 2848 2688 2916 capituli
2724 2849 2914 2902 iterum
2945 2849 3140 2902 docet:
3177 2859 3199 2886 ο
3233 2848 3570 2903 Considerate

1987 2939 2272 3008 apostolum
2317 2947 2368 2991 et
2409 2938 2706 3008 pontiﬁcem
2745 2941 3084 3009 confessionis
3135 2948 3326 2993 nostra:
3370 2939 3566 3002 Iesum,

1988 3029 2190 3098 ﬁdelem
2227 3029 2303 3089 ei,
2334 3030 2418 3098 qui
2450 3029 2569 3098 fecit
2606 3030 2773 3097 ipsum
2797 3068 2810 3091 ,
2852 3030 2982 3082 sicut
3020 3038 3068 3081 et
3109 3028 3318 3099 Moyses
3351 3032 3402 3082 in
3433 3031 3571 3084 omni

304 3107 491 3161 morte,
521 3113 635 3149 cum
665 3095 889 3149 clamore
927 3091 1094 3145 valido
1125 3102 1171 3143 et
1195 3090 1435 3160 lacrymis
1465 3089 1703 3157 offerens,
1734 3105 1887 3142 exau-
1911 3103 1955 3164 ρ
1988 3089 2138 3172 'domo
2163 3136 2256 3173 sua
2285 3089 2546 3189 (ἡδίω,
2566 3089 2639 3187 i):
2669 3089 2947 3172 Facl'uram
2971 3129 3147 3172 autem
3171 3089 3288 3189 (Illis
3307 3135 3425 3173 esse
3447 3137 3565 3173 ωη-

305 3189 445 3242 ditus
473 3199 548 3242 est
567 3204 661 3258 pro
682 3188 888 3258 pietate.
920 3183 987 3236 Et
1015 3185 1214 3254 quidem
1242 3199 1355 3235 cum
1383 3193 1512 3235 esset
1533 3180 1579 3233 F
1585 3183 1722 3246 ilius,
1748 3180 1885 3234 didi-

304 3283 377 3335 cit
405 3297 471 3335 ea:
497 3278 673 3352 quibus
695 3293 874 3349 passus
904 3286 1002 3340 est,
1033 3274 1392 3339 obedientiam,
1433 3283 1483 3326 et
1509 3281 1886 3326 consummatus

307 3373 476 3444 factus
508 3381 581 3424 est
610 3371 842 3424 omnibus
873 3366 1218 3421 obedientibus
1249 3365 1452 3438 [Baluz.
1477 3363 1886 3435 obaudieutibus]

305 3463 405 3516 sibi
435 3479 590 3516 causa
635 3461 815 3514 salutis
861 3469 1086 3522 (sternte,
1126 3456 1413 3527 appellatus
1442 3472 1474 3508 a
1519 3454 1629 3509 Deo
1653 3457 1888 3526 pontifex

305 3552 587 3607 secundum
615 3551 846 3604 ordinent
872 3547 1248 3602 Melchisedech
1280 3544 1466 3618 (Ibid.,
1501 3546 1574 3616 7).

381 3645 513 3711 Quis
568 3644 727 3712 igitur
754 3641 964 3695 virtutis
1018 3639 1288 3694 laboribus
1340 3643 1739 3691 consummatus
1784 3646 1886 3701 est,

307 3752 434 3790 cum
460 3750 564 3788 non
594 3743 735 3788 esset
764 3741 952 3786 natura
980 3729 1281 3800 perfectus?
1320 3728 1449 3796 Quis
1479 3736 1580 3792 est,
1611 3727 1701 3796 qui
1723 3743 1888 3797 expeo

309 3826 558 3882 rimentis
595 3824 779 3878 didicit
810 3821 1167 3877 obedientiam
1207 3819 1412 3892 [Baluz.
1447 3815 1888 3886 obaudieutiam],

305 3932 474 3988 quam
528 3925 649 3969 ante
698 3914 1120 3983 experimentum
1173 3909 1483 3964 nesciebat?
1533 3907 1662 3974 Quis
1691 3915 1775 3961 est
1796 3907 1889 3976 qui

304 4022 436 4061 cum
481 4005 774 4060 reverentia
817 4004 984 4058 vixit?
1022 4001 1151 4067 Quis
1192 4017 1314 4054 cum
1345 4000 1582 4054 clamore
1629 3997 1808 4051 valido
1837 4007 1892 4051 et

306 4096 561 4167 lacrymis
588 4094 1004 4164 supplicationes
1050 4093 1299 4156 oﬂ'erens,
1333 4098 1386 4145 et
1411 4104 1627 4144 servare
1655 4089 1891 4158 seipsum

308 4204 425 4241 non
454 4187 654 4249 valens,
686 4185 779 4239 sed
809 4199 952 4248 eum,
997 4183 1087 4252 qui
1117 4197 1332 4237 servare
1363 4182 1550 4250 possit,
1581 4182 1890 4246 obsecrans,

307 4285 371 4331 et
402 4276 770 4332 liberationem
794 4276 980 4329 mortis
1009 4272 1299 4343 expetens?
1327 4271 1444 4326 Non
1469 4271 1609 4326 Deus
1637 4269 1890 4334 Verbum,

311 4369 638 4433 immortale,
679 4368 1023 4438 impassibile,
1056 4365 1390 4434 incorporale
1422 4381 1433 4414 ε
1469 4361 1627 4433 Cujus
1670 4379 1892 4415 comme-

1987 3223 2145 3277 quam
2174 3208 2369 3262 dixerit
2394 3215 2537 3262 recta
2567 3209 2819 3274 sentiens,
2847 3209 3162 3269 increatum,
3193 3217 3386 3263 etcum
3409 3207 3569 3262 Patre

1988 3305 2314 3353 comternum
2347 3297 2371 3335 δ
2404 3298 2569 3351 Deum
2601 3297 2868 3362 Verbum;
2919 3298 3012 3352 sed
3041 3314 3161 3352 eum
3187 3339 3201 3363 ,
3243 3301 3333 3366 qui
3372 3314 3438 3353 ex
3481 3314 3568 3352 se-

1989 3391 2131 3444 mine
2176 3389 2340 3444 David
2363 3431 2378 3455 ,
2410 3389 2500 3457 qui
2526 3429 2540 3452 ,
2585 3389 2718 3443 liber
2755 3389 2821 3442 ab
2850 3389 2996 3442 omni
3043 3397 3296 3458 peccato,
3329 3388 3572 3458 pontifex
3615 3391 3622 3398 ’

1989 3490 2173 3536 noster
2200 3481 2333 3544 fuit,
2379 3481 2651 3536 victimam
2681 3480 2796 3550 ipse
2835 3495 2894 3534 se
2940 3495 3037 3549 pro
3077 3480 3232 3534 nobis
3278 3491 3299 3518 ε
3339 3479 3572 3533 oﬁerens

1990 3573 2120 3638 Deo,
2152 3573 2355 3627 habens
2384 3572 2434 3624 in
2476 3587 2534 3625 se
2574 3580 2720 3625 certe
2761 3572 2853 3625 Dei
2881 3570 3114 3625 Verbum
3153 3570 3444 3625 adunatum
3471 3570 3570 3623 sibi

1990 3671 2044 3718 et
2073 3661 2498 3730 inseparabiliter
2526 3659 2907 3728 conjunctum?

2458 3807 2739 3846 RESPONSIO
2772 3807 3092 3845 ORTHODOXI.

2060 3903 2317 3960 Jeremias
2352 3903 2616 3973 propheta
2664 3917 2786 3955 cum
2815 3900 2978 3954 Israel
3011 3899 3319 3954 oﬁ‘endisset
3359 3899 3526 3953 Deum
3552 3937 3568 3964 ,

1993 4010 2221 4065 eumque
2243 3994 2309 4047 ad
2324 3991 2650 4047 iracundiam
2674 3997 3038 4060 provocasset,
3057 3990 3404 4044 coutristatus
3424 3988 3572 4043 dice-

1992 4088 2085 4142 bat
2117 4105 2129 4140 :
2169 4085 2294 4150 Quis
2325 4084 2467 4138 dabit
2498 4085 2652 4154 capiti
2682 4099 2790 4135 meo
2813 4098 3018 4152 aquam,
3046 4089 3094 4133 et
3117 4079 3279 4132 oculis
3306 4080 3431 4131 meis
3462 4081 3573 4148 fon-

1994 4191 2093 4234 tem
2122 4182 2485 4250 lacrymarum,
2517 4187 2571 4230 ut
2602 4177 2791 4246 possim
2823 4175 3010 4243 deﬂere
3036 4173 3278 4243 populum
3307 4171 3440 4224 hunc
3465 4173 3572 4224 dies

1993 4281 2041 4326 et
2084 4282 2254 4325 noctes
2285 4270 2496 4342 (Jerem.
2535 4285 2615 4344 jx,
2673 4269 2767 4337 1)?
2797 4266 2862 4318 Et
2891 4280 2990 4333 ego
3035 4264 3227 4332 opinor
3269 4277 3430 4316 voces
3475 4262 3574 4314 hu-

1991 4363 2224 4431 jusmodi
2250 4401 2265 4425 ,
2317 4377 2422 4414 non
2450 4359 2631 4412 Israeli
2677 4357 2881 4429 [Batus
2915 4355 3010 4424 illi]
3059 4354 3228 4421 magis
3256 4353 3571 4416 convenire,

312 4461 559 4525 moratio,
588 4459 880 4514 secundum
926 4456 1269 4526 Prophetam,
1301 4454 1583 4523 lwtiﬁcatio
1611 4461 1706 4515 est,
1737 4461 1785 4502 et
1823 4450 1894 4503 le-
1923 4474 1972 4532 ι)
1997 4467 2154 4520 quam
2186 4451 2248 4503 iis
2267 4489 2282 4514 ,
2313 4449 2403 4517 qui
2434 4448 2672 4518 patulum
2701 4461 2914 4514 semper
2942 4451 2994 4498 et
3025 4439 3049 4479 ἀ
3087 4442 3358 4512 petulcnm
3385 4457 3446 4496 os
3479 4441 3574 4493 ha-

312 4557 454 4608 eatio
482 4554 857 4624 lacrymarum;
913 4553 1021 4621 ipse
1040 4552 1176 4604 enim
1204 4548 1458 4617 absterget
1489 4560 1690 4598 omnem
1719 4544 1891 4613 lacry-

313 4665 461 4703 mam
489 4647 551 4700 ab
573 4647 711 4700 omni
735 4645 869 4698 vultu
899 4642 1032 4715 (Isa.
1061 4658 1185 4706 xxv,
1216 4638 1270 4704 9,
1292 4655 1393 4692 sec.
1420 4634 1601 4703 LXX).
1629 4633 1692 4686 Et
1712 4649 1896 4688 rursus

314 4738 588 4807 Propheta
621 4755 632 4787 :
662 4735 862 4789 Memor
884 4735 978 4806 fui,
1010 4732 1200 4801 inquit,
1227 4729 1323 4783 Dei
1348 4727 1516 4798 (Psal.
1548 4741 1724 4788 Lxxw,
1745 4723 1816 4792 4),
1847 4730 1896 4776 et

318 4833 531 4884 lwtatus
576 4843 708 4891 sum,
758 4825 900 4895 quod
951 4832 1162 4876 coronat
1191 4823 1377 4891 pietate
1404 4817 1682 4888 praeclaros
1715 4814 1895 4885 (Dan.

321 4935 439 4982 xm,
467 4917 553 4987 ‘2);
583 4919 725 4987 quod
755 4917 927 4970 omnia
967 4913 1142 4966 Patris
1171 4910 1393 4981 possidet
1425 4908 1603 4979 (Joan.
1634 4923 1737 4966 xvi,
1773 4903 1894 4972 15);

314 5011 471 5080 quod
495 5019 570 5063 est
597 5011 764 5080 inuigo
785 5006 1045 5061 simillima
1073 5003 1319 5074 genitoris
1351 4998 1571 5069 (Coloss.
1598 5014 1634 5061 ι,
1668 4994 1753 5060 15,
1777 4994 1896 5064 59);

319 5100 471 5172 quod
514 5103 566 5154 in
595 5118 648 5154 se
669 5099 878 5152 Patrem
906 5095 1126 5150 ostendit
1156 5092 1334 5164 (Joan.
1366 5106 1469 5154 xw,
1504 5087 1590 5156 10)
1621 5105 1632 5139 :
1665 5085 1759 5140 sed
1787 5101 1900 5139 ma-

1998 4541 2124 4596 bent
2154 4541 2204 4592 in
2233 4538 2501 4592 Christ-:m
2535 4555 2546 4589 :
2577 4534 2676 4600 Qui
2697 4537 2847 4588 etiam
2880 4532 3130 4602 ineffabili
3160 4531 3432 4585 detrahunt
3457 4531 3573 4600 glo-

1999 4636 2111 4698 riw,
2129 4632 2370 4696 audaces,
2397 4625 2856 4701 petulantesquelll
2879 4625 3022 4678 Petr.
3046 4641 3102 4688 ιι,
3130 4622 3237 4690 10),
3255 4621 3407 4689 juxta
3429 4620 3573 4689 quod

1999 4726 2254 4794 scriptum
2295 4730 2394 4776 est.
2428 4720 2580 4774 Fletu
2611 4727 2790 4772 autem
2830 4722 2954 4770 sunt
2993 4723 3047 4768 et
3075 4711 3456 4766 lamentatione
3489 4709 3570 4762 di-

1997 4813 2265 4883 gnissimi,
2307 4811 2398 4880 qui
2427 4809 2630 4863 inlinita
2671 4806 2939 4861 dementia
2969 4811 3168 4858 rectam
3198 4811 3250 4855 et
3278 4799 3570 4868 inculpabi-

1997 4905 2104 4959 lem
2137 4903 2351 4973 pietatis
2380 4901 2431 4954 in
2473 4897 2743 4952 Christum
2786 4895 3029 4950 semitam
3076 4892 3436 4959 negligentes,
3465 4888 3573 4940 dis-

2000 5005 2197 5051 tortam
2227 4995 2477 5057 orbitam,
2510 4992 2866 5058 ambagesque
2893 4993 3185 5048 sectantur,
3209 4992 3262 5038 et
3287 4980 3572 5050 cogitatio-

2001 5105 2126 5143 num
2156 5086 2333 5157 pravis
2357 5083 2587 5138 inventis
2607 5083 2769 5136 decus
2797 5079 3076 5148 inquinant
3100 5075 3356 5129 veritatis.

1472 5202 2009 5258 CASTIGATIONES
2047 5201 2134 5254 ET
2171 5197 2398 5254 NOTA‘J.

313 5309 549 5381 juvatur,
593 5314 641 5357 et
668 5320 781 5381 eum
809 5303 892 5374 qui
921 5301 1175 5374 qloriﬁcat
1213 5308 1261 5352 et
1308 5298 1654 5369 operationem
1684 5294 1896 5364 adjuvat

322 5373 513 5438 dicere,
536 5383 636 5428 etc.
671 5373 820 5427 Enn.

401 5456 428 5482 ι
460 5433 513 5498 in
542 5445 766 5513 epistola
794 5441 991 5510 Pelagii
1018 5439 1079 5493 ll.
1105 5438 1456 5513 Considerate,
1486 5433 1896 5513 inquit/inposta:

326 5519 438 5579 lus,
477 5505 771 5585 pontiﬁcem
811 5505 1143 5585 confessionis
1177 5523 1366 5562 nostra:
1391 5507 1567 5560 Iesum
1595 5505 1798 5573 ﬁdelem
1845 5505 1891 5554 ei

325 5590 412 5658 qui
445 5586 560 5658 fecit
588 5586 749 5658 illum,
771 5592 884 5658 etc.
909 5586 1102 5658 Βιδιυῑ.

403 5643 514 5708 ὺἸη
545 5643 766 5723 epistola
800 5651 1015 5719 Pelagii,
1044 5661 1090 5703 et
1120 5649 1279 5702 Deum
1309 5663 1492 5701 rerum.
1527 5644 1616 5699 Sic
1645 5644 1786 5697 enim
1820 5643 1895 5696 le-

1999 5293 2140 5362 gitur
2168 5291 2218 5344 in
2248 5290 2431 5362 codice
2465 5285 2797 5362 Colbertino,
2831 5297 3031 5362 eis-quo
3059 5281 3199 5334 edita
3231 5287 3342 5362 es‘t',
3380 5289 3476 5362 pro
3504 5289 3569 5362 eo

1998 5346 2140 5430 quod
2175 5361 2440 5415 editiones
2481 5358 2680 5430 habent
2719 5346 3228 5430 etaddainnverum.
3279 5346 3475 5430 Verum
3517 5346 3571 5397 in

1998 5417 2247 5486 versione
2286 5429 2524 5482 Antidoti
2566 5427 2758 5493 legitur
2797 5422 2962 5476 Deum
3011 5420 3247 5474 Verbum.
3289 5417 3376 5472 Sic
3409 5417 3572 5470 etiam

2000 5511 2176 5555 textus
2199 5498 2437 5553 Graccus.
2471 5497 2668 5550 Bswz.

2071 5583 2092 5610 ε
2128 5571 2181 5623 In
2204 5569 2428 5637 epistola
2462 5565 2678 5637 Pelagii,
2705 5563 2900 5637 obtu_lit.
2931 5559 3126 5614 BALUZ.

2071 5639 2094 5676 δ
2119 5632 2301 5694 Codex
2330 5637 2496 5691 Vatic.
2524 5632 2773 5706 petulans.
2809 5632 3010 5687 BALUZ.
