3978 6188
404 272 411 279 '
470 258 579 311 9ης,

973 248 1162 305 MAR“
1207 242 1648 301 MERCATORIS
1688 238 2254 296 TRANSLATIONES
2296 236 2650 293 VARIORUM
2691 235 3223 292 OPUSCULORLM.

3630 239 3662 291 υ
3672 239 3729 291 )0

540 367 681 437 Ergo
710 365 947 425 audiant,
975 362 1066 429 qui
1102 359 1270 413 invisa
1296 356 1544 411 omnibus
1568 353 1828 417 sentiunt,
1865 367 2054 406 erran-
2085 361 2129 415 Α
2158 349 2329 405 factus
2359 356 2441 405 est
2467 350 2630 403 homo
2660 363 2728 403 ex
2756 348 2962 403 semine
3003 348 3205 413 David;
3249 353 3406 400 natus
3437 353 3516 401 est
3557 362 3734 405 secun-

472 468 553 513 tes
583 460 635 511 in
672 454 891 510 scientia
922 452 1341 519 Scripturarum,
1390 445 1695 499 nescientes
1724 456 1976 510 magnum
2004 448 2061 496 et

471 546 778 603 venerabile
824 539 1213 596 lncarnationis
1254 537 1571 608 mysterium
1614 552 1627 587 :
1678 533 1875 588 divina:
1914 532 2059 587 enim

472 636 795 705 Scriptum,
840 631 1112 685 hominem
1161 628 1388 682 similem
1442 625 1598 681 nobis
1644 623 1841 679 factum
1893 621 2059 680 fuisse

473 726 761 796 pnedicant
802 720 1143 785 Emmanuel,
1176 727 1231 772 et
1276 717 1627 788 participasse
1656 715 1807 769 carni
1837 722 1893 768 et
1936 730 2061 768 san-

471 819 638 887 guini,
667 816 913 871 similiter
937 830 999 868 ac
1030 829 1148 879 nos,
1190 812 1424 866 Verbum
1451 809 1547 863 Dei
1574 817 1629 863 et
1655 807 1852 862 Patris.
1892 806 2056 860 Afﬁr-

472 919 620 965 mant
658 916 713 964 et
750 923 967 964 carnem
996 906 1224 970 factum,
1268 904 1321 958 id
1352 913 1453 969 est,
1486 903 1796 967 hominem;
1826 918 1933 954 non
1964 916 2061 969 per

469 1002 901 1063 conversionem,
930 1006 1021 1052 aut
1046 1012 1141 1067 per
1168 996 1645 1050 commutationem
1670 1033 1684 1059 ,
1728 993 1821 1047 sed
1862 994 2060 1047 virtute

470 1092 811 1146 adunationis
840 1106 1069 1153 arcanae,
1100 1095 1496 1158 proptereaque
1527 1102 1690 1141 unum
1719 1087 1946 1141 dicimus
1969 1084 2060 1140 Je-

472 1198 589 1236 sum
620 1182 890 1236 Christum
914 1181 1220 1245 Dominum,
1250 1186 1304 1233 et
1331 1194 1493 1232 unam
1530 1176 1710 1242 ﬁdem,
1735 1192 1898 1229 unum
1928 1176 2060 1230 item

472 1283 717 1330 sanctum
750 1274 1035 1342 baptisma.

545 1365 611 1418 lli
651 1380 779 1419 vero
822 1380 852 1417 a
887 1363 1048 1418 rectis
1076 1360 1415 1429 dogmatibus
1455 1359 1835 1423 abhorrentes,
1867 1364 1921 1412 et
1961 1356 2060 1409 ad-

477 1471 661 1511 versus
685 1471 866 1509 sacras
894 1454 1100 1507 litteras
1130 1452 1321 1505 durum
1375 1465 1592 1505 sensum
1630 1448 2061 1515 insolentemque

474 1551 842 1615 opponentes;
876 1542 942 1596 ad
974 1541 1026 1595 id
1056 1539 1451 1604 tantummodo,
1482 1538 1628 1608 quod
1650 1538 1779 1607 ipsis
1807 1537 1944 1590 bene
1966 1536 2061 1589 ha-

472 1639 603 1691 bere
632 1636 872 1697 videtur,
904 1633 1214 1702 inspiciunt,
1246 1638 1302 1685 et
1343 1631 1619 1683 hominem
1658 1636 1993 1696 assumptum
2028 1642 2061 1680 a

2161 444 2289 497 dum
2317 457 2556 507 carnem,
2595 451 2650 496 et
2677 442 2929 496 servilem
2958 441 3123 496 subiit
3162 454 3503 504 mensuram,
3542 439 3595 493 id
3622 450 3732 502 est.

2162 538 2473 601 humanam,
2504 536 2597 605 qui
2626 541 2709 589 est
2742 533 2924 605 opifex
2971 533 3213 588 omnium
3246 549 3259 585 :
3291 532 3454 586 homo
3492 532 3631 587 enim
3670 531 3735 588 fa-

2161 636 2279 684 ctus
2301 668 2316 692 ,
2349 627 2699 681 humanitatis
2728 643 2835 681 non
2885 626 3153 681 erubescit
3193 626 3375 680 subire
3420 639 3731 681 mensuram.

2163 718 2265 785 Qui
2294 719 2436 772 enim
2460 734 2571 772 non
2599 717 2869 773 recusavit
2898 733 3018 771 esse
3043 717 3233 771 similis
3259 717 3449 780 nostri,
3480 719 3736 785 quomodo

2162 829 2226 868 ea
2270 818 2578 877 recusaret,
2610 827 2708 882 per
2751 827 2871 881 qua:
2899 812 3175 865 hominem
3223 825 3281 864 se
3310 810 3480 864 nostri
3525 810 3735 865 similem

2164 920 2288 959 vere
2316 904 2515 958 factum
2546 918 2685 968 esse,
2713 912 2896 973 posset
2918 902 3239 957 ostendere?
3260 900 3316 955 Si
3345 900 3507 969 igitur
3534 915 3650 954 eum
3679 900 3737 954 ai.

2162 998 2432 1062 humanis,
2480 1005 2536 1051 et
2582 996 2781 1060 rebus,
2832 1003 2886 1049 et
2915 994 3253 1049 sermonibus
3301 994 3739 1059 submoveamus,

2163 1090 2310 1142 nullo
2336 1096 2493 1157 pacto
2519 1087 2818 1141 diﬁerimus
2859 1086 2927 1140 ab
2956 1086 3058 1149 bis,
3098 1086 3188 1153 qui
3230 1101 3374 1149 eum,
3406 1084 3451 1138 si
3483 1082 3594 1137 ﬁeri
3626 1100 3737 1153 pos-

2163 1186 2266 1243 set,
2289 1194 2383 1233 sua
2402 1193 2565 1233 carne
2586 1178 2749 1232 etiam
2777 1177 3102 1247 spoliarent;
3128 1177 3217 1244 qui
3248 1177 3539 1246 Scriptura:
3566 1175 3743 1229 divisae

2164 1287 2271 1325 non
2290 1270 2537 1334 credunt,
2570 1277 2878 1324 cvertentes
2900 1269 3122 1322 omnino
3146 1268 3537 1323 lncarnationis
3559 1275 3745 1337 myste-

2162 1363 2324 1427 rium,
2347 1361 2575 1416 salutem
2609 1361 2756 1415 orbis
2788 1367 3074 1424 terrarum,
3105 1374 3276 1429 spem,
3301 1356 3481 1424 ﬁdem,
3524 1373 3747 1413 resurre-

2163 1454 2423 1507 ctionem.

2236 1545 2387 1599 Dicat
2434 1544 2644 1613 aliquis,
2678 1544 2788 1600 Deo
2820 1543 2996 1599 Verbo
3024 1558 3214 1614 parum
3242 1542 3499 1599 decorum
3529 1557 3667 1606 esse,
3700 1550 3747 1596 et

2166 1637 2313 1691 nullo
2343 1636 2504 1691 modo
2540 1637 2896 1703 conveniens,
2928 1636 3231 1707 lacrymari,
3273 1636 3463 1689 timere
3504 1643 3743 1697 mortem,

475 1730 585 1784 Deo
616 1726 795 1782 Verbo
823 1730 1270 1787 commemorant,
1295 1722 1450 1790 juxta
1485 1720 1614 1774 illud
1648 1720 1875 1775 fortasse
1913 1718 2058 1788 quod
2094 1735 2132 1793 Β
2162 1728 2382 1781 calicem
2403 1742 2671 1790 recusare,
2696 1727 2876 1781 subire
2892 1725 3127 1781 ofﬁcium
3147 1723 3639 1779 sacerdotis.Valde
3658 1738 3749 1793 ego

475 1821 542 1873 ab
567 1834 672 1873 uno
694 1817 1080 1887 prophetarum
1100 1814 1301 1868 dictum
1324 1819 1407 1866 est
1439 1830 1451 1865 :
1477 1810 1743 1881 Propheta
1771 1826 1873 1863 non
1896 1826 2057 1873 eram,

473 1928 565 1965 nec
593 1912 735 1980 ﬁlius
763 1908 1072 1979 Prop/leue;
1111 1904 1203 1959 sed
1238 1915 1418 1972 pastor
1455 1919 1599 1957 eram
1634 1901 1877 1955 vellit-an;
1901 1887 2062 1970 'syco-

474 2019 651 2064 mora;
678 2009 727 2053 et
754 1998 1029 2069 assumpsit
1057 2013 1137 2050 me
1157 1995 1296 2050 Deus
1324 2012 1389 2049 ea;
1424 1992 1595 2047 ovibus
1619 1992 1797 2063 (Amos
1818 2007 1914 2056 vu,
1937 1989 2059 2059 li);

476 2102 568 2147 aut
602 2094 759 2157 forte,
787 2093 925 2144 sicut
951 2091 1025 2143 ait
1048 2091 1240 2143 beatus
1269 2086 1437 2141 David
1464 2104 1477 2139 :
1510 2084 1791 2139 Assumens
1815 2100 2063 2137 mansue-

478 2197 555 2239 tos
568 2185 821 2239 Dominus
844 2182 1017 2253 (Psal.
1037 2197 1211 2245 CXLVI,
1230 2179 1282 2250 6)
1302 2197 1315 2245 ;
1338 2178 1628 2234 secundum
1650 2179 1842 2249 σχέσιν
1860 2176 2066 2230 scilicet

476 2286 533 2332 et
555 2275 974 2330 familiaritatem
1001 2273 1320 2343 spiritalem,
1350 2287 1511 2341 quam
1533 2270 1829 2335 voluntate,
1861 2277 1917 2323 et
1944 2283 2065 2336 gra-

478 2369 572 2434 tia,
595 2376 649 2423 et
670 2366 1117 2429 sanctiﬁcatione,
1142 2381 1241 2419 nos
1264 2364 1427 2419 etiam
1448 2364 1708 2417 habemus
1734 2360 1833 2431 ipsi
1860 2378 1871 2412 :
1897 2359 2067 2413 adhae-

477 2466 657 2513 rentes
683 2458 824 2511 enim
851 2456 1099 2520 Domino,
1127 2472 1261 2508 unus
1291 2455 1505 2525 spiritus
1527 2469 1723 2517 sumus,
1748 2451 1899 2520 juxta
1922 2448 2067 2518 quod

477 2549 735 2618 scriptum
765 2555 847 2601 est
872 2546 913 2618 (Ι
937 2544 1057 2600 Cor.
1082 2563 1152 2612 Vl,
1188 2546 1299 2616 Π).
1336 2544 1395 2599 Id
1425 2554 1605 2599 autem
1628 2557 1967 2612 nequaquam
1990 2541 2065 2595 si-

478 2640 718 2710 gniﬁcat,
750 2640 920 2695 Deum
950 2640 1222 2694 hominem
1258 2639 1420 2695 fuisse
1460 2639 1694 2704 factum;
1738 2651 1915 2706 neque
1943 2652 2066 2691 eum

479 2735 724 2788 similiter
752 2749 816 2788 ac
850 2748 979 2798 nos,
1009 2733 1363 2802 participasse
1385 2732 1534 2787 carni
1575 2738 1630 2785 et
1658 2730 1942 2799 sanguini,
1972 2727 2067 2784 sed

478 2829 649 2896 magis
676 2827 1028 2895 assumpsisse
1066 2826 1362 2889 hominem,
1392 2840 1501 2878 non
1535 2824 1641 2878 alio
1679 2829 1839 2892 pacto
1861 2860 1878 2888 ,
1906 2836 2067 2891 quam

478 2934 585 2988 quo
601 2919 812 2983 dicitur,
840 2924 895 2972 et
921 2917 1214 2987 apostolos,
1239 2924 1293 2971 et
1314 2916 1628 2987 prophetas,
1652 2922 1915 2970 ctomnes
1934 2913 2069 2969 alios

479 3015 699 3062 sanctos
723 3008 1091 3077 assumpsisse.

2162 1832 2379 1888 quoque
2406 1817 2581 1871 libens
2609 1817 2918 1879 assentiam,
2944 1816 3059 1871 haec
3084 1814 3277 1869 divinae.
3315 1822 3521 1869 naturas
3564 1821 3619 1869 et
3644 1814 3748 1883 glo-

2162 1908 2255 1962 riae
2277 1909 2496 1962 minime
2516 1908 2827 1964 convenire.
2857 1907 3238 1963 Verumtamen
3268 1906 3321 1961 in
3349 1906 3432 1959 his
3455 1905 3617 1961 video
3637 1920 3749 1974 pau-

2162 2011 2445 2073 pertatem,
2477 2018 2638 2072 quam
2682 2010 2903 2073 propter
2944 2017 3044 2056 nos
3090 2000 3276 2055 volens
3323 2000 3440 2069 ipse
3484 1999 3745 2053 sustinuit.

2163 2094 2219 2149 Si
2248 2094 2346 2149 tibi
2384 2095 2561 2163 gravis
2591 2094 2832 2149 videatur
2879 2093 3221 2148 exinanitatis
3266 2091 3459 2159 injuria
3480 2131 3493 2156 ,
3526 2106 3597 2144 eo
3640 2089 3749 2159 plus

2164 2184 2359 2238 mirare
2387 2199 2512 2253 erga
2544 2200 2641 2239 nos
2667 2184 2784 2239 Filii
2806 2185 3159 2249 charitatem;
3192 2183 3337 2252 quod
3368 2183 3511 2237 enim
3542 2190 3651 2235 tam
3681 2183 3747 2235 in-

2163 2276 2418 2332 decorum
2447 2275 2599 2343 dicis,
2632 2284 2687 2331 et
2728 2291 2970 2346 parvum,
3021 2276 3125 2330 hoc
3165 2274 3303 2329 Deus
3337 2274 3415 2327 tui
3446 2288 3612 2328 causa
3656 2272 3747 2326 sibi

2164 2365 2291 2421 fecit
2319 2368 2567 2422 amabile.

2237 2454 2386 2511 More
2414 2457 2691 2511 hominum
2730 2455 3061 2527 lacrymavit,
3094 2461 3153 2508 ut
3194 2461 3312 2509 tuas
3349 2454 3620 2525 lacrymas
3646 2454 3749 2523 ipse

2166 2549 2446 2605 cohiberet
2472 2549 2679 2624 [Baluz.
2713 2548 3093 2620 conspiceret].
3116 2548 3345 2618 Expavit
3369 2547 3750 2617 dispensatorie

2167 2640 2487 2710 permittens
2508 2642 2656 2695 carni
2687 2640 2953 2694 interdum
2980 2640 3111 2709 pati,
3143 2654 3263 2708 quae
3288 2652 3381 2693 sua
3414 2645 3561 2701 sunt,
3590 2646 3645 2690 ut
3663 2652 3753 2689 nos

2168 2731 2609 2787 conﬁdentissimi
2662 2732 3027 2787 redderemur.
3078 2732 3313 2786 Calicem
3363 2730 3654 2792 recusavit,
3702 2736 3754 2782 ut

2169 2841 2301 2880 crux
2331 2825 2661 2896 impietatem
2684 2831 2933 2894 argueret
2956 2822 3282 2877 Judmorum.
3311 2821 3620 2876 Inﬁrmatus
3646 2836 3753 2874 esse

2171 2917 2368 2971 dicitur
2391 2916 2683 2970 secundum
2726 2916 3134 2979 humanitatem,
3176 2922 3237 2967 ut
3264 2922 3317 2968 te
3356 2911 3753 2968 inﬁrmitatibus

2170 3006 2442 3061 liberaret.
2476 3002 2672 3060 Preces
2719 3005 3245 3075 supplicationesque
3292 3004 3505 3069 obtulit,
3556 3014 3618 3057 ut
3660 3005 3752 3057 tuis

551 3096 828 3166 Decipitne
859 3097 1071 3152 divinus
1116 3095 1313 3151 Paulus
1341 3094 1704 3150 sanctiﬁcatos
1738 3108 1836 3163 per
1874 3090 2066 3158 ﬁdem,
2096 3104 2136 3161 (ζ
2171 3097 2333 3151 etiam
2364 3096 2843 3167 supplicationibus
2864 3110 3047 3149 aurem
3081 3094 3292 3149 facilem
3322 3094 3597 3158 redderet,
3624 3102 3676 3147 ut
3702 3102 3751 3145 tu

478 3187 878 3242 evidentissime
915 3186 982 3241 de
1013 3185 1299 3255 Unigenito
1344 3186 1559 3250 dicens,
1589 3185 1733 3255 quod
1774 3201 1888 3238 cum
1928 3184 2067 3238 dives

478 3294 631 3348 esset,
662 3300 856 3354 pauper
876 3291 951 3335 est
976 3284 1143 3353 factus
1175 3281 1238 3353 (ll
1267 3279 1387 3334 Cor.
1419 3297 1528 3343 vui,
1561 3279 1656 3349 9)?
1686 3278 1841 3334 Absit
1866 3296 1877 3330 :
1919 3294 2068 3333 num-

479 3388 641 3440 quam
670 3374 815 3426 enim
845 3373 1136 3426 mentietur
1165 3371 1404 3425 veritatis
1432 3372 1698 3424 maximus
1725 3368 2062 3439 pnndicator.

480 3465 589 3519 Sed
617 3465 863 3533 quisnam
892 3465 959 3517 sit
981 3463 1150 3529 dives,
1182 3472 1236 3517 et
1256 3463 1528 3533 quomodo
1557 3478 1761 3533 pauper
1782 3463 1851 3517 sit
1874 3460 2065 3527 factus,

485 3573 627 3612 nunc
654 3570 868 3625 quoque
891 3554 1198 3623 diligentius
1226 3561 1645 3625 perscrutemur.
1679 3553 1890 3609 Etenim
1920 3554 1983 3619 si,
2010 3562 2069 3608 ut

487 3650 565 3703 illi
610 3649 790 3703 dicere
819 3657 874 3702 et
901 3648 1103 3702 sentire
1131 3646 1426 3713 conﬁdunt,
1469 3648 1633 3701 homo
1661 3654 1743 3702 est
1765 3653 2069 3717 assumptus

484 3756 517 3793 a
547 3740 688 3804 Dco;
718 3737 992 3807 quomodo
1021 3738 1066 3792 is
1094 3738 1184 3806 qui
1215 3745 1521 3807 assumptus
1553 3745 1637 3792 est
1665 3753 1693 3790 a
1716 3736 1827 3791 Deo
1847 3776 1861 3801 ,
1898 3736 2070 3791 factus

484 3840 566 3884 est
590 3845 810 3900 pauper,
843 3844 966 3884 cum
987 3828 1390 3883 sublimioribus
1421 3836 1625 3882 natura:
1658 3843 1768 3881 suae
1793 3827 2068 3895 dignitati-

485 3923 583 3976 bus
626 3922 921 3975 illustratus
965 3920 1070 3974 sit?
1117 3919 1450 3988 gloriﬁcatus
1494 3927 1576 3973 est
1622 3918 1785 3973 enim.
1833 3917 1901 3971 At
1929 3919 1975 3972 si
2018 3918 2071 3972 id

485 4028 671 4066 verum
702 4027 807 4066 non
831 4019 952 4075 est,
999 4009 1425 4080 reprehendetur
1472 4009 1537 4062 ab
1569 4008 1697 4077 ipsis
1743 4009 2068 4079 assumptio,

485 4106 687 4174 quippe
720 4119 840 4173 quae
867 4103 933 4157 ad
963 4102 1292 4167 inferiorem,
1322 4109 1376 4155 et
1402 4101 1835 4169 ingloriosiorem
1858 4100 2074 4169 deiece-

487 4196 558 4248 rit
584 4194 934 4248 humanitatis
963 4192 1200 4247 modum.
1243 4190 1440 4245 Verum
1482 4191 1557 4244 ita
1588 4192 1789 4245 sentire
1831 4191 2072 4261 ineptum

486 4296 587 4341 est.
632 4286 774 4355 Ergo
806 4302 912 4341 non
947 4287 1011 4351 is,
1059 4286 1151 4354 qui
1184 4294 1490 4354 assumptus
1506 4292 1616 4349 est,
1648 4299 1854 4354 pauper
1883 4294 1965 4339 est
1996 4284 2075 4339 fa-

488 4388 639 4445 ctus;
688 4385 931 4446 superest
970 4378 1147 4446 igitur,
1200 4385 1258 4431 ut
1287 4376 1546 4441 dicamus,
1597 4376 1765 4429 Deum
1812 4374 2070 4441 Verbum,

2168 3186 2404 3240 disceres
2432 3186 2486 3239 in
2517 3186 2903 3240 tentationibus
2925 3185 3143 3239 minime
3172 3184 3495 3249 dormitare,
3526 3184 3625 3239 sed
3651 3185 3754 3238 ani-

2170 3294 2315 3333 mum
2345 3278 2680 3333 orationibus
2704 3278 2873 3346 magis
2893 3277 3188 3331 intendere.
3210 3275 3443 3344 ideoque
3474 3274 3681 3349 [Batus
3699 3274 3754 3328 ad

2168 3372 2445 3426 orationes
2473 3371 2642 3440 magis
2672 3372 2926 3439 arrigere.
2971 3367 3231 3439 Denique]
3259 3368 3620 3423 dormitantes
3640 3382 3755 3421 san-

2168 3470 2287 3517 ctos
2316 3462 2590 3532 apostolos
2612 3462 2893 3515 incusabat
2911 3460 3095 3516 dicens
3119 3478 3132 3512 :
3160 3458 3250 3514 Sic
3272 3477 3377 3513 non
3397 3460 3642 3530 potuistis
3662 3476 3756 3512 una

2170 3556 2299 3611 liora
2320 3556 2532 3626 vigilare
2570 3555 2806 3608 mecum?
2834 3554 3039 3625 vigilate
3076 3563 3125 3607 et
3157 3564 3328 3618 orate,
3358 3569 3423 3607 ne
3466 3554 3671 3606 intretis
3709 3554 3756 3605 in

2172 3648 2505 3701 tentationem
2534 3645 2748 3715 (Matth.
2792 3661 2936 3711 xxvi,
2979 3644 3055 3715 4).
3099 3643 3169 3698 Se
3217 3643 3424 3717 [Batus.
3460 3640 3595 3713 Sed]
3625 3644 3758 3696 enim

2173 3745 2443 3807 tamquam
2464 3736 2903 3793 reformationem
2933 3736 3049 3790 vita:
3071 3735 3241 3790 beatae
3268 3736 3531 3805 pratbeus,
3568 3735 3761 3804 proluit

2170 3829 2403 3894 mundo;
2438 3828 2558 3884 ideo
2579 3828 2927 3883 humanitatis
2956 3827 3292 3882 inﬁrmitates
3318 3826 3614 3881 familiares
3642 3825 3761 3880 fecit

2170 3928 2230 3973 ut
2254 3919 2416 3974 etiam
2441 3934 2569 3974 vere
2599 3920 2762 3974 homo
2790 3918 2962 3973 factus
2984 3934 3101 3973 esse
3130 3916 3461 3981 crederetur,
3486 3933 3615 3971 cum
3645 3932 3759 3987 per-

2171 4009 2454 4063 mansisset
2483 4008 2828 4063 nihilominus
2856 4009 2907 4063 id
2936 4008 3080 4077 quod
3102 4015 3244 4074 erat,
3271 4006 3323 4061 id
3351 4016 3453 4073 est,
3486 4006 3653 4061 Deus.

2245 4100 2350 4156 Sed
2370 4101 2552 4155 nescio
2575 4100 2846 4169 quomodo
2879 4100 2953 4163 hi,
2979 4100 3069 4169 qui
3097 4096 3369 4153 Christum
3397 4114 3457 4153 se
3487 4113 3657 4151 unum
3684 4095 3763 4149 di-

2173 4212 2295 4251 cere
2321 4195 2591 4262 simulant,
2623 4205 2679 4251 et
2715 4194 2926 4261 Filium,
2958 4204 3014 4251 et
3054 4194 3374 4261 Dominum,
3406 4194 3762 4262 eumdemque

2175 4291 2343 4346 Deum
2381 4291 2540 4346 simul
2567 4299 2623 4346 et
2665 4291 2957 4354 hominem,
3008 4290 3211 4355 dicunt,
3243 4304 3351 4343 non
3400 4286 3500 4342 Dei
3529 4287 3760 4343 Verbqu

2175 4390 2538 4453 nuncupatum
2567 4381 2730 4438 fuisse
2770 4380 3096 4453 pontiﬁcem,
3128 4389 3183 4436 et
3210 4382 3513 4451 apostolum
3556 4379 3762 4435 confes-

489 4485 611 4524 cum
651 4477 795 4523 esset
819 4469 995 4533 dives,
1037 4468 1104 4521 ad
1143 4478 1379 4524 nostram
1410 4468 1725 4539 pauperiem
1767 4468 2067 4524 devenisse.
2098 4470 2147 4530 D
2175 4474 2341 4530 sionis
2368 4484 2581 4540 nosme,
2627 4483 2755 4530 tunc
2791 4491 2913 4529 cum
2961 4474 3129 4528 racius
3169 4481 3251 4527 est
3297 4473 3494 4538 homo;
3539 4474 3637 4527 sed
3677 4480 3761 4524 aut

562 4556 761 4615 Verum
799 4556 1071 4626 quomodo
1098 4572 1305 4627 pauper
1345 4569 1427 4613 est
1466 4558 1675 4614 factus?
1709 4558 1850 4627 Age,
1884 4570 1943 4613 ut
1973 4576 2070 4615 ne-

486 4648 783 4705 cessarium
821 4656 932 4714 est,
978 4647 1312 4703 attendamus
1345 4667 1356 4699 :
1406 4650 1827 4705 inconvertibilis
1856 4651 2073 4719 quidem

488 4736 571 4797 est
601 4742 791 4812 procul
819 4742 982 4797 dubio
1012 4756 1110 4811 per
1138 4749 1414 4805 naturam,
1445 4756 1546 4796 nec
1577 4758 1673 4795 sua
1700 4742 1977 4811 derelicta,
2018 4742 2074 4797 in

490 4843 738 4888 naturam
757 4833 967 4887 transiit
988 4832 1193 4895 carnis;
1216 4832 1510 4897 permansit
1530 4834 1671 4887 enim
1696 4833 1745 4887 id
1768 4834 1911 4902 quod
1935 4842 2072 4901 erat,

489 4928 541 4981 id
572 4934 681 4994 est,
710 4926 870 4980 Deus.
904 4922 1005 4978 Ubi
1036 4924 1196 4993 igitur
1224 4922 1576 4977 humilitatem
1607 4923 1906 4979 videbimus
1934 4940 2072 4995 pau-

490 5018 752 5089 pertatis?
789 5016 847 5070 lu
881 5031 1039 5081 eone,
1075 5016 1221 5084 quod
1255 5030 1421 5068 unum
1459 5014 1689 5069 similem
1720 5015 1891 5070 nostri
1931 5016 2074 5071 Deus

491 5108 868 5178 assumpserit,
899 5108 1036 5161 sicut
1066 5106 1244 5161 dicere
1275 5106 1391 5165 ausi
1414 5115 1539 5161 sunt
1568 5107 1859 5175 impietatis
1884 5108 2077 5163 Nesto-

492 5202 555 5256 rii
578 5199 834 5269 parasiti?
862 5197 929 5251 Et
957 5198 1076 5267 quis
1098 5195 1189 5250 ﬁat
1216 5197 1423 5269 [Baluz.
1454 5200 1547 5267 qui
1570 5198 1692 5271 fuit]
1722 5200 1824 5269 ipsi
1853 5213 2081 5270 pauper-

491 5293 619 5346 tatis
657 5297 712 5345 et
739 5288 1080 5344 exinanitatis
1124 5289 1347 5344 modus?
1375 5290 1431 5344 In
1462 5306 1599 5346 eone
1641 5298 1847 5345 tantum
1877 5330 1891 5356 ,
1933 5290 2077 5361 quod

492 5383 630 5438 forte
657 5380 889 5436 voluerit
908 5380 1139 5450 aliquem
1161 5383 1331 5438 nostri
1360 5385 1589 5439 similem
1606 5385 1878 5439 hominem
1902 5386 2077 5440 hono-

493 5473 648 5528 rare?
677 5471 746 5526 At
772 5473 920 5527 nullo
949 5481 1109 5542 pacto
1139 5473 1397 5530 beneﬁcia
1432 5476 1736 5545 praestando
1768 5477 1911 5531 Deus
1950 5493 2071 5530 mn-

494 5568 742 5635 nipotens
772 5564 999 5619 violatur
1024 5585 1035 5617 :
1063 5566 1334 5635 quomodo
1356 5581 1486 5635 ergo
1514 5583 1721 5637 pauper
1752 5578 1834 5624 est
1863 5568 2075 5623 factus?

493 5659 626 5725 Quia
648 5673 770 5715 cum
801 5668 944 5713 esset
976 5658 1115 5714 Deus
1144 5669 1351 5724 natura,
1384 5669 1437 5715 et
1469 5660 1632 5716 Filius
1663 5661 1755 5715 Dei
1786 5671 1837 5717 ct
1870 5661 2071 5722 Patris.

2179 4566 2360 4632 alium,
2394 4567 2575 4622 nescio
2597 4582 2775 4636 quem,
2805 4582 3020 4621 seorsus
3048 4566 3319 4620 hominem
3362 4565 3536 4635 ipsum
3562 4580 3661 4635 per
3688 4578 3761 4622 se.

2178 4661 2269 4730 qui
2299 4667 2415 4716 erat
2441 4676 2508 4716 ex
2536 4661 2741 4716 semine
2768 4660 2955 4724 David,
2999 4660 3050 4713 in
3081 4660 3130 4713 id
3159 4664 3406 4713 vocatum
3450 4672 3572 4712 esse
3619 4654 3761 4710 afﬁr-

2179 4760 2329 4805 mant
2355 4770 2368 4804 :
2416 4751 2637 4806 forsitan
2665 4758 2996 4813 metuentes,
3026 4765 3095 4804 ne
3141 4750 3186 4803 si
3215 4757 3361 4803 recta
3402 4748 3669 4811 sentiant,
3701 4746 3763 4799 ah

2179 4842 2455 4913 impietate
2486 4843 2766 4896 videa:.tur
2794 4840 3024 4895 Nestorii
3052 4840 3328 4894 defecisse.
3357 4839 3445 4892 Ait
3479 4840 3623 4893 enim
3667 4837 3764 4890 hoc

2181 4933 2342 4988 modo
2364 4933 2451 4987 ille
2482 4933 2675 5003 (Serm.
2706 4933 2738 4984 6
2765 4934 2849 5003 qui
2889 4933 3066 4984 tertius
3091 4933 3143 4984 in
3164 4928 3433 4999 Proclum)
3470 4948 3481 4981 :
3514 4928 3652 4991 Hic,
3685 4927 3767 4997 qui

2174 5023 2347 5095 ﬁdelis
2376 5023 2444 5075 ad
2472 5021 2637 5075 Deum
2665 5023 2899 5094 pontifex
2920 5024 3086 5093 {actus
3108 5030 3214 5086 est;
3239 5022 3405 5091 factus
3426 5028 3504 5073 est
3529 5019 3690 5083 enim,
3719 5026 3765 5069 et

2179 5133 2282 5169 non
2312 5133 2511 5187 semper
2546 5118 2743 5187 fuerat;
2775 5117 2875 5179 hic,
2900 5118 2985 5186 qui
3011 5115 3262 5185 paulatim
3283 5116 3333 5167 in
3358 5112 3616 5183 pontiﬁcis
3642 5127 3765 5181 pro-

2182 5209 2319 5278 fecit,
2349 5208 2603 5271 hmretice,
2629 5207 2950 5278 dignitatem.
2986 5206 3205 5270 Deinde,
3238 5212 3297 5257 ut
3326 5205 3441 5273 ipse
3471 5203 3761 5257 existimat.

2183 5316 2400 5354 suarum
2416 5316 2607 5354 vocum
2628 5301 2846 5369 cupiens
2861 5300 3140 5354 veritatem
3157 5297 3496 5361 conﬁrmare,
3512 5297 3639 5351 dicit
3657 5315 3668 5347 :
3694 5294 3768 5346 De

2180 5407 2277 5461 quo
2306 5398 2355 5443 et
2386 5388 2553 5443 Lucas
2575 5391 2627 5442 in
2649 5389 2945 5462 Evangelii:
2970 5388 3259 5444 clamabat:
3281 5387 3433 5443 Iesus
3464 5398 3629 5442 autem
3647 5403 3766 5455 pro—

2180 5480 2387 5549 ﬁciebat
2424 5491 2594 5545 (etate,
2626 5491 2674 5534 et
2716 5482 2992 5551 sapientia,
3018 5492 3068 5533 et
3088 5482 3275 5552 gratia.
3314 5478 3382 5532 Et
3411 5495 3624 5533 rursus:
3662 5474 3768 5530 Sed

2180 5588 2292 5625 cum
2322 5574 2386 5626 sit
2408 5571 2551 5625 nobis
2580 5572 2660 5625 hic
2680 5571 2820 5626 solus
2857 5572 3091 5643 pontifex
3113 5570 3475 5634 condolens,et
3505 5577 3767 5638 cognatus,

2180 5674 2228 5719 et
2248 5674 2433 5729 certus,
2464 5660 2526 5716 ab
2553 5664 2712 5735 ipsius
2756 5675 2941 5717 natura
2980 5679 3082 5717 non
3111 5661 3428 5717 seducantini
3460 5677 3477 5715 ξ
3508 5662 3611 5732 ipse
3630 5657 3767 5711 enim
