3978 6188
272 276 374 331 037

951 277 1008 331 S.
1049 276 1322 333 CYRILLI
1367 278 1888 336 APOLOGETICI'S
1930 282 2293 339 AllVERSC-S
2337 255 2877 345 TllEODURliTUM.

3453 297 3556 354 998

271 390 420 444 nobis
443 403 509 466 ex
535 388 789 458 promissa
827 385 1175 443 benedictione
1202 399 1251 442 et
1270 392 1464 444 semine
1490 391 1714 444 Abrahae
1742 393 1866 445 mis-
1896 397 1937 453 Α
1969 409 2087 462 qute
2110 394 2356 465 lacrymre
2380 406 2486 451 tam
2514 398 2675 469 impie
2695 402 3025 458 credentium
3058 413 3311 475 poterunt
3337 410 3555 468 abolere

266 495 358 533 sus
399 489 494 543 est,
525 495 618 547 pro
664 495 720 532 se
747 480 880 549 ipso,
910 489 958 532 et
995 495 1087 534 suo
1113 497 1296 551 genere
1341 483 1575 552 corporis
1605 483 1864 536 victimam

267 587 442 624 secum
478 569 767 623 adducens.

344 661 413 715 At
441 661 722 715 dementiae
762 661 902 716 illius
949 663 1183 731 optimus
1232 664 1532 731 :emulator,
1563 665 1645 719 vir
1693 664 1867 719 bonus

269 755 479 828 [Batuz.
499 754 621 806 add.
649 752 772 824 iste]
795 754 1184 820 Theodoretus,
1216 772 1322 810 non
1353 757 1621 812 erubescit
1645 757 1863 811 dicens:

271 846 576 899 Humanam
605 855 846 899 naturam
874 848 1169 917 assumpsit,
1195 857 1244 900 et
1271 864 1382 901 eam
1405 863 1558 918 super
1577 863 1866 902 communes

270 937 539 1005 pontiﬁces
567 935 841 1000 ordinavit,
874 936 1006 988 sicut
1033 945 1081 988 et
1111 935 1308 990 Paulus
1332 935 1455 990 dicit
1479 953 1495 989 :
1522 933 1702 991 Omnis
1731 937 1866 990 enim

268 1028 510 1096 pontifex
546 1042 610 1078 ea:
654 1024 944 1079 hominibus
975 1035 1268 1096 assumptus
1303 1043 1396 1096 pro
1424 1025 1716 1080 hominibus
1745 1041 1870 1078 con-

267 1119 504 1170 stituitur
524 1117 575 1168 in
612 1116 711 1181 his,
742 1133 856 1187 quin
884 1125 1003 1169 sunt
1031 1115 1099 1168 ad
1127 1115 1314 1180 Deum,
1343 1117 1428 1188 qui
1453 1115 1724 1169 condotere
1745 1131 1867 1184 pos-

267 1209 342 1259 sit
370 1206 469 1270 his,
493 1206 577 1277 qui
606 1207 847 1274 ignorant
869 1216 916 1259 et
944 1216 1139 1271 errant,
1168 1208 1410 1278 quoniam
1440 1216 1487 1259 et
1507 1208 1618 1277 ipse
1645 1207 1867 1258 circum-

270 1297 428 1351 datus
466 1308 541 1350 est
581 1298 915 1367 inﬁrmitate;
946 1307 994 1350 et
1037 1306 1307 1368 propterea
1349 1294 1512 1360 debet,
1540 1294 1869 1366 quemadmo-

271 1389 399 1441 dum
438 1404 531 1458 pro
572 1388 781 1458 populo,
810 1389 885 1441 ita
931 1388 1088 1441 etiam
1117 1404 1211 1458 pro
1240 1387 1512 1457 semetipso
1541 1385 1732 1454 offerre
1773 1401 1867 1456 pro

269 1480 516 1549 peccatis.
551 1477 737 1533 Nonne
777 1479 1050 1533 hominem
1079 1479 1238 1533 nobis
1284 1494 1622 1534 communem
1654 1476 1869 1531 Emma-

273 1569 423 1633 nuel,
453 1577 711 1638 quantum
742 1568 808 1622 ad
834 1568 1006 1638 ipsum
1036 1570 1285 1638 pertinet,
1314 1566 1528 1622 effecit?
1556 1568 1745 1623 Nonne
1773 1584 1867 1622 su-

270 1677 375 1732 pra
399 1661 709 1715 memoratis
730 1661 843 1716 lnec
862 1676 1077 1731 quoque
1105 1670 1228 1715 sunt
1255 1677 1522 1731 germanae
1551 1661 1831 1717 sententia:
1849 1701 1864 1727 ,

1967 493 2188 554 peccata
2204 487 2226 539 ?
2241 486 2297 540 Si
2317 487 2612 556 acquiescis
2633 490 2963 557 adunationi,
2982 497 3254 563 quomodo
3277 497 3552 565 ignorasti,

1967 574 2111 643 quod
2160 575 2229 630 de
2270 576 2382 632 Deo
2417 577 2581 646 dicas,
2613 580 2705 648 qui
2733 579 2907 637 factus
2927 585 2997 639 sit
3019 585 3216 639 homo?
3246 586 3559 640 Humiliavit

1967 680 2026 719 se
2050 673 2139 719 tua
2168 682 2351 732 causa,
2384 675 2439 722 et
2467 677 2523 724 tu
2552 670 2714 740 impie
2739 674 3008 730 exclamas
3041 693 3055 730 :
3108 676 3373 748 Propitius
3425 692 3553 744 esto,

1967 756 2208 820 Domine,
2240 775 2518 832 numquam
2559 763 2648 816 tibi
2677 765 2774 817 erit
2801 767 2958 819 istud.
2990 765 3130 835 Ergo
3154 769 3338 823 audies
3382 769 3555 838 ipsum

1967 847 2232 901 dicentem
2259 866 2272 901 :
2313 848 2458 903 Vade
2488 862 2622 906 retro
2649 870 2681 906 a
2704 870 2802 919 me,
2831 854 3034 909 Satana
3057 873 3074 921 ;
3097 857 3400 911 scandalum
3429 858 3554 911 mihi

1966 953 2018 991 es
2050 936 2265 1008 (Matth.
2299 955 2405 1004 xvr,
2437 939 2549 1011 22).

2039 1031 2145 1086 Sed
2175 1033 2317 1086 enim
2348 1033 2402 1087 in
2423 1033 2662 1089 clausula
2692 1051 2908 1090 suorum
2931 1036 3194 1092 dictorum
3219 1039 3351 1093 dixit
3377 1058 3388 1092 :
3415 1039 3556 1110 ErJo

1965 1127 2031 1190 is,
2061 1126 2148 1196 qui
2177 1124 2382 1197 [Baluz.
2416 1127 2537 1181 add.
2570 1126 2668 1199 est]
2690 1145 2754 1182 ea:
2773 1131 2966 1182 semine
2990 1129 3176 1196 David,
3201 1133 3436 1202 pontifex
3458 1143 3554 1194 est,

1968 1217 2160 1271 habens
2189 1220 2244 1271 in
2264 1234 2319 1271 se
2346 1218 2541 1272 scilicet
2565 1218 2730 1274 Deum
2769 1219 2990 1274 Verbum
3032 1221 3129 1275 sibi
3158 1222 3462 1285 adunatum,
3510 1231 3560 1274 et

1967 1308 2384 1380 inseparabiliter
2430 1310 2781 1380 conjunctum.
2839 1309 2907 1365 Et
2952 1311 3223 1380 quomodo
3269 1310 3556 1364 adunatum

1970 1401 2102 1457 dicit
2130 1401 2241 1455 Deo
2268 1399 2447 1456 Verbo
2478 1401 2548 1467 id,
2581 1403 2726 1471 quod
2755 1410 2838 1458 est
2866 1418 2932 1459 ex
2956 1403 3162 1458 semine
3185 1403 3370 1468 David,
3395 1404 3437 1458 si
3461 1403 3561 1458 soli

1969 1491 2038 1549 ei.
2070 1490 2160 1559 qui
2190 1497 2272 1544 est
2299 1505 2366 1545 ex
2387 1491 2591 1545 semine
2620 1491 2808 1558 David,
2842 1492 3200 1548 sacerdotium
3246 1493 3561 1563 deputavit?

1968 1579 2101 1636 Nam
2124 1580 2170 1635 si
2201 1595 2326 1634 vera
2349 1587 2431 1635 est
2450 1580 2724 1647 adunatio,
2768 1597 2876 1636 non
2905 1590 3030 1636 sunt
3057 1583 3164 1637 duo
3195 1583 3433 1652 omnjno,
3467 1583 3560 1637 sed

1969 1684 2126 1735 unus,
2185 1677 2241 1724 et
2287 1669 2452 1735 solus,
2507 1671 2601 1739 qui
2649 1685 2716 1726 ex
2759 1671 2999 1740 utrisque
3053 1671 3370 1740 intelligitur
3402 1672 3560 1726 Chri-

269 1753 521 1808 eamdem
545 1752 935 1823 blasphemiam
962 1754 1354 1823 parturientes?
1375 1753 1512 1820 Quid
1534 1754 1652 1808 ais?
1673 1752 1864 1807 Metuis
1896 1759 1942 1817 Β
1969 1767 2102 1813 stus.

271 1844 564 1900 sacerdotii
607 1844 822 1899 modum
845 1845 897 1898 in
924 1843 1138 1900 Christo
1165 1845 1402 1898 omnium
1431 1845 1726 1910 salvatore;
1761 1859 1864 1898 nec

272 1935 606 1991 conveniens
633 1935 845 1990 videtur
865 1950 984 1990 esse
1013 1935 1122 1990 Deo
1143 1935 1322 1990 Verbo
1345 1936 1578 1990 humano
1601 1950 1752 1989 more
1773 1935 1867 1988 mi-

273 2026 524 2092 nistrare,
557 2035 777 2096 propter
803 2025 1298 2095 dispensationem?
1338 2025 1540 2095 Detege
1567 2034 1717 2079 tuum
1746 2024 1863 2079 vul-

273 2125 411 2181 tum,
442 2132 673 2186 persona
700 2115 940 2186 deposita
961 2158 975 2183 ,
1019 2124 1074 2171 et
1102 2115 1276 2185 palam
1308 2116 1512 2183 denega
1563 2115 1658 2170 Dei
1707 2113 1866 2170 Verbi

274 2207 723 2273 incarnationem,
752 2215 973 2278 propter
999 2223 1160 2277 quam
1190 2215 1244 2261 et
1281 2208 1522 2276 pontifex
1561 2205 1868 2261 nominatus

275 2307 380 2352 est.
405 2297 847 2352 lmmolantemne
884 2313 1007 2352 eum
1057 2299 1344 2368 conspicis,
1373 2307 1644 2368 tamquam
1687 2298 1775 2353 alii
1816 2306 1871 2352 et

275 2388 476 2459 majori
505 2388 637 2454 Deo,
668 2386 853 2442 Patri?
881 2387 1358 2459 Contemplatusne
1379 2405 1437 2444 es
1461 2389 1724 2444 sacriﬁcia
1746 2387 1873 2444 offe-

275 2488 507 2544 rentem,
547 2479 794 2548 exemplo
836 2494 1022 2534 eorum
1051 2480 1143 2548 qui
1183 2479 1250 2534 ab
1279 2480 1582 2534 hominibus
1611 2481 1870 2551 assumpti

276 2579 425 2633 sunt,
468 2571 665 2639 quique
692 2570 983 2626 condolere
1025 2578 1251 2640 possunt
1297 2571 1666 2638 ignorantibus
1704 2579 1760 2626 et
1785 2585 1872 2626 er-

281 2663 544 2728 rantibus,
571 2662 689 2716 ideo
718 2662 862 2730 quod
891 2669 946 2716 et
975 2661 1074 2730 ipsi
1104 2661 1210 2716 sint
1239 2661 1290 2714 in
1333 2659 1732 2717 inﬁrmitatibus
1773 2678 1873 2717 no-

279 2755 444 2810 stris?
473 2753 552 2807 An
577 2769 682 2807 non
707 2752 1076 2818 considerasti,
1109 2751 1254 2820 quod
1285 2752 1441 2806 ﬁdem
1467 2753 1726 2820 omnium,
1758 2754 1873 2808 sive

280 2845 405 2901 ﬁdei
434 2845 844 2910 confessionem,
873 2854 899 2882 δ
929 2853 984 2898 et
1023 2843 1244 2914 Spiritui
1291 2851 1480 2898 sancto
1508 2851 1792 2898 consecrat
1818 2851 1874 2898 et

283 2936 466 2992 Patri?
487 2938 643 2992 hicne
680 2937 899 2990 humani
922 2935 1204 2989 ministerii
1225 2934 1417 2990 modus
1454 2943 1536 2988 est
1566 2949 1788 3005 poscere
1812 2933 1874 2986 ﬁ-

281 3029 406 3082 dem
432 3029 498 3082 ab
537 3028 640 3092 his,
663 3029 754 3096 qui
783 3028 836 3081 in
883 3027 1105 3082 odorem
1152 3025 1432 3082 suavitatis
1471 3025 1637 3080 oblati
1674 3026 1780 3080 sint
1820 3026 1873 3080 in

283 3119 508 3187 spiritu?
561 3118 962 3183 Animadverte,

282 3211 426 3265 Deus
452 3211 538 3275 sit,
569 3210 692 3264 licet
720 3209 955 3264 humano
976 3224 1144 3274 more,
1169 3216 1392 3279 propter
1417 3208 1874 3278 dispensationem

284 3303 589 3355 ministrare
615 3302 822 3355 dicatur
853 3318 866 3353 :
891 3300 1134 3355 considet
1162 3301 1305 3354 enim
1333 3301 1446 3356 Deo
1467 3308 1524 3356 et
1544 3298 1709 3367 Patri,
1743 3300 1874 3356 etin

284 3393 504 3448 sedibus
531 3393 756 3447 excelsis
783 3391 1129 3461 conspicitur.

359 3485 546 3539 Terret
567 3493 618 3538 te
638 3484 780 3553 quod
801 3482 1164 3548 humanitatis,
1190 3489 1364 3536 necte
1391 3483 1534 3552 quod
1557 3482 1870 3548 divinitatis,

285 3579 482 3632 liberat
507 3578 691 3632 metu?
720 3576 835 3630 Non
859 3575 1078 3646 pateris,
1122 3590 1191 3630 ex
1237 3575 1399 3628 rebus
1427 3575 1558 3644 ipsis
1586 3576 1870 3645 inspicere,

285 3669 452 3722 Deum
476 3683 594 3722 esse
614 3669 769 3722 simul
791 3675 846 3722 et
866 3667 1137 3722 hominem
1161 3665 1510 3732 Emmanuel;
1535 3667 1630 3722 sed
1651 3676 1758 3720 tam
1781 3682 1877 3736 pe-

284 3759 521 3812 tulanter
565 3766 619 3813 et
657 3758 1070 3824 inconsiderate,
1130 3758 1294 3813 immo
1324 3757 1462 3812 ultra
1489 3759 1747 3813 terminos
1776 3760 1877 3812 im-

284 3853 503 3922 pietatis
552 3853 714 3906 totius
755 3868 1062 3918 excurrens,
1114 3853 1193 3907 ais
1243 3853 1416 3922 ipsum
1446 3861 1876 3907 consummatum

283 3960 409 3999 esse
464 3944 750 4009 laboribus,
805 3952 860 3999 et
887 3946 1102 4010 virtute,
1149 3953 1204 3998 et
1224 3945 1517 4015 profecisse
1543 3946 1799 4015 paulatim
1823 3949 1876 4000 in

280 4035 556 4108 pontiﬁcis
593 4035 924 4103 dignitatem.
969 4035 1026 4091 Si
1072 4035 1320 4106 profecit,
1353 4037 1442 4090 ubi
1469 4037 1789 4100 exinanitas,
1822 4046 1877 4092 et

283 4126 379 4179 ubi
409 4141 613 4196 pauper
631 4133 713 4180 est
741 4125 949 4180 factus?
978 4125 1004 4164 ιι
1031 4125 1087 4180 Si
1115 4135 1516 4181 consummatus
1544 4135 1626 4182 est
1653 4143 1752 4198 per
1770 4128 1877 4181 vir-

280 4228 479 4285 tutem,
511 4234 577 4272 ex
601 4219 911 4288 imperfecto
937 4220 1141 4288 utique,
1175 4226 1231 4273 et
1252 4219 1304 4272 in
1335 4227 1578 4289 tempore
1606 4220 1778 4274 factus
1793 4229 1876 4274 est

279 4309 577 4381 perfectus.
620 4308 889 4378 Quidquid
926 4320 1106 4364 autem
1133 4325 1241 4364 non
1271 4318 1352 4364 est
1392 4310 1447 4364 in
1474 4311 1668 4364 virtute
1696 4308 1875 4380 perfe-

279 4409 456 4465 ctum,
480 4401 632 4470 culpa
656 4408 711 4455 et
730 4401 859 4455 vitio
880 4401 1216 4467 continetur;
1244 4409 1299 4455 et
1319 4401 1466 4470 quod
1486 4402 1618 4456 vitio
1639 4402 1877 4456 contine-

2037 1845 2255 1902 Certum
2283 1855 2367 1904 est
2402 1863 2550 1919 ergo,
2585 1849 2705 1905 illos
2732 1849 2982 1905 simulate
3011 1849 3394 1905 adunationem
3423 1865 3556 1904 con-

1969 1936 2125 2002 ﬁteri,
2150 1939 2536 2009 simpliciorum
2571 1940 2780 1996 animos
2808 1940 3135 1996 insectantes
3174 1938 3380 2013 [Batuz.
3428 1940 3563 1995 inlc-

1968 2025 2238 2100 ctantes]:
2275 2029 2708 2098 conjunctionem
2737 2046 2969 2101 namque
3016 2032 3244 2087 credunt
3291 2039 3559 2104 σχετικὴν,

1969 2124 2025 2171 et
2071 2119 2406 2190 extrinsecus
2445 2118 2659 2187 factam,
2717 2135 2878 2189 quam
2922 2137 3021 2177 nos
3061 2122 3223 2177 etiam
3254 2123 3559 2190 habuimus,

1971 2224 2092 2263 cum
2120 2210 2409 2280 participes
2432 2211 2624 2265 divina:
2649 2212 2816 2282 ipsius
2845 2220 3051 2267 natura:
3081 2213 3206 2267 facti
3234 2230 3418 2268 sumus
3464 2228 3562 2282 per

1972 2301 2238 2370 spiritum.
2264 2302 2382 2358 Non
2411 2304 2789 2359 adhznrendum
2815 2304 3019 2377 [Datum
3053 2305 3438 2377 accedendum]
3466 2306 3565 2374 igi-

1972 2400 2060 2446 tur
2079 2393 2290 2448 illorum
2311 2397 2655 2463 vanitatibus,
2683 2397 2776 2451 sed
2805 2406 2966 2452 rectae
2997 2405 3051 2452 et
3079 2398 3388 2468 ineulpabili
3418 2398 3560 2465 ﬁdei,

1972 2491 2027 2536 et
2047 2485 2386 2553 evangelicis,
2412 2491 2466 2540 et
2488 2486 2798 2557 apostolicis
2819 2487 3202 2542 sanctionibus.

2348 2622 2759 2664 ANATUEMATISM
2767 2625 2827 2665 US
2853 2625 3080 2665 UNDECI)!
3088 2626 3166 2666 US.

2045 2720 2226 2790 Siquis
2265 2737 2372 2777 non
2424 2721 2747 2778 conﬁteatur
2791 2740 3008 2779 carnem
3048 2725 3260 2780 Domini
3301 2726 3562 2781 viviticam

1958 2809 2112 2878 esse,
2164 2821 2220 2868 et
2262 2813 2430 2884 ipsius
2457 2814 2552 2870 Dei
2581 2814 2744 2870 Verbi
2790 2815 3080 2885 propriam,
3130 2814 3221 2869 sed
3260 2825 3317 2870 ut
3342 2817 3563 2870 alterius

1973 2906 2290 2978 cuiuspiam,
2319 2906 2591 2976 conjuncti
2613 2908 2828 2980 quidem
2858 2908 2959 2978 ipsi
2987 2924 3083 2978 per
3101 2908 3432 2978 dignitatem,
3451 2909 3565 2962 sive

1975 3013 2073 3068 per
2097 2997 2271 3051 solam
2297 2998 2776 3064 inhabitationem;
2800 3014 2862 3053 ac
2885 3014 2989 3053 non
3018 2999 3186 3066 magis
3206 2998 3489 3064 viviﬁcam,
3509 3007 3568 3052 ut

1019 3131 1180 3186 quam
1235 3116 1449 3172 diverso
1505 3117 1695 3182 modo,
1751 3132 1872 3171 cum
1899 3118 1944 3179 Ε
1977 3097 2102 3141 ante
2121 3087 2250 3153 dixi,
2275 3089 2513 3186 eomquod
2535 3089 2604 3143 sit
2626 3089 2842 3158 propria
2871 3087 3054 3152 Verbi,
3085 3089 3230 3158 quod
3250 3089 3430 3145 omnia
3460 3104 3561 3158 po-

1980 3185 2100 3232 tens
2128 3185 2214 3232 est
2238 3174 2540 3244 viviﬁcare;
2573 3179 2862 3233 anathema
2883 3179 2972 3233 sit.

2426 3303 2790 3346 aernnnensm
2829 3286 3116 3346 nenerm’t.

2046 3403 2316 3470 Quantum
2333 3411 2576 3474 apparet,
2593 3404 2909 3460 obscuritati
2930 3405 3128 3469 studet,
3155 3415 3213 3461 ut
3234 3407 3566 3478 impietatem

1975 3495 2126 3548 suam
2158 3494 2411 3561 occultet,
2443 3495 2535 3563 qui
2566 3494 2753 3550 eadem
2780 3512 2902 3551 cum
2943 3497 3206 3552 haereticis
3248 3500 3442 3565 sentit;
3473 3501 3570 3555 sed

1978 3587 2107 3640 nihil
2132 3587 2355 3642 veritate
2376 3587 2622 3651 validius,
2645 3602 2763 3654 qua:
2783 3588 2946 3643 radiis
2965 3590 3077 3645 suis
3099 3591 3366 3646 mendacii
3386 3600 3569 3662 potest

1975 3677 2256 3745 caliginem
2279 3677 2538 3731 revelare.
2564 3675 2640 3730 Ea
2670 3676 2955 3731 illuminati
2984 3679 3324 3735 manifestam
3364 3682 3480 3751 ejus
3509 3682 3568 3734 ﬁ-

1975 3766 2097 3820 dem
2120 3765 2402 3843 ἕτερὸδοξον
2431 3765 2706 3821 faciamus.
2739 3763 2981 3820 Primum
3024 3770 3260 3837 quidem,
3303 3786 3566 3840 nusquam

1976 3858 2154 3913 carnis
2174 3857 2508 3912 rationabilis
2530 3857 2792 3924 meminit,
2821 3872 2924 3916 nec
2944 3857 3215 3913 hominem
3239 3857 3556 3928 perfectum,

1977 3950 2068 4018 qui
2097 3955 2179 4004 est
2199 3953 2520 4016 assumptus,
2543 3947 2820 4003 confessus
2849 3954 2961 4014 est;
2993 3947 3085 4002 sed
3109 3947 3306 4015 ubique
3345 3963 3566 4003 carnem

1977 4040 2125 4102 dicit,
2155 4037 2479 4109 Apollinaris
2500 4051 2732 4112 sequens
2751 4036 3022 4106 dogmata.
3052 4036 3275 4100 Deinde,
3301 4038 3566 4091 commix-

1977 4132 2138 4187 tionis
2154 4131 2482 4202 opinionem,
2505 4139 2526 4168 ο
2544 4129 2662 4184 aliis
2682 4145 2800 4183 eam
2821 4128 3044 4184 vocibus
3065 4126 3360 4197 proferens,
3385 4143 3572 4196 asper-

1976 4225 2052 4294 git
2071 4225 2429 4290 sermonibus,
2452 4223 2578 4277 hinc
2606 4222 2747 4278 enim
2771 4223 3584 4291 aperteinanimatamdicitDo-

1979 4317 2109 4372 mini
2137 4331 2376 4382 carnem,
2398 4331 2519 4370 cum
2542 4316 2617 4368 ait
2643 4332 2655 4367 :
2681 4313 2742 4368 Si
2761 4315 2874 4385 quis
2895 4315 3202 4382 conﬁteatur
3221 4309 3432 4366 Domini
3451 4327 3568 4364 car-

1978 4425 2094 4463 nem
2109 4425 2212 4462 non
2227 4425 2338 4462 esse
2357 4408 2620 4478 propriam
2648 4406 2809 4476 ipsius
2832 4404 2929 4458 Dei
2959 4403 3129 4470 Verbi,
3154 4402 3245 4457 sed
3272 4412 3328 4456 ut
3355 4402 3567 4456 alterius

280 4499 396 4556 tur,
423 4492 474 4544 in
497 4499 717 4561 peccato
739 4501 836 4545 est.
861 4489 1144 4557 Quomodo
1168 4491 1330 4560 igitur
1376 4492 1444 4547 de
1473 4493 1589 4562 ipso
1617 4493 1873 4564 scriptum
1903 4491 1950 4551 D
1975 4507 2164 4570 printer
2190 4500 2377 4569 ipsum,
2426 4497 2703 4550 anathema
2757 4497 2842 4550 sit.
2878 4493 3031 4550 Unde
3061 4502 3287 4566 apparet
3308 4511 3430 4550 eum
3460 4511 3569 4550 non

277 4589 404 4647 est,
433 4581 567 4653 quod
586 4591 848 4652 peccatum
878 4599 982 4636 non
1013 4584 1134 4653 fecit
1175 4582 1216 4648 (ι
1238 4582 1382 4637 Pelr.
1415 4600 1470 4649 tt,
1501 4584 1628 4657 22)?

363 4672 536 4727 Ausus
565 4673 860 4737 estdicere,
881 4687 1001 4741 qua:
1031 4671 1166 4727 infra
1197 4668 1396 4743 scripta
1422 4692 1434 4727 :
1470 4671 1596 4738 Quis
1617 4677 1774 4747 igitur
1796 4694 1876 4731 sa-

271 4764 469 4820 cerdos
497 4775 572 4817 est
602 4764 808 4835 factus?
838 4761 963 4826 Quis
991 4766 1174 4818 virtute
1201 4775 1582 4819 consummatus
1608 4776 1702 4832 est,
1761 4785 1874 4821 cum

272 4872 396 4910 non
423 4864 554 4909 esset
581 4864 768 4908 natura
808 4858 1095 4926 perfectus?
1125 4854 1251 4919 Quis
1284 4857 1647 4910 tentationibus
1695 4857 1875 4911 didicit

276 4944 632 5000 obedientiam
671 4943 871 5012 illatua.
905 4943 1346 5016 obaudientiam],
1379 4963 1533 5017 quam
1562 4957 1681 5000 ante
1711 4957 1876 5002 tenta-

277 5039 455 5090 tiones
477 5034 770 5090 nesciebat?
792 5033 919 5099 Quis
940 5053 1053 5089 cum
1074 5041 1355 5092 reuerentia
1376 5040 1521 5104 vixit,
1551 5049 1602 5093 et
1629 5057 1741 5094 cum
1769 5043 1876 5094 cta-

277 5143 435 5182 more
455 5127 622 5181 valido
643 5127 954 5197 tacrymans,
979 5138 1028 5181 et
1053 5129 1450 5198 supplicationes
1489 5131 1730 5200 offerens,
1761 5149 1874 5186 cum

278 5234 346 5272 se
372 5234 575 5271 servare
601 5232 704 5270 non
734 5227 923 5288 posset,
944 5217 1035 5272 sed
1052 5235 1184 5283 eum,
1216 5221 1300 5289 qui
1321 5237 1526 5274 servare
1554 5230 1747 5290 posset,
1779 5221 1873 5276 ob-

281 5325 495 5366 secrans
511 5311 535 5365 ?
552 5309 596 5364 Ο
620 5310 1029 5366 audacissimam
1057 5319 1112 5367 et
1149 5312 1616 5368 sceleratissimam
1648 5317 1868 5370 vocem!

1976 4588 2222 4644 conﬁteri
2262 4589 2432 4644 Deum
2480 4586 2714 4641 Verbum
2754 4586 2987 4640 animam
3043 4587 3417 4655 assumpsisse,
3475 4587 3571 4641 sed

1977 4694 2191 4733 carnem
2237 4675 2636 4742 tantummodo;
2680 4677 2850 4747 ipsum
2900 4685 3080 4731 autem
3127 4690 3247 4731 esse
3281 4673 3433 4730 carni
3473 4692 3572 4746 pro

1977 4771 2153 4823 anima
2180 4787 2192 4821 :
2225 4785 2326 4824 nos
2344 4783 2474 4823 vero
2502 4765 2769 4822 viviﬁcam
2791 4767 3038 4832 dicimus,
3061 4765 3372 4830 animatam,
3405 4774 3460 4821 et
3481 4782 3576 4820 ra-

1979 4862 2287 4917 tionabilem
2326 4861 2539 4915 Domini
2587 4875 2826 4922 carnem,
2869 4867 3092 4930 propter
3136 4857 3426 4912 adunatam
3469 4859 3570 4927 ipSt

1980 4952 2187 5026 [Βαιιιπ.
2221 4969 2323 5007 om.
2358 4949 2484 5023 ipsi]
2511 4949 2772 5006 viviﬁcam
2795 4949 3073 5005 deitatem.

2049 5043 2350 5099 Conﬁtetur
2391 5053 2570 5098 autem
2619 5043 2732 5113 ipse
2774 5057 3010 5112 quoque,
3059 5041 3187 5097 licet
3223 5040 3434 5115 [Batuz.
3465 5057 3568 5096 om.

1980 5134 2128 5208 licet]
2151 5137 2365 5201 invitus,
2395 5134 2749 5190 differentiam
2780 5140 3115 5201 naturarum,
3155 5150 3370 5191 carnem
3401 5135 3571 5188 nomi-

1981 5243 2114 5282 nans
2129 5236 2182 5282 et
2201 5227 2369 5282 Deum
2393 5227 2648 5292 Verbum,
2671 5234 2724 5281 et
2740 5227 3013 5297 propriam
3032 5225 3200 5296 ipsius
3213 5225 3395 5282 dicens
3411 5224 3575 5279 fuisse

1984 5337 2203 5376 carnem
2229 5339 2242 5374 :
2270 5321 2430 5390 igitur
2452 5337 2557 5375 non
2591 5321 2734 5376 Deus
2760 5319 2992 5375 Verbum
3023 5320 3077 5374 in
3100 5319 3279 5375 carnis
3326 5329 3572 5373 naturam

1467 5449 1507 5501 C
1517 5448 2002 5508 ASTIGATIONES
2040 5452 2131 5507 ET
2170 5450 2377 5508 ΝΟΤᾹΞ
2389 5493 2402 5507 .

360 5549 385 5576 ﬂ
417 5538 617 5595 Baluz.:
645 5542 756 5596 Sibi
783 5552 833 5596 et
851 5552 1028 5596 sancto
1043 5542 1239 5596 dedicet
1264 5539 1865 5605 Patri’llicne,etc.En.

363 5608 386 5683 'j
419 5609 592 5666 Verba
639 5611 698 5667 Si
737 5622 1227 5666 consummatus.....
1263 5615 1426 5679 factus
1469 5621 1545 5665 est
1591 5615 1864 5683 perfectus,

283 5680 538 5735 Baluzius
567 5699 673 5737 non
703 5684 884 5737 habrt.
926 5683 1082 5737 Εοιτ.

2060 5554 2081 5581 ο
2110 5542 2296 5665 ἓθιιη.
2327 5539 2573 5596 Omnibus
2596 5558 2709 5596 eam
2737 5541 2999 5595 sententiis
3043 5541 3286 5614 inferens,
3326 5535 3572 5608 aspergit,

2060 5631 2087 5665 ε.
2159 5629 2266 5665 mr.

1981 5621 2087 5669 etc.
2115 5621 2266 5667 Eutr.
