  <div class='ocr_page' id='page_1' title='image "/cluster/home/n/w/nwhite01/storage/ocr_20150623/48/hvd.32044096580691/505.png"; bbox 0 0 3978 6188; ppageno 0'>
   <div class='ocr_carea' id='block_1_1' title="bbox 447 246 552 299">
    <p class='ocr_par' dir='ltr' id='par_1_1' title="bbox 447 246 552 299">
     <span class='ocr_line' id='line_1_1' title="bbox 447 246 552 299; baseline 0.01 -2"><span class='ocrx_word' id='word_1_1' title='bbox 447 246 552 299; x_wconf 74' lang='grc' dir='ltr'><strong>9ἴ¹9</strong></span> 
     </span>
    </p>
   </div>
   <div class='ocr_carea' id='block_1_2' title="bbox 946 230 3187 297">
    <p class='ocr_par' dir='ltr' id='par_1_2' title="bbox 946 230 3187 297">
     <span class='ocr_line' id='line_1_2' title="bbox 946 230 3187 297; baseline 0 -3"><span class='ocrx_word' id='word_1_2' title='bbox 946 240 1139 294; x_wconf 55' lang='lat' dir='ltr'><strong>MAR&quot;</strong></span> <span class='ocrx_word' id='word_1_3' title='bbox 1178 237 1617 294; x_wconf 74' lang='lat' dir='ltr'><strong>MERCATORIS</strong></span> <span class='ocrx_word' id='word_1_4' title='bbox 1656 230 2223 296; x_wconf 58' lang='lat' dir='ltr'><strong>TRANbLATiONES</strong></span> <span class='ocrx_word' id='word_1_5' title='bbox 2263 241 2614 297; x_wconf 69' lang='grc' dir='ltr'><strong>νΑιειυῐιωι</strong></span> <span class='ocrx_word' id='word_1_6' title='bbox 2656 239 3187 297; x_wconf 73' lang='lat' dir='ltr'><strong>OPL&#39;SCL‘LORL‘M.</strong></span> 
     </span>
    </p>
   </div>
   <div class='ocr_carea' id='block_1_3' title="bbox 3578 242 3703 298">
    <p class='ocr_par' dir='ltr' id='par_1_3' title="bbox 3578 242 3703 298">
     <span class='ocr_line' id='line_1_3' title="bbox 3578 242 3703 298; baseline 0.032 -4"><span class='ocrx_word' id='word_1_7' title='bbox 3578 242 3703 298; x_wconf 73' lang='grc' dir='ltr'><strong>ιῡοο</strong></span> 
     </span>
    </p>
   </div>
   <div class='ocr_carea' id='block_1_4' title="bbox 445 355 3705 426">
    <p class='ocr_par' dir='ltr' id='par_1_4' title="bbox 445 355 3705 426">
     <span class='ocr_line' id='line_1_4' title="bbox 445 355 3705 426; baseline -0.002 -9"><span class='ocrx_word' id='word_1_8' title='bbox 445 376 764 417; x_wconf 83' lang='lat' dir='ltr'><strong>conversum</strong></span> <span class='ocrx_word' id='word_1_9' title='bbox 790 368 902 424; x_wconf 88' lang='lat' dir='ltr'><strong>est;</strong></span> <span class='ocrx_word' id='word_1_10' title='bbox 943 358 1035 412; x_wconf 88' lang='lat' dir='ltr'><strong>sed</strong></span> <span class='ocrx_word' id='word_1_11' title='bbox 1066 358 1334 426; x_wconf 81' lang='lat' dir='ltr'><strong>propriam</strong></span> <span class='ocrx_word' id='word_1_12' title='bbox 1364 355 1526 409; x_wconf 88' lang='lat' dir='ltr'><strong>habet</strong></span> <span class='ocrx_word' id='word_1_13' title='bbox 1554 370 1789 419; x_wconf 86' lang='lat' dir='ltr'><strong>carnem,</strong></span> <span class='ocrx_word' id='word_1_14' title='bbox 1818 370 2023 408; x_wconf 79' lang='lat' dir='ltr'><strong>assum-</strong></span> <span class='ocrx_word' id='word_1_15' title='bbox 2057 363 2098 416; x_wconf 72' lang='grc' dir='ltr'><strong>Α</strong></span> <span class='ocrx_word' id='word_1_16' title='bbox 2128 360 2197 413; x_wconf 84' lang='lat' dir='ltr'><strong>sit</strong></span> <span class='ocrx_word' id='word_1_17' title='bbox 2243 375 2424 423; x_wconf 85' lang='lat' dir='ltr'><strong>carne,</strong></span> <span class='ocrx_word' id='word_1_18' title='bbox 2474 367 2528 412; x_wconf 84' lang='lat' dir='ltr'><strong>et</strong></span> <span class='ocrx_word' id='word_1_19' title='bbox 2569 357 2885 413; x_wconf 77' lang='lat' dir='ltr'><strong>crucifixum</strong></span> <span class='ocrx_word' id='word_1_20' title='bbox 2932 373 3112 421; x_wconf 85' lang='lat' dir='ltr'><strong>carne,</strong></span> <span class='ocrx_word' id='word_1_21' title='bbox 3145 365 3198 410; x_wconf 87' lang='lat' dir='ltr'><strong>et</strong></span> <span class='ocrx_word' id='word_1_22' title='bbox 3227 365 3457 409; x_wconf 88' lang='lat' dir='ltr'><strong>mortem</strong></span> <span class='ocrx_word' id='word_1_23' title='bbox 3485 359 3705 425; x_wconf 81' lang='lat' dir='ltr'><strong>gustavit</strong></span> 
     </span>
    </p>
   </div>
   <div class='ocr_carea' id='block_1_5' title="bbox 450 446 2031 523">
    <p class='ocr_par' dir='ltr' id='par_1_5' title="bbox 450 446 2031 523">
     <span class='ocr_line' id='line_1_5' title="bbox 450 446 2031 523; baseline -0.002 -19"><span class='ocrx_word' id='word_1_24' title='bbox 450 466 594 523; x_wconf 85' lang='lat' dir='ltr'><strong>ptam</strong></span> <span class='ocrx_word' id='word_1_25' title='bbox 625 453 827 507; x_wconf 76' lang='lat' dir='ltr'><strong>scilicet</strong></span> <span class='ocrx_word' id='word_1_26' title='bbox 866 458 1128 510; x_wconf 87' lang='lat' dir='ltr'><strong>naturam,</strong></span> <span class='ocrx_word' id='word_1_27' title='bbox 1162 456 1215 501; x_wconf 90' lang='lat' dir='ltr'><strong>et</strong></span> <span class='ocrx_word' id='word_1_28' title='bbox 1254 446 1517 500; x_wconf 80' lang='lat' dir='ltr'><strong>viviﬁeam</strong></span> <span class='ocrx_word' id='word_1_29' title='bbox 1558 461 1678 500; x_wconf 88' lang='lat' dir='ltr'><strong>eam</strong></span> <span class='ocrx_word' id='word_1_30' title='bbox 1708 447 2031 501; x_wconf 76' lang='lat' dir='ltr'><strong>adunatione</strong></span> 
     </span>
    </p>
   </div>
   <div class='ocr_carea' id='block_1_6' title="bbox 388 545 649 617">
    <p class='ocr_par' dir='ltr' id='par_1_6' title="bbox 388 545 649 617">
     <span class='ocr_line' id='line_1_6' title="bbox 388 545 649 617; baseline -0.011 -19"><span class='ocrx_word' id='word_1_31' title='bbox 388 610 395 617; x_wconf 32' lang='lat'><em>1</em></span> <span class='ocrx_word' id='word_1_32' title='bbox 449 545 649 599; x_wconf 78' lang='lat' dir='ltr'><strong>eﬂccit.</strong></span> 
     </span>
    </p>
   </div>
   <div class='ocr_carea' id='block_1_7' title="bbox 916 622 1565 662">
    <p class='ocr_par' dir='ltr' id='par_1_7' title="bbox 916 622 1565 662">
     <span class='ocr_line' id='line_1_7' title="bbox 916 622 1565 662; baseline -0.005 0"><span class='ocrx_word' id='word_1_33' title='bbox 916 624 1194 662; x_wconf 69' lang='lat' dir='ltr'><strong>RESPONSIO</strong></span> <span class='ocrx_word' id='word_1_34' title='bbox 1242 622 1565 662; x_wconf 72' lang='lat' dir='ltr'><strong>ORTllODOXI.</strong></span> 
     </span>
    </p>
   </div>
   <div class='ocr_carea' id='block_1_8' title="bbox 520 697 2031 772">
    <p class='ocr_par' dir='ltr' id='par_1_8' title="bbox 520 697 2031 772">
     <span class='ocr_line' id='line_1_8' title="bbox 520 697 2031 772; baseline -0.005 -15"><span class='ocrx_word' id='word_1_35' title='bbox 520 704 618 768; x_wconf 88' lang='lat' dir='ltr'><strong>Qui</strong></span> <span class='ocrx_word' id='word_1_36' title='bbox 650 719 678 755; x_wconf 92' lang='lat' dir='ltr'><strong>a</strong></span> <span class='ocrx_word' id='word_1_37' title='bbox 708 700 912 772; x_wconf 76' lang='lat' dir='ltr'><strong>[Baluz.</strong></span> <span class='ocrx_word' id='word_1_38' title='bbox 938 717 1039 752; x_wconf 88' lang='lat' dir='ltr'><strong>om.</strong></span> <span class='ocrx_word' id='word_1_39' title='bbox 1088 699 1139 769; x_wconf 72' lang='lat' dir='ltr'><strong>al</strong></span> <span class='ocrx_word' id='word_1_40' title='bbox 1170 700 1332 754; x_wconf 87' lang='lat' dir='ltr'><strong>rectis</strong></span> <span class='ocrx_word' id='word_1_41' title='bbox 1361 707 1415 753; x_wconf 89' lang='lat' dir='ltr'><strong>et</strong></span> <span class='ocrx_word' id='word_1_42' title='bbox 1444 699 1584 752; x_wconf 90' lang='lat' dir='ltr'><strong>veris</strong></span> <span class='ocrx_word' id='word_1_43' title='bbox 1614 697 2031 764; x_wconf 58' lang='lat' dir='ltr'><strong>cogitationibus</strong></span> 
     </span>
    </p>
   </div>
   <div class='ocr_carea' id='block_1_9' title="bbox 448 788 2031 863">
    <p class='ocr_par' dir='ltr' id='par_1_9' title="bbox 448 788 2031 863">
     <span class='ocr_line' id='line_1_9' title="bbox 448 788 2031 863; baseline -0.004 -16"><span class='ocrx_word' id='word_1_44' title='bbox 448 811 543 863; x_wconf 86' lang='lat' dir='ltr'><strong>per</strong></span> <span class='ocrx_word' id='word_1_45' title='bbox 572 793 889 861; x_wconf 84' lang='lat' dir='ltr'><strong>imperitiam</strong></span> <span class='ocrx_word' id='word_1_46' title='bbox 919 790 1120 859; x_wconf 76' lang='lat' dir='ltr'><strong>delapsi</strong></span> <span class='ocrx_word' id='word_1_47' title='bbox 1145 798 1284 855; x_wconf 89' lang='lat' dir='ltr'><strong>sunt,</strong></span> <span class='ocrx_word' id='word_1_48' title='bbox 1312 806 1450 859; x_wconf 90' lang='lat' dir='ltr'><strong>pene</strong></span> <span class='ocrx_word' id='word_1_49' title='bbox 1480 790 1639 843; x_wconf 90' lang='lat' dir='ltr'><strong>etiam</strong></span> <span class='ocrx_word' id='word_1_50' title='bbox 1663 790 1846 842; x_wconf 91' lang='lat' dir='ltr'><strong>dicunt</strong></span> <span class='ocrx_word' id='word_1_51' title='bbox 1872 807 1883 840; x_wconf 94' lang='lat'>:</span> <span class='ocrx_word' id='word_1_52' title='bbox 1924 788 2031 841; x_wconf 80' lang='grc' dir='ltr'><strong>Ρο-</strong></span> 
     </span>
    </p>
   </div>
   <div class='ocr_carea' id='block_1_10' title="bbox 446 881 2029 950">
    <p class='ocr_par' dir='ltr' id='par_1_10' title="bbox 446 881 2029 950">
     <span class='ocr_line' id='line_1_10' title="bbox 446 881 2029 950; baseline -0.004 -12"><span class='ocrx_word' id='word_1_53' title='bbox 446 888 638 939; x_wconf 80' lang='lat' dir='ltr'><strong>sitimas</strong></span> <span class='ocrx_word' id='word_1_54' title='bbox 667 884 988 937; x_wconf 83' lang='lat' dir='ltr'><strong>mendacium</strong></span> <span class='ocrx_word' id='word_1_55' title='bbox 1011 900 1151 950; x_wconf 84' lang='lat' dir='ltr'><strong>spem</strong></span> <span class='ocrx_word' id='word_1_56' title='bbox 1174 894 1421 949; x_wconf 86' lang='lat' dir='ltr'><strong>nostram,</strong></span> <span class='ocrx_word' id='word_1_57' title='bbox 1455 892 1503 935; x_wconf 87' lang='lat' dir='ltr'><strong>et</strong></span> <span class='ocrx_word' id='word_1_58' title='bbox 1532 881 1798 934; x_wconf 85' lang='lat' dir='ltr'><strong>mendacio</strong></span> <span class='ocrx_word' id='word_1_59' title='bbox 1828 881 2029 949; x_wconf 82' lang='lat' dir='ltr'><strong>operie—</strong></span> 
     </span>
    </p>
   </div>
   <div class='ocr_carea' id='block_1_11' title="bbox 446 971 2030 1042">
    <p class='ocr_par' dir='ltr' id='par_1_11' title="bbox 446 971 2030 1042">
     <span class='ocr_line' id='line_1_11' title="bbox 446 971 2030 1042; baseline -0.004 -13"><span class='ocrx_word' id='word_1_60' title='bbox 446 993 559 1029; x_wconf 82' lang='lat' dir='ltr'><strong>mar</strong></span> <span class='ocrx_word' id='word_1_61' title='bbox 589 975 741 1041; x_wconf 86' lang='lat' dir='ltr'><strong>(Isai.</strong></span> <span class='ocrx_word' id='word_1_62' title='bbox 774 991 957 1036; x_wconf 76' lang='lat' dir='ltr'><strong>xxvtn,</strong></span> <span class='ocrx_word' id='word_1_63' title='bbox 991 972 1093 1042; x_wconf 83' lang='lat' dir='ltr'><strong>l5).</strong></span> <span class='ocrx_word' id='word_1_64' title='bbox 1127 972 1182 1025; x_wconf 86' lang='lat' dir='ltr'><strong>In</strong></span> <span class='ocrx_word' id='word_1_65' title='bbox 1213 987 1602 1040; x_wconf 85' lang='lat' dir='ltr'><strong>quemcumque</strong></span> <span class='ocrx_word' id='word_1_66' title='bbox 1643 972 1784 1024; x_wconf 91' lang='lat' dir='ltr'><strong>enim</strong></span> <span class='ocrx_word' id='word_1_67' title='bbox 1809 972 1936 1040; x_wconf 88' lang='lat' dir='ltr'><strong>ipsis</strong></span> <span class='ocrx_word' id='word_1_68' title='bbox 1965 971 2030 1023; x_wconf 91' lang='lat' dir='ltr'><strong>li-</strong></span> 
     </span>
    </p>
   </div>
   <div class='ocr_carea' id='block_1_12' title="bbox 444 1063 2032 1133">
    <p class='ocr_par' dir='ltr' id='par_1_12' title="bbox 444 1063 2032 1133">
     <span class='ocr_line' id='line_1_12' title="bbox 444 1063 2032 1133; baseline -0.004 -13"><span class='ocrx_word' id='word_1_69' title='bbox 444 1069 612 1120; x_wconf 87' lang='lat' dir='ltr'><strong>bitum</strong></span> <span class='ocrx_word' id='word_1_70' title='bbox 645 1067 818 1127; x_wconf 89' lang='lat' dir='ltr'><strong>fuerit,</strong></span> <span class='ocrx_word' id='word_1_71' title='bbox 845 1063 1123 1133; x_wconf 86' lang='lat' dir='ltr'><strong>proferunt</strong></span> <span class='ocrx_word' id='word_1_72' title='bbox 1148 1064 1535 1117; x_wconf 89' lang='lat' dir='ltr'><strong>inconsiderate</strong></span> <span class='ocrx_word' id='word_1_73' title='bbox 1558 1063 1907 1125; x_wconf 89' lang='lat' dir='ltr'><strong>sententiam;</strong></span> <span class='ocrx_word' id='word_1_74' title='bbox 1934 1075 2032 1114; x_wconf 85' lang='lat' dir='ltr'><strong>nec</strong></span> 
     </span>
    </p>
   </div>
   <div class='ocr_carea' id='block_1_13' title="bbox 446 1151 2029 1222">
    <p class='ocr_par' dir='ltr' id='par_1_13' title="bbox 446 1151 2029 1222">
     <span class='ocr_line' id='line_1_13' title="bbox 446 1151 2029 1222; baseline -0.006 -10"><span class='ocrx_word' id='word_1_75' title='bbox 446 1158 804 1213; x_wconf 87' lang='lat' dir='ltr'><strong>meminerunt</strong></span> <span class='ocrx_word' id='word_1_76' title='bbox 832 1156 1023 1208; x_wconf 73' lang='lat' dir='ltr'><strong>divina:</strong></span> <span class='ocrx_word' id='word_1_77' title='bbox 1051 1154 1339 1222; x_wconf 74' lang='lat' dir='ltr'><strong>Scriptura:</strong></span> <span class='ocrx_word' id='word_1_78' title='bbox 1361 1154 1584 1207; x_wconf 73' lang='lat' dir='ltr'><strong>dicentis</strong></span> <span class='ocrx_word' id='word_1_79' title='bbox 1610 1172 1620 1205; x_wconf 91' lang='lat'><strong>:</strong></span> <span class='ocrx_word' id='word_1_80' title='bbox 1646 1151 1911 1205; x_wconf 78' lang='lat' dir='ltr'><strong>Iudicium</strong></span> <span class='ocrx_word' id='word_1_81' title='bbox 1935 1153 2029 1222; x_wconf 86' lang='lat' dir='ltr'><strong>ju-</strong></span> 
     </span>
    </p>
   </div>
   <div class='ocr_carea' id='block_1_14' title="bbox 445 1244 2029 1319">
    <p class='ocr_par' dir='ltr' id='par_1_14' title="bbox 445 1244 2029 1319">
     <span class='ocr_line' id='line_1_14' title="bbox 445 1244 2029 1319; baseline -0.003 -16"><span class='ocrx_word' id='word_1_82' title='bbox 445 1263 577 1303; x_wconf 83' lang='lat' dir='ltr'><strong>stum</strong></span> <span class='ocrx_word' id='word_1_83' title='bbox 598 1248 829 1319; x_wconf 84' lang='lat' dir='ltr'><strong>judicate</strong></span> <span class='ocrx_word' id='word_1_84' title='bbox 854 1247 1037 1316; x_wconf 76' lang='lat' dir='ltr'><strong>(lac/1.</strong></span> <span class='ocrx_word' id='word_1_85' title='bbox 1062 1263 1152 1311; x_wconf 87' lang='lat' dir='ltr'><strong>vn,</strong></span> <span class='ocrx_word' id='word_1_86' title='bbox 1178 1246 1255 1313; x_wconf 85' lang='lat'><strong>9).</strong></span> <span class='ocrx_word' id='word_1_87' title='bbox 1286 1246 1351 1298; x_wconf 83' lang='lat' dir='ltr'><strong>Et</strong></span> <span class='ocrx_word' id='word_1_88' title='bbox 1395 1262 1579 1299; x_wconf 86' lang='lat' dir='ltr'><strong>rursus</strong></span> <span class='ocrx_word' id='word_1_89' title='bbox 1607 1264 1617 1297; x_wconf 96' lang='lat'>:</span> <span class='ocrx_word' id='word_1_90' title='bbox 1654 1245 1817 1299; x_wconf 70' lang='lat' dir='ltr'><strong>Testis</strong></span> <span class='ocrx_word' id='word_1_91' title='bbox 1867 1244 2029 1315; x_wconf 78' lang='lat' dir='ltr'><strong>falsus</strong></span> 
     </span>
    </p>
   </div>
   <div class='ocr_carea' id='block_1_15' title="bbox 446 1335 2029 1409">
    <p class='ocr_par' dir='ltr' id='par_1_15' title="bbox 446 1335 2029 1409">
     <span class='ocr_line' id='line_1_15' title="bbox 446 1335 2029 1409; baseline -0.004 -14"><span class='ocrx_word' id='word_1_92' title='bbox 446 1359 547 1395; x_wconf 77' lang='lat' dir='ltr'><strong>non</strong></span> <span class='ocrx_word' id='word_1_93' title='bbox 571 1342 665 1393; x_wconf 85' lang='lat' dir='ltr'><strong>erit</strong></span> <span class='ocrx_word' id='word_1_94' title='bbox 685 1341 964 1409; x_wconf 83' lang='lat' dir='ltr'><strong>impunitus</strong></span> <span class='ocrx_word' id='word_1_95' title='bbox 989 1338 1167 1409; x_wconf 82' lang='lat' dir='ltr'><strong>(Prov.</strong></span> <span class='ocrx_word' id='word_1_96' title='bbox 1188 1355 1293 1403; x_wconf 69' lang='lat' dir='ltr'><strong>xxx,</strong></span> <span class='ocrx_word' id='word_1_97' title='bbox 1313 1338 1386 1409; x_wconf 74' lang='lat'><strong>5).</strong></span> <span class='ocrx_word' id='word_1_98' title='bbox 1413 1338 1522 1391; x_wconf 90' lang='lat' dir='ltr'><strong>Nos</strong></span> <span class='ocrx_word' id='word_1_99' title='bbox 1546 1339 1743 1391; x_wconf 89' lang='lat' dir='ltr'><strong>etenim</strong></span> <span class='ocrx_word' id='word_1_100' title='bbox 1766 1335 2029 1389; x_wconf 85' lang='lat' dir='ltr'><strong>vivilicum</strong></span> 
     </span>
    </p>
   </div>
   <div class='ocr_carea' id='block_1_16' title="bbox 447 1424 2030 1496">
    <p class='ocr_par' dir='ltr' id='par_1_16' title="bbox 447 1424 2030 1496">
     <span class='ocr_line' id='line_1_16' title="bbox 447 1424 2030 1496; baseline -0.004 -12"><span class='ocrx_word' id='word_1_101' title='bbox 447 1446 563 1485; x_wconf 84' lang='lat' dir='ltr'><strong>esse</strong></span> <span class='ocrx_word' id='word_1_102' title='bbox 586 1430 807 1483; x_wconf 89' lang='lat' dir='ltr'><strong>dicimus</strong></span> <span class='ocrx_word' id='word_1_103' title='bbox 832 1436 1075 1483; x_wconf 90' lang='lat' dir='ltr'><strong>sanctum</strong></span> <span class='ocrx_word' id='word_1_104' title='bbox 1105 1442 1297 1496; x_wconf 87' lang='lat' dir='ltr'><strong>corpus</strong></span> <span class='ocrx_word' id='word_1_105' title='bbox 1325 1427 1606 1481; x_wconf 74' lang='lat' dir='ltr'><strong>salvatoris</strong></span> <span class='ocrx_word' id='word_1_106' title='bbox 1627 1427 1861 1479; x_wconf 89' lang='lat' dir='ltr'><strong>omnimn</strong></span> <span class='ocrx_word' id='word_1_107' title='bbox 1877 1424 2030 1479; x_wconf 90' lang='lat' dir='ltr'><strong>Chri-</strong></span> 
     </span>
    </p>
   </div>
   <div class='ocr_carea' id='block_1_17' title="bbox 445 1518 2028 1589">
    <p class='ocr_par' dir='ltr' id='par_1_17' title="bbox 445 1518 2028 1589">
     <span class='ocr_line' id='line_1_17' title="bbox 445 1518 2028 1589; baseline -0.003 -13"><span class='ocrx_word' id='word_1_108' title='bbox 445 1524 533 1576; x_wconf 91' lang='lat' dir='ltr'><strong>sti.</strong></span> <span class='ocrx_word' id='word_1_109' title='bbox 569 1521 660 1573; x_wconf 84' lang='lat' dir='ltr'><strong>Est</strong></span> <span class='ocrx_word' id='word_1_110' title='bbox 681 1536 912 1589; x_wconf 85' lang='lat' dir='ltr'><strong>namque</strong></span> <span class='ocrx_word' id='word_1_111' title='bbox 943 1536 1047 1573; x_wconf 92' lang='lat' dir='ltr'><strong>non</strong></span> <span class='ocrx_word' id='word_1_112' title='bbox 1081 1520 1234 1573; x_wconf 91' lang='lat' dir='ltr'><strong>unius</strong></span> <span class='ocrx_word' id='word_1_113' title='bbox 1257 1521 1571 1588; x_wconf 89' lang='lat' dir='ltr'><strong>simpliciter</strong></span> <span class='ocrx_word' id='word_1_114' title='bbox 1619 1519 1806 1573; x_wconf 88' lang='lat' dir='ltr'><strong>similis</strong></span> <span class='ocrx_word' id='word_1_115' title='bbox 1861 1518 2028 1571; x_wconf 84' lang='lat' dir='ltr'><strong>nostri</strong></span> 
     </span>
    </p>
   </div>
   <div class='ocr_carea' id='block_1_18' title="bbox 448 1611 2027 1679">
    <p class='ocr_par' dir='ltr' id='par_1_18' title="bbox 448 1611 2027 1679">
     <span class='ocr_line' id='line_1_18' title="bbox 448 1611 2027 1679; baseline -0.001 -14"><span class='ocrx_word' id='word_1_116' title='bbox 448 1613 695 1677; x_wconf 82' lang='lat' dir='ltr'><strong>hominis,</strong></span> <span class='ocrx_word' id='word_1_117' title='bbox 728 1619 782 1665; x_wconf 90' lang='lat' dir='ltr'><strong>et</strong></span> <span class='ocrx_word' id='word_1_118' title='bbox 806 1612 1130 1674; x_wconf 85' lang='lat' dir='ltr'><strong>communis;</strong></span> <span class='ocrx_word' id='word_1_119' title='bbox 1177 1613 1451 1679; x_wconf 89' lang='lat' dir='ltr'><strong>proprium</strong></span> <span class='ocrx_word' id='word_1_120' title='bbox 1480 1619 1659 1665; x_wconf 88' lang='lat' dir='ltr'><strong>autem</strong></span> <span class='ocrx_word' id='word_1_121' title='bbox 1690 1611 1858 1678; x_wconf 85' lang='lat' dir='ltr'><strong>magis</strong></span> <span class='ocrx_word' id='word_1_122' title='bbox 1903 1626 2027 1664; x_wconf 83' lang='lat' dir='ltr'><strong>vere</strong></span> 
     </span>
    </p>
   </div>
   <div class='ocr_carea' id='block_1_19' title="bbox 446 1699 2028 1770">
    <p class='ocr_par' dir='ltr' id='par_1_19' title="bbox 446 1699 2028 1770">
     <span class='ocr_line' id='line_1_19' title="bbox 446 1699 2028 1770; baseline -0.001 -15"><span class='ocrx_word' id='word_1_123' title='bbox 446 1703 626 1765; x_wconf 82' lang='lat' dir='ltr'><strong>Verbi,</strong></span> <span class='ocrx_word' id='word_1_124' title='bbox 650 1701 793 1770; x_wconf 91' lang='lat' dir='ltr'><strong>quod</strong></span> <span class='ocrx_word' id='word_1_125' title='bbox 822 1702 999 1754; x_wconf 83' lang='lat' dir='ltr'><strong>omnia</strong></span> <span class='ocrx_word' id='word_1_126' title='bbox 1030 1699 1281 1755; x_wconf 78' lang='lat' dir='ltr'><strong>vivificat.</strong></span> <span class='ocrx_word' id='word_1_127' title='bbox 1308 1702 1397 1755; x_wconf 86' lang='lat' dir='ltr'><strong>Sic</strong></span> <span class='ocrx_word' id='word_1_128' title='bbox 1418 1710 1597 1754; x_wconf 90' lang='lat' dir='ltr'><strong>autem</strong></span> <span class='ocrx_word' id='word_1_129' title='bbox 1636 1701 1929 1770; x_wconf 88' lang='lat' dir='ltr'><strong>pr0prium,</strong></span> <span class='ocrx_word' id='word_1_130' title='bbox 1971 1710 2028 1753; x_wconf 88' lang='lat' dir='ltr'><strong>ut</strong></span> 
     </span>
    </p>
   </div>
   <div class='ocr_carea' id='block_1_20' title="bbox 445 1792 2027 1863">
    <p class='ocr_par' dir='ltr' id='par_1_20' title="bbox 445 1792 2027 1863">
     <span class='ocr_line' id='line_1_20' title="bbox 445 1792 2027 1863; baseline 0 -18"><span class='ocrx_word' id='word_1_131' title='bbox 445 1794 488 1846; x_wconf 84' lang='lat' dir='ltr'><strong>si</strong></span> <span class='ocrx_word' id='word_1_132' title='bbox 512 1792 648 1847; x_wconf 86' lang='lat' dir='ltr'><strong>forte</strong></span> <span class='ocrx_word' id='word_1_133' title='bbox 668 1793 876 1847; x_wconf 81' lang='lat' dir='ltr'><strong>dicatur</strong></span> <span class='ocrx_word' id='word_1_134' title='bbox 908 1792 1324 1862; x_wconf 88' lang='lat' dir='ltr'><strong>uniuscujusque</strong></span> <span class='ocrx_word' id='word_1_135' title='bbox 1346 1793 1513 1847; x_wconf 85' lang='lat' dir='ltr'><strong>nostri</strong></span> <span class='ocrx_word' id='word_1_136' title='bbox 1536 1793 1810 1863; x_wconf 75' lang='lat' dir='ltr'><strong>praprium</strong></span> <span class='ocrx_word' id='word_1_137' title='bbox 1832 1808 2027 1861; x_wconf 88' lang='lat' dir='ltr'><strong>corpus</strong></span> 
     </span>
    </p>
   </div>
   <div class='ocr_carea' id='block_1_21' title="bbox 444 1902 619 1940">
    <p class='ocr_par' dir='ltr' id='par_1_21' title="bbox 444 1902 619 1940">
     <span class='ocr_line' id='line_1_21' title="bbox 444 1902 619 1940; baseline -0.017 0"><span class='ocrx_word' id='word_1_138' title='bbox 444 1902 619 1940; x_wconf 88' lang='lat' dir='ltr'><strong>suum.</strong></span> 
     </span>
    </p>
   </div>
   <div class='ocr_carea' id='block_1_22' title="bbox 516 1973 2027 2040">
    <p class='ocr_par' dir='ltr' id='par_1_22' title="bbox 516 1973 2027 2040">
     <span class='ocr_line' id='line_1_22' title="bbox 516 1973 2027 2040; baseline -0.001 -11"><span class='ocrx_word' id='word_1_139' title='bbox 516 1975 614 2030; x_wconf 87' lang='lat' dir='ltr'><strong>llic</strong></span> <span class='ocrx_word' id='word_1_140' title='bbox 635 1983 813 2029; x_wconf 87' lang='lat' dir='ltr'><strong>autem</strong></span> <span class='ocrx_word' id='word_1_141' title='bbox 843 1974 924 2027; x_wconf 90' lang='lat' dir='ltr'><strong>vir</strong></span> <span class='ocrx_word' id='word_1_142' title='bbox 950 1973 1140 2040; x_wconf 89' lang='lat' dir='ltr'><strong>bellus,</strong></span> <span class='ocrx_word' id='word_1_143' title='bbox 1174 1974 1515 2029; x_wconf 83' lang='lat' dir='ltr'><strong>verbositatis</strong></span> <span class='ocrx_word' id='word_1_144' title='bbox 1544 1990 1652 2027; x_wconf 79' lang='lat' dir='ltr'><strong>suae</strong></span> <span class='ocrx_word' id='word_1_145' title='bbox 1682 1974 1735 2027; x_wconf 92' lang='lat' dir='ltr'><strong>in</strong></span> <span class='ocrx_word' id='word_1_146' title='bbox 1765 1990 1862 2028; x_wconf 93' lang='lat' dir='ltr'><strong>nos</strong></span> <span class='ocrx_word' id='word_1_147' title='bbox 1910 1975 2027 2028; x_wconf 87' lang='lat' dir='ltr'><strong>nul-</strong></span> 
     </span>
    </p>
   </div>
   <div class='ocr_carea' id='block_1_23' title="bbox 449 2064 2029 2133">
    <p class='ocr_par' dir='ltr' id='par_1_23' title="bbox 449 2064 2029 2133">
     <span class='ocr_line' id='line_1_23' title="bbox 449 2064 2029 2133; baseline -0.001 -14"><span class='ocrx_word' id='word_1_148' title='bbox 449 2066 553 2119; x_wconf 91' lang='lat' dir='ltr'><strong>lum</strong></span> <span class='ocrx_word' id='word_1_149' title='bbox 576 2064 792 2119; x_wconf 89' lang='lat' dir='ltr'><strong>modum</strong></span> <span class='ocrx_word' id='word_1_150' title='bbox 822 2065 1078 2133; x_wconf 76' lang='lat' dir='ltr'><strong>pneteriit</strong></span> <span class='ocrx_word' id='word_1_151' title='bbox 1099 2065 1435 2126; x_wconf 90' lang='lat' dir='ltr'><strong>intentatum,</strong></span> <span class='ocrx_word' id='word_1_152' title='bbox 1462 2064 1704 2132; x_wconf 85' lang='lat' dir='ltr'><strong>quamvis</strong></span> <span class='ocrx_word' id='word_1_153' title='bbox 1724 2064 1921 2118; x_wconf 83' lang='lat' dir='ltr'><strong>nostris</strong></span> <span class='ocrx_word' id='word_1_154' title='bbox 1948 2064 2029 2117; x_wconf 92' lang='lat' dir='ltr'><strong>di-</strong></span> 
     </span>
    </p>
   </div>
   <div class='ocr_carea' id='block_1_24' title="bbox 446 2151 2030 2227">
    <p class='ocr_par' dir='ltr' id='par_1_24' title="bbox 446 2151 2030 2227">
     <span class='ocr_line' id='line_1_24' title="bbox 446 2151 2030 2227; baseline 0 -20"><span class='ocrx_word' id='word_1_155' title='bbox 446 2156 546 2209; x_wconf 79' lang='lat' dir='ltr'><strong>ctis</strong></span> <span class='ocrx_word' id='word_1_156' title='bbox 575 2156 895 2209; x_wconf 84' lang='lat' dir='ltr'><strong>consentiat.</strong></span> <span class='ocrx_word' id='word_1_157' title='bbox 947 2154 1112 2207; x_wconf 91' lang='lat' dir='ltr'><strong>lnurit</strong></span> <span class='ocrx_word' id='word_1_158' title='bbox 1134 2153 1342 2227; x_wconf 79' lang='lat' dir='ltr'><strong>[Bulu:.</strong></span> <span class='ocrx_word' id='word_1_159' title='bbox 1373 2151 1635 2226; x_wconf 81' lang='lat' dir='ltr'><strong>nominat]</strong></span> <span class='ocrx_word' id='word_1_160' title='bbox 1664 2170 1848 2208; x_wconf 85' lang='lat' dir='ltr'><strong>rursus</strong></span> <span class='ocrx_word' id='word_1_161' title='bbox 1877 2154 2030 2208; x_wconf 85' lang='lat' dir='ltr'><strong>nobis</strong></span> 
     </span>
    </p>
   </div>
   <div class='ocr_carea' id='block_1_25' title="bbox 447 2244 2031 2316">
    <p class='ocr_par' dir='ltr' id='par_1_25' title="bbox 447 2244 2031 2316">
     <span class='ocr_line' id='line_1_25' title="bbox 447 2244 2031 2316; baseline 0.001 -18"><span class='ocrx_word' id='word_1_162' title='bbox 447 2247 769 2316; x_wconf 77' lang='lat' dir='ltr'><strong>Apollinaris</strong></span> <span class='ocrx_word' id='word_1_163' title='bbox 797 2245 1089 2314; x_wconf 85' lang='lat' dir='ltr'><strong>impietatis</strong></span> <span class='ocrx_word' id='word_1_164' title='bbox 1119 2244 1423 2310; x_wconf 81' lang='lat' dir='ltr'><strong>infamiam;</strong></span> <span class='ocrx_word' id='word_1_165' title='bbox 1458 2261 1555 2299; x_wconf 92' lang='lat' dir='ltr'><strong>nec</strong></span> <span class='ocrx_word' id='word_1_166' title='bbox 1576 2246 1863 2309; x_wconf 86' lang='lat' dir='ltr'><strong>erubescit,</strong></span> <span class='ocrx_word' id='word_1_167' title='bbox 1882 2261 2031 2299; x_wconf 84' lang='lat' dir='ltr'><strong>com-</strong></span> 
     </span>
    </p>
   </div>
   <div class='ocr_carea' id='block_1_26' title="bbox 446 2336 2029 2418">
    <p class='ocr_par' dir='ltr' id='par_1_26' title="bbox 446 2336 2029 2418">
     <span class='ocr_line' id='line_1_26' title="bbox 446 2336 2029 2418; baseline 0 -29"><span class='ocrx_word' id='word_1_168' title='bbox 446 2351 754 2390; x_wconf 85' lang='lat' dir='ltr'><strong>memorans</strong></span> <span class='ocrx_word' id='word_1_169' title='bbox 781 2350 867 2389; x_wconf 87' lang='lat' dir='ltr'><strong>me</strong></span> <span class='ocrx_word' id='word_1_170' title='bbox 890 2336 1068 2389; x_wconf 80' lang='lat' dir='ltr'><strong>verbis</strong></span> <span class='ocrx_word' id='word_1_171' title='bbox 1095 2336 1231 2399; x_wconf 91' lang='lat' dir='ltr'><strong>aliis,</strong></span> <span class='ocrx_word' id='word_1_172' title='bbox 1266 2351 1327 2391; x_wconf 91' lang='lat' dir='ltr'><strong>ac</strong></span> <span class='ocrx_word' id='word_1_173' title='bbox 1356 2337 1700 2418; x_wconf 67' lang='lat' dir='ltr'><strong>dictionibus,</strong></span> <span class='ocrx_word' id='word_1_174' title='bbox 1724 2352 1837 2391; x_wconf 90' lang='lat' dir='ltr'><strong>rem</strong></span> <span class='ocrx_word' id='word_1_175' title='bbox 1879 2352 2029 2390; x_wconf 88' lang='lat' dir='ltr'><strong>com-</strong></span> 
     </span>
    </p>
   </div>
   <div class='ocr_carea' id='block_1_27' title="bbox 448 2425 2032 2492">
    <p class='ocr_par' dir='ltr' id='par_1_27' title="bbox 448 2425 2032 2492">
     <span class='ocr_line' id='line_1_27' title="bbox 448 2425 2032 2492; baseline 0.001 -13"><span class='ocrx_word' id='word_1_176' title='bbox 448 2426 721 2481; x_wconf 87' lang='lat' dir='ltr'><strong>mixtionis</strong></span> <span class='ocrx_word' id='word_1_177' title='bbox 741 2426 853 2480; x_wconf 85' lang='lat' dir='ltr'><strong>sive</strong></span> <span class='ocrx_word' id='word_1_178' title='bbox 874 2425 1200 2480; x_wconf 84' lang='lat' dir='ltr'><strong>confusionis</strong></span> <span class='ocrx_word' id='word_1_179' title='bbox 1222 2426 1513 2492; x_wconf 80' lang='lat' dir='ltr'><strong>occultare,</strong></span> <span class='ocrx_word' id='word_1_180' title='bbox 1538 2434 1591 2480; x_wconf 89' lang='lat' dir='ltr'><strong>et</strong></span> <span class='ocrx_word' id='word_1_181' title='bbox 1633 2427 1920 2481; x_wconf 88' lang='lat' dir='ltr'><strong>inanimam</strong></span> <span class='ocrx_word' id='word_1_182' title='bbox 1952 2426 2032 2480; x_wconf 84' lang='lat' dir='ltr'><strong>di—</strong></span> 
     </span>
    </p>
   </div>
   <div class='ocr_carea' id='block_1_28' title="bbox 448 2515 2031 2585">
    <p class='ocr_par' dir='ltr' id='par_1_28' title="bbox 448 2515 2031 2585">
     <span class='ocr_line' id='line_1_28' title="bbox 448 2515 2031 2585; baseline -0.001 -14"><span class='ocrx_word' id='word_1_183' title='bbox 448 2532 573 2571; x_wconf 83' lang='lat' dir='ltr'><strong>cere</strong></span> <span class='ocrx_word' id='word_1_184' title='bbox 595 2531 810 2571; x_wconf 90' lang='lat' dir='ltr'><strong>carnem</strong></span> <span class='ocrx_word' id='word_1_185' title='bbox 840 2515 1017 2570; x_wconf 90' lang='lat' dir='ltr'><strong>Verbo</strong></span> <span class='ocrx_word' id='word_1_186' title='bbox 1047 2516 1404 2585; x_wconf 89' lang='lat' dir='ltr'><strong>conjunctam.</strong></span> <span class='ocrx_word' id='word_1_187' title='bbox 1441 2515 1545 2570; x_wconf 86' lang='lat' dir='ltr'><strong>Sed</strong></span> <span class='ocrx_word' id='word_1_188' title='bbox 1572 2516 1768 2569; x_wconf 81' lang='lat' dir='ltr'><strong>dixerit</strong></span> <span class='ocrx_word' id='word_1_189' title='bbox 1815 2516 1878 2568; x_wconf 83' lang='lat' dir='ltr'><strong>ad</strong></span> <span class='ocrx_word' id='word_1_190' title='bbox 1908 2530 2031 2569; x_wconf 91' lang='lat' dir='ltr'><strong>eum</strong></span> 
     </span>
    </p>
   </div>
   <div class='ocr_carea' id='block_1_29' title="bbox 448 2602 2031 2677">
    <p class='ocr_par' dir='ltr' id='par_1_29' title="bbox 448 2602 2031 2677">
     <span class='ocr_line' id='line_1_29' title="bbox 448 2602 2031 2677; baseline -0.002 -15"><span class='ocrx_word' id='word_1_191' title='bbox 448 2610 585 2664; x_wconf 87' lang='lat' dir='ltr'><strong>forte</strong></span> <span class='ocrx_word' id='word_1_192' title='bbox 631 2609 866 2677; x_wconf 86' lang='lat' dir='ltr'><strong>aliquis:</strong></span> <span class='ocrx_word' id='word_1_193' title='bbox 910 2608 954 2661; x_wconf 92' lang='grc' dir='ltr'><strong>Ο</strong></span> <span class='ocrx_word' id='word_1_194' title='bbox 988 2608 1067 2660; x_wconf 90' lang='lat' dir='ltr'><strong>vir</strong></span> <span class='ocrx_word' id='word_1_195' title='bbox 1095 2602 1324 2677; x_wconf 77' lang='lat' dir='ltr'><strong>optime,</strong></span> <span class='ocrx_word' id='word_1_196' title='bbox 1371 2607 1553 2663; x_wconf 88' lang='lat' dir='ltr'><strong>iisdem</strong></span> <span class='ocrx_word' id='word_1_197' title='bbox 1597 2609 1759 2662; x_wconf 85' lang='lat' dir='ltr'><strong>etiam</strong></span> <span class='ocrx_word' id='word_1_198' title='bbox 1818 2607 2031 2661; x_wconf 89' lang='lat' dir='ltr'><strong>beatum</strong></span> 
     </span>
    </p>
   </div>
   <div class='ocr_carea' id='block_1_30' title="bbox 445 2696 2033 2762">
    <p class='ocr_par' dir='ltr' id='par_1_30' title="bbox 445 2696 2033 2762">
     <span class='ocr_line' id='line_1_30' title="bbox 445 2696 2033 2762; baseline -0.003 -8"><span class='ocrx_word' id='word_1_199' title='bbox 445 2701 706 2756; x_wconf 76' lang='lat' dir='ltr'><strong>Joannem</strong></span> <span class='ocrx_word' id='word_1_200' title='bbox 745 2699 1057 2754; x_wconf 89' lang='lat' dir='ltr'><strong>criminibus</strong></span> <span class='ocrx_word' id='word_1_201' title='bbox 1106 2700 1412 2762; x_wconf 86' lang='lat' dir='ltr'><strong>accusabis;</strong></span> <span class='ocrx_word' id='word_1_202' title='bbox 1470 2699 1544 2752; x_wconf 86' lang='lat' dir='ltr'><strong>ait</strong></span> <span class='ocrx_word' id='word_1_203' title='bbox 1588 2698 1769 2753; x_wconf 81' lang='lat' dir='ltr'><strong>enim:</strong></span> <span class='ocrx_word' id='word_1_204' title='bbox 1815 2696 2033 2749; x_wconf 79' lang='lat' dir='ltr'><strong>Verbum</strong></span> 
     </span>
    </p>
   </div>
   <div class='ocr_carea' id='block_1_31' title="bbox 448 2787 2033 2863">
    <p class='ocr_par' dir='ltr' id='par_1_31' title="bbox 448 2787 2033 2863">
     <span class='ocr_line' id='line_1_31' title="bbox 448 2787 2033 2863; baseline -0.004 -18"><span class='ocrx_word' id='word_1_205' title='bbox 448 2810 567 2846; x_wconf 89' lang='lat' dir='ltr'><strong>caro</strong></span> <span class='ocrx_word' id='word_1_206' title='bbox 605 2795 800 2863; x_wconf 84' lang='lat' dir='ltr'><strong>factum</strong></span> <span class='ocrx_word' id='word_1_207' title='bbox 849 2800 923 2845; x_wconf 85' lang='lat' dir='ltr'><strong>est</strong></span> <span class='ocrx_word' id='word_1_208' title='bbox 954 2789 1133 2860; x_wconf 85' lang='lat' dir='ltr'><strong>(Joan.</strong></span> <span class='ocrx_word' id='word_1_209' title='bbox 1176 2805 1213 2854; x_wconf 80' lang='grc' dir='ltr'><strong>ι,</strong></span> <span class='ocrx_word' id='word_1_210' title='bbox 1266 2788 1377 2858; x_wconf 59' lang='lat' dir='ltr'><strong>id).</strong></span> <span class='ocrx_word' id='word_1_211' title='bbox 1411 2789 1520 2857; x_wconf 85' lang='lat' dir='ltr'><strong>Age</strong></span> <span class='ocrx_word' id='word_1_212' title='bbox 1543 2789 1703 2857; x_wconf 81' lang='lat' dir='ltr'><strong>igitur</strong></span> <span class='ocrx_word' id='word_1_213' title='bbox 1740 2803 1859 2842; x_wconf 90' lang='lat' dir='ltr'><strong>cum</strong></span> <span class='ocrx_word' id='word_1_214' title='bbox 1914 2787 2033 2855; x_wconf 88' lang='lat' dir='ltr'><strong>ipso</strong></span> 
     </span>
    </p>
   </div>
   <div class='ocr_carea' id='block_1_32' title="bbox 449 2879 2033 2945">
    <p class='ocr_par' dir='ltr' id='par_1_32' title="bbox 449 2879 2033 2945">
     <span class='ocr_line' id='line_1_32' title="bbox 449 2879 2033 2945; baseline -0.003 -7"><span class='ocrx_word' id='word_1_215' title='bbox 449 2886 610 2939; x_wconf 87' lang='lat' dir='ltr'><strong>etiam</strong></span> <span class='ocrx_word' id='word_1_216' title='bbox 645 2884 959 2945; x_wconf 86' lang='lat' dir='ltr'><strong>insolenter,</strong></span> <span class='ocrx_word' id='word_1_217' title='bbox 985 2889 1039 2935; x_wconf 90' lang='lat' dir='ltr'><strong>et</strong></span> <span class='ocrx_word' id='word_1_218' title='bbox 1064 2880 1166 2943; x_wconf 88' lang='lat' dir='ltr'><strong>dic,</strong></span> <span class='ocrx_word' id='word_1_219' title='bbox 1191 2880 1381 2934; x_wconf 63' lang='lat' dir='ltr'><strong>animae</strong></span> <span class='ocrx_word' id='word_1_220' title='bbox 1410 2895 1532 2934; x_wconf 90' lang='lat' dir='ltr'><strong>eum</strong></span> <span class='ocrx_word' id='word_1_221' title='bbox 1568 2896 1678 2933; x_wconf 92' lang='lat' dir='ltr'><strong>non</strong></span> <span class='ocrx_word' id='word_1_222' title='bbox 1726 2879 2033 2934; x_wconf 77' lang='lat' dir='ltr'><strong>meminisse</strong></span> 
     </span>
    </p>
   </div>
   <div class='ocr_carea' id='block_1_33' title="bbox 450 2972 2029 3038">
    <p class='ocr_par' dir='ltr' id='par_1_33' title="bbox 450 2972 2029 3038">
     <span class='ocr_line' id='line_1_33' title="bbox 450 2972 2029 3038; baseline -0.005 -7"><span class='ocrx_word' id='word_1_223' title='bbox 450 2977 804 3038; x_wconf 86' lang='lat' dir='ltr'><strong>rationabilis,</strong></span> <span class='ocrx_word' id='word_1_224' title='bbox 846 2974 942 3029; x_wconf 87' lang='lat' dir='ltr'><strong>sed</strong></span> <span class='ocrx_word' id='word_1_225' title='bbox 989 2974 1277 3027; x_wconf 90' lang='lat' dir='ltr'><strong>inanimam</strong></span> <span class='ocrx_word' id='word_1_226' title='bbox 1327 2973 1507 3027; x_wconf 90' lang='lat' dir='ltr'><strong>dicere</strong></span> <span class='ocrx_word' id='word_1_227' title='bbox 1551 2972 1761 3025; x_wconf 82' lang='lat' dir='ltr'><strong>Domini</strong></span> <span class='ocrx_word' id='word_1_228' title='bbox 1789 2984 2029 3025; x_wconf 88' lang='lat' dir='ltr'><strong>carnem.</strong></span> 
     </span>
    </p>
   </div>
   <div class='ocr_carea' id='block_1_34' title="bbox 2133 450 3703 521">
    <p class='ocr_par' dir='ltr' id='par_1_34' title="bbox 2133 450 3703 521">
     <span class='ocr_line' id='line_1_34' title="bbox 2133 450 3703 521; baseline -0.001 -16"><span class='ocrx_word' id='word_1_229' title='bbox 2133 469 2316 515; x_wconf 89' lang='lat' dir='ltr'><strong>carne,</strong></span> <span class='ocrx_word' id='word_1_230' title='bbox 2346 462 2401 505; x_wconf 92' lang='lat' dir='ltr'><strong>et</strong></span> <span class='ocrx_word' id='word_1_231' title='bbox 2432 452 2627 505; x_wconf 86' lang='lat' dir='ltr'><strong>factum</strong></span> <span class='ocrx_word' id='word_1_232' title='bbox 2659 450 3071 521; x_wconf 87' lang='lat' dir='ltr'><strong>primogenitum</strong></span> <span class='ocrx_word' id='word_1_233' title='bbox 3103 466 3169 502; x_wconf 71' lang='lat' dir='ltr'><strong>ex</strong></span> <span class='ocrx_word' id='word_1_234' title='bbox 3198 450 3442 513; x_wconf 89' lang='lat' dir='ltr'><strong>mortuis,</strong></span> <span class='ocrx_word' id='word_1_235' title='bbox 3466 464 3529 504; x_wconf 90' lang='lat' dir='ltr'><strong>eo</strong></span> <span class='ocrx_word' id='word_1_236' title='bbox 3550 453 3703 518; x_wconf 87' lang='lat' dir='ltr'><strong>quod,</strong></span> 
     </span>
    </p>
   </div>
   <div class='ocr_carea' id='block_1_35' title="bbox 2133 538 3705 614">
    <p class='ocr_par' dir='ltr' id='par_1_35' title="bbox 2133 538 3705 614">
     <span class='ocr_line' id='line_1_35' title="bbox 2133 538 3705 614; baseline -0.001 -19"><span class='ocrx_word' id='word_1_237' title='bbox 2133 553 2188 595; x_wconf 90' lang='lat' dir='ltr'><strong>ut</strong></span> <span class='ocrx_word' id='word_1_238' title='bbox 2219 543 2355 595; x_wconf 60' lang='lat' dir='ltr'><strong>Deus</strong></span> <span class='ocrx_word' id='word_1_239' title='bbox 2385 542 2591 614; x_wconf 43' lang='lat' dir='ltr'><strong>[Belum</strong></span> <span class='ocrx_word' id='word_1_240' title='bbox 2618 559 2719 595; x_wconf 89' lang='lat' dir='ltr'><strong>om.</strong></span> <span class='ocrx_word' id='word_1_241' title='bbox 2754 549 2811 595; x_wconf 92' lang='lat' dir='ltr'><strong>ut</strong></span> <span class='ocrx_word' id='word_1_242' title='bbox 2837 538 3023 610; x_wconf 76' lang='lat' dir='ltr'><strong>Deus].</strong></span> <span class='ocrx_word' id='word_1_243' title='bbox 3046 540 3137 597; x_wconf 86' lang='lat' dir='ltr'><strong>det</strong></span> <span class='ocrx_word' id='word_1_244' title='bbox 3164 540 3349 603; x_wconf 88' lang='lat' dir='ltr'><strong>vitam,</strong></span> <span class='ocrx_word' id='word_1_245' title='bbox 3376 549 3430 594; x_wconf 92' lang='lat' dir='ltr'><strong>et</strong></span> <span class='ocrx_word' id='word_1_246' title='bbox 3460 542 3527 594; x_wconf 86' lang='lat' dir='ltr'><strong>sit</strong></span> <span class='ocrx_word' id='word_1_247' title='bbox 3550 541 3705 595; x_wconf 82' lang='lat' dir='ltr'><strong>viviti-</strong></span> 
     </span>
    </p>
   </div>
   <div class='ocr_carea' id='block_1_36' title="bbox 2131 633 2723 699">
    <p class='ocr_par' dir='ltr' id='par_1_36' title="bbox 2131 633 2723 699">
     <span class='ocr_line' id='line_1_36' title="bbox 2131 633 2723 699; baseline -0.002 -12"><span class='ocrx_word' id='word_1_248' title='bbox 2131 649 2282 699; x_wconf 89' lang='lat' dir='ltr'><strong>cum;</strong></span> <span class='ocrx_word' id='word_1_249' title='bbox 2316 634 2604 687; x_wconf 84' lang='lat' dir='ltr'><strong>anathema</strong></span> <span class='ocrx_word' id='word_1_250' title='bbox 2635 633 2723 686; x_wconf 91' lang='lat' dir='ltr'><strong>sit.</strong></span> 
     </span>
    </p>
   </div>
   <div class='ocr_carea' id='block_1_37' title="bbox 2585 759 3254 798">
    <p class='ocr_par' dir='ltr' id='par_1_37' title="bbox 2585 759 3254 798">
     <span class='ocr_line' id='line_1_37' title="bbox 2585 759 3254 798; baseline 0 -2"><span class='ocrx_word' id='word_1_251' title='bbox 2585 759 2947 798; x_wconf 70' lang='lat' dir='ltr'><strong>REPREHENSIO</strong></span> <span class='ocrx_word' id='word_1_252' title='bbox 2971 759 3254 797; x_wconf 65' lang='grc' dir='ltr'><strong>ιιιειιετιει.</strong></span> 
     </span>
    </p>
   </div>
   <div class='ocr_carea' id='block_1_38' title="bbox 2203 849 3702 925">
    <p class='ocr_par' dir='ltr' id='par_1_38' title="bbox 2203 849 3702 925">
     <span class='ocr_line' id='line_1_38' title="bbox 2203 849 3702 925; baseline 0.003 -22"><span class='ocrx_word' id='word_1_253' title='bbox 2203 852 2486 907; x_wconf 85' lang='lat' dir='ltr'><strong>Passiones</strong></span> <span class='ocrx_word' id='word_1_254' title='bbox 2534 862 2738 906; x_wconf 77' lang='lat' dir='ltr'><strong>natura:</strong></span> <span class='ocrx_word' id='word_1_255' title='bbox 2792 853 2998 925; x_wconf 79' lang='lat' dir='ltr'><strong>[Baluz.</strong></span> <span class='ocrx_word' id='word_1_256' title='bbox 3054 870 3155 907; x_wconf 89' lang='lat' dir='ltr'><strong>om.</strong></span> <span class='ocrx_word' id='word_1_257' title='bbox 3194 849 3421 924; x_wconf 69' lang='lat' dir='ltr'><strong>natum]</strong></span> <span class='ocrx_word' id='word_1_258' title='bbox 3452 854 3702 921; x_wconf 88' lang='lat' dir='ltr'><strong>passibilis</strong></span> 
     </span>
    </p>
   </div>
   <div class='ocr_carea' id='block_1_39' title="bbox 2130 944 3701 1014">
    <p class='ocr_par' dir='ltr' id='par_1_39' title="bbox 2130 944 3701 1014">
     <span class='ocr_line' id='line_1_39' title="bbox 2130 944 3701 1014; baseline 0.002 -19"><span class='ocrx_word' id='word_1_259' title='bbox 2130 944 2361 1013; x_wconf 77' lang='lat' dir='ltr'><strong>propria:</strong></span> <span class='ocrx_word' id='word_1_260' title='bbox 2384 952 2538 1007; x_wconf 89' lang='lat' dir='ltr'><strong>sunt;</strong></span> <span class='ocrx_word' id='word_1_261' title='bbox 2564 944 2925 1014; x_wconf 88' lang='lat' dir='ltr'><strong>impassibilis,</strong></span> <span class='ocrx_word' id='word_1_262' title='bbox 2958 945 3296 1014; x_wconf 88' lang='lat' dir='ltr'><strong>passionibus</strong></span> <span class='ocrx_word' id='word_1_263' title='bbox 3324 945 3571 1013; x_wconf 87' lang='lat' dir='ltr'><strong>superior</strong></span> <span class='ocrx_word' id='word_1_264' title='bbox 3604 955 3701 1009; x_wconf 85' lang='lat' dir='ltr'><strong>est;</strong></span> 
     </span>
    </p>
   </div>
   <div class='ocr_carea' id='block_1_40' title="bbox 2132 1035 3705 1104">
    <p class='ocr_par' dir='ltr' id='par_1_40' title="bbox 2132 1035 3705 1104">
     <span class='ocr_line' id='line_1_40' title="bbox 2132 1035 3705 1104; baseline 0.004 -19"><span class='ocrx_word' id='word_1_265' title='bbox 2132 1049 2286 1103; x_wconf 81' lang='lat' dir='ltr'><strong>passa</strong></span> <span class='ocrx_word' id='word_1_266' title='bbox 2310 1042 2393 1088; x_wconf 85' lang='lat' dir='ltr'><strong>est</strong></span> <span class='ocrx_word' id='word_1_267' title='bbox 2422 1035 2582 1102; x_wconf 82' lang='lat' dir='ltr'><strong>igitur</strong></span> <span class='ocrx_word' id='word_1_268' title='bbox 2610 1036 2751 1089; x_wconf 88' lang='lat' dir='ltr'><strong>servi</strong></span> <span class='ocrx_word' id='word_1_269' title='bbox 2781 1035 2972 1097; x_wconf 86' lang='lat' dir='ltr'><strong>forma,</strong></span> <span class='ocrx_word' id='word_1_270' title='bbox 3005 1037 3312 1089; x_wconf 62' lang='lat' dir='ltr'><strong>adhaerente</strong></span> <span class='ocrx_word' id='word_1_271' title='bbox 3361 1036 3461 1104; x_wconf 88' lang='lat' dir='ltr'><strong>ipsi</strong></span> <span class='ocrx_word' id='word_1_272' title='bbox 3515 1037 3705 1091; x_wconf 83' lang='lat' dir='ltr'><strong>scilicet</strong></span> 
     </span>
    </p>
   </div>
   <div class='ocr_carea' id='block_1_41' title="bbox 2133 1124 3703 1196">
    <p class='ocr_par' dir='ltr' id='par_1_41' title="bbox 2133 1124 3703 1196">
     <span class='ocr_line' id='line_1_41' title="bbox 2133 1124 3703 1196; baseline 0.003 -19"><span class='ocrx_word' id='word_1_273' title='bbox 2133 1125 2292 1178; x_wconf 88' lang='lat' dir='ltr'><strong>etiam</strong></span> <span class='ocrx_word' id='word_1_274' title='bbox 2348 1125 2442 1178; x_wconf 91' lang='lat' dir='ltr'><strong>Dei</strong></span> <span class='ocrx_word' id='word_1_275' title='bbox 2489 1124 2678 1189; x_wconf 84' lang='lat' dir='ltr'><strong>forma,</strong></span> <span class='ocrx_word' id='word_1_276' title='bbox 2711 1134 2765 1181; x_wconf 89' lang='lat' dir='ltr'><strong>et</strong></span> <span class='ocrx_word' id='word_1_277' title='bbox 2794 1127 3137 1196; x_wconf 84' lang='lat' dir='ltr'><strong>permittente</strong></span> <span class='ocrx_word' id='word_1_278' title='bbox 3166 1126 3383 1195; x_wconf 90' lang='lat' dir='ltr'><strong>quidem</strong></span> <span class='ocrx_word' id='word_1_279' title='bbox 3424 1127 3555 1195; x_wconf 89' lang='lat' dir='ltr'><strong>pati,</strong></span> <span class='ocrx_word' id='word_1_280' title='bbox 3588 1143 3703 1195; x_wconf 87' lang='lat' dir='ltr'><strong>pro-</strong></span> 
     </span>
    </p>
   </div>
   <div class='ocr_carea' id='block_1_42' title="bbox 2134 1216 3703 1287">
    <p class='ocr_par' dir='ltr' id='par_1_42' title="bbox 2134 1216 3703 1287">
     <span class='ocr_line' id='line_1_42' title="bbox 2134 1216 3703 1287; baseline 0.002 -19"><span class='ocrx_word' id='word_1_281' title='bbox 2134 1223 2253 1283; x_wconf 85' lang='lat' dir='ltr'><strong>pter</strong></span> <span class='ocrx_word' id='word_1_282' title='bbox 2297 1216 2546 1281; x_wconf 89' lang='lat' dir='ltr'><strong>salutem,</strong></span> <span class='ocrx_word' id='word_1_283' title='bbox 2600 1231 2719 1285; x_wconf 77' lang='lat' dir='ltr'><strong>quae</strong></span> <span class='ocrx_word' id='word_1_284' title='bbox 2758 1233 2825 1271; x_wconf 82' lang='lat' dir='ltr'><strong>ex</strong></span> <span class='ocrx_word' id='word_1_285' title='bbox 2854 1217 3192 1287; x_wconf 88' lang='lat' dir='ltr'><strong>passionibus</strong></span> <span class='ocrx_word' id='word_1_286' title='bbox 3222 1216 3397 1270; x_wconf 82' lang='lat' dir='ltr'><strong>fuerat</strong></span> <span class='ocrx_word' id='word_1_287' title='bbox 3426 1226 3703 1283; x_wconf 85' lang='lat' dir='ltr'><strong>eventura;</strong></span> 
     </span>
    </p>
   </div>
   <div class='ocr_carea' id='block_1_43' title="bbox 2132 1307 3708 1377">
    <p class='ocr_par' dir='ltr' id='par_1_43' title="bbox 2132 1307 3708 1377">
     <span class='ocr_line' id='line_1_43' title="bbox 2132 1307 3708 1377; baseline 0.002 -19"><span class='ocrx_word' id='word_1_288' title='bbox 2132 1321 2256 1359; x_wconf 91' lang='lat' dir='ltr'><strong>suas</strong></span> <span class='ocrx_word' id='word_1_289' title='bbox 2294 1322 2423 1360; x_wconf 89' lang='lat' dir='ltr'><strong>vero</strong></span> <span class='ocrx_word' id='word_1_290' title='bbox 2479 1307 2778 1376; x_wconf 89' lang='lat' dir='ltr'><strong>passiones,</strong></span> <span class='ocrx_word' id='word_1_291' title='bbox 2803 1315 3025 1377; x_wconf 88' lang='lat' dir='ltr'><strong>propter</strong></span> <span class='ocrx_word' id='word_1_292' title='bbox 3055 1308 3458 1369; x_wconf 79' lang='lat' dir='ltr'><strong>adimationem,</strong></span> <span class='ocrx_word' id='word_1_293' title='bbox 3510 1308 3708 1362; x_wconf 81' lang='lat' dir='ltr'><strong>dicente</strong></span> 
     </span>
    </p>
   </div>
   <div class='ocr_carea' id='block_1_44' title="bbox 2133 1397 3708 1470">
    <p class='ocr_par' dir='ltr' id='par_1_44' title="bbox 2133 1397 3708 1470">
     <span class='ocr_line' id='line_1_44' title="bbox 2133 1397 3708 1470; baseline 0.003 -21"><span class='ocrx_word' id='word_1_294' title='bbox 2133 1397 2338 1470; x_wconf 79' lang='lat' dir='ltr'><strong>[Baluz.</strong></span> <span class='ocrx_word' id='word_1_295' title='bbox 2396 1398 2685 1470; x_wconf 81' lang='lat' dir='ltr'><strong>ducente]:</strong></span> <span class='ocrx_word' id='word_1_296' title='bbox 2742 1413 2870 1468; x_wconf 83' lang='lat' dir='ltr'><strong>ergo</strong></span> <span class='ocrx_word' id='word_1_297' title='bbox 2924 1416 3032 1453; x_wconf 89' lang='lat' dir='ltr'><strong>non</strong></span> <span class='ocrx_word' id='word_1_298' title='bbox 3072 1400 3212 1454; x_wconf 90' lang='lat' dir='ltr'><strong>Deus</strong></span> <span class='ocrx_word' id='word_1_299' title='bbox 3259 1416 3449 1470; x_wconf 76' lang='lat' dir='ltr'><strong>passus</strong></span> <span class='ocrx_word' id='word_1_300' title='bbox 3490 1411 3590 1462; x_wconf 83' lang='lat' dir='ltr'><strong>est,</strong></span> <span class='ocrx_word' id='word_1_301' title='bbox 3625 1402 3708 1455; x_wconf 84' lang='lat' dir='ltr'><strong>sed</strong></span> 
     </span>
    </p>
   </div>
   <div class='ocr_carea' id='block_1_45' title="bbox 2133 1487 3709 1561">
    <p class='ocr_par' dir='ltr' id='par_1_45' title="bbox 2133 1487 3709 1561">
     <span class='ocr_line' id='line_1_45' title="bbox 2133 1487 3709 1561; baseline 0.004 -21"><span class='ocrx_word' id='word_1_302' title='bbox 2133 1489 2338 1561; x_wconf 83' lang='lat' dir='ltr'><strong>[Baluz.</strong></span> <span class='ocrx_word' id='word_1_303' title='bbox 2373 1489 2497 1542; x_wconf 89' lang='lat' dir='ltr'><strong>add.</strong></span> <span class='ocrx_word' id='word_1_304' title='bbox 2523 1487 2589 1559; x_wconf 88' lang='lat' dir='ltr'><strong>is]</strong></span> <span class='ocrx_word' id='word_1_305' title='bbox 2620 1490 2802 1552; x_wconf 88' lang='lat' dir='ltr'><strong>homo,</strong></span> <span class='ocrx_word' id='word_1_306' title='bbox 2835 1492 2926 1559; x_wconf 88' lang='lat' dir='ltr'><strong>qui</strong></span> <span class='ocrx_word' id='word_1_307' title='bbox 2948 1506 3014 1545; x_wconf 90' lang='lat' dir='ltr'><strong>ex</strong></span> <span class='ocrx_word' id='word_1_308' title='bbox 3042 1490 3195 1544; x_wconf 85' lang='lat' dir='ltr'><strong>nobis</strong></span> <span class='ocrx_word' id='word_1_309' title='bbox 3220 1507 3247 1543; x_wconf 90' lang='lat' dir='ltr'><strong>a</strong></span> <span class='ocrx_word' id='word_1_310' title='bbox 3278 1491 3387 1544; x_wconf 91' lang='lat' dir='ltr'><strong>Deo</strong></span> <span class='ocrx_word' id='word_1_311' title='bbox 3413 1500 3709 1561; x_wconf 86' lang='lat' dir='ltr'><strong>assumptus</strong></span> 
     </span>
    </p>
   </div>
   <div class='ocr_carea' id='block_1_46' title="bbox 2132 1578 3706 1650">
    <p class='ocr_par' dir='ltr' id='par_1_46' title="bbox 2132 1578 3706 1650">
     <span class='ocr_line' id='line_1_46' title="bbox 2132 1578 3706 1650; baseline 0.003 -19"><span class='ocrx_word' id='word_1_312' title='bbox 2132 1587 2231 1632; x_wconf 88' lang='lat' dir='ltr'><strong>est.</strong></span> <span class='ocrx_word' id='word_1_313' title='bbox 2283 1578 2573 1649; x_wconf 86' lang='lat' dir='ltr'><strong>Propterea</strong></span> <span class='ocrx_word' id='word_1_314' title='bbox 2625 1588 2680 1634; x_wconf 89' lang='lat' dir='ltr'><strong>et</strong></span> <span class='ocrx_word' id='word_1_315' title='bbox 2726 1580 2916 1635; x_wconf 89' lang='lat' dir='ltr'><strong>beatus</strong></span> <span class='ocrx_word' id='word_1_316' title='bbox 2962 1580 3126 1637; x_wconf 88' lang='lat' dir='ltr'><strong>Isaias</strong></span> <span class='ocrx_word' id='word_1_317' title='bbox 3168 1590 3292 1635; x_wconf 88' lang='lat' dir='ltr'><strong>ante</strong></span> <span class='ocrx_word' id='word_1_318' title='bbox 3334 1583 3706 1650; x_wconf 71' lang='lat' dir='ltr'><strong>pnenuntians,</strong></span> 
     </span>
    </p>
   </div>
   <div class='ocr_carea' id='block_1_47' title="bbox 2131 1670 3708 1743">
    <p class='ocr_par' dir='ltr' id='par_1_47' title="bbox 2131 1670 3708 1743">
     <span class='ocr_line' id='line_1_47' title="bbox 2131 1670 3708 1743; baseline 0.001 -19"><span class='ocrx_word' id='word_1_319' title='bbox 2131 1672 2363 1725; x_wconf 89' lang='lat' dir='ltr'><strong>clamat:</strong></span> <span class='ocrx_word' id='word_1_320' title='bbox 2400 1670 2569 1727; x_wconf 84' lang='lat' dir='ltr'><strong>Homo</strong></span> <span class='ocrx_word' id='word_1_321' title='bbox 2617 1673 2670 1725; x_wconf 83' lang='lat' dir='ltr'><strong>in</strong></span> <span class='ocrx_word' id='word_1_322' title='bbox 2718 1674 2893 1743; x_wconf 86' lang='lat' dir='ltr'><strong>plaga,</strong></span> <span class='ocrx_word' id='word_1_323' title='bbox 2925 1682 2974 1726; x_wconf 91' lang='lat' dir='ltr'><strong>et</strong></span> <span class='ocrx_word' id='word_1_324' title='bbox 2999 1674 3164 1726; x_wconf 86' lang='lat' dir='ltr'><strong>sciens</strong></span> <span class='ocrx_word' id='word_1_325' title='bbox 3196 1675 3331 1743; x_wconf 77' lang='lat' dir='ltr'><strong>ferre</strong></span> <span class='ocrx_word' id='word_1_326' title='bbox 3360 1673 3708 1742; x_wconf 79' lang='lat' dir='ltr'><strong>inﬁrmitatem</strong></span> 
     </span>
    </p>
   </div>
   <div class='ocr_carea' id='block_1_48' title="bbox 2134 1761 3710 1833">
    <p class='ocr_par' dir='ltr' id='par_1_48' title="bbox 2134 1761 3710 1833">
     <span class='ocr_line' id='line_1_48' title="bbox 2134 1761 3710 1833; baseline 0.003 -19"><span class='ocrx_word' id='word_1_327' title='bbox 2134 1761 2285 1832; x_wconf 73' lang='lat' dir='ltr'><strong>(Isai.</strong></span> <span class='ocrx_word' id='word_1_328' title='bbox 2316 1779 2425 1826; x_wconf 82' lang='lat' dir='ltr'><strong>Lm,</strong></span> <span class='ocrx_word' id='word_1_329' title='bbox 2456 1764 2530 1832; x_wconf 85' lang='grc'><strong>5).</strong></span> <span class='ocrx_word' id='word_1_330' title='bbox 2559 1762 2622 1816; x_wconf 85' lang='lat' dir='ltr'><strong>Et</strong></span> <span class='ocrx_word' id='word_1_331' title='bbox 2662 1764 2774 1833; x_wconf 89' lang='lat' dir='ltr'><strong>ipse</strong></span> <span class='ocrx_word' id='word_1_332' title='bbox 2804 1763 3058 1817; x_wconf 87' lang='lat' dir='ltr'><strong>Dominus</strong></span> <span class='ocrx_word' id='word_1_333' title='bbox 3099 1763 3346 1820; x_wconf 87' lang='lat' dir='ltr'><strong>Christus</strong></span> <span class='ocrx_word' id='word_1_334' title='bbox 3393 1764 3459 1818; x_wconf 90' lang='lat' dir='ltr'><strong>ad</strong></span> <span class='ocrx_word' id='word_1_335' title='bbox 3503 1763 3710 1818; x_wconf 69' lang='lat' dir='ltr'><strong>Judtcos</strong></span> 
     </span>
    </p>
   </div>
   <div class='ocr_carea' id='block_1_49' title="bbox 2127 1851 3709 1925">
    <p class='ocr_par' dir='ltr' id='par_1_49' title="bbox 2127 1851 3709 1925">
     <span class='ocr_line' id='line_1_49' title="bbox 2127 1851 3709 1925; baseline 0.001 -19"><span class='ocrx_word' id='word_1_336' title='bbox 2127 1853 2336 1907; x_wconf 87' lang='lat' dir='ltr'><strong>dicebat</strong></span> <span class='ocrx_word' id='word_1_337' title='bbox 2361 1871 2372 1905; x_wconf 94' lang='lat'>:</span> <span class='ocrx_word' id='word_1_338' title='bbox 2408 1851 2544 1917; x_wconf 84' lang='lat' dir='ltr'><strong>Quid</strong></span> <span class='ocrx_word' id='word_1_339' title='bbox 2568 1871 2647 1907; x_wconf 90' lang='lat' dir='ltr'><strong>me</strong></span> <span class='ocrx_word' id='word_1_340' title='bbox 2674 1855 2903 1925; x_wconf 78' lang='lat' dir='ltr'><strong>qawritis</strong></span> <span class='ocrx_word' id='word_1_341' title='bbox 2931 1854 3165 1908; x_wconf 87' lang='lat' dir='ltr'><strong>occidere</strong></span> <span class='ocrx_word' id='word_1_342' title='bbox 3186 1855 3460 1915; x_wconf 80' lang='lat' dir='ltr'><strong>hominem,</strong></span> <span class='ocrx_word' id='word_1_343' title='bbox 3494 1856 3582 1925; x_wconf 83' lang='lat' dir='ltr'><strong>qui</strong></span> <span class='ocrx_word' id='word_1_344' title='bbox 3598 1856 3709 1907; x_wconf 77' lang='lat' dir='ltr'><strong>veri-</strong></span> 
     </span>
    </p>
   </div>
   <div class='ocr_carea' id='block_1_50' title="bbox 2131 1943 3709 2016">
    <p class='ocr_par' dir='ltr' id='par_1_50' title="bbox 2131 1943 3709 2016">
     <span class='ocr_line' id='line_1_50' title="bbox 2131 1943 3709 2016; baseline -0.001 -19"><span class='ocrx_word' id='word_1_345' title='bbox 2131 1954 2282 1998; x_wconf 80' lang='lat' dir='ltr'><strong>tatem</strong></span> <span class='ocrx_word' id='word_1_346' title='bbox 2304 1943 2440 1998; x_wconf 72' lang='lat' dir='ltr'><strong>t&#39;obis</strong></span> <span class='ocrx_word' id='word_1_347' title='bbox 2471 1945 2669 1998; x_wconf 84' lang='lat' dir='ltr'><strong>locutus</strong></span> <span class='ocrx_word' id='word_1_348' title='bbox 2698 1962 2807 1999; x_wconf 87' lang='lat' dir='ltr'><strong>sum</strong></span> <span class='ocrx_word' id='word_1_349' title='bbox 2831 1944 3007 2013; x_wconf 87' lang='lat' dir='ltr'><strong>(Joan.</strong></span> <span class='ocrx_word' id='word_1_350' title='bbox 3042 1961 3150 2009; x_wconf 88' lang='lat' dir='ltr'><strong>vm,</strong></span> <span class='ocrx_word' id='word_1_351' title='bbox 3171 1944 3281 2016; x_wconf 70' lang='lat'><strong>40).</strong></span> <span class='ocrx_word' id='word_1_352' title='bbox 3307 1944 3581 1999; x_wconf 82' lang='lat' dir='ltr'><strong>Occiditur</strong></span> <span class='ocrx_word' id='word_1_353' title='bbox 3596 1961 3709 1997; x_wconf 82' lang='lat' dir='ltr'><strong>vero</strong></span> 
     </span>
    </p>
   </div>
   <div class='ocr_carea' id='block_1_51' title="bbox 2131 2034 3711 2103">
    <p class='ocr_par' dir='ltr' id='par_1_51' title="bbox 2131 2034 3711 2103">
     <span class='ocr_line' id='line_1_51' title="bbox 2131 2034 3711 2103; baseline 0 -16"><span class='ocrx_word' id='word_1_354' title='bbox 2131 2051 2236 2087; x_wconf 92' lang='lat' dir='ltr'><strong>non</strong></span> <span class='ocrx_word' id='word_1_355' title='bbox 2269 2035 2381 2103; x_wconf 91' lang='lat' dir='ltr'><strong>ipsa</strong></span> <span class='ocrx_word' id='word_1_356' title='bbox 2408 2036 2537 2099; x_wconf 88' lang='lat' dir='ltr'><strong>vita,</strong></span> <span class='ocrx_word' id='word_1_357' title='bbox 2564 2037 2659 2088; x_wconf 83' lang='lat' dir='ltr'><strong>sed</strong></span> <span class='ocrx_word' id='word_1_358' title='bbox 2688 2036 2777 2103; x_wconf 94' lang='lat' dir='ltr'><strong>qui</strong></span> <span class='ocrx_word' id='word_1_359' title='bbox 2809 2036 3092 2090; x_wconf 87' lang='lat' dir='ltr'><strong>mortalem</strong></span> <span class='ocrx_word' id='word_1_360' title='bbox 3124 2037 3289 2090; x_wconf 89' lang='lat' dir='ltr'><strong>habet</strong></span> <span class='ocrx_word' id='word_1_361' title='bbox 3339 2044 3603 2089; x_wconf 88' lang='lat' dir='ltr'><strong>naturam.</strong></span> <span class='ocrx_word' id='word_1_362' title='bbox 3652 2034 3711 2087; x_wconf 87' lang='lat' dir='ltr'><strong>Et</strong></span> 
     </span>
    </p>
   </div>
   <div class='ocr_carea' id='block_1_52' title="bbox 2130 2125 3713 2181">
    <p class='ocr_par' dir='ltr' id='par_1_52' title="bbox 2130 2125 3713 2181">
     <span class='ocr_line' id='line_1_52' title="bbox 2130 2125 3713 2181; baseline 0.001 -3"><span class='ocrx_word' id='word_1_363' title='bbox 2130 2126 2183 2178; x_wconf 90' lang='lat' dir='ltr'><strong>id</strong></span> <span class='ocrx_word' id='word_1_364' title='bbox 2211 2126 2335 2179; x_wconf 90' lang='lat' dir='ltr'><strong>alibi</strong></span> <span class='ocrx_word' id='word_1_365' title='bbox 2365 2125 2565 2180; x_wconf 89' lang='lat' dir='ltr'><strong>docens</strong></span> <span class='ocrx_word' id='word_1_366' title='bbox 2606 2126 2865 2180; x_wconf 90' lang='lat' dir='ltr'><strong>Dominus</strong></span> <span class='ocrx_word' id='word_1_367' title='bbox 2920 2127 2988 2180; x_wconf 89' lang='lat' dir='ltr'><strong>ad</strong></span> <span class='ocrx_word' id='word_1_368' title='bbox 3032 2125 3247 2181; x_wconf 66' lang='lat' dir='ltr'><strong>Judmos</strong></span> <span class='ocrx_word' id='word_1_369' title='bbox 3293 2128 3472 2180; x_wconf 82' lang='lat' dir='ltr'><strong>dixit:</strong></span> <span class='ocrx_word' id='word_1_370' title='bbox 3531 2126 3713 2180; x_wconf 75' lang='lat' dir='ltr'><strong>Solvite</strong></span> 
     </span>
    </p>
   </div>
   <div class='ocr_carea' id='block_1_53' title="bbox 2132 2216 3711 2287">
    <p class='ocr_par' dir='ltr' id='par_1_53' title="bbox 2132 2216 3711 2287">
     <span class='ocr_line' id='line_1_53' title="bbox 2132 2216 3711 2287; baseline 0 -18"><span class='ocrx_word' id='word_1_371' title='bbox 2132 2216 2371 2286; x_wconf 83' lang='lat' dir='ltr'><strong>templum</strong></span> <span class='ocrx_word' id='word_1_372' title='bbox 2402 2216 2559 2280; x_wconf 84' lang='lat' dir='ltr'><strong>istud,</strong></span> <span class='ocrx_word' id='word_1_373' title='bbox 2612 2227 2660 2269; x_wconf 86' lang='lat' dir='ltr'><strong>et</strong></span> <span class='ocrx_word' id='word_1_374' title='bbox 2707 2218 2761 2270; x_wconf 88' lang='lat' dir='ltr'><strong>in</strong></span> <span class='ocrx_word' id='word_1_375' title='bbox 2809 2217 2976 2270; x_wconf 83' lang='lat' dir='ltr'><strong>triduo</strong></span> <span class='ocrx_word' id='word_1_376' title='bbox 2998 2216 3323 2287; x_wconf 72' lang='lat' dir='ltr'><strong>rea’diﬁeabo</strong></span> <span class='ocrx_word' id='word_1_377' title='bbox 3354 2219 3546 2287; x_wconf 80' lang='lat' dir='ltr'><strong>ipsum.</strong></span> <span class='ocrx_word' id='word_1_378' title='bbox 3583 2216 3711 2282; x_wconf 86' lang='lat' dir='ltr'><strong>Ergo</strong></span> 
     </span>
    </p>
   </div>
   <div class='ocr_carea' id='block_1_54' title="bbox 2130 2310 3710 2378">
    <p class='ocr_par' dir='ltr' id='par_1_54' title="bbox 2130 2310 3710 2378">
     <span class='ocr_line' id='line_1_54' title="bbox 2130 2310 3710 2378; baseline -0.001 -15"><span class='ocrx_word' id='word_1_379' title='bbox 2130 2310 2337 2363; x_wconf 88' lang='lat' dir='ltr'><strong>solutus</strong></span> <span class='ocrx_word' id='word_1_380' title='bbox 2373 2310 2589 2378; x_wconf 86' lang='lat' dir='ltr'><strong>quidem</strong></span> <span class='ocrx_word' id='word_1_381' title='bbox 2630 2319 2732 2375; x_wconf 89' lang='lat' dir='ltr'><strong>est,</strong></span> <span class='ocrx_word' id='word_1_382' title='bbox 2782 2312 2872 2378; x_wconf 85' lang='lat' dir='ltr'><strong>qui</strong></span> <span class='ocrx_word' id='word_1_383' title='bbox 2915 2319 2996 2364; x_wconf 89' lang='lat' dir='ltr'><strong>est</strong></span> <span class='ocrx_word' id='word_1_384' title='bbox 3033 2326 3101 2364; x_wconf 82' lang='lat' dir='ltr'><strong>ex</strong></span> <span class='ocrx_word' id='word_1_385' title='bbox 3141 2310 3341 2375; x_wconf 88' lang='lat' dir='ltr'><strong>David;</strong></span> <span class='ocrx_word' id='word_1_386' title='bbox 3377 2310 3710 2364; x_wconf 81' lang='lat' dir='ltr'><strong>rcsuscitavit</strong></span> 
     </span>
    </p>
   </div>
   <div class='ocr_carea' id='block_1_55' title="bbox 2131 2396 3711 2471">
    <p class='ocr_par' dir='ltr' id='par_1_55' title="bbox 2131 2396 3711 2471">
     <span class='ocr_line' id='line_1_55' title="bbox 2131 2396 3711 2471; baseline 0.002 -19"><span class='ocrx_word' id='word_1_387' title='bbox 2131 2416 2262 2455; x_wconf 83' lang='lat' dir='ltr'><strong>vero</strong></span> <span class='ocrx_word' id='word_1_388' title='bbox 2303 2402 2558 2466; x_wconf 86' lang='lat' dir='ltr'><strong>solutum,</strong></span> <span class='ocrx_word' id='word_1_389' title='bbox 2608 2403 2941 2469; x_wconf 83' lang='lat' dir='ltr'><strong>unigenitum</strong></span> <span class='ocrx_word' id='word_1_390' title='bbox 2984 2403 3125 2457; x_wconf 90' lang='lat' dir='ltr'><strong>Deus</strong></span> <span class='ocrx_word' id='word_1_391' title='bbox 3182 2401 3439 2467; x_wconf 82' lang='lat' dir='ltr'><strong>Verbum,</strong></span> <span class='ocrx_word' id='word_1_392' title='bbox 3484 2396 3630 2471; x_wconf 77' lang='lat' dir='ltr'><strong>q&#39;iiod</strong></span> <span class='ocrx_word' id='word_1_393' title='bbox 3651 2418 3711 2455; x_wconf 80' lang='lat' dir='ltr'><strong>ex</strong></span> 
     </span>
    </p>
   </div>
   <div class='ocr_carea' id='block_1_56' title="bbox 2133 2488 3418 2562">
    <p class='ocr_par' dir='ltr' id='par_1_56' title="bbox 2133 2488 3418 2562">
     <span class='ocr_line' id='line_1_56' title="bbox 2133 2488 3418 2562; baseline 0.003 -19"><span class='ocrx_word' id='word_1_394' title='bbox 2133 2488 2293 2545; x_wconf 85' lang='lat' dir='ltr'><strong>Patre</strong></span> <span class='ocrx_word' id='word_1_395' title='bbox 2320 2493 2722 2562; x_wconf 89' lang='lat' dir='ltr'><strong>impassibiliter</strong></span> <span class='ocrx_word' id='word_1_396' title='bbox 2751 2501 2874 2547; x_wconf 87' lang='lat' dir='ltr'><strong>ante</strong></span> <span class='ocrx_word' id='word_1_397' title='bbox 2899 2494 3093 2547; x_wconf 72' lang='lat' dir='ltr'><strong>smcula</strong></span> <span class='ocrx_word' id='word_1_398' title='bbox 3123 2502 3309 2548; x_wconf 89' lang='lat' dir='ltr'><strong>natum</strong></span> <span class='ocrx_word' id='word_1_399' title='bbox 3335 2504 3418 2549; x_wconf 89' lang='lat' dir='ltr'><strong>est</strong></span> 
     </span>
    </p>
   </div>
   <div class='ocr_carea' id='block_1_57' title="bbox 2603 2628 3233 2671">
    <p class='ocr_par' dir='ltr' id='par_1_57' title="bbox 2603 2628 3233 2671">
     <span class='ocr_line' id='line_1_57' title="bbox 2603 2628 3233 2671; baseline 0.003 -4"><span class='ocrx_word' id='word_1_400' title='bbox 2603 2628 2883 2669; x_wconf 68' lang='lat' dir='ltr'><strong>RESI‘ONSIO</strong></span> <span class='ocrx_word' id='word_1_401' title='bbox 2913 2630 3233 2671; x_wconf 75' lang='lat' dir='ltr'><strong>ORTIIODOXI.</strong></span> 
     </span>
    </p>
   </div>
   <div class='ocr_carea' id='block_1_58' title="bbox 2204 2725 3711 2797">
    <p class='ocr_par' dir='ltr' id='par_1_58' title="bbox 2204 2725 3711 2797">
     <span class='ocr_line' id='line_1_58' title="bbox 2204 2725 3711 2797; baseline 0.004 -20"><span class='ocrx_word' id='word_1_402' title='bbox 2204 2725 2299 2779; x_wconf 82' lang='lat' dir='ltr'><strong>Est</strong></span> <span class='ocrx_word' id='word_1_403' title='bbox 2323 2725 2540 2795; x_wconf 90' lang='lat' dir='ltr'><strong>quidem</strong></span> <span class='ocrx_word' id='word_1_404' title='bbox 2564 2727 2903 2797; x_wconf 88' lang='lat' dir='ltr'><strong>impassibilis</strong></span> <span class='ocrx_word' id='word_1_405' title='bbox 2924 2729 3111 2797; x_wconf 91' lang='lat' dir='ltr'><strong>procul</strong></span> <span class='ocrx_word' id='word_1_406' title='bbox 3131 2729 3292 2783; x_wconf 92' lang='lat' dir='ltr'><strong>dubio</strong></span> <span class='ocrx_word' id='word_1_407' title='bbox 3315 2728 3479 2783; x_wconf 80' lang='lat' dir='ltr'><strong>Verbi</strong></span> <span class='ocrx_word' id='word_1_408' title='bbox 3509 2738 3711 2794; x_wconf 87' lang='lat' dir='ltr'><strong>natura,</strong></span> 
     </span>
    </p>
   </div>
   <div class='ocr_carea' id='block_1_59' title="bbox 2133 2816 3713 2888">
    <p class='ocr_par' dir='ltr' id='par_1_59' title="bbox 2133 2816 3713 2888">
     <span class='ocr_line' id='line_1_59' title="bbox 2133 2816 3713 2888; baseline 0.001 -17"><span class='ocrx_word' id='word_1_409' title='bbox 2133 2825 2187 2871; x_wconf 90' lang='lat' dir='ltr'><strong>et</strong></span> <span class='ocrx_word' id='word_1_410' title='bbox 2217 2816 2271 2870; x_wconf 89' lang='lat' dir='ltr'><strong>id</strong></span> <span class='ocrx_word' id='word_1_411' title='bbox 2302 2818 2428 2870; x_wconf 92' lang='lat' dir='ltr'><strong>nulli</strong></span> <span class='ocrx_word' id='word_1_412' title='bbox 2460 2824 2543 2870; x_wconf 86' lang='lat' dir='ltr'><strong>est</strong></span> <span class='ocrx_word' id='word_1_413' title='bbox 2569 2817 2867 2881; x_wconf 78' lang='lat' dir='ltr'><strong>hominum,</strong></span> <span class='ocrx_word' id='word_1_414' title='bbox 2899 2826 2956 2870; x_wconf 91' lang='lat' dir='ltr'><strong>ut</strong></span> <span class='ocrx_word' id='word_1_415' title='bbox 2982 2820 3192 2887; x_wconf 88' lang='lat' dir='ltr'><strong>opinor,</strong></span> <span class='ocrx_word' id='word_1_416' title='bbox 3229 2818 3512 2874; x_wconf 89' lang='lat' dir='ltr'><strong>incertum.</strong></span> <span class='ocrx_word' id='word_1_417' title='bbox 3541 2820 3713 2888; x_wconf 74' lang='lat' dir='ltr'><strong>Neque</strong></span> 
     </span>
    </p>
   </div>
   <div class='ocr_carea' id='block_1_60' title="bbox 2132 2906 3713 2979">
    <p class='ocr_par' dir='ltr' id='par_1_60' title="bbox 2132 2906 3713 2979">
     <span class='ocr_line' id='line_1_60' title="bbox 2132 2906 3713 2979; baseline 0.001 -19"><span class='ocrx_word' id='word_1_418' title='bbox 2132 2906 2276 2979; x_wconf 72' lang='lat' dir='ltr'><strong>enim</strong></span> <span class='ocrx_word' id='word_1_419' title='bbox 2295 2906 2359 2959; x_wconf 83' lang='lat' dir='ltr'><strong>ad</strong></span> <span class='ocrx_word' id='word_1_420' title='bbox 2385 2916 2490 2959; x_wconf 89' lang='lat' dir='ltr'><strong>tam</strong></span> <span class='ocrx_word' id='word_1_421' title='bbox 2510 2907 2750 2961; x_wconf 85' lang='lat' dir='ltr'><strong>insanam</strong></span> <span class='ocrx_word' id='word_1_422' title='bbox 2765 2906 3090 2961; x_wconf 88' lang='lat' dir='ltr'><strong>dementiam</strong></span> <span class='ocrx_word' id='word_1_423' title='bbox 3112 2909 3395 2976; x_wconf 88' lang='lat' dir='ltr'><strong>quisquam</strong></span> <span class='ocrx_word' id='word_1_424' title='bbox 3418 2908 3713 2973; x_wconf 86' lang='lat' dir='ltr'><strong>dclabetur,</strong></span> 
     </span>
    </p>
   </div>
   <div class='ocr_carea' id='block_1_61' title="bbox 2132 2988 3713 3065">
    <p class='ocr_par' dir='ltr' id='par_1_61' title="bbox 2132 2988 3713 3065">
     <span class='ocr_line' id='line_1_61' title="bbox 2132 2988 3713 3065; baseline -0.001 -16"><span class='ocrx_word' id='word_1_425' title='bbox 2132 3003 2192 3049; x_wconf 90' lang='lat' dir='ltr'><strong>ut</strong></span> <span class='ocrx_word' id='word_1_426' title='bbox 2222 2996 2363 3048; x_wconf 85' lang='lat' dir='ltr'><strong>illam</strong></span> <span class='ocrx_word' id='word_1_427' title='bbox 2387 3010 2637 3049; x_wconf 88' lang='lat' dir='ltr'><strong>arcanam</strong></span> <span class='ocrx_word' id='word_1_428' title='bbox 2660 3003 2715 3050; x_wconf 92' lang='lat' dir='ltr'><strong>et</strong></span> <span class='ocrx_word' id='word_1_429' title='bbox 2741 2988 3079 3065; x_wconf 80' lang='lat' dir='ltr'><strong>passionibus</strong></span> <span class='ocrx_word' id='word_1_430' title='bbox 3108 2996 3445 3064; x_wconf 88' lang='lat' dir='ltr'><strong>superiorem</strong></span> <span class='ocrx_word' id='word_1_431' title='bbox 3476 3007 3713 3050; x_wconf 86' lang='lat' dir='ltr'><strong>naturam</strong></span> 
     </span>
    </p>
   </div>
   <div class='ocr_carea' id='block_1_62' title="bbox 451 3062 3710 3159">
    <p class='ocr_par' dir='ltr' id='par_1_62' title="bbox 451 3062 3710 3159">
     <span class='ocr_line' id='line_1_62' title="bbox 451 3062 3710 3159; baseline -0.001 -17"><span class='ocrx_word' id='word_1_432' title='bbox 451 3070 585 3136; x_wconf 63' lang='lat' dir='ltr'><strong>Qum</strong></span> <span class='ocrx_word' id='word_1_433' title='bbox 632 3069 675 3123; x_wconf 66' lang='lat' dir='ltr'><strong>Si</strong></span> <span class='ocrx_word' id='word_1_434' title='bbox 723 3068 887 3121; x_wconf 54' lang='lat' dir='ltr'><strong>etiam</strong></span> <span class='ocrx_word' id='word_1_435' title='bbox 936 3067 1106 3159; x_wconf 66' lang='lat' dir='ltr'><strong>ipsum</strong></span> <span class='ocrx_word' id='word_1_436' title='bbox 1148 3064 1326 3159; x_wconf 40' lang='lat' dir='ltr'><strong>die?&quot;</strong></span> <span class='ocrx_word' id='word_1_437' title='bbox 1350 3064 1581 3159; x_wconf 49' lang='lat' dir='ltr'><strong>audieris</strong></span> <span class='ocrx_word' id='word_1_438' title='bbox 1605 3062 1879 3159; x_wconf 45' lang='lat' dir='ltr'><strong>Christum</strong></span> <span class='ocrx_word' id='word_1_439' title='bbox 1909 3077 2028 3117; x_wconf 74' lang='lat' dir='ltr'><strong>om‘</strong></span> <span class='ocrx_word' id='word_1_440' title='bbox 2056 3085 2100 3146; x_wconf 70' lang='grc' dir='ltr'><strong>Β</strong></span> <span class='ocrx_word' id='word_1_441' title='bbox 2133 3086 2277 3141; x_wconf 82' lang='lat' dir='ltr'><strong>dicat</strong></span> <span class='ocrx_word' id='word_1_442' title='bbox 2300 3087 2498 3140; x_wconf 90' lang='lat' dir='ltr'><strong>nostris</strong></span> <span class='ocrx_word' id='word_1_443' title='bbox 2528 3062 2927 3141; x_wconf 70' lang='lat' dir='ltr'><strong>inﬁrmitatibus</strong></span> <span class='ocrx_word' id='word_1_444' title='bbox 2956 3088 3127 3141; x_wconf 86' lang='lat' dir='ltr'><strong>teneri</strong></span> <span class='ocrx_word' id='word_1_445' title='bbox 3152 3062 3360 3159; x_wconf 70' lang='lat' dir='ltr'><strong>[Daluz.</strong></span> <span class='ocrx_word' id='word_1_446' title='bbox 3407 3084 3710 3158; x_wconf 79' lang='lat' dir='ltr'><strong>contineri].</strong></span> 
     </span>
    </p>
   </div>
   <div class='ocr_carea' id='block_1_63' title="bbox 451 3154 2032 3218">
    <p class='ocr_par' dir='ltr' id='par_1_63' title="bbox 451 3154 2032 3218">
     <span class='ocr_line' id='line_1_63' title="bbox 451 3154 2032 3218; baseline -0.003 -4"><span class='ocrx_word' id='word_1_447' title='bbox 451 3162 594 3215; x_wconf 91' lang='lat' dir='ltr'><strong>nium</strong></span> <span class='ocrx_word' id='word_1_448' title='bbox 636 3159 955 3213; x_wconf 89' lang='lat' dir='ltr'><strong>salvatorem</strong></span> <span class='ocrx_word' id='word_1_449' title='bbox 984 3175 996 3209; x_wconf 90' lang='lat'>:</span> <span class='ocrx_word' id='word_1_450' title='bbox 1027 3157 1189 3210; x_wconf 83' lang='lat' dir='ltr'><strong>Amen</strong></span> <span class='ocrx_word' id='word_1_451' title='bbox 1229 3156 1344 3210; x_wconf 84' lang='lat' dir='ltr'><strong>dico</strong></span> <span class='ocrx_word' id='word_1_452' title='bbox 1374 3154 1528 3218; x_wconf 77' lang='lat' dir='ltr'><strong>vobis,</strong></span> <span class='ocrx_word' id='word_1_453' title='bbox 1562 3156 1661 3208; x_wconf 83' lang='lat' dir='ltr'><strong>nisi</strong></span> <span class='ocrx_word' id='word_1_454' title='bbox 1689 3160 2032 3210; x_wconf 77' lang='lat' dir='ltr'><strong>manducaue-</strong></span> 
     </span>
    </p>
   </div>
   <div class='ocr_carea' id='block_1_64' title="bbox 451 3244 2034 3316">
    <p class='ocr_par' dir='ltr' id='par_1_64' title="bbox 451 3244 2034 3316">
     <span class='ocr_line' id='line_1_64' title="bbox 451 3244 2034 3316; baseline -0.006 -10"><span class='ocrx_word' id='word_1_455' title='bbox 451 3255 561 3306; x_wconf 85' lang='lat' dir='ltr'><strong>ritis</strong></span> <span class='ocrx_word' id='word_1_456' title='bbox 593 3267 799 3304; x_wconf 85' lang='lat' dir='ltr'><strong>carnem</strong></span> <span class='ocrx_word' id='word_1_457' title='bbox 830 3247 957 3302; x_wconf 78' lang='lat' dir='ltr'><strong>Filii</strong></span> <span class='ocrx_word' id='word_1_458' title='bbox 997 3248 1241 3311; x_wconf 79' lang='lat' dir='ltr'><strong>hominis,</strong></span> <span class='ocrx_word' id='word_1_459' title='bbox 1272 3256 1319 3300; x_wconf 86' lang='lat' dir='ltr'><strong>et</strong></span> <span class='ocrx_word' id='word_1_460' title='bbox 1347 3244 1572 3299; x_wconf 83' lang='lat' dir='ltr'><strong>biberitis</strong></span> <span class='ocrx_word' id='word_1_461' title='bbox 1612 3247 1771 3315; x_wconf 81' lang='lat' dir='ltr'><strong>ipsius</strong></span> <span class='ocrx_word' id='word_1_462' title='bbox 1821 3247 2034 3316; x_wconf 81' lang='lat' dir='ltr'><strong>sangui-</strong></span> 
     </span>
    </p>
   </div>
   <div class='ocr_carea' id='block_1_65' title="bbox 452 3333 2033 3407">
    <p class='ocr_par' dir='ltr' id='par_1_65' title="bbox 452 3333 2033 3407">
     <span class='ocr_line' id='line_1_65' title="bbox 452 3333 2033 3407; baseline -0.006 -11"><span class='ocrx_word' id='word_1_463' title='bbox 452 3361 587 3407; x_wconf 80' lang='lat' dir='ltr'><strong>nem,</strong></span> <span class='ocrx_word' id='word_1_464' title='bbox 610 3359 712 3395; x_wconf 85' lang='lat' dir='ltr'><strong>non</strong></span> <span class='ocrx_word' id='word_1_465' title='bbox 735 3339 983 3393; x_wconf 84' lang='lat' dir='ltr'><strong>habebitis</strong></span> <span class='ocrx_word' id='word_1_466' title='bbox 1006 3340 1159 3391; x_wconf 86' lang='lat' dir='ltr'><strong>vitam</strong></span> <span class='ocrx_word' id='word_1_467' title='bbox 1180 3339 1231 3389; x_wconf 85' lang='lat' dir='ltr'><strong>in</strong></span> <span class='ocrx_word' id='word_1_468' title='bbox 1262 3336 1419 3390; x_wconf 82' lang='lat' dir='ltr'><strong>vobis.</strong></span> <span class='ocrx_word' id='word_1_469' title='bbox 1448 3334 1514 3387; x_wconf 85' lang='lat' dir='ltr'><strong>Et</strong></span> <span class='ocrx_word' id='word_1_470' title='bbox 1536 3351 1718 3391; x_wconf 70' lang='lat' dir='ltr'><strong>rursus</strong></span> <span class='ocrx_word' id='word_1_471' title='bbox 1744 3353 1755 3387; x_wconf 89' lang='lat'>:</span> <span class='ocrx_word' id='word_1_472' title='bbox 1783 3333 2033 3398; x_wconf 74' lang='lat' dir='ltr'><strong>Quiman-</strong></span> 
     </span>
    </p>
   </div>
   <div class='ocr_carea' id='block_1_66' title="bbox 452 3426 2034 3497">
    <p class='ocr_par' dir='ltr' id='par_1_66' title="bbox 452 3426 2034 3497">
     <span class='ocr_line' id='line_1_66' title="bbox 452 3426 2034 3497; baseline -0.005 -11"><span class='ocrx_word' id='word_1_473' title='bbox 452 3434 606 3486; x_wconf 84' lang='lat' dir='ltr'><strong>ducat</strong></span> <span class='ocrx_word' id='word_1_474' title='bbox 633 3446 839 3485; x_wconf 86' lang='lat' dir='ltr'><strong>carnem</strong></span> <span class='ocrx_word' id='word_1_475' title='bbox 867 3444 1052 3491; x_wconf 90' lang='lat' dir='ltr'><strong>meam,</strong></span> <span class='ocrx_word' id='word_1_476' title='bbox 1074 3437 1122 3481; x_wconf 89' lang='lat' dir='ltr'><strong>et</strong></span> <span class='ocrx_word' id='word_1_477' title='bbox 1151 3428 1276 3478; x_wconf 87' lang='lat' dir='ltr'><strong>bibit</strong></span> <span class='ocrx_word' id='word_1_478' title='bbox 1304 3426 1605 3497; x_wconf 80' lang='lat' dir='ltr'><strong>sanguinem</strong></span> <span class='ocrx_word' id='word_1_479' title='bbox 1635 3442 1821 3489; x_wconf 83' lang='lat' dir='ltr'><strong>meum,</strong></span> <span class='ocrx_word' id='word_1_480' title='bbox 1854 3426 1909 3477; x_wconf 88' lang='lat' dir='ltr'><strong>in</strong></span> <span class='ocrx_word' id='word_1_481' title='bbox 1954 3441 2034 3478; x_wconf 78' lang='lat' dir='ltr'><strong>me</strong></span> 
     </span>
    </p>
   </div>
   <div class='ocr_carea' id='block_1_67' title="bbox 452 3516 2033 3591">
    <p class='ocr_par' dir='ltr' id='par_1_67' title="bbox 452 3516 2033 3591">
     <span class='ocr_line' id='line_1_67' title="bbox 452 3516 2033 3591; baseline -0.006 -13"><span class='ocrx_word' id='word_1_482' title='bbox 452 3533 645 3586; x_wconf 82' lang='lat' dir='ltr'><strong>manet,</strong></span> <span class='ocrx_word' id='word_1_483' title='bbox 667 3531 715 3575; x_wconf 89' lang='lat' dir='ltr'><strong>et</strong></span> <span class='ocrx_word' id='word_1_484' title='bbox 735 3538 827 3591; x_wconf 88' lang='lat' dir='ltr'><strong>ego</strong></span> <span class='ocrx_word' id='word_1_485' title='bbox 846 3521 900 3573; x_wconf 85' lang='lat' dir='ltr'><strong>in</strong></span> <span class='ocrx_word' id='word_1_486' title='bbox 924 3521 1054 3589; x_wconf 87' lang='lat' dir='ltr'><strong>ipso.</strong></span> <span class='ocrx_word' id='word_1_487' title='bbox 1088 3517 1154 3571; x_wconf 86' lang='lat' dir='ltr'><strong>Et</strong></span> <span class='ocrx_word' id='word_1_488' title='bbox 1183 3532 1365 3571; x_wconf 86' lang='lat' dir='ltr'><strong>rursus</strong></span> <span class='ocrx_word' id='word_1_489' title='bbox 1393 3534 1405 3567; x_wconf 90' lang='lat'><strong>:</strong></span> <span class='ocrx_word' id='word_1_490' title='bbox 1437 3516 1601 3569; x_wconf 87' lang='lat' dir='ltr'><strong>Panis</strong></span> <span class='ocrx_word' id='word_1_491' title='bbox 1657 3525 1845 3581; x_wconf 86' lang='lat' dir='ltr'><strong>autem,</strong></span> <span class='ocrx_word' id='word_1_492' title='bbox 1888 3533 2033 3586; x_wconf 76' lang='lat' dir='ltr'><strong>quem</strong></span> 
     </span>
    </p>
   </div>
   <div class='ocr_carea' id='block_1_68' title="bbox 455 3605 2028 3685">
    <p class='ocr_par' dir='ltr' id='par_1_68' title="bbox 455 3605 2028 3685">
     <span class='ocr_line' id='line_1_68' title="bbox 455 3605 2028 3685; baseline -0.005 -17"><span class='ocrx_word' id='word_1_493' title='bbox 455 3632 548 3685; x_wconf 76' lang='lat' dir='ltr'><strong>ego</strong></span> <span class='ocrx_word' id='word_1_494' title='bbox 595 3613 747 3677; x_wconf 89' lang='lat' dir='ltr'><strong>dabo,</strong></span> <span class='ocrx_word' id='word_1_495' title='bbox 772 3627 891 3664; x_wconf 89' lang='lat' dir='ltr'><strong>caro</strong></span> <span class='ocrx_word' id='word_1_496' title='bbox 937 3626 1050 3663; x_wconf 87' lang='lat' dir='ltr'><strong>mea</strong></span> <span class='ocrx_word' id='word_1_497' title='bbox 1070 3618 1257 3678; x_wconf 86' lang='lat' dir='ltr'><strong>estpro</strong></span> <span class='ocrx_word' id='word_1_498' title='bbox 1280 3607 1458 3661; x_wconf 87' lang='lat' dir='ltr'><strong>mundi</strong></span> <span class='ocrx_word' id='word_1_499' title='bbox 1488 3608 1592 3661; x_wconf 85' lang='lat' dir='ltr'><strong>vita</strong></span> <span class='ocrx_word' id='word_1_500' title='bbox 1622 3605 1797 3678; x_wconf 85' lang='lat' dir='ltr'><strong>(Joan.</strong></span> <span class='ocrx_word' id='word_1_501' title='bbox 1824 3622 1893 3671; x_wconf 87' lang='lat' dir='ltr'><strong>vt,</strong></span> <span class='ocrx_word' id='word_1_502' title='bbox 1920 3605 2028 3676; x_wconf 64' lang='grc'><strong>54).</strong></span> 
     </span>
    </p>
   </div>
   <div class='ocr_carea' id='block_1_69' title="bbox 456 3699 2033 3771">
    <p class='ocr_par' dir='ltr' id='par_1_69' title="bbox 456 3699 2033 3771">
     <span class='ocr_line' id='line_1_69' title="bbox 456 3699 2033 3771; baseline -0.007 -9"><span class='ocrx_word' id='word_1_503' title='bbox 456 3708 674 3771; x_wconf 86' lang='lat' dir='ltr'><strong>lnsulta,</strong></span> <span class='ocrx_word' id='word_1_504' title='bbox 698 3706 741 3760; x_wconf 92' lang='lat' dir='ltr'><strong>si</strong></span> <span class='ocrx_word' id='word_1_505' title='bbox 770 3703 1057 3764; x_wconf 85' lang='lat' dir='ltr'><strong>videbitur,</strong></span> <span class='ocrx_word' id='word_1_506' title='bbox 1091 3701 1253 3755; x_wconf 89' lang='lat' dir='ltr'><strong>etiam</strong></span> <span class='ocrx_word' id='word_1_507' title='bbox 1277 3700 1376 3770; x_wconf 93' lang='lat' dir='ltr'><strong>ipsi</strong></span> <span class='ocrx_word' id='word_1_508' title='bbox 1399 3699 1611 3754; x_wconf 88' lang='lat' dir='ltr'><strong>Verbo:</strong></span> <span class='ocrx_word' id='word_1_509' title='bbox 1643 3713 1860 3753; x_wconf 87' lang='lat' dir='ltr'><strong>carnem</strong></span> <span class='ocrx_word' id='word_1_510' title='bbox 1892 3699 2033 3753; x_wconf 87' lang='lat' dir='ltr'><strong>enim</strong></span> 
     </span>
    </p>
   </div>
   <div class='ocr_carea' id='block_1_70' title="bbox 459 3791 2034 3858">
    <p class='ocr_par' dir='ltr' id='par_1_70' title="bbox 459 3791 2034 3858">
     <span class='ocr_line' id='line_1_70' title="bbox 459 3791 2034 3858; baseline -0.004 -7"><span class='ocrx_word' id='word_1_511' title='bbox 459 3798 698 3853; x_wconf 88' lang='lat' dir='ltr'><strong>nominat</strong></span> <span class='ocrx_word' id='word_1_512' title='bbox 747 3804 974 3858; x_wconf 90' lang='lat' dir='ltr'><strong>tantum,</strong></span> <span class='ocrx_word' id='word_1_513' title='bbox 1003 3808 1101 3847; x_wconf 89' lang='lat' dir='ltr'><strong>nec</strong></span> <span class='ocrx_word' id='word_1_514' title='bbox 1130 3793 1319 3846; x_wconf 69' lang='lat' dir='ltr'><strong>animze</strong></span> <span class='ocrx_word' id='word_1_515' title='bbox 1349 3792 1681 3847; x_wconf 88' lang='lat' dir='ltr'><strong>rationabilis</strong></span> <span class='ocrx_word' id='word_1_516' title='bbox 1711 3792 1763 3845; x_wconf 90' lang='lat' dir='ltr'><strong>in</strong></span> <span class='ocrx_word' id='word_1_517' title='bbox 1791 3792 1875 3846; x_wconf 92' lang='lat' dir='ltr'><strong>his</strong></span> <span class='ocrx_word' id='word_1_518' title='bbox 1907 3791 2034 3845; x_wconf 90' lang='lat' dir='ltr'><strong>facit</strong></span> 
     </span>
    </p>
   </div>
   <div class='ocr_carea' id='block_1_71' title="bbox 458 3887 1053 3959">
    <p class='ocr_par' dir='ltr' id='par_1_71' title="bbox 458 3887 1053 3959">
     <span class='ocr_line' id='line_1_71' title="bbox 458 3887 1053 3959; baseline -0.012 -15"><span class='ocrx_word' id='word_1_519' title='bbox 458 3906 681 3959; x_wconf 88' lang='lat' dir='ltr'><strong>usquam</strong></span> <span class='ocrx_word' id='word_1_520' title='bbox 703 3887 1053 3942; x_wconf 89' lang='lat' dir='ltr'><strong>mentionem.</strong></span> 
     </span>
    </p>
   </div>
   <div class='ocr_carea' id='block_1_72' title="bbox 528 3973 2035 4045">
    <p class='ocr_par' dir='ltr' id='par_1_72' title="bbox 528 3973 2035 4045">
     <span class='ocr_line' id='line_1_72' title="bbox 528 3973 2035 4045; baseline -0.005 -11"><span class='ocrx_word' id='word_1_521' title='bbox 528 3981 684 4044; x_wconf 79' lang='lat' dir='ltr'><strong>Attu,</strong></span> <span class='ocrx_word' id='word_1_522' title='bbox 712 3979 756 4032; x_wconf 89' lang='lat' dir='ltr'><strong>si</strong></span> <span class='ocrx_word' id='word_1_523' title='bbox 777 3993 939 4045; x_wconf 85' lang='lat' dir='ltr'><strong>sagax</strong></span> <span class='ocrx_word' id='word_1_524' title='bbox 958 3991 1102 4030; x_wconf 90' lang='lat' dir='ltr'><strong>esses</strong></span> <span class='ocrx_word' id='word_1_525' title='bbox 1129 3983 1183 4028; x_wconf 89' lang='lat' dir='ltr'><strong>et</strong></span> <span class='ocrx_word' id='word_1_526' title='bbox 1205 3974 1437 4043; x_wconf 85' lang='lat' dir='ltr'><strong>sapiens,</strong></span> <span class='ocrx_word' id='word_1_527' title='bbox 1461 3991 1567 4028; x_wconf 90' lang='lat' dir='ltr'><strong>non</strong></span> <span class='ocrx_word' id='word_1_528' title='bbox 1591 3974 1865 4042; x_wconf 86' lang='lat' dir='ltr'><strong>ignorares</strong></span> <span class='ocrx_word' id='word_1_529' title='bbox 1890 3973 2035 4042; x_wconf 90' lang='lat' dir='ltr'><strong>quod</strong></span> 
     </span>
    </p>
   </div>
   <div class='ocr_carea' id='block_1_73' title="bbox 452 4064 2035 4140">
    <p class='ocr_par' dir='ltr' id='par_1_73' title="bbox 452 4064 2035 4140">
     <span class='ocr_line' id='line_1_73' title="bbox 452 4064 2035 4140; baseline -0.003 -17"><span class='ocrx_word' id='word_1_530' title='bbox 452 4071 769 4140; x_wconf 87' lang='lat' dir='ltr'><strong>plerumque</strong></span> <span class='ocrx_word' id='word_1_531' title='bbox 798 4067 961 4121; x_wconf 87' lang='lat' dir='ltr'><strong>etiam</strong></span> <span class='ocrx_word' id='word_1_532' title='bbox 991 4066 1104 4119; x_wconf 91' lang='lat' dir='ltr'><strong>sola</strong></span> <span class='ocrx_word' id='word_1_533' title='bbox 1125 4066 1302 4120; x_wconf 89' lang='lat' dir='ltr'><strong>carnis</strong></span> <span class='ocrx_word' id='word_1_534' title='bbox 1330 4065 1601 4118; x_wconf 85' lang='lat' dir='ltr'><strong>mentione</strong></span> <span class='ocrx_word' id='word_1_535' title='bbox 1645 4064 1861 4129; x_wconf 90' lang='lat' dir='ltr'><strong>animal,</strong></span> <span class='ocrx_word' id='word_1_536' title='bbox 1890 4064 2035 4133; x_wconf 90' lang='lat' dir='ltr'><strong>quod</strong></span> 
     </span>
    </p>
   </div>
   <div class='ocr_carea' id='block_1_74' title="bbox 452 4156 2030 4226">
    <p class='ocr_par' dir='ltr' id='par_1_74' title="bbox 452 4156 2030 4226">
     <span class='ocr_line' id='line_1_74' title="bbox 452 4156 2030 4226; baseline -0.004 -11"><span class='ocrx_word' id='word_1_537' title='bbox 452 4171 533 4215; x_wconf 54' lang='lat' dir='ltr'><strong>est</strong></span> <span class='ocrx_word' id='word_1_538' title='bbox 581 4177 643 4215; x_wconf 79' lang='lat' dir='ltr'><strong>ex</strong></span> <span class='ocrx_word' id='word_1_539' title='bbox 676 4160 853 4214; x_wconf 89' lang='lat' dir='ltr'><strong>anima</strong></span> <span class='ocrx_word' id='word_1_540' title='bbox 882 4168 937 4213; x_wconf 89' lang='lat' dir='ltr'><strong>et</strong></span> <span class='ocrx_word' id='word_1_541' title='bbox 966 4172 1215 4226; x_wconf 89' lang='lat' dir='ltr'><strong>corpore,</strong></span> <span class='ocrx_word' id='word_1_542' title='bbox 1263 4156 1591 4223; x_wconf 86' lang='lat' dir='ltr'><strong>designetur,</strong></span> <span class='ocrx_word' id='word_1_543' title='bbox 1630 4156 1683 4210; x_wconf 90' lang='lat' dir='ltr'><strong>id</strong></span> <span class='ocrx_word' id='word_1_544' title='bbox 1711 4163 1813 4221; x_wconf 88' lang='lat' dir='ltr'><strong>est,</strong></span> <span class='ocrx_word' id='word_1_545' title='bbox 1845 4156 2030 4209; x_wconf 89' lang='lat' dir='ltr'><strong>homo.</strong></span> 
     </span>
    </p>
   </div>
   <div class='ocr_carea' id='block_1_75' title="bbox 451 4248 2033 4323">
    <p class='ocr_par' dir='ltr' id='par_1_75' title="bbox 451 4248 2033 4323">
     <span class='ocr_line' id='line_1_75' title="bbox 451 4248 2033 4323; baseline -0.004 -14"><span class='ocrx_word' id='word_1_546' title='bbox 451 4255 720 4323; x_wconf 84' lang='lat' dir='ltr'><strong>Scriptum</strong></span> <span class='ocrx_word' id='word_1_547' title='bbox 748 4262 829 4307; x_wconf 92' lang='lat' dir='ltr'><strong>est</strong></span> <span class='ocrx_word' id='word_1_548' title='bbox 850 4253 1027 4305; x_wconf 88' lang='lat' dir='ltr'><strong>enim:</strong></span> <span class='ocrx_word' id='word_1_549' title='bbox 1060 4248 1195 4321; x_wconf 86' lang='lat' dir='ltr'><strong>quod</strong></span> <span class='ocrx_word' id='word_1_550' title='bbox 1221 4248 1404 4303; x_wconf 83' lang='lat' dir='ltr'><strong>videbit</strong></span> <span class='ocrx_word' id='word_1_551' title='bbox 1444 4250 1610 4302; x_wconf 85' lang='lat' dir='ltr'><strong>omnis</strong></span> <span class='ocrx_word' id='word_1_552' title='bbox 1646 4266 1764 4302; x_wconf 86' lang='lat' dir='ltr'><strong>caro</strong></span> <span class='ocrx_word' id='word_1_553' title='bbox 1799 4252 2033 4302; x_wconf 70' lang='lat' dir='ltr'><strong>satutare</strong></span> 
     </span>
    </p>
   </div>
   <div class='ocr_carea' id='block_1_76' title="bbox 452 4338 2033 4413">
    <p class='ocr_par' dir='ltr' id='par_1_76' title="bbox 452 4338 2033 4413">
     <span class='ocr_line' id='line_1_76' title="bbox 452 4338 2033 4413; baseline -0.004 -14"><span class='ocrx_word' id='word_1_554' title='bbox 452 4346 547 4399; x_wconf 80' lang='lat' dir='ltr'><strong>Dei</strong></span> <span class='ocrx_word' id='word_1_555' title='bbox 579 4343 731 4413; x_wconf 85' lang='lat' dir='ltr'><strong>(Isai.</strong></span> <span class='ocrx_word' id='word_1_556' title='bbox 767 4359 853 4407; x_wconf 77' lang='lat' dir='ltr'><strong>XL,</strong></span> <span class='ocrx_word' id='word_1_557' title='bbox 879 4340 952 4412; x_wconf 79' lang='lat'><strong>5).</strong></span> <span class='ocrx_word' id='word_1_558' title='bbox 985 4340 1129 4409; x_wconf 85' lang='lat' dir='ltr'><strong>Ergo</strong></span> <span class='ocrx_word' id='word_1_559' title='bbox 1152 4341 1243 4410; x_wconf 91' lang='lat' dir='ltr'><strong>qui</strong></span> <span class='ocrx_word' id='word_1_560' title='bbox 1266 4356 1482 4394; x_wconf 87' lang='lat' dir='ltr'><strong>carnem</strong></span> <span class='ocrx_word' id='word_1_561' title='bbox 1504 4339 1631 4393; x_wconf 91' lang='lat' dir='ltr'><strong>dicit</strong></span> <span class='ocrx_word' id='word_1_562' title='bbox 1652 4338 1813 4394; x_wconf 86' lang='lat' dir='ltr'><strong>fuisse</strong></span> <span class='ocrx_word' id='word_1_563' title='bbox 1836 4339 2033 4393; x_wconf 87' lang='lat' dir='ltr'><strong>factum</strong></span> 
     </span>
    </p>
   </div>
   <div class='ocr_carea' id='block_1_77' title="bbox 2132 3176 3717 3245">
    <p class='ocr_par' dir='ltr' id='par_1_77' title="bbox 2132 3176 3717 3245">
     <span class='ocr_line' id='line_1_77' title="bbox 2132 3176 3717 3245; baseline 0 -14"><span class='ocrx_word' id='word_1_564' title='bbox 2132 3176 2238 3231; x_wconf 87' lang='lat' dir='ltr'><strong>Sed</strong></span> <span class='ocrx_word' id='word_1_565' title='bbox 2266 3176 2519 3244; x_wconf 87' lang='lat' dir='ltr'><strong>quoniam</strong></span> <span class='ocrx_word' id='word_1_566' title='bbox 2546 3176 2723 3245; x_wconf 90' lang='lat' dir='ltr'><strong>passio</strong></span> <span class='ocrx_word' id='word_1_567' title='bbox 2746 3176 2944 3230; x_wconf 92' lang='lat' dir='ltr'><strong>mundo</strong></span> <span class='ocrx_word' id='word_1_568' title='bbox 2966 3176 3143 3230; x_wconf 90' lang='lat' dir='ltr'><strong>futura</strong></span> <span class='ocrx_word' id='word_1_569' title='bbox 3166 3186 3280 3231; x_wconf 90' lang='lat' dir='ltr'><strong>erat</strong></span> <span class='ocrx_word' id='word_1_570' title='bbox 3302 3178 3580 3244; x_wconf 86' lang='lat' dir='ltr'><strong>salutaris;</strong></span> <span class='ocrx_word' id='word_1_571' title='bbox 3608 3187 3717 3232; x_wconf 74' lang='lat' dir='ltr'><strong>erat</strong></span> 
     </span>
    </p>
   </div>
   <div class='ocr_carea' id='block_1_78' title="bbox 2133 3267 3716 3337">
    <p class='ocr_par' dir='ltr' id='par_1_78' title="bbox 2133 3267 3716 3337">
     <span class='ocr_line' id='line_1_78' title="bbox 2133 3267 3716 3337; baseline 0 -14"><span class='ocrx_word' id='word_1_572' title='bbox 2133 3276 2311 3323; x_wconf 88' lang='lat' dir='ltr'><strong>autem</strong></span> <span class='ocrx_word' id='word_1_573' title='bbox 2340 3267 2688 3337; x_wconf 89' lang='lat' dir='ltr'><strong>impossibile,</strong></span> <span class='ocrx_word' id='word_1_574' title='bbox 2711 3275 2769 3320; x_wconf 92' lang='lat' dir='ltr'><strong>ut</strong></span> <span class='ocrx_word' id='word_1_575' title='bbox 2791 3268 2841 3320; x_wconf 92' lang='lat' dir='ltr'><strong>in</strong></span> <span class='ocrx_word' id='word_1_576' title='bbox 2870 3283 2965 3321; x_wconf 89' lang='lat' dir='ltr'><strong>sua</strong></span> <span class='ocrx_word' id='word_1_577' title='bbox 2989 3276 3180 3321; x_wconf 88' lang='lat' dir='ltr'><strong>natura</strong></span> <span class='ocrx_word' id='word_1_578' title='bbox 3205 3267 3439 3322; x_wconf 79' lang='lat' dir='ltr'><strong>Verbum</strong></span> <span class='ocrx_word' id='word_1_579' title='bbox 3462 3268 3605 3324; x_wconf 89' lang='lat' dir='ltr'><strong>Deus</strong></span> <span class='ocrx_word' id='word_1_580' title='bbox 3625 3271 3716 3323; x_wconf 85' lang='lat' dir='ltr'><strong>ali-</strong></span> 
     </span>
    </p>
   </div>
   <div class='ocr_carea' id='block_1_79' title="bbox 2133 3359 3719 3431">
    <p class='ocr_par' dir='ltr' id='par_1_79' title="bbox 2133 3359 3719 3431">
     <span class='ocr_line' id='line_1_79' title="bbox 2133 3359 3719 3431; baseline 0.002 -18"><span class='ocrx_word' id='word_1_581' title='bbox 2133 3360 2259 3428; x_wconf 89' lang='lat' dir='ltr'><strong>quid</strong></span> <span class='ocrx_word' id='word_1_582' title='bbox 2281 3368 2582 3429; x_wconf 89' lang='lat' dir='ltr'><strong>pateretur;</strong></span> <span class='ocrx_word' id='word_1_583' title='bbox 2606 3359 3062 3430; x_wconf 86' lang='lat' dir='ltr'><strong>dispensationem</strong></span> <span class='ocrx_word' id='word_1_584' title='bbox 3083 3360 3242 3413; x_wconf 89' lang='lat' dir='ltr'><strong>subiit</strong></span> <span class='ocrx_word' id='word_1_585' title='bbox 3266 3362 3543 3429; x_wconf 86' lang='lat' dir='ltr'><strong>sapienter</strong></span> <span class='ocrx_word' id='word_1_586' title='bbox 3568 3380 3580 3413; x_wconf 91' lang='lat'>:</span> <span class='ocrx_word' id='word_1_587' title='bbox 3607 3378 3719 3431; x_wconf 88' lang='lat' dir='ltr'><strong>pro-</strong></span> 
     </span>
    </p>
   </div>
   <div class='ocr_carea' id='block_1_80' title="bbox 2134 3450 3715 3522">
    <p class='ocr_par' dir='ltr' id='par_1_80' title="bbox 2134 3450 3715 3522">
     <span class='ocr_line' id='line_1_80' title="bbox 2134 3450 3715 3522; baseline 0.002 -17"><span class='ocrx_word' id='word_1_588' title='bbox 2134 3453 2307 3521; x_wconf 88' lang='lat' dir='ltr'><strong>prium</strong></span> <span class='ocrx_word' id='word_1_589' title='bbox 2338 3452 2479 3505; x_wconf 88' lang='lat' dir='ltr'><strong>enim</strong></span> <span class='ocrx_word' id='word_1_590' title='bbox 2508 3467 2706 3521; x_wconf 90' lang='lat' dir='ltr'><strong>corpus</strong></span> <span class='ocrx_word' id='word_1_591' title='bbox 2729 3450 2871 3515; x_wconf 87' lang='lat' dir='ltr'><strong>fecit,</strong></span> <span class='ocrx_word' id='word_1_592' title='bbox 2902 3452 3044 3520; x_wconf 88' lang='lat' dir='ltr'><strong>quod</strong></span> <span class='ocrx_word' id='word_1_593' title='bbox 3071 3460 3284 3522; x_wconf 87' lang='lat' dir='ltr'><strong>poterat</strong></span> <span class='ocrx_word' id='word_1_594' title='bbox 3312 3454 3445 3522; x_wconf 86' lang='lat' dir='ltr'><strong>pati,</strong></span> <span class='ocrx_word' id='word_1_595' title='bbox 3496 3462 3559 3507; x_wconf 91' lang='lat' dir='ltr'><strong>ut</strong></span> <span class='ocrx_word' id='word_1_596' title='bbox 3603 3470 3715 3508; x_wconf 83' lang='lat' dir='ltr'><strong>cor-</strong></span> 
     </span>
    </p>
   </div>
   <div class='ocr_carea' id='block_1_81' title="bbox 2135 3543 3719 3616">
    <p class='ocr_par' dir='ltr' id='par_1_81' title="bbox 2135 3543 3719 3616">
     <span class='ocr_line' id='line_1_81' title="bbox 2135 3543 3719 3616; baseline 0.001 -19"><span class='ocrx_word' id='word_1_597' title='bbox 2135 3560 2265 3613; x_wconf 88' lang='lat' dir='ltr'><strong>pore</strong></span> <span class='ocrx_word' id='word_1_598' title='bbox 2286 3544 2542 3613; x_wconf 58' lang='lat' dir='ltr'><strong>patiente,</strong></span> <span class='ocrx_word' id='word_1_599' title='bbox 2566 3544 2680 3613; x_wconf 87' lang='lat' dir='ltr'><strong>ipse</strong></span> <span class='ocrx_word' id='word_1_600' title='bbox 2701 3559 2890 3613; x_wconf 83' lang='lat' dir='ltr'><strong>passus</strong></span> <span class='ocrx_word' id='word_1_601' title='bbox 2910 3543 3074 3597; x_wconf 81' lang='lat' dir='ltr'><strong>fuisse</strong></span> <span class='ocrx_word' id='word_1_602' title='bbox 3095 3543 3325 3609; x_wconf 87' lang='lat' dir='ltr'><strong>dicatur,</strong></span> <span class='ocrx_word' id='word_1_603' title='bbox 3343 3544 3469 3599; x_wconf 90' lang='lat' dir='ltr'><strong>licet</strong></span> <span class='ocrx_word' id='word_1_604' title='bbox 3492 3545 3607 3616; x_wconf 87' lang='lat' dir='ltr'><strong>ipse</strong></span> <span class='ocrx_word' id='word_1_605' title='bbox 3628 3562 3719 3615; x_wconf 84' lang='lat' dir='ltr'><strong>per</strong></span> 
     </span>
    </p>
   </div>
   <div class='ocr_carea' id='block_1_82' title="bbox 2133 3635 3348 3705">
    <p class='ocr_par' dir='ltr' id='par_1_82' title="bbox 2133 3635 3348 3705">
     <span class='ocr_line' id='line_1_82' title="bbox 2133 3635 3348 3705; baseline -0.003 -14"><span class='ocrx_word' id='word_1_606' title='bbox 2133 3651 2285 3691; x_wconf 87' lang='lat' dir='ltr'><strong>suam</strong></span> <span class='ocrx_word' id='word_1_607' title='bbox 2307 3644 2552 3689; x_wconf 88' lang='lat' dir='ltr'><strong>naturam</strong></span> <span class='ocrx_word' id='word_1_608' title='bbox 2580 3636 2921 3705; x_wconf 89' lang='lat' dir='ltr'><strong>impassibilis</strong></span> <span class='ocrx_word' id='word_1_609' title='bbox 2944 3635 3348 3705; x_wconf 89' lang='lat' dir='ltr'><strong>permansisset.</strong></span> 
     </span>
    </p>
   </div>
   <div class='ocr_carea' id='block_1_83' title="bbox 2203 3725 3718 3796">
    <p class='ocr_par' dir='ltr' id='par_1_83' title="bbox 2203 3725 3718 3796">
     <span class='ocr_line' id='line_1_83' title="bbox 2203 3725 3718 3796; baseline 0.001 -16"><span class='ocrx_word' id='word_1_610' title='bbox 2203 3725 2401 3780; x_wconf 89' lang='lat' dir='ltr'><strong>Verum</strong></span> <span class='ocrx_word' id='word_1_611' title='bbox 2429 3727 2684 3794; x_wconf 90' lang='lat' dir='ltr'><strong>quoniam</strong></span> <span class='ocrx_word' id='word_1_612' title='bbox 2703 3741 2865 3781; x_wconf 89' lang='lat' dir='ltr'><strong>carne</strong></span> <span class='ocrx_word' id='word_1_613' title='bbox 2886 3742 3075 3796; x_wconf 88' lang='lat' dir='ltr'><strong>passus</strong></span> <span class='ocrx_word' id='word_1_614' title='bbox 3096 3733 3179 3780; x_wconf 89' lang='lat' dir='ltr'><strong>est</strong></span> <span class='ocrx_word' id='word_1_615' title='bbox 3199 3725 3407 3790; x_wconf 91' lang='lat' dir='ltr'><strong>volens,</strong></span> <span class='ocrx_word' id='word_1_616' title='bbox 3433 3735 3718 3796; x_wconf 80' lang='lat' dir='ltr'><strong>propterea</strong></span> 
     </span>
    </p>
   </div>
   <div class='ocr_carea' id='block_1_84' title="bbox 2133 3813 3720 3880">
    <p class='ocr_par' dir='ltr' id='par_1_84' title="bbox 2133 3813 3720 3880">
     <span class='ocr_line' id='line_1_84' title="bbox 2133 3813 3720 3880; baseline 0.001 -12"><span class='ocrx_word' id='word_1_617' title='bbox 2133 3815 2374 3869; x_wconf 80' lang='lat' dir='ltr'><strong>onmium</strong></span> <span class='ocrx_word' id='word_1_618' title='bbox 2403 3815 2655 3879; x_wconf 87' lang='lat' dir='ltr'><strong>salvator,</strong></span> <span class='ocrx_word' id='word_1_619' title='bbox 2688 3825 2743 3870; x_wconf 92' lang='lat' dir='ltr'><strong>et</strong></span> <span class='ocrx_word' id='word_1_620' title='bbox 2770 3822 2872 3880; x_wconf 91' lang='lat' dir='ltr'><strong>est,</strong></span> <span class='ocrx_word' id='word_1_621' title='bbox 2897 3823 2952 3869; x_wconf 91' lang='lat' dir='ltr'><strong>et</strong></span> <span class='ocrx_word' id='word_1_622' title='bbox 2981 3816 3306 3869; x_wconf 89' lang='lat' dir='ltr'><strong>nominatur.</strong></span> <span class='ocrx_word' id='word_1_623' title='bbox 3342 3813 3409 3869; x_wconf 88' lang='lat' dir='ltr'><strong>Ut</strong></span> <span class='ocrx_word' id='word_1_624' title='bbox 3430 3817 3578 3870; x_wconf 89' lang='lat' dir='ltr'><strong>enim</strong></span> <span class='ocrx_word' id='word_1_625' title='bbox 3596 3815 3720 3869; x_wconf 89' lang='lat' dir='ltr'><strong>Pau-</strong></span> 
     </span>
    </p>
   </div>
   <div class='ocr_carea' id='block_1_85' title="bbox 2134 3904 3715 3977">
    <p class='ocr_par' dir='ltr' id='par_1_85' title="bbox 2134 3904 3715 3977">
     <span class='ocr_line' id='line_1_85' title="bbox 2134 3904 3715 3977; baseline -0.001 -18"><span class='ocrx_word' id='word_1_626' title='bbox 2134 3906 2215 3959; x_wconf 89' lang='lat' dir='ltr'><strong>lus</strong></span> <span class='ocrx_word' id='word_1_627' title='bbox 2236 3906 2313 3960; x_wconf 89' lang='lat' dir='ltr'><strong>ait</strong></span> <span class='ocrx_word' id='word_1_628' title='bbox 2339 3924 2352 3958; x_wconf 90' lang='lat'><strong>:</strong></span> <span class='ocrx_word' id='word_1_629' title='bbox 2387 3904 2569 3960; x_wconf 80' lang='lat' dir='ltr'><strong>Gratia</strong></span> <span class='ocrx_word' id='word_1_630' title='bbox 2591 3905 2687 3960; x_wconf 83' lang='lat' dir='ltr'><strong>Dei</strong></span> <span class='ocrx_word' id='word_1_631' title='bbox 2716 3923 2809 3977; x_wconf 90' lang='lat' dir='ltr'><strong>pro</strong></span> <span class='ocrx_word' id='word_1_632' title='bbox 2836 3906 3067 3960; x_wconf 82' lang='lat' dir='ltr'><strong>omnibus</strong></span> <span class='ocrx_word' id='word_1_633' title='bbox 3088 3907 3308 3976; x_wconf 84' lang='lat' dir='ltr'><strong>gustarit</strong></span> <span class='ocrx_word' id='word_1_634' title='bbox 3328 3916 3547 3959; x_wconf 88' lang='lat' dir='ltr'><strong>mortem</strong></span> <span class='ocrx_word' id='word_1_635' title='bbox 3565 3905 3715 3977; x_wconf 83' lang='lat' dir='ltr'><strong>(Heb.</strong></span> 
     </span>
    </p>
   </div>
   <div class='ocr_carea' id='block_1_86' title="bbox 2133 3993 3721 4069">
    <p class='ocr_par' dir='ltr' id='par_1_86' title="bbox 2133 3993 3721 4069">
     <span class='ocr_line' id='line_1_86' title="bbox 2133 3993 3721 4069; baseline 0 -18"><span class='ocrx_word' id='word_1_636' title='bbox 2133 4014 2191 4063; x_wconf 85' lang='grc' dir='ltr'><strong>ιι,</strong></span> <span class='ocrx_word' id='word_1_637' title='bbox 2222 3997 2297 4069; x_wconf 82' lang='grc'>9).</span> <span class='ocrx_word' id='word_1_638' title='bbox 2352 3998 2604 4053; x_wconf 86' lang='lat' dir='ltr'><strong>Testatur</strong></span> <span class='ocrx_word' id='word_1_639' title='bbox 2630 4014 2760 4053; x_wconf 87' lang='lat' dir='ltr'><strong>vero</strong></span> <span class='ocrx_word' id='word_1_640' title='bbox 2790 4000 2952 4053; x_wconf 91' lang='lat' dir='ltr'><strong>etiam</strong></span> <span class='ocrx_word' id='word_1_641' title='bbox 2982 3998 3193 4052; x_wconf 89' lang='lat' dir='ltr'><strong>divinus</strong></span> <span class='ocrx_word' id='word_1_642' title='bbox 3224 3993 3412 4052; x_wconf 83' lang='lat' dir='ltr'><strong>Petrus</strong></span> <span class='ocrx_word' id='word_1_643' title='bbox 3440 4000 3721 4067; x_wconf 84' lang='lat' dir='ltr'><strong>sapientis-</strong></span> 
     </span>
    </p>
   </div>
   <div class='ocr_carea' id='block_1_87' title="bbox 2134 4087 3720 4160">
    <p class='ocr_par' dir='ltr' id='par_1_87' title="bbox 2134 4087 3720 4160">
     <span class='ocr_line' id='line_1_87' title="bbox 2134 4087 3720 4160; baseline -0.003 -15"><span class='ocrx_word' id='word_1_644' title='bbox 2134 4091 2269 4145; x_wconf 88' lang='lat' dir='ltr'><strong>sime</strong></span> <span class='ocrx_word' id='word_1_645' title='bbox 2298 4090 2480 4144; x_wconf 88' lang='lat' dir='ltr'><strong>dicens</strong></span> <span class='ocrx_word' id='word_1_646' title='bbox 2507 4109 2518 4142; x_wconf 90' lang='lat'>:</span> <span class='ocrx_word' id='word_1_647' title='bbox 2553 4089 2759 4144; x_wconf 87' lang='lat' dir='ltr'><strong>Christo</strong></span> <span class='ocrx_word' id='word_1_648' title='bbox 2789 4106 2909 4160; x_wconf 88' lang='lat' dir='ltr'><strong>ergo</strong></span> <span class='ocrx_word' id='word_1_649' title='bbox 2930 4106 3083 4160; x_wconf 87' lang='lat' dir='ltr'><strong>passo</strong></span> <span class='ocrx_word' id='word_1_650' title='bbox 3105 4107 3196 4159; x_wconf 85' lang='lat' dir='ltr'><strong>pro</strong></span> <span class='ocrx_word' id='word_1_651' title='bbox 3220 4089 3366 4142; x_wconf 85' lang='lat' dir='ltr'><strong>nobis</strong></span> <span class='ocrx_word' id='word_1_652' title='bbox 3397 4089 3439 4159; x_wconf 87' lang='grc' dir='ltr'><strong>(Ι</strong></span> <span class='ocrx_word' id='word_1_653' title='bbox 3475 4087 3619 4142; x_wconf 89' lang='lat' dir='ltr'><strong>Petr.</strong></span> <span class='ocrx_word' id='word_1_654' title='bbox 3652 4105 3720 4154; x_wconf 81' lang='lat' dir='ltr'><strong>Iv,</strong></span> 
     </span>
    </p>
   </div>
   <div class='ocr_carea' id='block_1_88' title="bbox 2136 4180 3721 4253">
    <p class='ocr_par' dir='ltr' id='par_1_88' title="bbox 2136 4180 3721 4253">
     <span class='ocr_line' id='line_1_88' title="bbox 2136 4180 3721 4253; baseline -0.001 -18"><span class='ocrx_word' id='word_1_655' title='bbox 2136 4183 2212 4253; x_wconf 77' lang='grc'><strong>1).</strong></span> <span class='ocrx_word' id='word_1_656' title='bbox 2259 4182 2375 4238; x_wconf 85' lang='grc' dir='ltr'><strong>Νοη</strong></span> <span class='ocrx_word' id='word_1_657' title='bbox 2414 4183 2631 4237; x_wconf 89' lang='lat' dir='ltr'><strong>deitatis</strong></span> <span class='ocrx_word' id='word_1_658' title='bbox 2660 4183 2842 4251; x_wconf 91' lang='lat' dir='ltr'><strong>utique</strong></span> <span class='ocrx_word' id='word_1_659' title='bbox 2870 4192 3077 4246; x_wconf 87' lang='lat' dir='ltr'><strong>natura,</strong></span> <span class='ocrx_word' id='word_1_660' title='bbox 3110 4181 3202 4235; x_wconf 89' lang='lat' dir='ltr'><strong>sed</strong></span> <span class='ocrx_word' id='word_1_661' title='bbox 3251 4196 3435 4236; x_wconf 89' lang='lat' dir='ltr'><strong>carne.</strong></span> <span class='ocrx_word' id='word_1_662' title='bbox 3483 4180 3721 4249; x_wconf 90' lang='lat' dir='ltr'><strong>Denique</strong></span> 
     </span>
    </p>
   </div>
   <div class='ocr_carea' id='block_1_89' title="bbox 2134 4272 3721 4345">
    <p class='ocr_par' dir='ltr' id='par_1_89' title="bbox 2134 4272 3721 4345">
     <span class='ocr_line' id='line_1_89' title="bbox 2134 4272 3721 4345; baseline -0.004 -14"><span class='ocrx_word' id='word_1_663' title='bbox 2134 4291 2370 4345; x_wconf 88' lang='lat' dir='ltr'><strong>quonam</strong></span> <span class='ocrx_word' id='word_1_664' title='bbox 2386 4275 2547 4330; x_wconf 89' lang='lat' dir='ltr'><strong>modo</strong></span> <span class='ocrx_word' id='word_1_665' title='bbox 2570 4275 2827 4329; x_wconf 89' lang='lat' dir='ltr'><strong>Dominus</strong></span> <span class='ocrx_word' id='word_1_666' title='bbox 2848 4274 3031 4341; x_wconf 61' lang='lat' dir='ltr'><strong>gloriae</strong></span> <span class='ocrx_word' id='word_1_667' title='bbox 3052 4273 3337 4328; x_wconf 80' lang='lat' dir='ltr'><strong>cruciﬁxus</strong></span> <span class='ocrx_word' id='word_1_668' title='bbox 3357 4288 3477 4329; x_wconf 88' lang='lat' dir='ltr'><strong>esse</strong></span> <span class='ocrx_word' id='word_1_669' title='bbox 3500 4272 3721 4327; x_wconf 77' lang='lat' dir='ltr'><strong>dicitur?</strong></span> 
     </span>
    </p>
   </div>
   <div class='ocr_carea' id='block_1_90' title="bbox 2135 4365 3721 4439">
    <p class='ocr_par' dir='ltr' id='par_1_90' title="bbox 2135 4365 3721 4439">
     <span class='ocr_line' id='line_1_90' title="bbox 2135 4365 3721 4439; baseline -0.005 -16"><span class='ocrx_word' id='word_1_670' title='bbox 2135 4385 2243 4438; x_wconf 89' lang='lat' dir='ltr'><strong>quo</strong></span> <span class='ocrx_word' id='word_1_671' title='bbox 2274 4370 2401 4423; x_wconf 91' lang='lat' dir='ltr'><strong>item</strong></span> <span class='ocrx_word' id='word_1_672' title='bbox 2433 4367 2594 4422; x_wconf 87' lang='lat' dir='ltr'><strong>modo</strong></span> <span class='ocrx_word' id='word_1_673' title='bbox 2623 4367 2685 4433; x_wconf 91' lang='lat' dir='ltr'><strong>is,</strong></span> <span class='ocrx_word' id='word_1_674' title='bbox 2717 4385 2806 4437; x_wconf 88' lang='lat' dir='ltr'><strong>per</strong></span> <span class='ocrx_word' id='word_1_675' title='bbox 2832 4383 2975 4439; x_wconf 78' lang='lat' dir='ltr'><strong>quem</strong></span> <span class='ocrx_word' id='word_1_676' title='bbox 3005 4367 3198 4430; x_wconf 88' lang='lat' dir='ltr'><strong>omnia,</strong></span> <span class='ocrx_word' id='word_1_677' title='bbox 3240 4374 3289 4417; x_wconf 86' lang='lat' dir='ltr'><strong>et</strong></span> <span class='ocrx_word' id='word_1_678' title='bbox 3312 4366 3365 4418; x_wconf 82' lang='lat' dir='ltr'><strong>in</strong></span> <span class='ocrx_word' id='word_1_679' title='bbox 3395 4380 3495 4435; x_wconf 85' lang='lat' dir='ltr'><strong>quo</strong></span> <span class='ocrx_word' id='word_1_680' title='bbox 3550 4365 3721 4418; x_wconf 79' lang='lat' dir='ltr'><strong>omnia</strong></span> 
     </span>
    </p>
   </div>
   <div class='ocr_carea' id='block_1_91' title="bbox 450 4430 2029 4527">
    <p class='ocr_par' dir='ltr' id='par_1_91' title="bbox 450 4430 2029 4499">
     <span class='ocr_line' id='line_1_91' title="bbox 450 4430 2029 4499; baseline -0.004 -9"><span class='ocrx_word' id='word_1_681' title='bbox 450 4436 705 4496; x_wconf 87' lang='lat' dir='ltr'><strong>Verbum,</strong></span> <span class='ocrx_word' id='word_1_682' title='bbox 740 4449 845 4485; x_wconf 92' lang='lat' dir='ltr'><strong>non</strong></span> <span class='ocrx_word' id='word_1_683' title='bbox 876 4433 1085 4499; x_wconf 86' lang='lat' dir='ltr'><strong>ignorat</strong></span> <span class='ocrx_word' id='word_1_684' title='bbox 1115 4432 1333 4485; x_wconf 90' lang='lat' dir='ltr'><strong>omnino</strong></span> <span class='ocrx_word' id='word_1_685' title='bbox 1361 4446 1417 4484; x_wconf 87' lang='lat' dir='ltr'><strong>se</strong></span> <span class='ocrx_word' id='word_1_686' title='bbox 1455 4431 1615 4484; x_wconf 90' lang='lat' dir='ltr'><strong>etiam</strong></span> <span class='ocrx_word' id='word_1_687' title='bbox 1645 4430 1835 4483; x_wconf 68' lang='lat' dir='ltr'><strong>anima:</strong></span> <span class='ocrx_word' id='word_1_688' title='bbox 1863 4430 2029 4484; x_wconf 89' lang='lat' dir='ltr'><strong>ratio-</strong></span> 
     </span>
    </p>
   </div>
   <div class='ocr_carea' id='block_1_92' title="bbox 2138 4430 3720 4527">
    <p class='ocr_par' dir='ltr' id='par_1_92' title="bbox 2138 4430 3720 4527">
     <span class='ocr_line' id='line_1_92' title="bbox 2138 4430 3720 4527; baseline -0.004 -14"><span class='ocrx_word' id='word_1_689' title='bbox 2138 4430 2373 4513; x_wconf 76' lang='lat' dir='ltr'><strong>ordinata</strong></span> <span class='ocrx_word' id='word_1_690' title='bbox 2402 4468 2520 4512; x_wconf 82' lang='lat' dir='ltr'><strong>sunt</strong></span> <span class='ocrx_word' id='word_1_691' title='bbox 2551 4456 2591 4527; x_wconf 91' lang='lat' dir='ltr'><strong>(l</strong></span> <span class='ocrx_word' id='word_1_692' title='bbox 2614 4430 2735 4511; x_wconf 42' lang='lat' dir='ltr'><strong>Cor&#39;.</strong></span> <span class='ocrx_word' id='word_1_693' title='bbox 2768 4474 2823 4522; x_wconf 82' lang='grc' dir='ltr'><strong>ιι,</strong></span> <span class='ocrx_word' id='word_1_694' title='bbox 2844 4430 2909 4521; x_wconf 60' lang='lat' dir='ltr'><strong>ii;</strong></span> <span class='ocrx_word' id='word_1_695' title='bbox 2946 4454 3077 4509; x_wconf 80' lang='lat' dir='ltr'><strong>Heb.</strong></span> <span class='ocrx_word' id='word_1_696' title='bbox 3111 4471 3169 4519; x_wconf 79' lang='grc' dir='ltr'><strong>ιι,</strong></span> <span class='ocrx_word' id='word_1_697' title='bbox 3202 4454 3311 4524; x_wconf 81' lang='grc'>10),</span> <span class='ocrx_word' id='word_1_698' title='bbox 3340 4430 3506 4507; x_wconf 38' lang='grc' dir='ltr'><strong>ιιι-δίε</strong></span> <span class='ocrx_word' id='word_1_699' title='bbox 3534 4454 3720 4509; x_wconf 87' lang='lat' dir='ltr'><strong>beatus</strong></span> 
     </span>
    </p>
   </div>
   <div class='ocr_carea' id='block_1_93' title="bbox 450 4520 2033 4590">
    <p class='ocr_par' dir='ltr' id='par_1_93' title="bbox 450 4520 2033 4590">
     <span class='ocr_line' id='line_1_93' title="bbox 450 4520 2033 4590; baseline -0.004 -10"><span class='ocrx_word' id='word_1_700' title='bbox 450 4526 643 4580; x_wconf 69' lang='lat' dir='ltr'><strong>nabllis</strong></span> <span class='ocrx_word' id='word_1_701' title='bbox 690 4522 866 4577; x_wconf 90' lang='lat' dir='ltr'><strong>facere</strong></span> <span class='ocrx_word' id='word_1_702' title='bbox 909 4521 1258 4576; x_wconf 90' lang='lat' dir='ltr'><strong>mentionem.</strong></span> <span class='ocrx_word' id='word_1_703' title='bbox 1290 4521 1507 4585; x_wconf 86' lang='lat' dir='ltr'><strong>Verum,</strong></span> <span class='ocrx_word' id='word_1_704' title='bbox 1539 4521 1683 4589; x_wconf 91' lang='lat' dir='ltr'><strong>quod</strong></span> <span class='ocrx_word' id='word_1_705' title='bbox 1711 4537 1741 4574; x_wconf 87' lang='lat' dir='ltr'><strong>a</strong></span> <span class='ocrx_word' id='word_1_706' title='bbox 1770 4520 2033 4590; x_wconf 89' lang='lat' dir='ltr'><strong>principio</strong></span> 
     </span>
    </p>
   </div>
   <div class='ocr_carea' id='block_1_94' title="bbox 450 4612 2033 4686">
    <p class='ocr_par' dir='ltr' id='par_1_94' title="bbox 450 4612 2033 4686">
     <span class='ocr_line' id='line_1_94' title="bbox 450 4612 2033 4686; baseline -0.004 -13"><span class='ocrx_word' id='word_1_707' title='bbox 450 4620 579 4683; x_wconf 78' lang='lat' dir='ltr'><strong>dixi,</strong></span> <span class='ocrx_word' id='word_1_708' title='bbox 624 4618 675 4672; x_wconf 91' lang='lat' dir='ltr'><strong>in</strong></span> <span class='ocrx_word' id='word_1_709' title='bbox 719 4614 1123 4686; x_wconf 89' lang='lat' dir='ltr'><strong>probationibus</strong></span> <span class='ocrx_word' id='word_1_710' title='bbox 1146 4612 1419 4675; x_wconf 77' lang='lat' dir='ltr'><strong>deficiens,</strong></span> <span class='ocrx_word' id='word_1_711' title='bbox 1449 4613 1653 4667; x_wconf 89' lang='lat' dir='ltr'><strong>invenit</strong></span> <span class='ocrx_word' id='word_1_712' title='bbox 1683 4613 1782 4667; x_wconf 90' lang='lat' dir='ltr'><strong>sibi</strong></span> <span class='ocrx_word' id='word_1_713' title='bbox 1812 4613 2033 4667; x_wconf 90' lang='lat' dir='ltr'><strong>menda-</strong></span> 
     </span>
    </p>
   </div>
   <div class='ocr_carea' id='block_1_95' title="bbox 449 4702 2033 4775">
    <p class='ocr_par' dir='ltr' id='par_1_95' title="bbox 449 4702 2033 4775">
     <span class='ocr_line' id='line_1_95' title="bbox 449 4702 2033 4775; baseline -0.003 -14"><span class='ocrx_word' id='word_1_714' title='bbox 449 4709 591 4763; x_wconf 88' lang='lat' dir='ltr'><strong>cium</strong></span> <span class='ocrx_word' id='word_1_715' title='bbox 626 4713 956 4775; x_wconf 88' lang='lat' dir='ltr'><strong>tegumento,</strong></span> <span class='ocrx_word' id='word_1_716' title='bbox 1006 4712 1060 4758; x_wconf 87' lang='lat' dir='ltr'><strong>et</strong></span> <span class='ocrx_word' id='word_1_717' title='bbox 1103 4702 1415 4756; x_wconf 89' lang='lat' dir='ltr'><strong>calumniari</strong></span> <span class='ocrx_word' id='word_1_718' title='bbox 1460 4711 1704 4767; x_wconf 79' lang='lat' dir='ltr'><strong>conatur,</strong></span> <span class='ocrx_word' id='word_1_719' title='bbox 1734 4711 1792 4756; x_wconf 90' lang='lat' dir='ltr'><strong>ut</strong></span> <span class='ocrx_word' id='word_1_720' title='bbox 1833 4702 2033 4771; x_wconf 90' lang='lat' dir='ltr'><strong>aliquid</strong></span> 
     </span>
    </p>
   </div>
   <div class='ocr_carea' id='block_1_96' title="bbox 447 4799 925 4854">
    <p class='ocr_par' dir='ltr' id='par_1_96' title="bbox 447 4799 925 4854">
     <span class='ocr_line' id='line_1_96' title="bbox 447 4799 925 4854; baseline -0.01 -1"><span class='ocrx_word' id='word_1_721' title='bbox 447 4801 627 4853; x_wconf 86' lang='lat' dir='ltr'><strong>dicere</strong></span> <span class='ocrx_word' id='word_1_722' title='bbox 664 4799 925 4854; x_wconf 87' lang='lat' dir='ltr'><strong>videatur.</strong></span> 
     </span>
    </p>
   </div>
   <div class='ocr_carea' id='block_1_97' title="bbox 517 4882 2030 4960">
    <p class='ocr_par' dir='ltr' id='par_1_97' title="bbox 517 4882 2030 4960">
     <span class='ocr_line' id='line_1_97' title="bbox 517 4882 2030 4960; baseline -0.002 -17"><span class='ocrx_word' id='word_1_723' title='bbox 517 4890 585 4943; x_wconf 85' lang='lat' dir='ltr'><strong>At</strong></span> <span class='ocrx_word' id='word_1_724' title='bbox 630 4905 779 4953; x_wconf 88' lang='lat' dir='ltr'><strong>vero,</strong></span> <span class='ocrx_word' id='word_1_725' title='bbox 837 4886 1044 4960; x_wconf 78' lang='lat' dir='ltr'><strong>[Baluz.</strong></span> <span class='ocrx_word' id='word_1_726' title='bbox 1090 4885 1212 4940; x_wconf 91' lang='lat' dir='ltr'><strong>add.</strong></span> <span class='ocrx_word' id='word_1_727' title='bbox 1248 4882 1378 4955; x_wconf 90' lang='lat' dir='ltr'><strong>non]</strong></span> <span class='ocrx_word' id='word_1_728' title='bbox 1412 4884 1681 4939; x_wconf 90' lang='lat' dir='ltr'><strong>hominem</strong></span> <span class='ocrx_word' id='word_1_729' title='bbox 1703 4895 2030 4957; x_wconf 89' lang='lat' dir='ltr'><strong>assumptum</strong></span> 
     </span>
    </p>
   </div>
   <div class='ocr_carea' id='block_1_98' title="bbox 446 4975 2029 5046">
    <p class='ocr_par' dir='ltr' id='par_1_98' title="bbox 446 4975 2029 5046">
     <span class='ocr_line' id='line_1_98' title="bbox 446 4975 2029 5046; baseline 0.001 -14"><span class='ocrx_word' id='word_1_730' title='bbox 446 4980 608 5034; x_wconf 82' lang='lat' dir='ltr'><strong>fuisse</strong></span> <span class='ocrx_word' id='word_1_731' title='bbox 664 4995 693 5033; x_wconf 88' lang='lat' dir='ltr'><strong>a</strong></span> <span class='ocrx_word' id='word_1_732' title='bbox 742 4979 872 5043; x_wconf 92' lang='lat' dir='ltr'><strong>Deo,</strong></span> <span class='ocrx_word' id='word_1_733' title='bbox 920 4976 1116 5031; x_wconf 89' lang='lat' dir='ltr'><strong>sanctis</strong></span> <span class='ocrx_word' id='word_1_734' title='bbox 1159 4975 1406 5029; x_wconf 88' lang='lat' dir='ltr'><strong>Patribus</strong></span> <span class='ocrx_word' id='word_1_735' title='bbox 1432 4990 1537 5029; x_wconf 91' lang='lat' dir='ltr'><strong>non</strong></span> <span class='ocrx_word' id='word_1_736' title='bbox 1563 4976 1812 5030; x_wconf 89' lang='lat' dir='ltr'><strong>videtur:</strong></span> <span class='ocrx_word' id='word_1_737' title='bbox 1846 4977 2029 5046; x_wconf 85' lang='lat' dir='ltr'><strong>Neque</strong></span> 
     </span>
    </p>
   </div>
   <div class='ocr_carea' id='block_1_99' title="bbox 445 5066 2029 5138">
    <p class='ocr_par' dir='ltr' id='par_1_99' title="bbox 445 5066 2029 5138">
     <span class='ocr_line' id='line_1_99' title="bbox 445 5066 2029 5138; baseline -0.001 -14"><span class='ocrx_word' id='word_1_738' title='bbox 445 5071 587 5124; x_wconf 51' lang='lat' dir='ltr'><strong>enim</strong></span> <span class='ocrx_word' id='word_1_739' title='bbox 616 5071 685 5123; x_wconf 88' lang='lat' dir='ltr'><strong>ita</strong></span> <span class='ocrx_word' id='word_1_740' title='bbox 716 5084 967 5138; x_wconf 90' lang='lat' dir='ltr'><strong>umquam</strong></span> <span class='ocrx_word' id='word_1_741' title='bbox 983 5066 1350 5132; x_wconf 88' lang='lat' dir='ltr'><strong>crediderunt;</strong></span> <span class='ocrx_word' id='word_1_742' title='bbox 1381 5066 1473 5121; x_wconf 91' lang='lat' dir='ltr'><strong>sed</strong></span> <span class='ocrx_word' id='word_1_743' title='bbox 1494 5067 1664 5137; x_wconf 91' lang='lat' dir='ltr'><strong>ipsum</strong></span> <span class='ocrx_word' id='word_1_744' title='bbox 1678 5069 1845 5137; x_wconf 83' lang='lat' dir='ltr'><strong>magis</strong></span> <span class='ocrx_word' id='word_1_745' title='bbox 1862 5070 2029 5123; x_wconf 89' lang='lat' dir='ltr'><strong>Deum</strong></span> 
     </span>
    </p>
   </div>
   <div class='ocr_carea' id='block_1_100' title="bbox 444 5158 2028 5221">
    <p class='ocr_par' dir='ltr' id='par_1_100' title="bbox 444 5158 2028 5221">
     <span class='ocr_line' id='line_1_100' title="bbox 444 5158 2028 5221; baseline 0 -7"><span class='ocrx_word' id='word_1_746' title='bbox 444 5161 682 5215; x_wconf 86' lang='lat' dir='ltr'><strong>Verbum</strong></span> <span class='ocrx_word' id='word_1_747' title='bbox 720 5161 993 5214; x_wconf 90' lang='lat' dir='ltr'><strong>hominem</strong></span> <span class='ocrx_word' id='word_1_748' title='bbox 1020 5158 1214 5213; x_wconf 91' lang='lat' dir='ltr'><strong>factum</strong></span> <span class='ocrx_word' id='word_1_749' title='bbox 1247 5173 1366 5213; x_wconf 88' lang='lat' dir='ltr'><strong>esse</strong></span> <span class='ocrx_word' id='word_1_750' title='bbox 1399 5158 1671 5221; x_wconf 76' lang='lat' dir='ltr'><strong>dixerunt,</strong></span> <span class='ocrx_word' id='word_1_751' title='bbox 1701 5160 2028 5215; x_wconf 85' lang='lat' dir='ltr'><strong>adunatum-</strong></span> 
     </span>
    </p>
   </div>
   <div class='ocr_carea' id='block_1_101' title="bbox 443 5248 2027 5320">
    <p class='ocr_par' dir='ltr' id='par_1_101' title="bbox 443 5248 2027 5320">
     <span class='ocr_line' id='line_1_101' title="bbox 443 5248 2027 5320; baseline 0 -15"><span class='ocrx_word' id='word_1_752' title='bbox 443 5266 548 5320; x_wconf 91' lang='lat' dir='ltr'><strong>que</strong></span> <span class='ocrx_word' id='word_1_753' title='bbox 583 5252 731 5304; x_wconf 89' lang='lat' dir='ltr'><strong>carni</strong></span> <span class='ocrx_word' id='word_1_754' title='bbox 778 5250 993 5303; x_wconf 90' lang='lat' dir='ltr'><strong>habenti</strong></span> <span class='ocrx_word' id='word_1_755' title='bbox 1048 5248 1279 5302; x_wconf 89' lang='lat' dir='ltr'><strong>animam</strong></span> <span class='ocrx_word' id='word_1_756' title='bbox 1330 5250 1719 5304; x_wconf 89' lang='lat' dir='ltr'><strong>rationabilem.</strong></span> <span class='ocrx_word' id='word_1_757' title='bbox 1746 5250 2027 5305; x_wconf 89' lang='lat' dir='ltr'><strong>lnconfusa</strong></span> 
     </span>
    </p>
   </div>
   <div class='ocr_carea' id='block_1_102' title="bbox 442 5340 2020 5408">
    <p class='ocr_par' dir='ltr' id='par_1_102' title="bbox 442 5340 2020 5408">
     <span class='ocr_line' id='line_1_102' title="bbox 442 5340 2020 5408; baseline -0.001 -13"><span class='ocrx_word' id='word_1_758' title='bbox 442 5350 643 5405; x_wconf 86' lang='lat' dir='ltr'><strong>autem,</strong></span> <span class='ocrx_word' id='word_1_759' title='bbox 683 5349 737 5395; x_wconf 89' lang='lat' dir='ltr'><strong>et</strong></span> <span class='ocrx_word' id='word_1_760' title='bbox 766 5340 965 5408; x_wconf 89' lang='lat' dir='ltr'><strong>absque</strong></span> <span class='ocrx_word' id='word_1_761' title='bbox 987 5342 1337 5397; x_wconf 89' lang='lat' dir='ltr'><strong>conversione</strong></span> <span class='ocrx_word' id='word_1_762' title='bbox 1365 5341 1585 5396; x_wconf 91' lang='lat' dir='ltr'><strong>omnino</strong></span> <span class='ocrx_word' id='word_1_763' title='bbox 1612 5350 1693 5394; x_wconf 76' lang='lat' dir='ltr'><strong>est</strong></span> <span class='ocrx_word' id='word_1_764' title='bbox 1722 5342 1981 5396; x_wconf 89' lang='lat' dir='ltr'><strong>adunatio</strong></span> <span class='ocrx_word' id='word_1_765' title='bbox 2008 5363 2020 5394; x_wconf 84' lang='lat'><em>:</em></span> 
     </span>
    </p>
   </div>
   <div class='ocr_carea' id='block_1_103' title="bbox 442 5433 2017 5498">
    <p class='ocr_par' dir='ltr' id='par_1_103' title="bbox 442 5433 2017 5498">
     <span class='ocr_line' id='line_1_103' title="bbox 442 5433 2017 5498; baseline 0.001 -10"><span class='ocrx_word' id='word_1_766' title='bbox 442 5433 847 5488; x_wconf 86' lang='lat' dir='ltr'><strong>inconvertibile</strong></span> <span class='ocrx_word' id='word_1_767' title='bbox 871 5440 952 5486; x_wconf 93' lang='lat' dir='ltr'><strong>est</strong></span> <span class='ocrx_word' id='word_1_768' title='bbox 972 5434 1112 5487; x_wconf 90' lang='lat' dir='ltr'><strong>enim</strong></span> <span class='ocrx_word' id='word_1_769' title='bbox 1141 5433 1236 5489; x_wconf 90' lang='lat' dir='ltr'><strong>Dei</strong></span> <span class='ocrx_word' id='word_1_770' title='bbox 1264 5433 1516 5498; x_wconf 89' lang='lat' dir='ltr'><strong>Verbum,</strong></span> <span class='ocrx_word' id='word_1_771' title='bbox 1547 5442 1602 5488; x_wconf 90' lang='lat' dir='ltr'><strong>et</strong></span> <span class='ocrx_word' id='word_1_772' title='bbox 1631 5435 1701 5488; x_wconf 90' lang='lat' dir='ltr'><strong>ita</strong></span> <span class='ocrx_word' id='word_1_773' title='bbox 1726 5436 2017 5490; x_wconf 86' lang='lat' dir='ltr'><strong>credimus.</strong></span> 
     </span>
    </p>
   </div>
   <div class='ocr_carea' id='block_1_104' title="bbox 802 5562 1649 5602">
    <p class='ocr_par' dir='ltr' id='par_1_104' title="bbox 802 5562 1649 5602">
     <span class='ocr_line' id='line_1_104' title="bbox 802 5562 1649 5602; baseline 0.002 -4"><span class='ocrx_word' id='word_1_774' title='bbox 802 5562 1277 5602; x_wconf 64' lang='lat' dir='ltr'><strong>ANATIIEMATISMUS</strong></span> <span class='ocrx_word' id='word_1_775' title='bbox 1304 5564 1649 5602; x_wconf 76' lang='lat' dir='ltr'><strong>DUODECIMUS.</strong></span> 
     </span>
    </p>
   </div>
   <div class='ocr_carea' id='block_1_105' title="bbox 509 5636 2013 5709">
    <p class='ocr_par' dir='ltr' id='par_1_105' title="bbox 509 5636 2013 5709">
     <span class='ocr_line' id='line_1_105' title="bbox 509 5636 2013 5709; baseline 0.001 -18"><span class='ocrx_word' id='word_1_776' title='bbox 509 5636 687 5706; x_wconf 80' lang='lat' dir='ltr'><strong>Siquis</strong></span> <span class='ocrx_word' id='word_1_777' title='bbox 713 5653 821 5693; x_wconf 89' lang='lat' dir='ltr'><strong>non</strong></span> <span class='ocrx_word' id='word_1_778' title='bbox 856 5639 1174 5693; x_wconf 84' lang='lat' dir='ltr'><strong>confiteatur</strong></span> <span class='ocrx_word' id='word_1_779' title='bbox 1210 5639 1352 5709; x_wconf 83' lang='lat' dir='ltr'><strong>quod</strong></span> <span class='ocrx_word' id='word_1_780' title='bbox 1394 5639 1485 5693; x_wconf 88' lang='lat' dir='ltr'><strong>Dei</strong></span> <span class='ocrx_word' id='word_1_781' title='bbox 1517 5639 1748 5694; x_wconf 83' lang='lat' dir='ltr'><strong>Verbum</strong></span> <span class='ocrx_word' id='word_1_782' title='bbox 1798 5654 2013 5707; x_wconf 88' lang='lat' dir='ltr'><strong>passum</strong></span> 
     </span>
    </p>
   </div>
   <div class='ocr_carea' id='block_1_106' title="bbox 2136 4545 3719 4615">
    <p class='ocr_par' dir='ltr' id='par_1_106' title="bbox 2136 4545 3719 4615">
     <span class='ocr_line' id='line_1_106' title="bbox 2136 4545 3719 4615; baseline -0.003 -12"><span class='ocrx_word' id='word_1_783' title='bbox 2136 4549 2350 4613; x_wconf 89' lang='lat' dir='ltr'><strong>Paulus,</strong></span> <span class='ocrx_word' id='word_1_784' title='bbox 2381 4548 2537 4604; x_wconf 89' lang='lat' dir='ltr'><strong>datus</strong></span> <span class='ocrx_word' id='word_1_785' title='bbox 2563 4558 2647 4602; x_wconf 90' lang='lat' dir='ltr'><strong>est</strong></span> <span class='ocrx_word' id='word_1_786' title='bbox 2674 4563 2704 4602; x_wconf 91' lang='lat' dir='ltr'><strong>a</strong></span> <span class='ocrx_word' id='word_1_787' title='bbox 2734 4549 2845 4603; x_wconf 93' lang='lat' dir='ltr'><strong>Deo</strong></span> <span class='ocrx_word' id='word_1_788' title='bbox 2886 4556 2940 4602; x_wconf 91' lang='lat' dir='ltr'><strong>et</strong></span> <span class='ocrx_word' id='word_1_789' title='bbox 2966 4546 3125 4601; x_wconf 86' lang='lat' dir='ltr'><strong>Patre</strong></span> <span class='ocrx_word' id='word_1_790' title='bbox 3154 4553 3318 4614; x_wconf 89' lang='lat' dir='ltr'><strong>caput</strong></span> <span class='ocrx_word' id='word_1_791' title='bbox 3346 4548 3592 4615; x_wconf 87' lang='lat' dir='ltr'><strong>corporis</strong></span> <span class='ocrx_word' id='word_1_792' title='bbox 3621 4545 3719 4599; x_wconf 81' lang='lat' dir='ltr'><strong>Ec-</strong></span> 
     </span>
    </p>
   </div>
   <div class='ocr_carea' id='block_1_107' title="bbox 2134 4638 3721 4711">
    <p class='ocr_par' dir='ltr' id='par_1_107' title="bbox 2134 4638 3721 4711">
     <span class='ocr_line' id='line_1_107' title="bbox 2134 4638 3721 4711; baseline -0.003 -15"><span class='ocrx_word' id='word_1_793' title='bbox 2134 4642 2330 4705; x_wconf 63' lang='lat' dir='ltr'><strong>clesiae,</strong></span> <span class='ocrx_word' id='word_1_794' title='bbox 2362 4640 2534 4696; x_wconf 89' lang='lat' dir='ltr'><strong>factus</strong></span> <span class='ocrx_word' id='word_1_795' title='bbox 2562 4640 2950 4711; x_wconf 86' lang='lat' dir='ltr'><strong>primogenitus</strong></span> <span class='ocrx_word' id='word_1_796' title='bbox 2976 4655 3039 4693; x_wconf 89' lang='lat' dir='ltr'><strong>ex</strong></span> <span class='ocrx_word' id='word_1_797' title='bbox 3070 4638 3334 4693; x_wconf 89' lang='lat' dir='ltr'><strong>mortuis?</strong></span> <span class='ocrx_word' id='word_1_798' title='bbox 3375 4640 3556 4693; x_wconf 90' lang='lat' dir='ltr'><strong>carnis</strong></span> <span class='ocrx_word' id='word_1_799' title='bbox 3582 4638 3721 4693; x_wconf 84' lang='lat' dir='ltr'><strong>scili-</strong></span> 
     </span>
    </p>
   </div>
   <div class='ocr_carea' id='block_1_108' title="bbox 2134 4729 3718 4805">
    <p class='ocr_par' dir='ltr' id='par_1_108' title="bbox 2134 4729 3718 4805">
     <span class='ocr_line' id='line_1_108' title="bbox 2134 4729 3718 4805; baseline -0.004 -15"><span class='ocrx_word' id='word_1_800' title='bbox 2134 4742 2221 4790; x_wconf 90' lang='lat' dir='ltr'><strong>cet</strong></span> <span class='ocrx_word' id='word_1_801' title='bbox 2272 4735 2552 4805; x_wconf 86' lang='lat' dir='ltr'><strong>passiones</strong></span> <span class='ocrx_word' id='word_1_802' title='bbox 2592 4734 2925 4788; x_wconf 85' lang='lat' dir='ltr'><strong>familiariter</strong></span> <span class='ocrx_word' id='word_1_803' title='bbox 2968 4748 3188 4803; x_wconf 89' lang='lat' dir='ltr'><strong>passus;</strong></span> <span class='ocrx_word' id='word_1_804' title='bbox 3234 4729 3493 4785; x_wconf 86' lang='lat' dir='ltr'><strong>Dominus</strong></span> <span class='ocrx_word' id='word_1_805' title='bbox 3540 4740 3718 4785; x_wconf 88' lang='lat' dir='ltr'><strong>autem</strong></span> 
     </span>
    </p>
   </div>
   <div class='ocr_carea' id='block_1_109' title="bbox 2134 4818 3721 4893">
    <p class='ocr_par' dir='ltr' id='par_1_109' title="bbox 2134 4818 3721 4893">
     <span class='ocr_line' id='line_1_109' title="bbox 2134 4818 3721 4893; baseline -0.002 -16"><span class='ocrx_word' id='word_1_806' title='bbox 2134 4825 2316 4893; x_wconf 76' lang='lat' dir='ltr'><strong>gloria:</strong></span> <span class='ocrx_word' id='word_1_807' title='bbox 2361 4839 2700 4893; x_wconf 90' lang='lat' dir='ltr'><strong>nequaquam</strong></span> <span class='ocrx_word' id='word_1_808' title='bbox 2750 4821 2848 4876; x_wconf 87' lang='lat' dir='ltr'><strong>fuit</strong></span> <span class='ocrx_word' id='word_1_809' title='bbox 2878 4823 3039 4876; x_wconf 89' lang='lat' dir='ltr'><strong>homo</strong></span> <span class='ocrx_word' id='word_1_810' title='bbox 3078 4819 3248 4874; x_wconf 91' lang='lat' dir='ltr'><strong>nostri</strong></span> <span class='ocrx_word' id='word_1_811' title='bbox 3276 4818 3469 4873; x_wconf 89' lang='lat' dir='ltr'><strong>similis</strong></span> <span class='ocrx_word' id='word_1_812' title='bbox 3495 4827 3554 4874; x_wconf 89' lang='lat' dir='ltr'><strong>et</strong></span> <span class='ocrx_word' id='word_1_813' title='bbox 3573 4835 3721 4874; x_wconf 80' lang='lat' dir='ltr'><strong>com-</strong></span> 
     </span>
    </p>
   </div>
   <div class='ocr_carea' id='block_1_110' title="bbox 2136 4918 2329 4972">
    <p class='ocr_par' dir='ltr' id='par_1_110' title="bbox 2136 4918 2329 4972">
     <span class='ocr_line' id='line_1_110' title="bbox 2136 4918 2329 4972; baseline -0.005 -1"><span class='ocrx_word' id='word_1_814' title='bbox 2136 4918 2329 4972; x_wconf 90' lang='lat' dir='ltr'><strong>munis.</strong></span> 
     </span>
    </p>
   </div>
   <div class='ocr_carea' id='block_1_111' title="bbox 2206 5004 3717 5075">
    <p class='ocr_par' dir='ltr' id='par_1_111' title="bbox 2206 5004 3717 5075">
     <span class='ocr_line' id='line_1_111' title="bbox 2206 5004 3717 5075; baseline -0.007 -10"><span class='ocrx_word' id='word_1_815' title='bbox 2206 5009 2311 5065; x_wconf 89' lang='lat' dir='ltr'><strong>Sed</strong></span> <span class='ocrx_word' id='word_1_816' title='bbox 2348 5009 2486 5064; x_wconf 88' lang='lat' dir='ltr'><strong>forte</strong></span> <span class='ocrx_word' id='word_1_817' title='bbox 2514 5009 2659 5063; x_wconf 90' lang='lat' dir='ltr'><strong>dices</strong></span> <span class='ocrx_word' id='word_1_818' title='bbox 2688 5005 2936 5061; x_wconf 79' lang='lat' dir='ltr'><strong>suﬂicere</strong></span> <span class='ocrx_word' id='word_1_819' title='bbox 2973 5007 3233 5061; x_wconf 88' lang='lat' dir='ltr'><strong>unitatem</strong></span> <span class='ocrx_word' id='word_1_820' title='bbox 3273 5006 3339 5060; x_wconf 86' lang='lat' dir='ltr'><strong>ad</strong></span> <span class='ocrx_word' id='word_1_821' title='bbox 3382 5004 3717 5075; x_wconf 83' lang='lat' dir='ltr'><strong>probandum</strong></span> 
     </span>
    </p>
   </div>
   <div class='ocr_carea' id='block_1_112' title="bbox 2137 5095 3720 5164">
    <p class='ocr_par' dir='ltr' id='par_1_112' title="bbox 2137 5095 3720 5164">
     <span class='ocr_line' id='line_1_112' title="bbox 2137 5095 3720 5164; baseline -0.005 -8"><span class='ocrx_word' id='word_1_822' title='bbox 2137 5116 2301 5156; x_wconf 91' lang='lat' dir='ltr'><strong>unum</strong></span> <span class='ocrx_word' id='word_1_823' title='bbox 2337 5116 2456 5155; x_wconf 89' lang='lat' dir='ltr'><strong>esse</strong></span> <span class='ocrx_word' id='word_1_824' title='bbox 2491 5098 2764 5154; x_wconf 89' lang='lat' dir='ltr'><strong>Christum</strong></span> <span class='ocrx_word' id='word_1_825' title='bbox 2804 5104 2859 5152; x_wconf 89' lang='lat' dir='ltr'><strong>et</strong></span> <span class='ocrx_word' id='word_1_826' title='bbox 2900 5098 3184 5152; x_wconf 90' lang='lat' dir='ltr'><strong>Dominum</strong></span> <span class='ocrx_word' id='word_1_827' title='bbox 3213 5096 3546 5152; x_wconf 84' lang='lat' dir='ltr'><strong>crucifixum.</strong></span> <span class='ocrx_word' id='word_1_828' title='bbox 3576 5095 3720 5164; x_wconf 82' lang='lat' dir='ltr'><strong>Ergo</strong></span> 
     </span>
    </p>
   </div>
   <div class='ocr_carea' id='block_1_113' title="bbox 2137 5187 3719 5259">
    <p class='ocr_par' dir='ltr' id='par_1_113' title="bbox 2137 5187 3719 5259">
     <span class='ocr_line' id='line_1_113' title="bbox 2137 5187 3719 5259; baseline -0.003 -14"><span class='ocrx_word' id='word_1_829' title='bbox 2137 5193 2315 5247; x_wconf 86' lang='lat' dir='ltr'><strong>omnia</strong></span> <span class='ocrx_word' id='word_1_830' title='bbox 2346 5192 2591 5245; x_wconf 90' lang='lat' dir='ltr'><strong>dicantur</strong></span> <span class='ocrx_word' id='word_1_831' title='bbox 2618 5191 2804 5259; x_wconf 88' lang='lat' dir='ltr'><strong>ipsius,</strong></span> <span class='ocrx_word' id='word_1_832' title='bbox 2835 5196 2889 5242; x_wconf 89' lang='lat' dir='ltr'><strong>et</strong></span> <span class='ocrx_word' id='word_1_833' title='bbox 2918 5187 3172 5242; x_wconf 89' lang='lat' dir='ltr'><strong>credatur</strong></span> <span class='ocrx_word' id='word_1_834' title='bbox 3211 5188 3304 5242; x_wconf 89' lang='lat' dir='ltr'><strong>Dei</strong></span> <span class='ocrx_word' id='word_1_835' title='bbox 3337 5188 3569 5242; x_wconf 85' lang='lat' dir='ltr'><strong>Verbum</strong></span> <span class='ocrx_word' id='word_1_836' title='bbox 3598 5202 3719 5241; x_wconf 86' lang='lat' dir='ltr'><strong>esse</strong></span> 
     </span>
    </p>
   </div>
   <div class='ocr_carea' id='block_1_114' title="bbox 2134 5279 3718 5352">
    <p class='ocr_par' dir='ltr' id='par_1_114' title="bbox 2134 5279 3718 5352">
     <span class='ocr_line' id='line_1_114' title="bbox 2134 5279 3718 5352; baseline -0.002 -18"><span class='ocrx_word' id='word_1_837' title='bbox 2134 5282 2400 5347; x_wconf 84' lang='lat' dir='ltr'><strong>Salvator,</strong></span> <span class='ocrx_word' id='word_1_838' title='bbox 2444 5296 2765 5352; x_wconf 88' lang='lat' dir='ltr'><strong>permanens</strong></span> <span class='ocrx_word' id='word_1_839' title='bbox 2813 5280 3027 5348; x_wconf 89' lang='lat' dir='ltr'><strong>quidem</strong></span> <span class='ocrx_word' id='word_1_840' title='bbox 3074 5279 3400 5348; x_wconf 90' lang='lat' dir='ltr'><strong>impassibile</strong></span> <span class='ocrx_word' id='word_1_841' title='bbox 3428 5279 3718 5335; x_wconf 88' lang='lat' dir='ltr'><strong>secundum</strong></span> 
     </span>
    </p>
   </div>
   <div class='ocr_carea' id='block_1_115' title="bbox 2131 5369 3716 5439">
    <p class='ocr_par' dir='ltr' id='par_1_115' title="bbox 2131 5369 3716 5439">
     <span class='ocr_line' id='line_1_115' title="bbox 2131 5369 3716 5439; baseline -0.003 -14"><span class='ocrx_word' id='word_1_842' title='bbox 2131 5372 2345 5427; x_wconf 87' lang='lat' dir='ltr'><strong>deitatis</strong></span> <span class='ocrx_word' id='word_1_843' title='bbox 2392 5380 2658 5436; x_wconf 89' lang='lat' dir='ltr'><strong>naturam,</strong></span> <span class='ocrx_word' id='word_1_844' title='bbox 2689 5386 2851 5425; x_wconf 90' lang='lat' dir='ltr'><strong>carne</strong></span> <span class='ocrx_word' id='word_1_845' title='bbox 2898 5377 3075 5424; x_wconf 89' lang='lat' dir='ltr'><strong>autem</strong></span> <span class='ocrx_word' id='word_1_846' title='bbox 3124 5386 3363 5439; x_wconf 90' lang='lat' dir='ltr'><strong>passum,</strong></span> <span class='ocrx_word' id='word_1_847' title='bbox 3390 5369 3541 5439; x_wconf 81' lang='lat' dir='ltr'><strong>juxta</strong></span> <span class='ocrx_word' id='word_1_848' title='bbox 3570 5369 3716 5438; x_wconf 84' lang='lat' dir='ltr'><strong>quod</strong></span> 
     </span>
    </p>
   </div>
   <div class='ocr_carea' id='block_1_116' title="bbox 2129 5461 3717 5531">
    <p class='ocr_par' dir='ltr' id='par_1_116' title="bbox 2129 5461 3717 5531">
     <span class='ocr_line' id='line_1_116' title="bbox 2129 5461 3717 5531; baseline -0.003 -16"><span class='ocrx_word' id='word_1_849' title='bbox 2129 5463 2263 5515; x_wconf 79' lang='lat' dir='ltr'><strong>dixit</strong></span> <span class='ocrx_word' id='word_1_850' title='bbox 2294 5461 2482 5517; x_wconf 87' lang='lat' dir='ltr'><strong>Petrus</strong></span> <span class='ocrx_word' id='word_1_851' title='bbox 2516 5480 2528 5514; x_wconf 92' lang='lat'>:</span> <span class='ocrx_word' id='word_1_852' title='bbox 2562 5462 2726 5531; x_wconf 89' lang='lat' dir='ltr'><strong>ipsius</strong></span> <span class='ocrx_word' id='word_1_853' title='bbox 2756 5461 2898 5516; x_wconf 90' lang='lat' dir='ltr'><strong>enim</strong></span> <span class='ocrx_word' id='word_1_854' title='bbox 2948 5468 3064 5514; x_wconf 83' lang='lat' dir='ltr'><strong>erat</strong></span> <span class='ocrx_word' id='word_1_855' title='bbox 3102 5461 3380 5529; x_wconf 88' lang='lat' dir='ltr'><strong>proprium</strong></span> <span class='ocrx_word' id='word_1_856' title='bbox 3412 5478 3509 5531; x_wconf 88' lang='lat' dir='ltr'><strong>per</strong></span> <span class='ocrx_word' id='word_1_857' title='bbox 3533 5475 3717 5513; x_wconf 85' lang='lat' dir='ltr'><strong>veram</strong></span> 
     </span>
    </p>
   </div>
   <div class='ocr_carea' id='block_1_117' title="bbox 2133 5550 3717 5621">
    <p class='ocr_par' dir='ltr' id='par_1_117' title="bbox 2133 5550 3717 5621">
     <span class='ocr_line' id='line_1_117' title="bbox 2133 5550 3717 5621; baseline -0.004 -15"><span class='ocrx_word' id='word_1_858' title='bbox 2133 5554 2509 5607; x_wconf 68' lang='lat' dir='ltr'><strong>aiunationem</strong></span> <span class='ocrx_word' id='word_1_859' title='bbox 2539 5568 2753 5621; x_wconf 84' lang='lat' dir='ltr'><strong>corpus,</strong></span> <span class='ocrx_word' id='word_1_860' title='bbox 2778 5550 2921 5620; x_wconf 88' lang='lat' dir='ltr'><strong>quod</strong></span> <span class='ocrx_word' id='word_1_861' title='bbox 2942 5560 3169 5605; x_wconf 87' lang='lat' dir='ltr'><strong>mortem</strong></span> <span class='ocrx_word' id='word_1_862' title='bbox 3192 5551 3447 5617; x_wconf 86' lang='lat' dir='ltr'><strong>gustavit-</strong></span> <span class='ocrx_word' id='word_1_863' title='bbox 3480 5550 3717 5617; x_wconf 78' lang='lat' dir='ltr'><strong>Denique</strong></span> 
     </span>
    </p>
   </div>
   <div class='ocr_carea' id='block_1_118' title="bbox 2127 5638 3715 5711">
    <p class='ocr_par' dir='ltr' id='par_1_118' title="bbox 2127 5638 3715 5711">
     <span class='ocr_line' id='line_1_118' title="bbox 2127 5638 3715 5711; baseline -0.004 -15"><span class='ocrx_word' id='word_1_864' title='bbox 2127 5643 2397 5711; x_wconf 80' lang='lat' dir='ltr'><strong>quomodo</strong></span> <span class='ocrx_word' id='word_1_865' title='bbox 2439 5661 2501 5698; x_wconf 73' lang='lat' dir='ltr'><strong>ex</strong></span> <span class='ocrx_word' id='word_1_866' title='bbox 2543 5642 2739 5697; x_wconf 60' lang='lat' dir='ltr'><strong>Judaei:</strong></span> <span class='ocrx_word' id='word_1_867' title='bbox 2799 5641 3076 5696; x_wconf 72' lang='lat' dir='ltr'><strong>secundum</strong></span> <span class='ocrx_word' id='word_1_868' title='bbox 3124 5656 3334 5693; x_wconf 73' lang='lat' dir='ltr'><strong>carnem</strong></span> <span class='ocrx_word' id='word_1_869' title='bbox 3390 5638 3614 5693; x_wconf 78' lang='lat' dir='ltr'><strong>Christus</strong></span> <span class='ocrx_word' id='word_1_870' title='bbox 3666 5647 3715 5692; x_wconf 76' lang='lat' dir='ltr'><strong>et</strong></span> 
     </span>
    </p>
   </div>
  </div>
