3980 6182
285 257 413 311 1301

1324 256 1694 313 ADMONITIO
1735 259 1796 314 IN
1837 259 2282 328 SUBSEQUENS
2321 260 2514 316 OI‘US.

3406 270 3542 326 100.2

274 371 413 424 Deus
429 387 582 441 super
609 386 804 436 omnes,
819 381 867 425 et
891 370 1180 426 benedictus
1197 372 1249 425 in
1271 373 1480 436 secula,
1499 391 1644 426 amen
1669 373 1843 443 (Rom.

2031 377 2201 430 Verba
2223 377 2338 430 hmc
2363 394 2373 428 :
2404 375 2599 430 Psssﬁs
2622 391 2717 430 εει·
2750 392 2966 440 vomxs,
3001 380 3236 434 πέπονθεν
3261 379 3402 445 ἵκων,
3424 398 3544 438 exa-

276 477 350 524 Ix,
379 460 484 529 l8).
519 460 574 515 In
602 461 756 530 cujus
775 469 950 515 morte
978 461 1232 530 baptizati
1261 466 1484 517 sumus?
1511 465 1664 532 cujus
1685 481 1857 520 resur-

275 555 572 608 rectionem
628 554 948 608 conﬁtentes
990 553 1382 621 justiﬁcamur?
1425 567 1449 593 ι
1500 556 1579 608 An
1629 558 1860 610 hominis

272 646 576 700 communis
597 646 856 715 alicujus?
887 647 988 712 An,
1013 647 1157 716 quod
1186 648 1364 702 verius
1384 657 1485 713 εει,
1506 648 1598 703 Dei
1628 649 1860 705 hominis

273 736 397 792 facti
428 748 482 792 et
511 739 651 808 passi
683 755 782 809 pro
811 741 963 795 nobis
986 757 1167 806 carne,
1204 749 1432 796 mortem
1460 742 1856 808 deuuntiamus,

273 837 325 882 et
348 829 669 885 conﬁtentes
698 831 1168 896 resurrectionem,
1195 847 1332 886 onus
1358 831 1637 901 ahjicimus
1662 847 1854 902 pecca-

270 922 488 974 torum?
516 921 689 992 Empti
727 924 862 976 enim
886 939 1062 976 sumus
1101 925 1285 994 pretio,
1312 941 1415 978 non
1446 923 1858 996 corruptibitibus

271 1022 483 1084 argento
506 1014 582 1068 vel
603 1029 759 1078 auro;
793 995 885 1067 sed
898 1015 1121 1085 pretioso
1143 1015 1414 1084 sanguine,
1450 1015 1581 1068 sicut
1602 1017 1726 1086 agni
1742 1017 1857 1087 puri

271 1113 317 1155 et
348 1104 686 1168 immaculati,
719 1103 908 1157 Christi
933 1104 972 1174 (I
1005 1104 1124 1159 Cor.
1155 1121 1228 1167 vr,
1257 1104 1354 1169 ‘20;
1387 1104 1572 1158 lPetr.
1602 1121 1642 1170 ι,
1676 1105 1783 1174 19).

342 1191 499 1246 Plura
520 1194 735 1262 quidem
759 1204 808 1248 et
833 1194 934 1247 alia
964 1209 1126 1264 super
1150 1195 1233 1249 his
1255 1209 1698 1261 commemorare,
1729 1197 1858 1250 nihil

269 1282 490 1337 diflicile
518 1290 622 1349 est,
654 1291 710 1337 et
739 1293 1049 1338 sanctorum
1092 1283 1314 1339 Patrum
1357 1287 1602 1356 exempla
1655 1303 1856 1357 propo-

271 1389 448 1428 nere:
499 1391 684 1429 verum
732 1375 846 1430 haec
899 1376 1030 1432 satis
1084 1375 1196 1431 fore
1243 1377 1435 1447 Opinor
1481 1377 1854 1445 docilioribus;

1962 447 2147 513 gitavit
2177 446 2462 500 Eutherius
2499 462 2748 498 sermone
2769 445 2800 497 8
2826 449 3274 514 quemadtnmlum
3299 459 3353 503 et
3399 452 3497 505 ista
3528 472 3540 505 :

1966 515 2181 598 Eanum
2209 531 2379 570 canae
2410 531 2603 598 passum
2636 531 2754 598 μετ,
2786 516 2966 597 ἕτῖαθεν
2992 517 3016 572 ὁ
3039 520 3158 598 Θεὸς
3185 521 3342 598 Λόγος
3365 529 3543 598 σμρκί.

1964 586 2129 658 Tanta
2160 601 2321 656 porro
2362 596 2444 640 est
2492 586 2790 658 Eranistem
2834 587 2972 640 inter
3001 597 3054 641 et
3096 586 3447 658 reprehensio'
3473 609 3546 646 .cs

1961 657 2216 725 capitum,
2259 657 2370 710 sive
2398 657 2784 709 sententiarum
2826 658 3084 722 afﬁnitas,
3115 657 3226 713 sive
3258 662 3544 716 verborum

1961 725 2273 789 similitudo,
2306 734 2363 778 ut
2390 742 2498 779 non
2529 733 2734 778 tantum
2758 727 3002 781 eumdem
3033 729 3319 783 ostendant
3351 742 3543 786 aucto-

1962 812 2097 870 rem,
2121 810 2280 870 quem
2308 812 2466 850 nemo
2498 812 2601 849 non
2626 798 2897 870 agnoscit;
2929 797 3020 852 sed
3052 799 3296 870 eumdem
3326 816 3544 870 quoque

1960 866 2347 941 adversarium),
2378 881 2536 941 quem
2583 867 2736 941 pauci
2779 868 3061 941 advertunt
3105 884 3222 941 esse
3250 866 3542 941 Cyrillum,

1959 935 2104 1004 quod
2152 943 2329 1006 tamen
2378 935 2900 1006 demonstrabimus,
2941 938 3162 1006 opinor,
3194 939 3247 993 in
3295 935 3542 997 auctario

1962 1021 2184 1078 operum
2216 1005 2560 1078 Theodoreti,
2595 1005 2736 1078 quod
2766 1005 3104 1078 apparamus,
3130 1011 3461 1078 propediem,
3493 1013 3540 1066 si

1963 1075 2120 1128 fuerit
2150 1075 2242 1128 Dei
2283 1074 2558 1139 voluntas,
2604 1077 2752 1144 prelo
2797 1074 3174 1130 subdendum}
3208 1074 3273 1131 e'o
3313 1074 3456 1134 enini
3487 1083 3539 1134 in

1963 1146 2102 1208 loco,
2119 1153 2249 1215 post
2284 1145 2448 1215 vitam
2480 1145 2801 1198 Theodoreti
2841 1146 2948 1200 suis
2977 1148 3182 1200 actibus
3212 1147 3539 1215 distinctam,

1964 1224 2083 1289 post
2107 1214 2262 1289 ﬁdem
2291 1214 2603 1289 discussam,
2631 1215 2890 1282 judicium
2919 1215 2984 1268 de
3027 1218 3248 1289 singulis
3289 1214 3542 1289 operibus

1960 1285 2031 1338 ita
2057 1286 2380 1348 instituetur,
2413 1293 2470 1337 ut
2492 1285 2664 1352 plura,
2687 1299 2916 1352 quorum
2939 1296 3145 1352 partem
3173 1285 3540 1342 dedit—Merca-

1959 1363 2064 1417 tor,
2095 1355 2282 1409 decsse
2313 1355 2363 1407 in
2395 1355 2642 1425 editione
2675 1352 3050 1409 Sirmondiana
3089 1359 3402 1425 probentur,
3429 1360 3540 1411 sin-

1957 1427 2308 1493 gulorumque
2332 1424 2572 1488 historia,
2599 1423 2649 1477 id
2679 1431 2778 1488 est,
2807 1433 3034 1494 tempus,
3065 1423 3257 1492 cause,
3281 1431 3539 1498 qualitas-

270 1467 529 1536 wriptum
549 1476 632 1521 est
654 1468 796 1520 enim
827 1485 839 1519 :
869 1467 955 1520 Da
983 1471 1203 1539 sapienti
1226 1472 1564 1535 occasionem,
1588 1480 1636 1524 et
1658 1474 1858 1541 sapien-

269 1558 374 1608 tior
413 1559 544 1622 erit;
575 1559 830 1611 annuntia
859 1559 1024 1629 justo,
1047 1569 1096 1612 et
1121 1561 1331 1632 adjiciat
1363 1561 1432 1614 ad
1471 1564 1854 1633 percipiendum

270 1645 455 1716 (Prov.
487 1664 560 1711 Ix,
593 1647 669 1718 9).

1440 1760 1984 1817 CASTlGATIONES
2025 1762 2110 1815 ΕΤ
2151 1761 2377 1814 ΝΟΤιΕ.

347 1885 372 1912 ⁸
405 1875 584 1929 Baluz.
617 1876 768 1945 Atqui
791 1875 947 1944 juxta
976 1891 1121 1928 suam
1151 1883 1391 1927 naturam
1421 1873 1585 1927 Deum
1629 1871 1847 1945 Verbum

271 1957 485 2004 mortem
509 1942 741 2015 superius
764 1942 995 2014 passum,
1024 1946 1178 1998 immo
1203 1945 1374 2014 potius
1395 1946 1507 2014 ipsa
1529 1946 1631 1996 rita
1660 1953 1756 1996 est.
1783 1942 1849 2015 In

271 2026 552 2070 mortemne
571 2013 737 2085 igitur
765 2013 996 2068 hominis
1022 2013 1310 2071 communis
1347 2013 1598 2084 baptizati
1636 2013 1851 2066 sumus?

1951 1870 2019 1994 £1
2047 1870 2222 1925 Jesum
2246 1872 2504 1925 credentes
2525 1873 2876 1941 justi/icamur
2893 1891 2911 1937 ,'
2941 1891 3008 1928 an
3038 1877 3224 1945 magis,
3247 1878 3401 1942 quod,
3427 1887 3539 1932 etc.

2001 1957 2104 1994 υιτ.

2001 1957 2104 1996 υιτ.

1213 2241 1665 2304 ADMONITIO
1710 2242 1787 2302 IN
1833 2241 2333 2316 SUBSEQUENS
2373 2241 2591 2303 OPUS.

348 2483 628 2558 Tractatus
662 2483 790 2546 iste,
823 2497 929 2536 non
958 2482 1298 2558 pnestantior
1325 2497 1483 2558 quam
1512 2483 1722 2558 utilior,
1757 2484 2066 2558 inscribitur
2082 2482 2383 2558 ,__ScnoLtA_
2391 2499 2462 2558 ne
2493 2482 3181 2558 tacunxsrtoanmcemrt
3207 2505 3237 2558 :_
3252 2496 3537 2558 pr0pterea

277 2555 420 2622 quod
448 2554 687 2628 continet
719 2568 825 2606 non
855 2561 1058 2606 tantum
1089 2553 1503 2628 explicationem
1533 2554 1690 2607 trium
1718 2552 2227 2628 vocum_dilﬁ_ci_lium
2259 2553 2550 2628 intellectu,
2576 2553 2824 2628 Christus,
2851 2554 3173 2628 Emmanuel,
3203 2552 3374 2621 Iesus,
3399 2575 3503 2628 qua
3524 2593 3537 2602 -

275 2639 394 2678 rum
427 2623 755 2698 prmnotione
781 2638 914 2698 opus
939 2631 1021 2698 est
1046 2622 1112 2676 ad
1145 2624 1453 2698 mysterium
1487 2623 1870 2698 Inearnationis
1901 2625 2186 2698 Dominicge
2217 2623 2547 2678 tractandum
2567 2625 2710 2698 ;_sed_
2727 2625 2886 2698 etiam
2909 2626 3230 2681 solutionem
3258 2622 3538 2698 iuipliéaue

276 2691 606 2762 quaastionis,
636 2692 910 2760 quomodo
933 2691 1051 2746 duze
1079 2691 1310 2766 natum,
1343 2694 1458 2766 sine
1480 2693 1792 2748 confusione
1821 2702 1875 2766 et
1907 2695 2258 2766 conversione
2277 2695 2670 2766 ,_c0nvenerint
2700 2695 2751 2748 in
2779 2696 3032 2749 unitatem
3058 2712 3302 2766 persona:
3324 2691 3534 2762 divinat,

278 2779 506 2838 eantque
535 2780 640 2838 non
666 2767 912 2838 exsuxit?
951 2771 1006 2816 et
1025 2763 1301 2829 moralem,
1324 2763 1418 2818 sed
1446 2769 1656 2838 φυσικήν
1693 2773 1747 2819 et
1775 2765 1850 2819 sul

1960 2765 2158 2818 ntivam
2185 2781 2196 2816 :
2228 2763 2320 2833 qui
2357 2763 2519 2818 cardo
2550 2764 2712 2819 totius
2751 2763 3074 2833 quiestionis
3103 2774 3247 2821 tanta
3296 2785 3537 2824 couuno-

278 2836 428 2908 tioue
459 2833 622 2886 totius
642 2833 786 2887 orbis
813 2834 1044 2908 agitate.
1148 2901 1162 2908 _
1206 2902 1256 2908 __
1452 2833 1463 2838 ⁷
1535 2903 1569 2908 __
1871 2903 1928 2908 __
2039 2903 2051 2908 _
2273 2903 2285 2908 _
2537 2903 2552 2908 _
2636 2903 2672 2908 __
2711 2904 2724 2908 _
2938 2897 2982 2908 Α,

350 2903 468 2969 Quo
489 2912 709 2956 auctore
738 2904 1100 2974 scriptussit,
1132 2901 1376 2974 dubitare
1405 2918 1510 2974 non
1535 2903 1678 2967 licet,
1720 2919 1840 2958 cum
1871 2903 2241 2974 Theodoretus
2273 2903 2325 2957 in
2354 2903 2592 2974 secundo
2621 2903 2832 2974 dialogo
2860 2901 3174 2973 qui'dicitur
3201 2905 3536 2974 Inconfusus.

281 2973 391 3044 Leo
420 2987 641 3044 magnus
670 2971 896 3044 epistola
925 2972 1300 3044 97.concilium
1328 2971 1764 3028 Chalcedonense
1794 2975 2004 3044 actione
2027 2973 2062 3026 ‘2
2091 2975 2142 3028 in
2175 2972 2313 3044 ﬁne,
2358 2973 2640 3029 Facundos
2679 2971 3078 3030 Ilermianensis
3119 2976 3253 3032 lihro
3281 2993 3352 3033 vu
3381 2989 3435 3033 et
3464 2971 3538 3044 xl,

281 3043 538 3117 Leontius
567 3043 916 3117 scholasticus
939 3043 1073 3117 libro
1101 3059 1118 3097 1
1147 3051 1332 3117 contra
1363 3044 1708 3098 Nestorianos
1728 3052 1789 3117 et
1815 3043 2192 3117 Eu_tychiauos,
2221 3043 2448 3117 aliique,
2481 3059 2588 3117 non
2621 3051 2824 3117 tantum
2849 3044 3004 3113 hujus
3033 3046 3233 3117 operis.
3267 3043 3537 3117 tamquam

279 3131 308 3167 a
337 3113 538 3184 Cyrillo
561 3112 1102 3184 editi,_memir_ierint,
1130 3113 1223 3166 sed
1253 3128 1318 3166 ex
1341 3129 1407 3168 eo
1435 3128 1648 3182 quoque
1677 3114 1742 3184 ad
1770 3112 2197 3184 conﬁrmandam
2216 3113 2369 3184 ﬁdem
2399 3113 2701 3184 testimonia
2729 3112 3176 3184 deprompserint.
3218 3117 3367 3172 Adde
3394 3112 3541 3184 quod

281 3184 334 3237 in
369 3183 688 3236 bibliotheca
707 3182 883 3254 Regia
913 3181 1131 3238 Parisiis
1159 3198 1264 3236 non
1289 3184 1495 3254 modica
1526 3181 1649 3254 pars
1677 3183 1859 3254 Graece
1889 3185 2132 3254 habetur,
2161 3181 2343 3254 Cyrilli
2374 3183 2589 3254 nomine
2618 3181 2870 3252 inscripta
2894 3222 2909 3248 ,
2953 3181 3112 3252 quam
3139 3183 3376 3242 Joannes
3403 3181 3540 3243 Aut-

280 3254 466 3324 bcrtus
495 3252 766 3305 transtulit
795 3253 846 3305 in
876 3269 1025 3324 suam
1055 3268 1276 3324 operum
1304 3251 1486 3324 Cyrilli
1513 3251 1979 3308 Graeco-Latinam
2007 3251 2314 3324 editionem,
2349 3261 2495 3306 tomo
2518 3251 2768 3324 V,_parte
2785 3251 2825 3307 i.

355 3322 473 3387 Quo
498 3330 738 3390 tempore
766 3321 1104 3390 compositus
1124 3321 1309 3386 fuerit,
1351 3321 1624 3390 conjicere
1653 3339 1719 3378 ex
1758 3339 1824 3378 eo
1853 3325 2007 3390 licet,
2051 3323 2193 3392 quod
2221 3324 2319 3376 etsi
2349 3328 2535 3377 contra
2564 3321 2867 3378 Nestorium
2895 3331 3111 3379 sanctus
3141 3324 3262 3379 fidei
3291 3324 3544 3382 defensor

279 3393 542 3463 disputet,
572 3406 693 3463 eum
725 3400 902 3444 tamen
932 3393 1146 3463 nomine
1173 3407 1278 3463 non
1311 3393 1582 3461 appellet,
1613 3395 1804 3449 solitus
1832 3395 2028 3463 alioqui
2057 3407 2162 3447 non
2194 3400 2414 3463 tacere,
2433 3400 2556 3461 post
2580 3393 3080 3448 condemnationem
3099 3435 3112 3460 ,
3144 3395 3308 3450 immo
3337 3404 3391 3449 et
3419 3406 3545 3451 ante

279 3461 1022 3533 condemnationem,_statim
1047 3469 1207 3533 atque
1238 3461 1300 3513 Iis
1329 3463 1480 3533 quasi
1511 3463 1770 3518 intentata
1801 3474 1900 3528 est,
1933 3461 2274 3533 cleptumque
2295 3461 2536 3533 agijure,
2570 3463 2622 3518 id
2649 3471 2750 3528 est,
2781 3471 2904 3533 post
2929 3465 3165 3529 missam,
3205 3481 3324 3519 eum
3352 3467 3545 3521 summi

281 3531 554 3606 pontiﬁcis
584 3530 773 3606 litteris
797 3531 1162 3606 depositionis
1175 3532 1496 3606 sententiam
1520 3530 2342 3606 oontinentibussynodieamex
2365 3531 2681 3606 Egyptiaca
2691 3530 2906 3606 synodo
2925 3534 3230 3606 epistolam,
3261 3536 3548 3606 capitaque

281 3599 588 3673 duodecim,
615 3600 718 3673 qui
735 3599 1172 3673 anathematismi
1201 3599 1470 3673 dicuntur.
1511 3601 1852 3671 Compositus
1880 3599 2040 3672 igitur
2068 3603 2170 3656 dici
2195 3603 2354 3673 debet
2381 3599 2816 3656 ante—concilium
2842 3599 3186 3673 Ephesinum.

357 3671 459 3747 _Sed
487 3685 595 3747 quo
624 3670 676 3722 in
706 3669 858 3747 loco,
887 3684 1084 3747 _quove
1123 3669 1425 3723 distinctius
1465 3669 1744 3740 tempore?
1772 3669 1966 3747 Ephesi
1995 3673 2304 3747 opinabitur
2331 3670 2468 3747 forte
2501 3673 2793 3747 quispiam,
2824 3669 2948 3747 tunc
2976 3690 3096 3747 cum
3125 3674 3374 3747 Cyrillus,
3408 3678 3538 3747 ipsis

281 3741 622 3808 exigentibus
651 3739 929 3796 catholicis
947 3778 960 3802 ,
994 3754 1268 3808 exponere
1289 3748 1508 3794 coactus
1527 3739 1610 3794 est
1637 3739 1890 3794 nonnulla
1913 3783 1928 3807 ,
1960 3739 2080 3810 quie
2107 3741 2268 3808 paulo
2297 3741 2380 3793 vel
2408 3739 2656 3810 duriora,
2687 3743 2772 3795 vel
2801 3743 3110 3796 obscuriora
3140 3739 3460 3802 videbantur
3490 3750 3543 3803 in

283 3810 782 3882 anathematismis,
815 3811 1110 3882 praesertim
1141 3817 1211 3882 Aut
1239 3810 1577 3878 propulsaret
1624 3810 1874 3864 invidiam
1915 3808 2015 3865 sibi
2053 3810 2120 3863 ab
2149 3810 2468 3882 adversariis
2495 3808 2801 3882 conﬂatam,
2832 3812 2982 3879 quasi
3004 3827 3124 3864 cum
3153 3813 3546 3882 Apollinaristis

278 3883 528 3944 sentiret,
559 3879 768 3933 unicam
799 3895 917 3934 esse
946 3881 999 3933 in
1026 3878 1241 3934 Christo
1270 3887 1536 3943 naturam,
1568 3895 1886 3948 versumque
1909 3882 1960 3934 in
1989 3895 2208 3934 carnem
2237 3878 2465 3931 Verbum
2495 3879 2754 3932 divinum.

363 3950 473 4017 Ego
502 3965 630 4003 vero
657 3948 990 4020 Alexapdrize
1029 3950 1283 4019 scriptum
1333 3957 1490 4020 puto,
1524 3950 1681 4017 longe
1709 3958 1865 4004 antea
1895 3969 1906 4004 :
1948 3949 2176 4020 Cyrillus
2219 3962 2446 4020 namque
2487 3957 2778 4020 antequam
2803 3948 3169 4020 responderet,
3201 3951 3286 4005 vel
3316 3951 3542 4010 Andreae

279 4019 660 4089 Samosateno,
693 4019 775 4089 vel
805 4019 1145 4074 Theodoreto
1164 4059 1178 4082 ,
1209 4018 1685 4074 auathematismos
1714 4018 2226 4089 reprehendentihus
2248 4058 2262 4082 ,
2296 4018 2352 4089 id
2376 4019 2553 4087 operis
2574 4019 2826 4089 suscepit,
2843 4033 2957 4089 quo
2988 4019 3277 4076 instrueret
3303 4023 3544 4089 disputa-

280 4098 439 4142 turos
466 4104 562 4158 pro
587 4087 707 4154 ﬁde,
738 4088 804 4160 de
833 4089 1018 4160 primis
1041 4089 1197 4160 quasi
1222 4090 1537 4160 notionibus
1556 4087 1953 4160 vocum,'atque
1984 4091 2099 4144 aliis
2123 4088 2633 4160 nonnullistquihus
2662 4088 2800 4160 inter
2823 4088 3197 4158 disputandum
3226 4107 3354 4146 usus
3383 4087 3539 4148 foret.

278 4157 541 4214 Instruxit
567 4173 714 4222 vero,
749 4157 848 4213 nisi
879 4174 964 4212 me
988 4158 1120 4212 fallit
1148 4158 1328 4227 opinio
1346 4199 1360 4223 ,
1396 4173 1516 4213 cum
1545 4161 1771 4228 primum
1794 4157 2024 4214 ferveret
2046 4160 2269 4228 quaestio
2291 4157 2867 4228 apudAlexandrinos,
2901 4157 2998 4213 nec
3025 4160 3153 4213 satis
3178 4162 3351 4217 adhuc
3380 4165 3545 4219 animi

281 4228 673 4300 exercitatione
701 4229 905 4300 eruditi
937 4235 1146 4300 essent;
1188 4243 1416 4300 cumque
1460 4227 1761 4300 ipseqetiam
1789 4231 2016 4298 primum
2041 4227 2270 4300 Cyrillus
2299 4244 2396 4297 pro
2425 4227 2646 4300 Christo
2665 4241 2894 4300 pugnam
2929 4243 3050 4282 cum
3084 4229 3330 4286 Nestorio
3362 4233 3542 4300 iniret,

282 4299 428 4352 datis
455 4298 941 4370 prioribuslitteris
969 4297 1130 4370 ofﬁcii
1154 4297 1542 4370 monitricibus.
1574 4297 1816 4368 Scriptus
1839 4307 1921 4354 est
1950 4297 2110 4368 igitur
2126 4307 2396 4370 tractatus
2425 4298 2738 4370 is_te_eodem
2772 4299 2882 4370 fere
2904 4307 3146 4367 tempore
3179 4315 3285 4368 quo
3315 4297 3542 4370 epistola

283 4370 358 4424 ad
386 4365 677 4424 monachos
706 4367 925 4446 Aigypti
943 4368 1057 4446 _,_id
1087 4375 1207 4446 est,
1227 4368 1325 4446 sub
1354 4369 1584 4422 medium
1627 4365 1718 4424 aut
1746 4371 1936 4446 saltem
1967 4365 2066 4423 sub
2115 4369 2271 4446 finem
2296 4383 2426 4446 ann.
2453 4365 2586 4446 429._
2632 4366 2775 4446 Idem
2799 4369 2939 4446 enim
2966 4365 3048 4422 est
3077 4365 3364 4446 utriusque:
3382 4387 3540 4446 argu-

279 4448 546 4504 mentum,
581 4453 679 4492 nec
725 4437 868 4492 aliud
909 4439 1115 4492 videtur
1158 4437 1442 4492 discrimen
1489 4454 1648 4507 quam
1697 4439 1963 4505 methodi,
1994 4455 2111 4507 quae
2142 4439 2194 4491 in
2223 4437 2448 4507 epistola
2475 4437 2711 4490 oratoria
2739 4438 2908 4506 magis
2936 4446 3046 4504 est,
3083 4437 3133 4492 in
3163 4437 3392 4496 Scholiis
3432 4437 3544 4498 fere

281 4509 623 4564 scholastica.
1011 4529 1018 4534 -

361 4578 418 4632 In
441 4595 557 4631 eam
581 4593 664 4633 me
693 4578 1012 4633 sententiam
1029 4577 1447 4646 impellunt’tria.
1474 4577 1730 4643 Primum,
1749 4579 1889 4646 quod
1912 4577 2125 4632 Scholia
2148 4584 2271 4630 ante
2293 4575 2574 4629 concilium
2589 4573 2913 4644 Ephesinum
2940 4579 3135 4646 scripta
3159 4580 3358 4646 sint,ut
3386 4590 3543 4637 antea

283 4650 588 4705 confectum
617 4656 700 4703 est
727 4666 738 4700 :
791 4664 891 4702 nec
937 4663 1104 4716 parvo
1145 4656 1324 4701 tamen
1354 4657 1623 4718 tempore,
1655 4664 1776 4702 cum
1811 4649 2048 4701 Andreas
2089 4646 2468 4718 Samosatenus
2499 4647 2639 4718 apud
2663 4647 2999 4718 Anastasium
3030 4647 3290 4702 Siuaitam
3322 4651 3544 4718 hujusce

282 4719 468 4788 operis
500 4718 1094 4795 tamquampervulgati
1123 4717 1442 4795 meminerit.
1487 4716 1746 4795 Alterum,
1774 4718 1916 4795 quod
1939 4718 2182 4771 videatur
2216 4717 3135 4795 elementaria”quaedamdoetrina,
3168 4716 3544 4795 rudibus—con-

285 4786 563 4842 troversae
595 4786 820 4857 ingeniis
849 4787 1042 4840 tradita
1069 4806 1080 4840 :
1112 4788 1417 4841 continetur
1445 4787 1587 4840 enim
1610 4789 1944 4857 expositione
1975 4803 2199 4850 vocum,
2242 4786 2777 4857 distinctionibusque
2805 4787 2872 4840 ad
2902 4787 3232 4857 objectiones
3260 4791 3544 4845 solvendas

286 4859 634 4922 necessariis,
663 4856 742 4912 iet
770 4857 1030 4926 exemplis
1057 4857 1121 4910 ad
1150 4873 1261 4910 rem
1289 4858 1659 4924 explicandam
1683 4856 1860 4912 factis.
1922 4857 2158 4910 Tertium
2183 4897 2197 4921 ,
2228 4856 2370 4923 quod
2403 4857 2453 4908 in
2485 4870 2657 4926 ppere
2688 4863 2803 4909 toto
2832 4856 2974 4909 nulla
2998 4873 3096 4925 per
3123 4874 3181 4912 se
3213 4859 3305 4912 ﬁat
3343 4862 3546 4915 mentio

286 4929 382 4983 Dei
414 4928 711 4996 pontiﬁcis;
735 4928 830 4982 sed
856 4924 1043 4998 eorum
1072 4935 1276 4998 tantum
1295 4942 1421 4998 qua:
1463 4927 1513 4980 in
1545 4928 1718 4998 primo
1748 4927 1976 4981 Nestorii
2016 4942 2263 4981 sermone
2302 4924 2644 4991 secundoque
2663 4933 2730 4998 _et
2760 4925 2928 4998 tertio
2941 4924 3131 4998 contra
3159 4927 3279 4998 ﬁdei
3309 4931 3546 4998 regulam

285 4994 552 5066 leguntur.
585 5013 707 5052 cum
737 5005 914 5050 tamen
941 4997 1097 5064 digna
1129 4994 1264 5066 foret
1291 4997 1388 5049 ista
1419 4997 1646 5062 quzestio
1665 5035 1678 5056 ,
1711 5011 1829 5064 quze
1859 5005 2180 5050 tractaretur
2209 5003 2428 5066 propter
2454 5009 2610 5066 suam
2632 4994 2748 5048 sive
2775 4995 3139 5066 subtilitatem,
3165 4997 3278 5051 sive
3309 4994 3547 5054 necessi-

286 5063 475 5122 tatem.
534 5066 661 5120 Orta
710 5083 840 5121 vero
888 5074 971 5137 est
1006 5063 1082 5118 fex
1128 5065 1343 5137 homilia
1393 5066 1565 5118 Procli
1613 5082 1641 5119 a
1670 5063 1916 5121 Nestorio
1940 5067 2183 5121 acerbius
2212 5063 2554 5136 reprehensa,
2581 5063 2648 5118 de
2675 5079 2780 5134 qua
2809 5065 2940 5119 nihil
2969 5065 3146 5120 aIIerri
3173 5069 3348 5137 potuit
3376 5071 3549 5127 nuntii

286 5137 663 5192 Alexandriam
693 5147 816 5191 ante
846 5134 1120 5190 deﬁnitum
1151 5135 1409 5189 hactenus
1437 5143 1668 5204 tempus.

362 5209 435 5262 De
467 5208 759 5276 interprete
789 5207 946 5278 paulo
982 5203 1370 5278 difﬁciliorest
1394 5203 1645 5278 quzestio.
1667 5203 1921 5278 Quisquis
1966 5205 2055 5259 ille
2096 5205 2274 5268 fuerit,
2324 5204 2510 5278 ipsum
2541 5210 2754 5275 oportet
2795 5205 2997 5278 quinto
3031 5207 3226 5262 sazculo
3255 5208 3530 5278 scripsisse

286 5279 454 5332 immo
485 5273 814 5348 temporibus
853 5274 1036 5347 Cyrilli
1067 5293 1077 5327 :
1111 5275 1372 5348 siquidem
1402 5289 1468 5327 ex
1497 5275 1746 5348 hacipsa
1777 5273 2055 5348 versione,
2087 5289 2202 5343 qua:
2241 5291 2381 5328 nunc
2395 5273 2673 5348 _habetur,
2697 5281 2750 5348 et
2795 5273 2902 5348 Leo
2952 5277 3171 5344 Magnus
3210 5273 3388 5332 statim
3429 5289 3553 5348 post

289 5351 493 5402 obitum
524 5343 704 5418 Cyl-illi
734 5343 1005 5416 tamquam
1031 5362 1097 5418 ex
1127 5343 1360 5418 vulgata,
1390 5343 1756 5418 _e_t_co_ncilium
1789 5345 2247 5418 Chalcedonense,
2293 5355 2346 5398 et
2373 5343 3103 5418 facundusHermianensis
3142 5343 3506 5418 decerpserint
3531 5388 3547 5412 ,

289 5433 408 5488 qua:
438 5414 750 5488 locis-antea
781 5414 958 5471 citatis
988 5416 1243 5488 referunt.
1267 5414 1567 5488 Crediderit
1593 5431 1698 5488 non
1718 5416 1988 5488 immerito
2007 5416 2287 5488 quispiam,
2319 5415 2656 5488 tribuendum
2681 5415 2781 5488 hoc
2808 5431 2948 5488 opus
2971 5418 3060 5469 uni
3091 5432 3157 5471 ex
3181 5414 3552 5474 Alexandrinis

289 5484 393 5542 illis
430 5504 658 5556 quorum
701 5487 1040 5541 Latinitatem
1072 5485 1210 5554 apud
1241 5492 1486 5538 sanctum
1512 5484 1859 5556 leestinum
1899 5484 2128 5556 Cyr-illus
2165 5485 2473 5556 excusabat,
2504 5501 2622 5556 cum
2647 5486 2859 5556 chartas
2878 5487 3116 5556 mitteret
3145 5489 3212 5542 ab
3257 5489 3322 5542 iis
3345 5504 3545 5543 versas.

289 5555 488 5612 Verum
518 5559 838 5627 opinabilius
863 5557 1094 5619 videtur,
1127 5556 1474 5627 interpretem
1505 5555 1682 5609 dicere
1707 5555 1929 5610 Marium
1951 5555 2326 5627 Mercatore"),
2356 5555 2525 5627 virum
2556 5555 2754 5627 alioqui
2787 5555 3024 5610 melioris
3053 5555 3355 5613 Latinitatis
3376 5560 3548 5613 scien-

292 5639 401 5682 tem
436 5647 448 5680 :
476 5623 596 5682 nam
627 5636 681 5682 et
704 5629 843 5681 inter
879 5627 998 5696 ejus
1043 5641 1208 5696 opera
1237 5625 1504 5693 reperitur
1533 5627 1854 5696 inqutroque
1885 5625 2245 5696 manuscripto
2271 5623 2494 5696 codice,
2532 5640 2638 5692 quo
2669 5626 2758 5696 usi_
2777 5641 2986 5696 sumus;
3019 5635 3073 5680 et
3101 5642 3164 5681 ea
3211 5636 3368 5682 :etate
3397 5628 3548 5690 vixit,

292 5715 395 5768 qua
438 5698 789 5762 scribebatur,
823 5706 876 5750 et
905 5693 1096 5750 ardore
1145 5695 1267 5748 ﬁdei
1310 5696 1562 5751 incensus
1601 5693 1790 5751 Latina
1822 5695 1965 5760 fecit,
2004 5709 2122 5763 qua:
2162 5693 2334 5749 Graaci
2381 5694 2692 5752 defensores
2731 5693 2851 5751 fidei
2882 5697 3208 5762 scriberent;
3251 5709 3306 5751 et
3332 5698 3384 5752 in
3411 5713 3548 5770 pra:-

574 5793 845 5851 Ρλτηοι.
888 5788 1171 5848 XLVIII.

3203 5784 3281 5843 32
