3980 6182
300 304 446 358 10(λό
1029 302 1086 357 S.
1130 301 1396 358 CYBlLLl
1439 303 1726 360 SCHOLIA
1769 303 1855 357 DE
1895 301 2397 357 lNCAR‘MTiONE
2441 302 2802 358 UNlGE-NITI.
3433 307 3562 361 l0b6

298 419 438 477 dixi,
461 415 726 482 leguntur,
760 413 1008 482 nullaque
1037 414 1095 468 ﬁt
1123 415 1177 468 in
1215 422 1328 470 tota
1357 422 1582 484 epistota
1612 431 1724 468 swe
1745 416 1947 469 mentio
1969 455 1983 480 ,
2014 416 2127 470 sive
2156 417 2444 484 promissio
2485 415 2900 469 alferendorum.
2947 416 3096 470 Adde
3142 415 3285 483 quod
3322 416 3568 474 Theodo-

302 495 452 541 retus
481 501 510 538 a
541 484 792 556 Facundo
820 484 1014 538 dicitur
1030 485 1318 556 asseruisse
1347 484 1602 556 adversus
1632 485 1946 556 Palaestinos
1974 495 2029 539 et
2057 486 2385 556 lllyriciauos
2411 487 2763 556 reclamantes
2793 487 3073 553 epistolam
3098 485 3314 550 Leonis,
3341 489 3571 543 adducto

303 557 533 614 scilicet,
569 563 628 608 ut
659 555 856 608 habent
886 564 1003 608 acta
1029 555 1240 610 concilii
1261 553 1740 618 Chalcedonensis,
1771 555 2102 618 testimonio,
2123 553 2280 624 quod
2321 557 2462 610 inter
2489 555 2771 623 subjuncta
2814 556 3026 622 legitur.
3071 556 3185 608 Non
3230 557 3419 610 fuisset
3441 575 3570 614 vero

304 626 550 696 adducto,
571 641 727 692 opus,
752 624 796 677 si
814 623 926 692 jam
953 626 1194 694 epistola:
1214 625 1551 696 subjuuctum
1574 634 1716 696 esset
1747 643 1759 676 :
1779 624 1980 696 inisset
2007 623 2365 695 enim’procul
2389 627 2549 678 dubio
2574 626 2730 696 simul
2756 626 2986 696 lectum,
3020 627 3232 693 aliaque
3263 629 3480 696 pariter,
3524 632 3570 685 si

309 697 476 751 modo
505 695 682 761 aliqua
711 702 889 748 essent
911 703 1038 749 tunc
1065 696 1342 763 temporis.
1382 694 1518 760 Quid
1549 694 1691 763 quod
1719 710 1748 747 a
1778 694 2118 748 Theodoreto
2163 694 2254 747 aut
2293 705 2439 749 certe
2478 697 2545 748 ab
2583 695 2649 750 iis
2675 695 2766 764 qui
2805 695 3130 750 Theodoreti
3162 694 3400 764 partibus
3454 709 3570 754 stu-

305 766 527 835 debant,
555 781 764 819 versam
790 765 841 816 in
864 779 1164 835 sermonem
1191 764 1438 835 Graacutn
1458 765 1742 833 epistolam
1765 765 2036 835 proditum
2062 772 2162 828 est,
2198 765 2362 820 immo
2390 773 2445 819 et
2463 781 2493 818 a
2523 766 2856 820 vertentibus
2880 767 3142 826 vitiatam,
3169 768 3311 832 quod
3356 778 3569 835 postre-

309 851 452 889 mum
477 833 585 887 Leo
615 835 726 902 ipse
747 835 989 905 queritur
1011 834 1150 904 apud
1181 831 1508 905 Marcianum
1530 831 1927 902 imperatorem.
1965 831 2195 905 Accedat
2226 835 2406 898 etiam,
2431 835 2574 905 quod
2604 837 2658 888 in
2687 836 2917 904 epistola
2966 831 3207 904 pontifex
3253 831 3402 904 plura
3444 841 3564 896 ﬁdei

306 906 507 974 capita,
540 920 648 956 non
678 912 882 956 tantum
926 903 1181 958 adversus
1210 903 1534 974 Eutychem,
1579 905 1672 957 sed
1701 905 1863 958 etiam
1900 913 2090 974 contra
2129 903 2739 974 Nestorium—exponat;
2772 921 2870 959 nec
2918 903 3020 959 alia
3053 914 3227 959 tamen
3254 903 3567 966 testimonia

304 973 620 1037 subdantur,
650 988 810 1044 quam
838 988 957 1040 qua:
987 975 1053 1026 ad
1080 973 1475 1044 distinctionem
1507 983 1816 1028 naturarum
1847 973 2187 1028 asserendam
2213 973 2410 1038 valent,
2435 987 2659 1042 quinque
2697 975 2749 1028 in
2789 975 3002 1042 dialogo
3038 976 3129 1044 qui
3159 975 3354 1030 dicitur
3377 977 3568 1034 Incon-

305 1048 476 1115 βείω,
507 1041 742 1096 adhibita
765 1041 982 1115 fuerant
1009 1044 1074 1096 ad
1102 1060 1216 1115 eos,
1239 1045 1331 1111 qui
1355 1043 1699 1115 Theodoreto
1729 1044 2125 1115 Apollinarismi
2156 1041 2642 1115 nominehsuspecti
2672 1053 2858 1108 erant,
2889 1041 3272 1110 cenfutandos;
3307 1063 3413 1101 non
3435 1051 3567 1106 affe-

303 1113 495 1168 rantur
521 1129 638 1183 quze
668 1128 730 1167 ex
763 1113 910 1183 libris
937 1121 1125 1167 contra
1156 1114 1458 1167 Nestorium
1487 1115 1727 1181 scriptis,
1757 1115 1809 1167 in
1837 1115 1952 1182 ipso
1981 1114 2142 1167 etiam
2164 1115 2328 1167 citato
2356 1113 2570 1182 dialogo
2597 1115 2864 1182 leguntur.

377 1181 576 1249 Quanti
605 1198 732 1236 vero
755 1182 910 1253 pretii
938 1183 1007 1235 sit
1035 1184 1346 1252 opusculum
1378 1184 1536 1246 istud,
1569 1185 1834 1237 (nstitnare
1859 1181 2008 1247 licet,
2037 1183 2120 1237 vel
2150 1183 2274 1236 inde
2304 1181 2535 1253 maxime
2557 1225 2572 1249 ,
2623 1181 2765 1252 quod
2798 1199 2956 1238 nemo
2987 1181 3098 1238 fere
3124 1189 3564 1253 consequentium

303 1260 682 1326 tractatorum,
711 1252 800 1319 qui
829 1253 1148 1326 auctoritate
1167 1253 1370 1326 Cyl-illi,
1405 1254 1742 1326 iu_my_s_terio_
1766 1253 2155 1326 incarnationis
2186 1252 2507 1326 exponendo
2542 1254 2620 1306 uti
2649 1255 2897 1326 voluerit,
2922 1252 3319 1326 testimonium
3352 1257 3565 1326 aliquod

303 1271 682 1316 tractatorum,
711 1271 800 1319 qui
829 1271 1148 1306 aucroruate
1167 1271 1207 1305 υ
1233 1271 1370 1315 τιιιι,
1405 1271 1456 1306 ιιι
1489 1271 1740 1321 ηιγειει-ιο
1766 1271 2155 1307 incarnationis
2186 1271 2507 1321 exponendo
2542 1271 2620 1306 un
2649 1271 2897 1314 vomern,
2951 1271 3311 1308 tesumomum
3352 1271 3565 1326 aliquod

301 1337 379 1377 ex
398 1321 629 1376 Scholiis
646 1323 1087 1392 non_sumpserit:
1116 1271 1263 1376 Adde
1289 1323 1432 1389 quod
1455 1320 1686 1391 Cyrillus
1733 1324 1845 1390 ipse
1866 1324 2033 1392 videri
2059 1325 2244 1392 possit,
2278 1324 2416 1376 hanc
2443 1337 2597 1376 suam
2636 1323 3098 1378 elucubrationem
3142 1328 3569 1392 commendasse,

303 1408 434 1445 cum
465 1393 722 1464 scriberet
745 1389 970 1460 Eulogio
996 1410 1012 1464 εν
1048 1390 1430 1464 (Ζοιηριεριὶιιιξν,
1466 1389 1669 1461 inquit,
1708 1389 1842 1464 idem
1869 1391 1997 1446 liber
2022 1389 2296 1464 suhﬁnem
2331 1393 2502 1464 breves
2537 1393 2790 1464 quasdam
2842 1394 2903 1448 de
2941 1393 3134 1448 Christi
3189 1389 3571 1464 dispensatione

302 1463 682 1530 expositiones,
717 1459 901 1530 easque
928 1459 1472 1532 pulchras’qdmodmn
1500 1459 1556 1513 ei
1585 1464 1754 1532 utiles.
1785 1459 2177 1532 Oportetienim
2207 1459 2573 1531 expositiones
2609 1477 2744 1531 quas
2776 1473 3039 1518 memorat
3061 1504 3076 1528 ,
3111 1466 3191 1517 vel
3239 1459 3281 1518 a'
3317 1465 3565 1532 Scholiis,

301 1533 396 1585 vel
425 1547 454 1583 a
479 1540 840 1602 consequente
871 1530 1098 1602 tractatu
1121 1533 1187 1602 de
1211 1530 1582 1602 incarnatione
1614 1531 1796 1594 Verbi,
1827 1530 1971 1602 vela
1997 1531 2210 1600 dialogo
2239 1530 2525 1599 subjuncto
2565 1530 2674 1586 non
2720 1532 2937 1589 diﬁ'erre
2981 1553 2993 1586 :
3039 1549 3213 1602 neque
3253 1535 3395 1588 enim
3428 1530 3570 1591 aliud

303 1601 587 1683 quippiam
616 1600 846 1668 scripsit,
872 1600 1088 1683 demque
1117 1600 1333 1681 dubium
1362 1617 1481 1683 esse
1522 1602 1709 1669 possit.
1741 1601 1809 1683 At
1851 1601 2028 1683 diﬁ‘ert
2069 1601 2310 1683 profecto
2333 1611 2772 1683 a_co_nsequente
2801 1612 3035 1658 tractatu
3073 1600 3164 1683 qui
3212 1620 3399 1683 revera
3431 1622 3570 1661 unus

303 1669 528 1746 quidam
545 1685 727 1746 sermo
754 1678 864 1734 est;
892 1669 1068 1746 dill'ert
1096 1671 1258 1746 etiam
1288 1686 1318 1723 a
1345 1672 1556 1746 dialogo
1584 1687 1717 1746 mox
1759 1672 1903 1746 dicto
1945 1689 1957 1723 :
2004 1669 2124 1746 quis
2170 1673 2313 1726 enim
2361 1669 2629 1746 dialogum
2658 1674 2906 1746 ᾆκθέσεῳς
2957 1669 3170 1728 nomine
3220 1675 3438 1744 proprio
3469 1692 3567 1746 ap-

303 1738 510 1816 pellet?
539 1738 870 1806 Quamquam
897 1740 1071 1816 potuit
1093 1739 1332 1816 dialogus
1352 1741 1597 1816 subiungi
1621 1740 1869 1805 Scholiis,
1899 1748 1960 1816 ut
1979 1738 2214 1810 epitome
2241 1738 2566 1816 qumd‘amuet
2588 1743 2732 1816 velut
2752 1743 3047 1816 ύπρμγημα.

385 1810 556 1875 Quam
599 1816 848 1862 accurata
897 1809 1150 1883 methon
1180 1811 1248 1883 sit
1276 1812 1780 1883 conscriptutu,_e_x
1809 1811 1946 1864 serie
1968 1809 2334 1883 apertum‘elst.
2374 1809 2602 1883 Cyrillus
2624 1827 2656 1866 a
2683 1809 3002 1883 simplicium
3031 1828 3218 1883 vocum
3249 1814 3572 1883 interpreta-

302 1872 472 1954 tione
486 1894 709 1933 exorsus
736 1879 991 1954 exponit,
1023 1879 1148 1947 quid
1177 1881 1246 1954 sit
1271 1872 1554 1954 Christus,
1577 1880 1703 1954 quid
1730 1872 2070 1954 Emmanuel,
2099 1872 2230 1954 quid
2251 1872 2437 1954 {esus,
2475 1881 2604 1954 quid
2639 1872 2806 1954 unus,
2838 1883 2967 1952 quid
2995 1883 3142 1937 unio.
3197 1881 3320 1954 Mox
3358 1872 3422 1938 ad
3449 1901 3574 1954 pro-

309 1949 637 2018 positiones,
665 1963 795 2022 qua:
837 1949 889 2001 in
921 1951 1020 2022 hac
1058 1951 1280 2022 materia
1315 1951 1556 2020 usurpari
1585 1951 1760 2005 solent
1781 1951 2131 2022 ,prationem
2181 1949 2470 2022 deﬂectens
2501 1949 2792 2022 edisserit.
2842 1949 2946 2022 qua
2983 1953 3194 2008 ratione
3234 1949 3476 2008 Christus
3504 1956 3576 2009 sit

307 2035 472 2089 unus,
506 2033 640 2089 unus
664 2018 1008 2089 Emmanuel,
1041 2035 1178 2073 unus
1203 2019 1387 2082 Jssus,
1421 2018 1472 2074 id
1502 2030 1614 2086 est,
1645 2036 1782 2074 unus
1811 2020 2092 2083 Dominus,
2123 2027 2228 2074 etc.
2269 2020 2401 2072 Tum
2430 2022 2700 2089 quomodo
2729 2018 2962 2078 Verbum
2987 2023 3194 2078 dicatur
3222 2023 3573 2086 exinanitum,

308 2087 465 2162 carui
495 2088 717 2151 unitum,
740 2088 940 2162 factum
969 2089 1163 2150 homo,
1198 2105 1296 2162 nec
1325 2091 1444 2162 ideo
1475 2099 1653 2144 tamen
1679 2099 1966 2162 mutatum,
1996 2099 2088 2143 aut
2106 2091 2393 2162 divinitate
2427 2087 2664 2162 exutum.
2708 2091 2843 2162 Hinc
2877 2109 2984 2160 quo
3013 2101 3169 2162 pacto
3197 2091 3440 2148 Christus
3468 2110 3576 2148 non

310 2157 580 2232 Sithonio
607 2159 879 2232 deopépoe,
929 2167 1022 2210 aut
1067 2159 1285 2232 numine
1346 2159 1587 2232 amatus,
1639 2160 1732 2214 sed
1756 2176 1880 2232 vere
1920 2160 2081 2214 homo
2104 2160 2271 2223 Deus,
2300 2159 2624 2232 deindeiqua
2652 2161 2862 2215 ratione
2891 2157 3122 2216 Verbum
3153 2163 3498 2230 perhibeatur
3522 2166 3576 2217 in

310 2227 469 2299 nobis
498 2227 768 2299 habitare;
792 2227 856 2280 ad
888 2244 989 2299 nos
1014 2229 1179 2292 mitti,
1213 2244 1408 2297 corpus
1437 2231 1635 2284 habere
1665 2231 1968 2298 proprium,
2001 2238 2054 2282 et
2081 2229 2351 2298 quomodo
2373 2227 2698 2299 intelligatur
2727 2235 2966 2294 Θεοτόκος
2996 2227 3167 2299 Virgo
3188 2242 3388 2286 sancta.
3434 2234 3576 2286 Tan-

313 2298 440 2348 dem
468 2295 608 2364 quod
638 2297 952 2372 pnigenitus
981 2298 1032 2372 in
1061 2314 1222 2372 carne
1251 2295 1443 2353 visibili
1481 2295 1745 2372 apparens
1767 2295 2268 2372 uicinineturibeus
2296 2307 2350 2352 et
2379 2295 2578 2352 homo}
2611 2301 2879 2368 quomodo
2913 2295 3129 2369 passus',
3179 2310 3233 2372 et
3262 2302 3323 2372 in
3344 2317 3451 2369 quo
3481 2320 3579 2372 po-

309 2375 522 2437 stremo
572 2367 765 2421 refellit
810 2383 904 2422 eos
941 2369 1031 2434 qui
1061 2369 1291 2420 humana
1324 2385 1429 2422 non
1458 2367 1566 2423 alia
1591 2370 1836 2433 ratione,
1883 2369 2049 2422 Deum
2095 2369 2287 2422 decere
2332 2377 2557 2437 putant,
2607 2367 2769 2436 quam
2814 2367 3071 2425 relatione
3115 2371 3247 2423 sola.
3288 2367 3574 2437 Craterum,

311 2435 458 2512 quod
503 2435 613 2503 jam
656 2438 875 2504 tnonui,
927 2438 1356 2493 distinctionibus
1404 2439 1471 2493 ad
1517 2439 1859 2494 declinandas
1907 2435 2362 2492 hcterodoxorum
2407 2435 2740 2506 obiectiones
2784 2442 3002 2496 utilibus
3030 2440 3237 2508 singula
3266 2439 3376 2496 fere
3404 2435 3576 2512 capita

315 2509 475 2576 plena
505 2517 647 2560 sunt.
3469 2509 3486 2512 ”
3634 2574 3636 2576 τ

389 2573 704 2644 Priusquam
733 2577 944 2646 praefari
973 2578 1190 2643 desino,
1223 2579 1547 2633 monendum
1575 2588 1738 2648 puto,
1785 2577 2128 2640 Eutherium,
2172 2576 2322 2648 cujus
2353 2593 2487 2646 opus
2519 2578 2892 2634 circumfertur
2918 2580 3016 2634 sub
3046 2580 3317 2634 Athanasii
3341 2581 3575 2645 nomine,

313 2645 571 2700 adversus
601 2645 747 2720 hunc
769 2649 998 2720 librum,
1021 2649 1102 2701 sin
1139 2649 1312 2720 minus
1343 2665 1508 2711 unus,
1541 2645 1731 2703 saltem
1763 2651 2038 2720 maxime,_
2055 2647 2318 2720 suosfene
2350 2645 2571 2720 cunctos
2603 2650 2784 2716 viginti
2813 2665 3087 2704 sermones
3110 2651 3422 2720 scripsisse:
3457 2668 3577 2704 nam

313 2728 452 2791 quas
480 2718 774 2791 sent_cul_i_as
800 2719 1129 2791 amarulenta
1160 2719 1402 2791 oratione
1430 2720 1600 2791 carpit
1631 2722 1838 2791 (o_mnes
1871 2717 1980 2791 iere
2008 2717 2237 2791 Scholiis
2262 2716 2445 2791 Cyrilli
2475 2719 2816 2791 continentur
2837 2721 3083 2791 prolixe),
3111 2716 3292 2773 sumus
3312 2722 3578 2775 ostensuri

315 2784 369 2836 in
400 2787 638 2859 auctario
668 2787 989 2842 Theodoreti
1042 2789 1352 2859 propediem
1393 2784 1618 2842 edendo.
1640 2784 1648 2789 ’
1670 2788 1983 2843 Eutherium
2009 2789 2149 2842 enim
2179 2784 2516 2843 Theodorcto
2540 2784 2858 2859 jungemus,
2891 2791 3002 2844 sive
3031 2784 3251 2859 prepter
3279 2791 3575 2858 argumenti

312 2857 710 2923 Cogitationem,
742 2859 855 2912 sive
880 2859 1044 2913 etiam
1071 2859 1140 2913 ob
1170 2857 1292 2913 ﬁdei
1319 2861 1634 2918 ταυτὸτητα.

326 2989 3324 3014 -——___.__________.______________________________

3382 3001 3546 3015 ~—

1173 3120 1845 3234 SANCTI
1921 3121 2670 3233 CYRILLI

1582 3308 1867 3360 EPISCOPI
1903 3305 2324 3358 ALEXANDRIIE

732 3449 1224 3534 SCHOLIA
1299 3451 1456 3534 DE
1531 3447 2407 3536 INCARNATIONE
2485 3447 3135 3531 UNIGENITI.

1865 3630 2015 3679 »αθ

1535 3639 1900 3668 ...-.-.-.-εε-ν.

2037 3639 2388 3669 a—-—-——

824 3795 1052 3852 CAPUT
1091 3794 1374 3851 PRIMUM.

850 3886 986 3951 Quid
1014 3896 1089 3942 est
1111 3886 1361 3943 Christus.

395 3979 596 4035 Christi
621 3993 813 4034 nomen
837 3995 936 4035 nec
963 3979 1288 4034 deﬁnitionis
1307 3979 1414 4033 vim
1441 3977 1665 4040 obtinet,
1691 3989 1789 4028 nec
1810 3989 1902 4027 cu-

316 4074 557 4144 iuspiam
583 4072 956 4135 substantiam,
981 4072 1154 4140 qualis
1180 4073 1268 4137 sit,
1292 4068 1573 4139 signiﬁcat,
1605 4068 1744 4122 sicut
1766 4065 1906 4120 forte

321 4167 510 4229 homo,
535 4173 626 4217 aut
652 4178 840 4232 equus,
874 4171 967 4216 aut
993 4164 1121 4230 bos;
1149 4163 1242 4218 sed
1269 4163 1349 4217 rei
1376 4162 1544 4241 magis
1571 4175 1690 4229 qu:e
1718 4159 1772 4212 in
1809 4158 1907 4211 ali-

321 4270 438 4322 quo
465 4263 670 4320 agatur,
702 4254 865 4308 habet
883 4254 1324 4322 signiﬁcationem
1354 4270 1366 4305 :
1400 4253 1521 4306 oleo
1552 4265 1780 4318 namque
1805 4264 1906 4302 un-

1933 3817 1979 3873 A
2007 3804 2184 3842 sarum
2213 3799 2266 3845 et
2294 3789 2566 3846 Medorum
2587 3807 2730 3861 rege.
2761 3792 2958 3850 Contra
2979 3795 3301 3866 Babylonios
3329 3797 3469 3852 enim
3500 3798 3587 3854 ille

2005 3879 2156 3933 duxit
2177 3881 2489 3949 exercitum,
2515 3883 2798 3953 instigante
2831 3885 3003 3954 ipsum
3042 3886 3095 3940 in
3127 3886 3176 3939 id
3209 3886 3318 3942 Deo
3338 3889 3585 3957 omnipo-

2009 3980 2170 4026 tente.
2205 3973 2414 4027 Dictum
2449 3982 2531 4029 est
2576 3976 2718 4029 enim
2752 3995 2764 4029 :
2802 3975 2930 4031 Παῖς
2969 3977 3091 4030 dicit
3117 3976 3368 4032 Dominus
3397 3979 3587 4034 christo

2006 4080 2117 4116 meo
2156 4060 2308 4134 Cyro,
2361 4067 2506 4138 cujus
2545 4067 2857 4139 apprehendi
2892 4067 3151 4122 dexteram
3177 4067 3328 4140 (lsai.
3361 4086 3482 4134 xcv,
3511 4069 3584 4138 1).

2009 4154 2166 4224 Atqui
2199 4157 2285 4211 ille
2320 4155 2414 4222 vir,
2447 4174 2567 4212 cutn
2593 4167 2733 4214 esset
2765 4160 3029 4214 idolorum
3057 4160 3247 4225 cultor,
3285 4161 3587 4216 nominatus

2008 4256 2090 4301 est
2127 4248 2377 4312 Christus,
2410 4250 2530 4305 ideo
2559 4252 2702 4320 quod
2729 4253 2881 4320 quasi
2921 4259 3110 4306 unctus
3141 4261 3224 4307 est
3259 4253 3312 4306 in
3343 4267 3584 4320 regnum,

323 4347 592 4414 gebantur
630 4345 858 4418 [Baluz.
904 4345 1275 4413 unguebantur
1306 4345 1387 4397 hic
1414 4353 1464 4397 et
1489 4340 1664 4414 infra]
1695 4340 1908 4410 quidam

325 4437 690 4507 superiorum,
717 4437 870 4506 juxta
899 4435 1043 4505 quod
1069 4436 1180 4490 Deo
1209 4443 1335 4489 tunc
1357 4433 1615 4503 temporis
1642 4431 1905 4501 placebat,

327 4538 387 4583 et
407 4529 614 4597 signum
637 4528 786 4596 regni
815 4527 917 4582 illis
937 4535 1052 4582 erat
1071 4527 1270 4581 unctio.
1293 4523 1638 4592 Ungebantur
1659 4530 1837 4576 autem
1857 4528 1914 4574 et

330 4622 614 4691 propheta:
661 4619 1044 4674 insensibiliter
1071 4617 1274 4688 Spiritu
1308 4623 1514 4681 sancto,
1543 4622 1599 4668 ut
1628 4612 1750 4667 inde
1777 4626 1913 4680 quo-

329 4728 440 4782 que
469 4713 873 4766 nominarentur
907 4712 1103 4765 christi.
1131 4711 1369 4778 Denique
1389 4709 1575 4764 beatus
1589 4705 1753 4760 David
1773 4703 1913 4774 psal-

331 4805 395 4858 lit
438 4820 506 4859 ex
551 4819 783 4874 persona
831 4803 946 4868 Dei,
977 4810 1033 4856 et
1079 4802 1190 4855 ait:
1225 4800 1403 4855 Nolite
1446 4811 1652 4871 tangere
1698 4797 1914 4850 christos

336 4912 498 4959 meos,
528 4905 577 4949 et
603 4897 658 4948 in
686 4895 944 4967 prophetis
981 4895 1106 4947 meis
1142 4894 1298 4947 nolite
1337 4893 1613 4962 malignari
1657 4889 1783 4960 (Ps.
1810 4904 1914 4952 CIV,

337 4984 464 5055 15).
501 4986 588 5038 Ait
629 4993 808 5039 autem
837 4991 890 5040 et
918 4983 1178 5054 prOpheta
1206 4983 1492 5036 llabacuc:
1528 4980 1694 5034 Emisti
1723 4979 1792 5031 ad
1826 4995 1916 5031 sa-

330 5075 488 5128 lutem
514 5075 688 5145 populi
719 5076 809 5139 tui,
857 5084 913 5128 ut
955 5075 1180 5128 salvares
1226 5071 1441 5125 christos
1472 5081 1584 5126 tuos
1627 5069 1807 5140 (Hab.
1841 5084 1914 5133 tn,

333 5163 424 5232 15,
448 5165 602 5234 juxta
632 5162 826 5232 LXX).

404 5253 464 5308 In
517 5252 730 5309 Christo
785 5262 960 5307 autem
1016 5253 1253 5308 omnium
1307 5252 1572 5307 salvatore
1611 5250 1918 5304 unctionem

333 5345 550 5414 quidem
588 5345 780 5400 factam
809 5359 927 5399 esse
965 5343 1188 5399 dicimus
1223 5363 1234 5397 :
1277 5354 1528 5398 cmterum
1559 5355 1732 5411 neque
1769 5356 1915 5410 sym-

333 5436 584 5500 bolicam,
609 5437 760 5504 quasi
796 5437 916 5490 oleo
944 5433 1136 5488 factam
1156 5475 1168 5497 ,
1201 5449 1300 5488 nec
1327 5434 1479 5502 quasi
1509 5434 1560 5486 in
1590 5433 1756 5502 gratia
1788 5447 1914 5498 pro-

335 5529 575 5598 phetica;
607 5529 698 5583 sed
722 5544 818 5583 nec
847 5529 1010 5592 illam,
1029 5542 1147 5596 qua:
1175 5527 1484 5595 intelligitur
1513 5525 1626 5579 ﬁeri
1655 5523 1720 5578 ad
1744 5522 1916 5593 perfe-

334 5606 568 5672 ctiOnem
616 5618 838 5686 alicujus
871 5618 1172 5686 hujusmodi
1205 5617 1431 5685 negotii,
1463 5616 1676 5684 qualem
1720 5613 1914 5667 factum

339 5713 542 5784 [Baluz.
568 5711 788 5783 factum]
804 5729 920 5769 esse
941 5713 1162 5768 dicimus
1189 5714 1238 5766 in
1261 5713 1465 5784 [Βαιαι.
1490 5710 1610 5782 sub]
1631 5710 1770 5782 Cyro
1795 5709 1915 5765 Per-

2010 4338 2213 4393 cmlesti
2248 4339 2525 4408 suffragio,
2554 4349 2608 4395 et
2645 4341 2918 4396 ordinatus
2954 4349 3038 4398 est
3065 4358 3094 4397 a
3123 4343 3234 4400 Deo
3274 4351 3331 4399 ut
3359 4345 3588 4417 Babylo-

2011 4445 2133 4484 nem
2161 4433 2506 4486 vehementer
2532 4442 2879 4502 expugnaret.

2081 4517 2214 4573 lllud
2236 4527 2413 4575 autem
2441 4523 2608 4591 magis
2635 4522 2702 4578 de
2727 4521 2959 4580 Christo.
2992 4523 3254 4592 Quoniam
3289 4529 3431 4582 enim
3461 4546 3586 4598 prc-

2013 4617 2134 4678 pter
2160 4609 2286 4664 Atla:
2327 4613 2819 4680 praevaricationem
2848 4616 2866 4687 (
2891 4615 3040 4671 Rom.
3066 4633 3118 4681 ν,
3153 4616 3249 4688 14)
3275 4630 3591 4686 regnaverat

2014 4717 2173 4771 supra
2204 4717 2390 4757 omnes
2416 4713 2712 4774 peccatum,
2737 4714 2791 4761 et
2818 4709 3034 4778 Spiritus
3062 4709 3128 4762 ab
3149 4708 3479 4765 humanitate
3506 4711 3584 4764 di~

2016 4803 2278 4848 sccsserat
2328 4793 2491 4865 (Gen.
2540 4813 2611 4861 vt,
2653 4797 2742 4866 5),
2778 4799 2846 4853 ob
2875 4815 3100 4868 eamque
3122 4816 3334 4856 causam
3365 4804 3417 4856 in
3442 4804 3590 4858 malis

2018 4885 2265 4938 omnibus
2294 4886 2379 4940 illa
2411 4889 2750 4954 versabatur;
2773 4905 2906 4959 opus
2934 4900 3114 4946 autem
3148 4901 3282 4957 erat,
3306 4901 3362 4946 ut
3383 4910 3593 4949 rursum

2019 4993 2115 5048 per
2139 4977 2231 5031 Dei
2261 4979 2678 5034 misericordiam
2709 4980 2760 5034 in
2805 4982 3085 5050 pristinum
3121 4992 3393 5049 revocata,
3424 4983 3594 5054 Spiri~

2020 5076 2131 5121 tum
2169 5076 2510 5124 mereretur:
2551 5071 2714 5125 homo
2760 5072 2958 5125 factum
3009 5081 3091 5127 est
3128 5073 3459 5142 unigenitum
3501 5076 3594 5132 Dei

1949 5185 1994 5244 Β
2025 5157 2273 5224 Verbum,
2305 5168 2360 5214 et
2396 5176 2515 5215 cum
2546 5168 2758 5216 terreno
2806 5176 3032 5231 corpore
3062 5165 3288 5219 terrenis
3330 5166 3594 5236 apparuit.

2026 5247 2148 5303 Fuit
2192 5251 2353 5306 etiam
2404 5251 2630 5304 liberum
2671 5250 2888 5324 [Boium
2923 5252 3090 5324 liber]
3134 5269 3174 5309 α.
3193 5264 3436 5324 peccato,
3468 5263 3522 5310 ut
3545 5265 3599 5312 ct

2019 5340 2072 5392 in
2094 5339 2228 5408 ipso,
2254 5349 2308 5395 et
2329 5341 2380 5395 in
2412 5356 2477 5396 eo
2505 5341 2640 5406 solo,
2675 5343 2990 5397 innocentitn
3019 5344 3261 5400 laudibus
3284 5353 3473 5400 natura
3503 5347 3595 5402 ho-

2019 5436 2177 5490 minis
2200 5445 2476 5500 coronata,
2511 5435 2712 5506 Spiritu
2737 5446 2924 5492 sancto
2953 5438 3233 5502 ditaretur,
3262 5456 3326 5495 ac
3345 5441 3420 5495 sic
3441 5439 3603 5494 refor‘.

2022 5535 2258 5582 maretur
2278 5528 2344 5582 ad
2366 5529 2532 5582 Deum
2561 5544 2658 5598 per
2684 5529 3181 5585 sanctiﬁcationem.
3215 5531 3429 5586 Transit
3457 5532 3597 5586 enim

2017 5619 2085 5672 ad
2106 5635 2203 5673 nos
2223 5635 2435 5688 quoque
2464 5621 2632 5689 gratia
2656 5629 2832 5691 empta
2863 5639 2892 5676 a
2913 5623 3146 5688 Christo,
3170 5625 3261 5691 qui
3286 5633 3366 5677 est
3394 5623 3596 5698 [Βιιιιελτ.

2018 5713 2138 5766 add.
2173 5712 2249 5785 in]
2279 5715 2431 5770 nobis
2460 5717 2880 5786 primogenitus;
2923 5717 3081 5787 izlque
3112 5732 3209 5771 nos
3239 5717 3439 5772 docens
3469 5717 3598 5770 bea-
