3978 6188
466 277 528 330 ις
538 276 603 330 07

986 270 1177 327 MAR"
1218 270 1658 330 MERCATOBIS
1705 272 2271 335 TRANSLATIONES
2311 276 2665 336 VARIORUM
2707 278 3232 339 OPUSCULORUM.

3606 293 3682 348 10(
3699 294 3729 347 8

466 397 550 440 tus
572 385 736 439 David
764 384 942 455 psallit
969 384 1035 437 ad
1066 381 1255 436 Filium
1289 402 1300 437 :
1330 383 1569 437 Dilexisti
1583 386 1841 455 justitiam
1870 394 1920 440 et
1949 388 2055 441 odi-
2081 397 2130 455 Α
2158 406 2327 444 manu:
2348 391 2579 446 hominis
2601 401 2805 447 natura).
2824 394 3071 463 spiritum
3094 395 3385 465 accipiens,
3410 406 3469 452 ut
3489 399 3608 454 inse
3630 402 3735 472 ipso

464 481 529 533 sti
558 481 897 549 iniquitatem,
929 476 1042 529 ideo
1076 477 1224 527 unxit
1262 484 1307 527 te
1342 473 1649 537 Deus,Deus
1682 478 1933 539 tuus,oleo
1959 478 2054 532 ιω.

469 572 592 624 titiw
622 568 735 641 (Ps.
772 584 915 631 xuv,
949 566 1025 636 8).

540 660 743 714 Unctus
764 666 846 713 est
875 659 1034 725 igitur
1055 658 1302 727 exemplo
1326 664 1511 711 nostro
1540 656 1707 711 Filius
1737 658 2060 713 innocentia:

467 753 728 815 laudibus,
761 760 834 813 et,
862 759 922 804 ut
944 758 1067 803 ante
1087 748 1214 813 dixi,
1249 749 1302 802 in
1324 750 1441 818 ipso
1464 756 1653 802 natura
1676 749 1910 803 hominis
1939 750 2062 803 illn-

466 852 662 908 strata,
696 852 750 897 et
777 843 933 911 digna
960 842 1071 911 jam
1108 842 1288 897 sortiri
1336 841 1594 911 Spiritum
1647 851 1909 906 sanctum,
1947 842 2059 912 jam

466 952 573 990 non
595 936 969 999 discessurum,
995 934 1132 988 sicut
1154 941 1331 998 antea,
1362 934 1454 988 sed
1477 950 1788 988 mansurum
1812 936 1979 1002 magis
2008 935 2059 988 in

467 1028 601 1096 ipsa.
633 1026 868 1094 Ideoque
896 1026 1152 1094 scriptum
1184 1033 1296 1089 est,
1330 1026 1474 1094 quod
1520 1026 1787 1080 descendit
1843 1028 1897 1079 in
1946 1044 2059 1080 eum

468 1120 713 1190 Spiritus,
738 1133 786 1171 et
814 1120 1001 1170 mansit
1041 1135 1194 1187 super
1222 1119 1388 1188 ipsum
1426 1118 1605 1188 (Joan.
1638 1136 1676 1184 1,
1710 1118 1822 1189 52).
1854 1119 2061 1173 Dicitur

468 1225 596 1277 ergo
624 1209 869 1264 Christus
897 1209 992 1263 Dei
1018 1209 1275 1275 Verbum,
1306 1209 1451 1277 quod
1480 1219 1701 1279 propter
1730 1224 1830 1264 nos
1867 1218 1924 1265 et
1959 1225 2057 1265 no-

468 1304 564 1357 stri
613 1302 800 1355 similis
831 1302 991 1354 immo
1039 1308 1121 1354 est
1157 1299 1374 1365 factum,
1409 1308 1463 1354 et
1493 1301 1544 1353 in
1589 1300 1729 1355 servi
1757 1301 1927 1355 forma
1962 1320 1973 1353 :
2008 1308 2061 1354 et

470 1399 684 1465 ungitur
709 1395 912 1467 [Balnz.
947 1394 1219 1463 unguitur]
1241 1394 1455 1463 quidem
1484 1394 1736 1460 humane,
1769 1393 2060 1448 secundum

470 1505 717 1553 carnem;
752 1487 899 1555 ungit
932 1487 1137 1560 [Baluz.
1173 1485 1381 1556 unguit]
1413 1495 1593 1542 autem
1618 1486 1797 1541 divine
1827 1502 1922 1541 suo
1940 1486 2061 1556 Spi-

473 1581 577 1633 ritu
608 1594 701 1633 eos
729 1579 819 1647 qui
851 1578 902 1630 in
934 1578 1109 1646 ipsum
1131 1576 1374 1630 credunt.

1105 1710 1332 1766 CAPUT
1371 1712 1432 1766 II.

746 1822 977 1888 Qualiter
998 1825 1214 1893 intelligi
1238 1824 1417 1876 debeat
1442 1822 1767 1877 Emmanuel.

542 1957 858 2012 Emmanuel
888 1957 1193 2010 nominatur
1216 1957 1355 2011 Deus
1377 1957 1630 2021 Verbum,
1661 1957 1804 2026 quod
1836 1958 2057 2013 Abram:

470 2068 639 2107 semen
671 2050 1023 2120 apprehendit,
1044 2060 1089 2101 et
1112 2050 1349 2102 similiter
1369 2066 1429 2102 ac
1456 2065 1546 2101 nos
1569 2051 1894 2119 participavit
1914 2051 2059 2103 carni

470 2154 519 2197 et
547 2143 788 2213 sanguini
812 2140 995 2211 (Hebr.
1025 2157 1087 2202 ιι,
1115 2140 1221 2210 14).
1248 2140 1634 2209 Interpretatur
1654 2148 1832 2194 autem
1854 2139 2059 2193 Emma-

472 2234 615 2296 nuel,
651 2232 928 2285 nobiscum
970 2231 1128 2285 Deus.
1175 2229 1507 2285 Conlitemur
1532 2238 1731 2297 autem,
1779 2232 2058 2286 nobiscum

474 2322 680 2396 [Βαιιιι.
710 2340 810 2376 om.
847 2320 1158 2393 nobiscum]
1182 2321 1343 2377 fuiSse
1374 2322 1467 2376 Dei
1490 2322 1746 2389 Verbum,
1776 2340 1885 2378 non
1915 2324 2060 2379 Ioca-

473 2416 595 2469 liter
621 2435 632 2467 :
668 2416 721 2467 in
742 2430 849 2483 quo
871 2415 1014 2468 enim
1040 2414 1162 2468 loco
1191 2430 1299 2469 non
1320 2422 1402 2468 est
1419 2414 1577 2480 Deus,
1605 2416 1695 2483 qui
1726 2416 1910 2486 implet
1940 2432 2058 2471 om-

474 2510 598 2562 nia?
646 2507 755 2563 Nec
781 2507 924 2576 quod
952 2507 1140 2561 adesse
1184 2507 1340 2562 nobis
1377 2509 1707 2577 conspicitur
1744 2511 1926 2564 auxilii
1974 2527 2061 2565 ra-

473 2602 649 2665 tione;
681 2599 883 2653 dictum
931 2606 1013 2653 est
1040 2599 1182 2653 enim
1227 2600 1331 2653 hoc
1372 2600 1531 2654 modo
1573 2601 1637 2654 ad
1683 2600 1863 2655 Jesum
1894 2601 2061 2657 lilium

473 2696 617 2749 Nave
647 2692 871 2767 (Bolus.
906 2710 1008 2746 om.
1045 2692 1208 2746 ﬁlium
1238 2691 1423 2764 Nave]
1457 2711 1471 2745 :
1503 2692 1573 2746 Et
1609 2696 1741 2748 sicut
1777 2711 1919 2748 eram
1948 2712 2060 2749 cum

477 2785 676 2856 Moyse,
700 2786 774 2837 ita
819 2800 906 2837 ero
935 2792 984 2837 et
1006 2793 1167 2837 tecum
1198 2784 1347 2853 (Jos.
1372 2802 1410 2849 ι,
1442 2783 1517 2853 5).
1551 2783 1656 2839 Sed
1687 2787 1833 2855 quod
1864 2786 2059 2843 factum

476 2887 558 2932 est
588 2878 640 2930 in
672 2876 887 2939 nostris,
922 2874 972 2927 id
1002 2883 1102 2938 est,
1136 2876 1189 2928 in
1237 2876 1597 2943 humanitate,
1649 2894 1756 2931 non
1804 2879 2059 2935 derelicta

475 2984 571 3022 sua
599 2975 822 3021 natura:
857 2965 1263 3021 inconvertibile
1309 2973 1391 3020 est
1419 2968 1561 3021 enim
1594 2975 1783 3022 natura
1813 2970 1905 3024 Dei
1930 2970 2060 3024 Ver-

480 3061 625 3113 bum.

2162 491 2217 536 et
2244 483 2418 551 primo
2449 483 2566 555 [ΑΙ.
2610 483 2848 537 humana
2877 493 3068 538 natura
3100 486 3346 555 spiritum
3387 490 3671 558 accipiente
3690 494 3735 548 in

2163 574 2302 642 ipso,
2341 580 2400 628 ut
2429 571 2649 643 primo].
2681 572 2895 629 Positus
2924 582 3008 630 est
3045 578 3187 631 enim
3216 577 3565 645 primordium
3592 593 3738 648 gene-

2162 666 2256 729 ris,
2289 680 2473 718 rursus
2505 665 2619 734 ipse
2645 680 2871 734 ungens,
2904 676 2964 722 ut
2989 668 3133 724 Deus
3155 708 3171 732 ,
3194 668 3398 739 Spiritu
3428 680 3609 727 sancto
3634 689 3736 741 eos,

2161 754 2252 821 qui
2283 756 2337 809 in
2366 770 2425 809 se
2455 755 2683 810 credunt
2708 774 2720 809 :
2748 759 2967 827 partim,
2991 759 3117 827 quia
3139 757 3239 813 fuit
3262 761 3538 815 nobiscum
3566 779 3739 819 secun-

2163 845 2288 899 dum
2324 861 2459 915 quas
2488 847 2649 902 modo
2679 848 2891 904 reddidi
2918 850 3188 915 rationes,
3232 858 3286 905 et
3314 851 3381 906 de
3414 867 3479 907 eo
3510 869 3606 909 nos
3632 855 3740 911 facit

2163 946 2341 991 certos
2384 936 2551 991 Isaias
2579 939 2844 1008 propheta
2886 940 3077 994 dicens
3115 957 3127 992 :
3161 938 3295 993 Ecce
3329 941 3489 1013 Virgo
3528 945 3583 996 in
3612 955 3738 1001 utero

2163 1032 2397 1101 accipiet,
2436 1041 2486 1085 et
2515 1032 2682 1102 pariet
2718 1032 2903 1101 ﬁlium,
2926 1042 2976 1086 et
2998 1030 3261 1087 vocabitur
3290 1051 3477 1088 nomen
3502 1037 3610 1106 ejus
3633 1036 3743 1091 Em-

2162 1122 2367 1174 manuel
2399 1119 2572 1192 (Isai.
2599 1138 2685 1185 vn,
2721 1121 2840 1193 14).
2874 1121 3007 1176 Cum
3057 1124 3201 1179 enim
3250 1134 3440 1180 sancta
3470 1125 3651 1194 Virgo,
3685 1144 3742 1182 ex

2164 1210 2363 1281 Spiritu
2413 1212 2629 1280 quidem
2664 1220 2852 1267 sancto
2893 1228 3180 1283 praegnans
3216 1224 3302 1270 est
3348 1215 3514 1280 facta,
3554 1219 3745 1286 peperit

2164 1309 2343 1356 autem
2373 1302 2669 1357 secundum
2714 1318 2929 1358 carnem
2963 1305 3155 1371 tilium;
3198 1314 3327 1360 tunc
3355 1307 3520 1360 etiam
3550 1306 3747 1361 Emma-

2164 1392 2289 1446 nuel
2317 1392 2490 1447 dictus
2537 1401 2621 1447 est
2654 1411 2665 1446 :
2713 1392 2812 1448 fuit
2849 1396 2992 1449 enim
3032 1397 3333 1463 nobiscum,
3364 1413 3461 1467 per
3491 1399 3746 1453 carnalem

2162 1485 2568 1553 generationem
2597 1486 2983 1555 incorporalis;
3015 1495 3071 1542 et
3105 1488 3157 1541 id
3186 1497 3323 1554 erat,
3364 1490 3512 1558 quod
3543 1506 3639 1559 per
3662 1508 3747 1546 vo-

2165 1589 2284 1628 cem
2306 1573 2474 1629 David
2502 1575 2919 1644 signiticabatur.
2950 1576 3090 1631 Deus
3110 1580 3383 1649 manifeste
3410 1582 3597 1644 veniet,
3629 1580 3746 1635 Deus

2163 1675 2355 1732 noster,
2383 1676 2557 1721 etnon
2588 1668 2759 1721 silebit
2789 1668 2958 1740 (Psal.
2993 1686 3140 1735 χιιι,
3161 1671 3262 1740 ’5);
3292 1679 3347 1725 et
3376 1672 3505 1726 illud
3535 1674 3743 1741 o;-inor:

2089 1770 2135 1829 Β
2160 1760 2269 1827 ipse
2306 1758 2390 1827 qui
2431 1758 2626 1813 locutus
2673 1775 2805 1822 sum,
2834 1770 3020 1830 pra-sto
3049 1777 3181 1814 sum.
3208 1760 3442 1817 Locutus
3486 1763 3632 1817 enim
3660 1780 3744 1833 per

2161 1849 2475 1918 prophetas,
2520 1859 2580 1903 ut
2634 1850 2973 1921 incorporale
3026 1852 3201 1907 adhuc
3228 1852 3464 1908 Verbum
3488 1893 3504 1918 ,
3544 1854 3748 1909 advenit

2160 1939 2322 1992 etiam
2347 1940 2722 2009 corporaliter.

2764 2009 2992 2066 CAPUT
3031 2013 3115 2066 III.

2734 2097 2871 2164 Quid
2899 2112 2975 2156 est
3008 2102 3042 2155 J
3048 2119 3182 2157 esus.

2233 2209 2296 2263 Vi
2318 2210 2534 2278 quidem
2558 2212 2936 2279 intentionum,
2960 2229 3067 2283 qua
3084 2225 3343 2285 oporteat
3364 2232 3395 2272 a
3423 2217 3587 2274 nobis
3599 2235 3749 2274 unum

2162 2300 2265 2354 dici
2296 2299 2484 2355 Filium
2514 2302 2630 2368 Dei,
2660 2306 2992 2360 tantumdem
3030 2315 3131 2371 est,
3164 2317 3220 2363 et
3241 2308 3511 2377 Christus,
3537 2304 3602 2367 et
3630 2313 3746 2367 Em-

2162 2394 2393 2458 manuel,
2436 2402 2491 2449 et
2517 2392 2707 2461 Iesus;
2758 2405 2811 2451 et
2838 2397 2890 2451 id
2915 2398 3132 2466 quidem
3169 2402 3321 2470 quasi
3364 2418 3433 2457 ex
3466 2419 3528 2458 re
3559 2421 3746 2460 nomen

2162 2493 2245 2539 est
2274 2484 2469 2540 factum
2496 2505 2507 2539 :
2544 2485 2663 2557 Ipse
2691 2490 2846 2553 enim,
2881 2489 3073 2558 inquit,
3097 2493 3318 2547 salvabit
3346 2495 3595 2565 populum
3615 2514 3748 2550 suum

2164 2591 2195 2627 a
2224 2578 2443 2642 peccatis
2471 2578 2576 2631 suis
2624 2574 2835 2649 (Mat’th.
2866 2597 2904 2644 I,
2935 2578 2997 2632 21
3022 2579 3061 2649 ).
3107 2580 3575 2648 Quemadmodum
3618 2589 3750 2641 enim

2162 2667 2479 2722 Emmanuel
2502 2669 2857 2738 signiﬁcabat,
2882 2687 2979 2741 per
3003 2674 3408 2740 generationem
3437 2692 3507 2731 ex
3537 2678 3750 2732 muliere

2163 2760 2443 2815 nobiscum
2480 2759 2679 2815 factum
2722 2760 2886 2816 fuisse
2938 2762 3033 2817 Dei
3071 2763 3343 2832 Verbum;
3386 2774 3442 2821 et
3494 2766 3747 2834 Christus,

2162 2852 2288 2919 quia
2318 2850 2488 2906 factus
2518 2852 2701 2917 homo,
2735 2862 2929 2909 unctus
2950 2855 3146 2910 dicitur
3168 2856 3323 2925 juxta
3346 2874 3446 2914 nos
3480 2860 3746 2914 humane:

2164 2942 2238 2994 ita
2288 2941 2453 2995 etiam
2499 2940 2673 3008 Jesns,
2715 2944 2859 3011 quod
2889 2945 3118 3001 salvavit
3165 2964 3265 3002 nos
3293 2965 3448 3003 suum
3478 2952 3747 3021 populum.

2164 3033 2309 3102 quod
2324 3034 2554 3088 maxime
2576 3049 2699 3089 eum
2721 3034 3073 3099 demonstrat,
3089 3054 3215 3093 vere
3231 3049 3495 3095 etnatnra
3518 3044 3748 3096 onmium

546 3149 810 3205 ciuem,“
838 3164 998 3218 quam
1024 3150 1093 3204 ob
1141 3164 1376 3215 causam,
1422 3166 1541 3206 cum
1586 3152 1744 3222 plane
1769 3154 1978 3211 dicam,
1998 3157 2065 3212 ad
2093 3144 2137 3208 α
2167 3125 2459 3180 dominum.
2491 3126 2675 3203 Neque
2703 3128 2847 3181 enim
2886 3129 3118 3183 hominis
3161 3133 3464 3187 communis
3511 3142 3746 3189 creatura

476 3242 657 3297 Jesum
688 3241 851 3296 lilium
880 3241 1024 3311 Nave
1072 3241 1288 3314 [Belua
1319 3260 1420 3297 om.
1455 3244 1619 3298 lilium
1670 3247 1875 3318 Nave],
1921 3250 2065 3318 quod

478 3338 609 3386 sicut
650 3350 792 3386 eram
821 3348 934 3385 cum
965 3331 1159 3402 Moyse,
1193 3335 1266 3386 sic
1296 3350 1382 3388 ero
1408 3344 1568 3390 tecum
1600 3336 1814 3405 (Ibid.),
1849 3355 1955 3394 non
1985 3348 2066 3394 est

479 3434 657 3478 tamen
694 3425 998 3479 nominatus
1027 3424 1380 3480 Emmanuel?
1406 3427 1525 3498 Ipsa
1555 3439 1733 3485 autem
1773 3434 1913 3488 ratio
1943 3444 2061 3489 est:

480 3516 581 3570 etsi
604 3516 745 3569 enim
769 3530 891 3570 cum
928 3516 1107 3583 aliquo
1138 3526 1444 3572 sanctorum
1491 3518 1653 3576 fuisse
1690 3522 1929 3592 dicatur;
1959 3542 2066 3581 non

481 3616 662 3662 tamen
688 3607 963 3661 nobiscum
993 3608 1190 3662 factum
1220 3625 1337 3664 esse
1359 3610 1585 3667 dicimus
1612 3614 1779 3670 Deum
1809 3617 2065 3685 Verbum,

483 3702 584 3753 nisi
615 3715 680 3754 eo
704 3708 964 3769 tempore,
998 3715 1105 3768 quo
1129 3700 1281 3769 juxta
1310 3705 1455 3771 quod
1481 3706 1611 3761 dicit
1634 3708 1860 3777 Baruch,
1886 3713 1937 3765 in
1964 3724 2065 3766 ter-

480 3808 539 3844 ra
562 3792 697 3843 visus
719 3799 810 3854 est,
843 3800 893 3844 et
916 3792 1050 3844 inter
1070 3792 1296 3846 homines
1326 3806 1650 3854 conversatus
1676 3810 1770 3868 est,
1801 3813 1848 3855 et
1869 3820 2067 3858 omnem

481 3883 615 3934 viam
639 3883 896 3935 inveniens
920 3882 1220 3953 disciplinw,
1242 3894 1291 3937 et
1315 3886 1445 3941 dans
1468 3889 1753 3947 eamlacob
1777 3912 1932 3965 puero
1953 3915 2064 3964 suo,

480 3981 531 4024 et
561 3972 727 4029 Israel
756 3972 938 4026 dilecto
961 3990 992 4026 a
1019 3990 1073 4027 se
1095 3992 1111 4028 :
1135 3976 1243 4046 ipse
1265 3985 1340 4029 est
1363 3981 1495 4032 enim
1521 3979 1659 4035 Deus
1689 3995 1881 4052 noster,
1898 3997 1946 4040 et
1966 4005 2068 4043 non

483 4062 863 4133 comparabitur
891 4064 1022 4117 alius
1046 4066 1116 4117 ad
1142 4083 1255 4119 eum
1286 4067 1535 4138 (Barac/1.
1569 4090 1644 4138 III,
1673 4074 1783 4145 58).

554 4154 823 4221 Quantum
861 4155 1005 4208 enim
1034 4155 1101 4209 ad
1141 4156 1235 4211 Dei
1270 4168 1513 4213 naturam
1544 4164 1796 4233 pertinet,
1829 4169 2067 4224 nondum

483 4258 602 4301 erat
640 4249 948 4313 nobiscum;
982 4248 1206 4303 multum
1235 4252 1375 4304 enim
1406 4252 1629 4309 interest
1657 4257 1798 4311 inter
1817 4259 2070 4317 deitatem

484 4345 538 4391 et
567 4338 985 4404 humanitatem;
1009 4346 1063 4392 et
1092 4339 1279 4409 ingens
1305 4350 1386 4397 est
1408 4344 1565 4401 nimis
1594 4345 1895 4405 differentia
1923 4361 2073 4407 natu-

488 4443 691 4481 ιτιιύιιι.

2171 3232 2290 3272 esse
2319 3217 2556 3283 dicatur;
2580 3218 2769 3273 deceat
2796 3228 2976 3274 autem
2996 3222 3394 3301 magisnomnia
3412 3224 3619 3290 dicere,
3643 3240 3751 3280 esse

2174 3308 2463 3375 Unigeniti,
2492 3309 2594 3363 etsi
2622 3309 2790 3364 factus
2813 3312 2883 3365 sit
2903 3313 3085 3369 homo.

2239 3398 2391 3453 Dicet
2418 3399 2557 3455 forte
2587 3401 2779 3470 aliquis
2812 3421 2824 3455 :
2851 3402 3012 3472 Atqui
3043 3403 3241 3475 Moysis
3270 3405 3447 3461 dictus
3475 3416 3561 3462 est
3591 3424 3751 3478 popu-

2168 3489 2250 3543 lus
2278 3488 2458 3543 Israel.
2485 3490 2567 3544 Ad
2596 3491 2698 3546 hoc
2722 3490 2977 3558 dicemus,
3002 3494 3144 3562 quod
3162 3493 3255 3566 Dei
3284 3496 3500 3564 quidem
3528 3498 3753 3568 populus

2171 3580 2480 3635 nominatus
2508 3581 2597 3646 sit,
2626 3589 2680 3635 et
2709 3582 2760 3635 id
2786 3590 2903 3635 erat
2932 3598 3134 3637 verum.
3176 3583 3376 3639 Verum
3404 3588 3665 3655 quoniam
3692 3588 3755 3641 ad

2170 3672 2525 3727 defectionem
2548 3673 2809 3729 deductus
2837 3683 2937 3740 est,
2979 3683 3035 3730 et
3059 3677 3283 3737 vitulum
3305 3677 3433 3732 fecit
3457 3695 3558 3748 per
3587 3681 3757 3735 deser-

2170 3770 2302 3829 tum,
2332 3764 2681 3818 inhonoratus
2701 3774 2834 3819 ests
2863 3765 2974 3821 Deo
3000 3785 3011 3818 :
3038 3782 3146 3822 non
3170 3769 3314 3822 enim
3338 3769 3452 3838 jam
3476 3786 3638 3825 suum
3659 3787 3754 3825 no-

2170 3856 2376 3910 minare
2423 3856 2677 3925 populum
2728 3856 3065 3925 dignabatur,
3098 3860 3193 3915 sed
3236 3876 3359 3915 eum
3407 3862 3519 3935 jam
3551 3865 3753 3929 homini

2170 3947 2475 4003 destinavit.
2509 3947 2578 4000 At
2606 3964 2705 4003 nos
2732 3964 2840 4003 non
2862 3949 2936 4003 ita
2974 3968 2987 4003 :
3017 3952 3222 4021 proprii
3250 3953 3397 4007 enim
3422 3969 3615 4011 sumus
3644 3954 3750 4020 ﬁlii,

2171 4051 2237 4091 eo
2264 4037 2429 4104 quod,
2463 4045 2518 4092 et
2539 4037 2680 4093 Deus
2702 4040 2791 4105 sit,
2820 4048 2874 4095 et
2900 4056 2997 4111 per
3018 4043 3187 4112 ipsum
3213 4055 3394 4100 creata
3423 4048 3533 4102 sint
3558 4049 3737 4103 omnia

2171 4126 2249 4180 Ita
2279 4126 2423 4181 enim
2469 4127 2546 4180 ait
2593 4128 2758 4182 David
2791 4147 2802 4183 :
2838 4128 3095 4194 Quoniam
3133 4135 3244 4204 ipse
3268 4138 3390 4206 fecit
3416 4154 3544 4202 nos,
3578 4150 3630 4191 et
3658 4155 3757 4191 non

2168 4220 2270 4289 ipsi
2300 4234 2428 4282 nos;
2462 4235 2556 4272 nos
2589 4231 2758 4275 autem
2786 4224 3001 4292 populus
3023 4241 3229 4295 pascua:
3255 4228 3396 4297 ejus,
3427 4240 3475 4282 et
3502 4247 3621 4284 oves
3651 4247 3760 4283 ma-

2177 4325 2274 4362 nus
2312 4308 2422 4379 ejus
2453 4308 2625 4379 (Psal.
2658 4327 2804 4378 mx,
2838 4313 2912 4383 7).
2943 4313 3183 4383 Denique
3211 4319 3374 4372 etiam
3422 4320 3539 4390 ipse
3567 4321 3638 4376 de
3665 4336 3754 4375 no-

2171 4397 2255 4451 bis
2281 4397 2415 4451 dixit
2438 4416 2450 4451 :
2485 4400 2614 4455 Oves
2638 4418 2765 4456 mea:
2792 4420 2959 4457 vocem
2982 4422 3147 4461 meam
3174 4408 3455 4463 audiuntet
3479 4422 3759 4482 sequuntur

557 4518 790 4586 Ideoque
818 4516 1029 4571 divinus
1057 4518 1224 4574 David
1248 4522 1314 4576 ad
1340 4527 1741 4592 proximitatem
1788 4533 2067 4603 mysticam
2100 4517 2149 4578 Ῑ)
2172 4487 2693 4603 ζ”ῧίῗῖῗῗῖξῗηῖ
2831 4511 3014 4603 {nifus
3053 4515 3065 4550 ³
3096 4498 3241 4603 All”?
3287 4516 3404 4553 θνα
3434 4501 3621 4565 hab“,
3650 4519 3758 4574 4""

485 4608 608 4684 (At.
662 4609 918 4663 unionem
958 4611 1372 4685 arctissimam],
1407 4616 1573 4672 Deum
1626 4619 1892 4691 Verbum,
1923 4628 2068 4694 quod

486 4702 723 4756 nomium
752 4701 819 4755 ad
848 4718 946 4757 nos
974 4712 1214 4771 venerat,
1247 4709 1489 4773 vocabat,
1533 4711 1716 4769 dicens
1747 4717 1800 4771 in
1831 4720 2023 4789 spiritu
2055 4740 2065 4773 :

487 4794 565 4847 0b
621 4793 775 4863 quid,
834 4793 1089 4859 Domine,
1136 4795 1416 4851 discessisti
1463 4788 1788 4875 longe'(Ps.
1846 4788 1908 4876 ᾗ,
1968 4811 2071 4883 1)?

485 4897 511 4923 ι
534 4887 675 4954 Ergo
700 4887 812 4956 jam
843 4902 949 4941 non
974 4887 1237 4955 discessit,
1268 4890 1361 4943 sed
1378 4892 1654 4949 nobiscum
1684 4898 1802 4963 fuit,
1835 4904 2070 4971 quicum

484 4977 785 5042 mansisset,
819 4976 869 5031 id
892 4978 1035 5046 quod
1064 4987 1199 5044 erat,
1225 4982 1575 5049 apprehendit
1605 4986 1831 5046 Abrahae
1861 5009 2065 5065 semen,

487 5075 546 5120 ut
573 5068 710 5131 dixi;
756 5071 964 5137 accepit
992 5078 1170 5123 autem
1203 5071 1365 5125 etiam
1392 5076 1532 5129 servi
1562 5076 1815 5149 formam,
1849 5094 1903 5139 et
1940 5102 2069 5142 con-

486 5167 701 5224 spectus
720 5160 882 5213 homo
908 5161 960 5213 in
992 5168 1133 5214 terra
1161 5169 1259 5215 est.

556 5246 799 5303 Christus
826 5264 954 5303 vero
985 5258 1037 5303 et
1076 5250 1387 5309 Emmanuel
1430 5258 1675 5313 eumdem
1715 5265 1869 5321 nobis
1901 5267 2063 5325 tilium

486 5337 786 5405 designant,
812 5343 1008 5409 partim
1039 5344 1163 5410 quia
1192 5354 1379 5401 unctus
1423 5360 1506 5404 est
1533 5367 1683 5408 more
1728 5366 1930 5424 nostro,
1965 5363 2064 5417 hn-

2173 4596 2277 4633 non
2297 4590 2416 4634 sunt
2433 4598 2498 4635 ex
2525 4583 2620 4636 Itoc
2648 4584 2792 4649 ovili,
2810 4595 2860 4639 et
2887 4587 3005 4641 illas
3033 4599 3226 4659 oportet
3246 4607 3327 4643 me
3355 4608 3691 4664 congregare,
3714 4602 3762 4645 et

2173 4674 2263 4743 ﬁet
2287 4691 2419 4728 unus
2464 4692 2610 4746 grex,
2639 4686 2688 4730 et
2722 4693 2857 4732 unus
2904 4690 3083 4750 pastor
3110 4680 3277 4751 (Ibid.
3314 4682 3433 4753 I6).
3476 4684 3761 4738 Mandabat

2175 4772 2354 4817 autem
2385 4765 2546 4819 etiam
2568 4766 2726 4822 beato
2757 4766 2918 4824 Petro
2948 4788 2961 4822 :
2994 4771 3177 4826 Simon
3196 4771 3441 4838 Joannis,
3473 4791 3624 4829 amas
3652 4775 3763 4827 me?

2175 4852 2340 4908 Pasce
2364 4871 2526 4926 agnos
2554 4873 2714 4924 meos,
2742 4875 2894 4929 pasce
2915 4877 3030 4914 oves
3056 4877 3199 4916 meas
3227 4861 3407 4933 (Joan.
3440 4880 3551 4929 xxx,
3578 4865 3689 4934 I7).

2777 4968 3004 5027 CAPUT
3040 4973 3128 5027 IV.

2290 5054 2457 5122 Quam
2479 5059 2540 5112 ob
2561 5077 2769 5116 causam
2791 5062 2887 5117 Dei
2919 5064 3136 5119 Verbum
3159 5068 3349 5121 dictum
3378 5069 3448 5122 sit
3477 5070 3650 5122 homo.

2241 5169 2413 5225 Homo
2443 5172 2772 5229 nominatum
2814 5175 3015 5247 [Belum
3061 5178 3385 5249 nominatus]
3411 5188 3514 5244 est,
3538 5195 3662 5233 cum
3694 5180 3764 5232 sit

2168 5267 2358 5312 natura
2390 5261 2552 5327 Deus,
2587 5263 2677 5317 Dei
2708 5262 2883 5321 Patris
2912 5265 3147 5321 Verbum
3180 5286 3192 5320 :
3226 5269 3482 5337 quoniam
3512 5269 3763 5323 similiter

2166 5364 2228 5404 ac
2258 5366 2356 5404 nos
2376 5356 2617 5424 sanguini
2648 5360 3039 5413 communicavit
3064 5370 3114 5413 et
3137 5363 3282 5414 carni
3321 5362 3338 5430 (
3366 5359 3491 5413 Heb.
3528 5376 3583 5425 ιι,
3622 5360 3692 5413 Η
3716 5364 3755 5429 ).

1658 5532 2191 5599 CASTIGATIONES
2233 5547 2319 5603 ΕΤ
2359 5550 2578 5606 ΝΟΤᾸΞ.

560 5672 583 5699 ⁸
623 5676 801 5731 Baluz.
841 5698 850 5731 ε
898 5678 1166 5749 Discescit,
1218 5687 1307 5740 sed
1342 5690 1603 5743 nobiscum
1645 5695 1771 5762 fuit;
1812 5698 1917 5766 qui,
1962 5707 2061 5754 etc.
2090 5699 2235 5757 Enn.
