3978 6188
251 308 367 360 iTO‘)

988 306 1045 359 S.
1085 299 1355 358 CYRlLLl
1393 298 1683 356 SCIIOLIA
1723 298 1809 353 DE
1847 297 2355 357 INCABNATIONE
2398 300 2769 358 UNIGENITL

3363 302 3500 360 i010

248 422 323 475 Sic
348 421 491 474 enim
522 420 751 473 terrenis
778 416 1050 486 apparuit,
1084 424 1107 451 ³
1137 430 1246 467 non
1294 413 1546 467 amittens
1590 410 1641 465 id
1671 410 1814 479 quod
1844 415 1888 471 Α
1922 409 2003 480 5).
2058 412 2125 466 At
2162 428 2293 469 vero
2342 415 2764 484 sapientissimus
2792 414 3026 469 Joannes
3065 413 3131 469 de
3184 415 3295 469 Deo
3323 415 3501 470 Verbo

247 521 366 574 erat,
386 511 479 566 sed
495 525 772 565 assumens
790 507 1135 562 humanitatis
1158 513 1399 559 naturam
1423 504 1476 556 in
1496 517 1592 556 sua
1614 501 1821 554 ratione

249 602 523 672 perfectam
532 598 573 673 ,Ι
588 601 963 655 Verumtamen
976 605 1030 652 et
1048 598 1098 651 in
1111 595 1441 650 humanitate
1452 593 1593 646 Deus
1604 591 1817 654 mansit,

248 704 297 748 et
319 694 554 746 omnium
576 691 855 754 Dominus,
876 695 1063 757 utpote
1090 686 1182 755 qui
1208 692 1397 738 natura
1419 690 1474 737 et
1499 682 1727 736 veritate
1755 694 1821 733 ex

250 784 349 838 Deo
376 789 533 837 natus
553 787 636 836 est
664 777 1044 851 Pater[Balus.
1077 785 1129 829 et
1152 771 1351 843 Patre].
1369 772 1436 827 Et
1461 771 1513 825 id
1542 771 1696 826 nobis
1718 769 1825 824 evi-

246 873 552 928 dentissime
601 871 1022 941 sapientissimus
1067 866 1262 919 Paulus
1306 863 1578 920 ostendit:
1612 861 1821 915 Primus

246 966 391 1027 enim,
422 964 615 1032 inquit,
637 964 788 1017 homo
814 978 879 1016 ex
908 970 1044 1015 terra
1081 958 1144 1012 de
1168 959 1321 1021 limo;
1352 955 1603 1010 secundus
1630 972 1658 1008 e
1694 955 1821 1009 ccelo

249 1055 307 1125 (l
345 1056 465 1109 Cor.
497 1072 587 1119 xv,
626 1053 757 1124 45).

314 1145 468 1213 Atqui
496 1146 658 1214 Virgo
685 1154 866 1201 saneta
890 1144 1097 1214 peperit
1120 1141 1378 1210 templum
1390 1139 1570 1194 Verbo
1590 1138 1820 1201 unitum;

246 1240 335 1294 sed
361 1254 392 1293 e
420 1240 560 1294 coelo
588 1240 810 1303 dicitur,
843 1248 897 1293 et
920 1247 1067 1293 recte
1103 1236 1323 1306 quidem
1350 1232 1669 1287 Emmanuel
1702 1249 1714 1283 :
1738 1230 1822 1285 de-

248 1349 401 1405 super
426 1334 569 1387 enim
598 1340 653 1387 et
706 1347 772 1387 ex
809 1330 1108 1385 substantia
1130 1328 1227 1382 Dei
1248 1334 1302 1381 et
1330 1324 1508 1380 Patris
1536 1332 1722 1378 natum
1742 1329 1826 1376 est

251 1429 475 1485 Verbum
500 1428 665 1497 ipsius
694 1443 706 1477 :
739 1422 1015 1478 descendit
1039 1437 1169 1475 vero
1198 1419 1266 1473 ad
1295 1433 1414 1483 nos,
1443 1425 1571 1471 tunc
1599 1430 1720 1470 cum
1743 1413 1824 1467 fa-

246 1530 384 1574 ctum
413 1528 496 1575 est
522 1520 684 1573 homo
709 1533 723 1581 ;
755 1525 935 1569 tamen
964 1514 1043 1567 sic
1070 1524 1286 1581 quoque
1314 1508 1547 1576 desuper
1584 1512 1683 1559 est.
1719 1503 1824 1558 Te-

246 1620 411 1667 status
440 1619 523 1666 est
547 1620 724 1664 autem
752 1607 1006 1669 Joannes,
1047 1604 1115 1659 de
1143 1617 1209 1657 eo
1237 1601 1422 1655 dicens
1449 1617 1460 1651 :
1497 1596 1596 1661 Qui
1627 1596 1689 1649 de
1718 1610 1828 1649 sur-

245 1719 357 1756 sum
383 1703 535 1766 vertit,
565 1716 724 1770 supra
760 1714 933 1752 omnes
982 1705 1057 1749 est
1106 1694 1124 1763 (
1149 1693 1307 1746 Joan.
1336 1707 1413 1755 tu,
1445 1688 1506 1743 51
1535 1688 1573 1759 ).
1616 1686 1684 1740 Ει
1711 1688 1826 1757 ipse

1923 506 2075 569 dixit,
2104 507 2247 574 quod
2296 509 2469 561 omnia
2498 526 2587 579 per
2609 510 2775 577 ipsum
2819 510 2958 579 facta
2987 517 3123 574 sunt,
3156 518 3202 562 et
3231 508 3418 580 absque
3445 526 3503 562 eo

1924 596 2116 665 factum
2137 608 2213 651 est
2233 598 2364 651 nihil
2389 598 2565 669 (Joan.
2586 615 2623 664 ι,
2646 600 2721 667 5).
2748 598 3156 669 Evangelizabat
3178 610 3353 655 autem
3376 602 3503 656 bea-

1926 693 2011 738 tus
2035 686 2249 740 Gabriel
2291 696 2487 741 sanctae
2526 688 2731 756 Virgini
2760 688 2942 744 dicens
2969 708 2980 742 :
3013 689 3146 744 Ecce
3179 693 3428 763 concipies
3451 695 3507 745 in

1922 786 2086 841 utero,
2134 786 2184 831 et
2224 781 2392 848 paries
2422 778 2639 843 Filium,
2681 787 2729 834 et
2754 782 2955 835 vocabis
2984 798 3166 837 nomen
3195 784 3305 853 ejus
3333 782 3505 837 Jesum

1927 868 2138 939 (Matth.
2159 886 2194 934 ι,
2225 870 2294 922 26
2310 870 2348 940 ).
2368 869 2503 925 Cum
2531 872 2691 941 igitur
2716 889 2812 942 per
2838 872 3105 928 Christum
3126 874 3307 930 Iesum
3327 876 3507 931 omnia

1925 948 2134 1015 divinus
2164 960 2362 1017 Paulus
2408 963 2549 1018 facta
2598 979 2717 1018 esse
2759 975 3174 1032 commemoret;
3225 966 3508 1022 conﬁrmet

1925 1061 2102 1107 autem
2122 1054 2228 1106 vim
2248 1057 2542 1121 sementim,
2563 1056 2878 1125 etopiticem
2905 1058 3141 1111 omnium
3156 1057 3318 1113 fuisse
3339 1060 3509 1114 Deum
3599 1040 3606 1047 l

1926 1145 2274 1212 evangelizet,
2306 1160 2421 1200 rem
2462 1162 2647 1201 veram
2675 1147 2858 1203 dicens
2897 1149 3222 1216 evangelista
3262 1150 3507 1214 divinus;

1924 1231 2167 1300 designet
2195 1242 2372 1288 autem
2402 1235 2565 1289 etiam
2580 1236 2751 1303 angeli
2776 1251 2881 1290 vox
2906 1255 2916 1288 :
2941 1252 3068 1291 vere
3088 1252 3155 1291 ex
3182 1248 3364 1291 sancta
3386 1239 3507 1292 Vir-

1925 1326 2049 1393 gine
2076 1334 2256 1380 natum
2285 1342 2403 1382 esse
2429 1325 2611 1382 Jesum
2638 1326 2929 1395 Christum,
2960 1344 3061 1384 nec
3087 1329 3289 1398 absque
3325 1330 3513 1384 ltuma~

1927 1418 2095 1471 nitate
2117 1417 2461 1486 intelligimus
2490 1419 2658 1474 Deum
2688 1419 2953 1486 Verbum;
2977 1421 3073 1476 sed
3099 1437 3263 1475 unum
3289 1422 3514 1476 dicimus

1927 1522 1995 1562 ex
2024 1508 2282 1563 ambobus
2310 1508 2579 1575 enectum,
2609 1519 2664 1565 et
2693 1510 2898 1582 [Batuz.
2934 1511 3012 1583 ut]
3044 1513 3210 1567 Deum
3241 1513 3512 1568 hominem

1930 1598 2147 1664 factum,
2177 1599 2424 1654 eumdem
2444 1615 2513 1655 ex
2542 1600 2731 1667 Patre,
2764 1612 2822 1655 ut
2844 1602 2994 1674 (Bal.
3027 1602 3109 1673 et]
3133 1603 3387 1667 Verbum,
3406 1621 3515 1670 ,na-

1928 1698 2039 1743 tum
2068 1689 2262 1755 divine,
2292 1698 2347 1753 et
2372 1705 2436 1744 ex
2467 1691 2690 1745 muliere
2718 1692 2969 1756 humane,
2994 1702 3052 1745 ut
3072 1693 3342 1748 hominem
3368 1713 3379 1746 :
3406 1711 3512 1749 non

246 1791 485 1846 Christus
514 1792 590 1844 ait
636 1788 703 1843 ad
744 1787 1002 1857 populum
1043 1783 1348 1838 Iudaeorum
1387 1799 1399 1833 :
1455 1780 1557 1835 νο*
1587 1779 1823 1832 deorsum
1860 1786 1898 1845 Β
1929 1790 2199 1851 tamquam
2229 1790 2287 1838 ut
2309 1769 2455 1856 ’[Βαι.
2490 1783 2585 1855 in]
2628 1784 2923 1839 secundum
2951 1785 3261 1840 substantia:
3304 1788 3512 1841 initium

244 1886 384 1948 estis,
414 1902 505 1953 ego
536 1883 752 1951 desuper
785 1896 897 1933 sum
943 1879 1130 1947 (Joan.
1182 1892 1291 1939 vm,
1320 1873 1391 1927 εδ
1412 1873 1450 1941 ).
1493 1872 1560 1926 Et
1594 1887 1778 1926 rursus
1810 1889 1822 1923 :

248 1974 358 2045 Ego
387 1992 489 2029 non
518 1990 628 2027 sum
648 1988 712 2025 ea:
739 1972 833 2024 hoc
862 1968 1051 2023 mundo
1075 1966 1251 2039 (Joan.
1276 1982 1384 2030 xw,
1410 1963 1521 2035 16),
1552 1964 1678 2019 licet
1704 1976 1829 2032 pars

253 2066 437 2119 mundi
465 2066 603 2118 sicut
642 2063 804 2117 homo
825 2067 1161 2129 nuncupatus
1188 2059 1284 2123 sit;
1314 2058 1407 2112 sed
1435 2064 1551 2111 erat
1578 2071 1699 2110 cum
1726 2056 1831 2110 hoc

251 2172 466 2226 quoque
518 2170 676 2225 supra
706 2153 962 2207 mundum
1011 2160 1071 2205 ut
1116 2152 1276 2205 Deus.
1318 2148 1654 2204 Meminimus
1686 2147 1828 2201 enim

249 2246 410 2315 plane
436 2246 664 2300 dicentis
695 2262 707 2297 :
742 2244 809 2297 Et
844 2260 990 2296 nemo
1027 2242 1259 2295 ascendit
1285 2242 1340 2294 in
1386 2240 1584 2303 caelum,
1615 2240 1717 2293 nisi
1746 2238 1831 2310 qui

249 2336 509 2390 descendit
528 2336 590 2389 de
610 2334 732 2389 cmlo
753 2332 923 2387 Filius
944 2334 1164 2387 hominis
1189 2332 1365 2402 (Joan.
1381 2347 1455 2395 Ill,
1482 2330 1591 2399 l5).
1608 2330 1827 2383 Descen-

249 2426 392 2479 disse
411 2434 589 2479 autem
614 2425 838 2479 dicimus
862 2423 929 2479 de
951 2424 1089 2479 coelo
1106 2423 1297 2477 Filium
1324 2422 1574 2485 hominis,
1598 2436 1695 2491 per
1713 2420 1832 2474 uni-

252 2525 416 2568 tatem
437 2516 903 2585 dispensatoriam,
926 2513 1103 2568 Verbo
1126 2513 1393 2567 tribuente
1420 2513 1653 2581 propria:
1683 2511 1832 2566 carni

252 2605 435 2673 gloriae
461 2620 569 2660 suae
597 2614 650 2660 et
680 2604 872 2660 divina
900 2604 1198 2673 majestatis
1216 2603 1609 2659 claritudinem.

873 2737 1101 2793 CAPUT
1140 2738 1202 2792 V.

330 2849 494 2914 Quam
514 2850 575 2905 ob
598 2868 807 2905 causam
833 2852 1152 2905 exinanitum
1181 2850 1368 2903 dicitur
1389 2848 1487 2903 Dei
1520 2847 1759 2903 Verbum.

330 2964 549 3018 Plenum
570 2964 863 3019 secundum
892 2972 1155 3027 naturam,
1187 2971 1241 3018 et
1278 2978 1345 3018 ex
1365 2962 1512 3017 omni
1537 2971 1689 3031 parte
1712 2978 1834 3030 per-

260 3054 453 3109 fectum
483 3054 649 3108 Deum
673 3054 924 3119 Verbum,
955 3062 1011 3109 et
1038 3054 1362 3109 distribuens
1390 3069 1456 3108 ex
1481 3069 1574 3107 sua
1603 3054 1835 3123 plenitu-

256 3147 382 3199 dine
410 3146 549 3200 bona
578 3161 674 3199 sua
715 3152 995 3210 creaturae,
1026 3159 1092 3199 eo
1120 3144 1263 3213 quod
1292 3145 1365 3197 ait
1396 3161 1409 3196 :
1442 3143 1725 3213 Effundam
1774 3143 1836 3197 de
1865 3142 1907 3205 C

257 3239 442 3308 spiritu
468 3254 579 3291 meo
608 3254 759 3308 super
797 3253 995 3290 omnem
1018 3252 1221 3289 carnem
1250 3234 1401 3306 (Isai.
1427 3251 1569 3299 κων,
1601 3235 1677 3303 5).
1706 3234 1833 3288 Exi-

263 3329 496 3382 nanitum
510 3328 753 3392 dicimus;
772 3327 902 3381 nihil
919 3328 971 3380 in
986 3334 1177 3381 natura
1196 3327 1413 3396 propria
1424 3326 1696 3388 violatum,
1716 3340 1831 3387 nec,

260 3427 311 3471 ut
347 3418 503 3471 aliter
527 3432 586 3472 se
614 3418 856 3483 haberet,
907 3423 1297 3471 commutatum
1323 3456 1337 3479 ,
1370 3430 1469 3470 nec
1505 3414 1724 3469 inferius
1770 3430 1837 3468 ex

261 3509 368 3562 ulla
390 3517 541 3576 parte
562 3508 759 3562 factum
786 3526 799 3561 :
834 3506 1238 3561 inconvertibile
1266 3506 1407 3559 enim
1436 3514 1490 3558 et
1512 3505 1838 3559 immutabile

253 3606 338 3653 est
367 3599 539 3667 ipsum
559 3613 790 3666 quoque,
822 3597 960 3650 sicut
987 3602 1041 3650 et
1062 3604 1347 3664 generator
1368 3593 1589 3663 ipsius,b
1611 3601 1665 3647 et
1685 3610 1839 3648 num-

252 3704 418 3758 quam
442 3688 538 3742 fuit
566 3688 831 3757 passionis
852 3687 1009 3741 ullius
1028 3702 1217 3755 capax.
1243 3685 1467 3751 Quando
1494 3700 1624 3739 vero
1643 3683 1839 3738 factum

256 3780 360 3833 fuit
379 3795 525 3843 caro,
556 3780 609 3833 id
639 3789 741 3843 est,
772 3780 954 3843 homo,
978 3778 1323 3832 humanitatis
1338 3784 1708 3847 paupertatem
1723 3791 1843 3845 pro-

254 3872 433 3941 priam
458 3871 725 3942 sibil'ecit.
752 3871 1006 3935 Prinmm,
1031 3871 1175 3938 quod
1196 3870 1361 3924 semel
1380 3869 1544 3923 homo
1569 3868 1840 3932 sitfactus,

253 3962 366 4015 etsi
395 3963 710 4016 remanserit
730 3962 871 4016 Deus
897 3979 908 4012 :
940 3960 1131 4014 deinde
1159 3960 1302 4028 quod
1331 3960 1471 4014 servi
1500 3958 1725 4014 formam
1754 3974 1842 4013 ac-

251 4052 481 4121 ceperit,
512 4053 601 4120 qui
626 4053 916 4107 secundum
945 4067 1091 4106 suam
1114 4060 1357 4106 naturam
1378 4053 1513 4106 liber
1534 4060 1632 4117 est,
1657 4059 1843 4121 utpote

252 4144 447 4198 Filius.
468 4144 638 4212 Atque
660 4145 732 4198 ita
763 4160 883 4198 cum
904 4145 1096 4213 sitipse
1125 4144 1306 4211 gloriae
1328 4144 1601 4210 Dominus,
1619 4144 1841 4211 gloriam

247 4237 460 4291 dicitur
489 4237 760 4305 accipere;
792 4253 913 4291 cum
944 4237 1011 4289 sit
1035 4236 1147 4305 ipse
1167 4238 1294 4301 vita,
1327 4235 1578 4291 viviﬁcari
1607 4236 1846 4305 perhibe-

246 4336 369 4387 tur,
403 4334 457 4378 et
487 4326 537 4379 in
556 4341 743 4381 omnes
770 4327 965 4395 accipit
992 4334 1337 4396 potestatem,
1369 4343 1486 4381 cum
1510 4328 1578 4381 sit
1608 4328 1719 4396 ipse
1748 4341 1844 4381 rex

246 4416 536 4481 onmium;
571 4427 592 4455 ο
625 4432 853 4484 cumque
886 4417 994 4471 Deo
1037 4418 1106 4471 sit
1141 4418 1360 4487 mqualis
1390 4417 1554 4481 Patri,
1588 4418 1844 4472 obediens

1930 1883 2179 1928 vocatum
2217 1881 2345 1929 tunc
2374 1890 2494 1929 cum
2522 1876 2813 1931 secundum
2850 1892 3069 1948 carnem
3105 1878 3300 1933 dicitur
3326 1888 3510 1944 natus;

1930 1966 2024 2019 sed
2053 1973 2236 2021 natum
2255 1968 2470 2036 quidem
2493 1976 2617 2024 ante
2639 1971 2818 2025 omnia
2839 1971 3052 2037 smcula,
3079 1972 3310 2027 instante
3336 1980 3514 2027 tamen

1932 2063 2202 2126 tempore,
2233 2073 2341 2126 quo
2379 2059 2638 2115 debuerat
2666 2060 2887 2131 implere
2915 2062 3389 2132 dispensationem,
3418 2082 3515 2119 na-

1930 2155 2043 2199 tum
2074 2148 2237 2201 etiam
2258 2163 2326 2202 ex
2354 2150 2577 2204 muliere
2605 2152 2900 2206 secundum
2927 2168 3161 2207 carnem.
3202 2153 3390 2225 [Ergo,
3415 2158 3517 2211 etsi

1932 2236 2022 2289 alii
2043 2237 2201 2291 simili
2224 2238 2579 2307 appellatione
2600 2241 2775 2295 vocati
2796 2249 2918 2294 sunt
2937 2243 3153 2308 Christi,
3180 2260 3316 2299 unus
3337 2253 3517 2299 tamen

1933 2334 2015 2380 est
2032 2341 2128 2396 per
2148 2343 2308 2395 quem
2330 2329 2507 2383 omnia
2526 2371 2540 2395 ,
2582 2328 2738 2385 Jesus
2761 2330 3035 2398 Christus;
3069 2349 3175 2387 non
3192 2333 3332 2402 quod
3364 2334 3513 2406 [Bal.

1933 2416 2055 2469 add.
2077 2418 2258 2490 homo]
2289 2419 2357 2473 sit
2382 2418 2553 2474 factus
2575 2419 2756 2490 Opifex
2786 2421 3071 2493 omnium]
3101 2424 3192 2477 sed
3210 2424 3353 2492 quod
3376 2424 3521 2480 Deus

1933 2508 2168 2563 Verbum
2202 2527 2214 2561 :
2248 2510 2353 2564 Per
2372 2529 2517 2582 quem
2539 2515 2713 2567 omnia
2742 2516 2882 2584 facta
2915 2524 3052 2581 sunt,
3081 2517 3317 2569 similiter
3336 2533 3396 2569 ac
3425 2534 3523 2571 nos

1934 2603 2259 2671 participarit
2304 2606 2447 2657 carni
2473 2613 2521 2656 et
2547 2606 2790 2674 sanguini
2831 2606 2849 2674 (
2875 2604 3007 2659 Heb.
3042 2622 3101 2670 ιι,
3145 2607 3209 2661 14
3229 2608 3275 2677 ),
3300 2615 3354 2661 et
3383 2624 3520 2662 nun-

1933 2701 2158 2761 cupatus
2186 2694 2257 2748 sit
2286 2697 2465 2760 homo,
2518 2711 2621 2749 non
2664 2704 2842 2750 tamen
2872 2697 3164 2766 perdiderit
3195 2714 3343 2764 esse,
3374 2699 3518 2767 quod

1934 2793 2051 2838 erat
2077 2802 2088 2836 :
2125 2785 2199 2839 ita
2229 2786 2372 2839 enim
2402 2794 2457 2840 et
2489 2786 2542 2840 in
2576 2801 2739 2841 carne
2784 2786 2955 2842 factus
2984 2788 3298 2857 intelligitur
3326 2790 3527 2844 merito

1935 2877 2112 2947 opifex
2143 2879 2402 2933 omnium.

2533 2950 2761 3006 CAPUT
2800 2951 2911 3005 νη.

2269 3038 2534 3103 Quomodo
2565 3058 2695 3095 unus
2724 3051 2800 3095 est
2833 3041 3161 3095 Emmanuel.

2012 3152 2215 3225 (Batus.
2242 3154 2363 3207 add.
2390 3154 2588 3227 Semel]
2624 3155 2937 3211 Novissimis
2970 3155 3177 3211 sarculis
3212 3156 3355 3212 Deus
3393 3157 3523 3230 [Ba-

1938 3246 2040 3300 lus.
2066 3244 2186 3316 Dei]
2202 3246 2427 3301 Verbum
2452 3249 2615 3303 homo
2640 3248 2836 3303 dicitur
2858 3248 3243 3320 factusiBaluz.
3270 3247 3516 3320 factum},

1938 3347 2013 3403 et,
2037 3340 2174 3393 sicut
2197 3339 2272 3392 ait
2299 3339 2508 3394 divinus
2535 3339 2752 3405 Paulus,
2782 3358 2872 3413 per
2898 3342 3213 3411 sacrificium
3240 3357 3387 3394 suum
3408 3358 3521 3395 ma-

1940 3430 2213 3499 nifestatus
2235 3438 2310 3481 est
2341 3429 2528 3499 (Hebr.
2561 3447 2634 3495 ix,
2665 3431 2775 3500 27).
2816 3432 2882 3485 Et
2908 3432 3181 3501 quodnam
3207 3438 3288 3487 est
3317 3432 3522 3487 sacriﬁ-

1939 3519 2116 3572 cium?
2147 3518 2309 3573 Suum
2334 3522 2473 3573 enim
2501 3538 2685 3591 corpus
2716 3522 2896 3577 obtulit
2924 3541 3016 3594 pro
3056 3524 3199 3578 nobis
3237 3526 3290 3579 in
3313 3524 3522 3579 odorem

1938 3613 2207 3665 suavitatis
2234 3611 2337 3666 Deo
2366 3622 2414 3665 et
2444 3613 2611 3673 Patri,
2636 3624 2686 3666 et
2704 3616 2914 3668 intravit
2941 3617 2993 3668 in
3016 3626 3197 3669 sancta
3217 3618 3394 3683 semel,
3419 3634 3531 3671 non-

1942 3719 2034 3772 per
2064 3705 2363 3773 sanguinem
2399 3703 2679 3768 hircorum,
2717 3714 2803 3757 aut
2834 3714 3118 3771 taurorum,
3141 3708 3233 3760 sed
3253 3725 3343 3777 per
3374 3725 3529 3760 suum

1941 3796 2262 3865 sanguinem.
2298 3794 2388 3849 Sic
2409 3797 2546 3848 enim
2569 3796 2889 3849 credentibus
2918 3798 2970 3848 in
2992 3814 3064 3861 se,
3091 3800 3442 3851 remissionem
3463 3800 3523 3850 in

1943 3896 2190 3941 aeternum
2226 3887 2544 3955 comparavit
2584 3885 2749 3956 (Eph.
2782 3902 2835 3950 v,
2865 3885 2929 3950 2;
2962 3885 3098 3940 Heb.
3129 3902 3198 3951 lx,
3231 3886 3350 3955 l3).
3385 3885 3527 3953 Ergo

1942 3978 2157 4048 plurimi
2196 3978 2412 4047 quidem
2451 3984 2576 4032 ante
2607 3977 2776 4046 ipsum
2812 3976 2981 4030 sancti
3021 3975 3202 4042 fuere;
3243 3976 3336 4030 sed
3364 3990 3526 4029 nemo

1916 4086 2128 4125 eorum
2163 4069 2477 4124 Emmanuel
2506 4069 2810 4124 nominatus
2838 4076 2936 4122 est.
2970 4066 3143 4133 Quam
3172 4067 3242 4121 ob
3269 4067 3526 4121 causam?

1944 4162 2188 4217 Nondum
2215 4162 2357 4216 enim
2400 4169 2619 4215 venerat
2656 4169 2866 4228 tempus
2894 4174 3002 4227 quo
3032 4158 3252 4213 deberet
3279 4172 3396 4212 esse
3425 4172 3526 4211 no-

1942 4253 2168 4319 hiscum,
2200 4252 2252 4307 id
2282 4261 2383 4315 est,
2424 4253 2478 4304 in
2523 4259 2758 4306 nostram
2788 4251 2972 4304 venire
3003 4258 3249 4303 naturam
3287 4263 3383 4319 per
3404 4263 3524 4302 car-

1945 4360 2088 4408 nem,
2130 4344 2174 4398 is
2202 4344 2293 4411 qui
2322 4349 2404 4397 est
2433 4342 2579 4396 omni
2620 4341 2865 4411 superior
2892 4350 3158 4395 creatura.
3192 4338 3343 4395 Unus
3370 4340 3530 4407 igitur

1947 4433 2283 4497 Emmanuel,
2316 4433 2482 4488 semel
2521 4433 2662 4487 enim
2692 4430 2860 4487 factus
2889 4440 2970 4486 est
2998 4434 3159 4487 homo
3190 4432 3525 4500 Unigenitus,

243 4509 361 4562 fuit
382 4524 593 4563 crucem
616 4526 820 4580 passus,
838 4520 893 4565 et
912 4521 1122 4566 caetera.
1141 4511 1337 4566 Verum
1357 4526 1477 4565 cum
1494 4512 1604 4565 haec
1628 4511 1842 4579 quidem
1877 4510 1922 4570 D
1948 4537 2076 4581 tunc
2096 4541 2217 4581 cum
2242 4540 2341 4595 per
2359 4532 2601 4579 sanctam
2622 4522 2892 4591 Virginem
2915 4522 3313 4590 generationem
3336 4536 3527 4574 carm-

246 4602 609 4657 humanitatis
632 4619 895 4657 mensurae
930 4607 1282 4667 conveniant,
1314 4621 1376 4659 ea
1408 4612 1584 4658 tamen
1614 4602 1842 4657 familia-

246 4696 343 4748 ria
373 4693 520 4747 ducit
565 4710 683 4749 esse
704 4711 823 4750 cum
850 4712 1043 4761 carne,
1076 4705 1133 4752 et
1159 4698 1343 4767 implet
1369 4696 1843 4768 dispensationem,

245 4800 487 4839 riianens
516 4786 661 4855 quod
687 4795 821 4842 erat.

896 4856 1124 4912 CAPUT
1146 4859 1232 4912 Vl.

412 4966 677 5029 Quomodo
699 4986 828 5024 unus
847 4980 921 5024 est
942 4970 1151 5043 [Baluz.
1180 4986 1286 5024 om.
1320 4969 1425 5040 est]
1452 4971 1700 5025 Christus.

342 5076 557 5132 Divinus
586 5079 784 5134 Paulus
803 5080 1019 5135 scribit:
1049 5079 1162 5133 Etsi
1186 5090 1304 5133 sunt
1333 5081 1404 5135 dii
1425 5082 1569 5135 multi
1585 5092 1633 5134 et
1652 5083 1847 5136 domini

241 5167 416 5221 multi
446 5169 498 5220 in
527 5170 671 5235 ctrlo,
693 5181 743 5224 et
762 5172 817 5224 in
858 5181 1023 5236 terra;
1052 5171 1143 5224 sed
1164 5172 1308 5224 nobis
1337 5188 1469 5224 unus
1498 5171 1635 5225 Deus
1665 5171 1843 5235 Pater,

240 5277 330 5314 ατ
354 5276 453 5329 quo
487 5265 661 5315 omnia
682 5300 698 5327 ,
719 5274 768 5317 et
797 5282 889 5319 nos
930 5283 994 5319 ea:
1021 5282 1112 5330 eo;
1157 5274 1205 5318 et
1243 5281 1372 5318 unus
1402 5264 1654 5318 Dominus
1699 5265 1847 5319 Jesus

242 5353 520 5417 Christus,
542 5350 793 5425 perquem
810 5359 1003 5422 omnia,
1021 5368 1069 5410 et
1092 5375 1182 5411 nos
1211 5375 1299 5427 per
1319 5374 1431 5412 eum
1452 5357 1492 5427 (l
1521 5356 1639 5411 Cor.
1736 5374 1807 5411 vn
1833 5399 1847 5422 ,

1948 4620 2051 4673 lem
2076 4632 2362 4688 perpessus
2384 4624 2482 4669 est.
2500 4615 2709 4669 Dictum
2735 4622 2818 4667 est
2837 4615 2978 4668 enim
3000 4620 3051 4665 et
3076 4611 3140 4665 ad
3161 4610 3341 4665 Jesum
3362 4609 3529 4662 ﬁlium

1947 4713 2093 4767 Nave
2123 4710 2328 4784 [Balura
2357 4726 2458 4764 om.
2492 4708 2657 4761 lilium
2680 4706 2849 4777 Nave]
2885 4725 2895 4758 :
2931 4704 3081 4769 Quod
3108 4721 3195 4757 ero
3228 4713 3386 4756 tecum
3418 4702 3531 4771 (Jac

1948 4822 2039 4859 sue
2059 4822 2094 4866 ι,
2129 4802 2204 4871 5).
2237 4807 2305 4856 At
2328 4818 2435 4856 non
2459 4808 2575 4856 erat
2598 4801 2686 4854 ille
2709 4799 3042 4853 Emmanuel.
3076 4796 3198 4850 Fuit
3227 4796 3387 4849 etiam
3410 4812 3530 4849 cum

1950 4895 2162 4965 Moyse;
2188 4893 2280 4947 sed
2312 4906 2411 4946 nec
2440 4891 2528 4945 ille
2557 4889 2872 4944 Emmanuel
2899 4889 3206 4942 nominatus
3234 4894 3335 4941 est.
3368 4885 3532 4954 Igitur

1950 4987 2161 5055 quoties
2191 4981 2436 5038 audimus
2465 4998 2660 5038 nomen
2692 4982 2825 5037 Filio
2863 4981 3046 5035 datum
3090 4995 3227 5043 esse,
3272 4979 3532 5032 nobiscum

1950 5078 2112 5142 Deus,
2157 5076 2432 5146 sapienter
2470 5076 2847 5142 intelligamus,
2889 5090 2997 5128 non
3040 5074 3113 5127 ita
3153 5073 3327 5142 ipsum
3371 5071 3533 5126 fuisse

1953 5172 2229 5225 nobiscum
2277 5168 2580 5223 novissimis
2619 5163 2966 5236 temporibus,
3019 5166 3159 5221 sicut
3197 5164 3393 5220 dicitur
3431 5162 3522 5217 ali-

1950 5262 2166 5333 quando
2214 5262 2375 5315 l'uisse
2404 5276 2525 5314 cum
2562 5260 2762 5314 sanctis
2805 5278 2816 5311 :
2861 5259 2965 5312 illis
2998 5258 3139 5312 enim
3182 5264 3297 5311 erat
3325 5264 3541 5309 tantum

1953 5356 2195 5425 adjutor;
2226 5354 2508 5408 nobiScum
2552 5361 2732 5406 autem
2762 5352 2878 5416 fuit,
2912 5351 2965 5405 id
2992 5357 3094 5415 est,
3129 5347 3298 5403 factus
3337 5354 3421 5401 est
3460 5347 3531 5398 si-

1427 5467 1972 5524 CAST!GATIONES
2011 5466 2096 5520 ET
2134 5463 2362 5520 NOTAE.

340 5584 365 5611 ³·
408 5574 585 5629 Balnz.
618 5595 627 5627 :
664 5576 783 5631 Non
806 5580 1043 5633 amittens
1066 5580 1398 5632 humanitatis
1421 5588 1658 5633 naturam
1680 5581 1729 5632 in
1752 5596 1843 5633 sua

244 5655 470 5719 ratione
485 5650 782 5719 perfectam.
810 5648 959 5703 Eutr.

337 5716 362 5752 δ
404 5716 607 5781 italus,
659 5728 706 5772 st
742 5736 1013 5788 numquam
1063 5720 1314 5785 passionis
1359 5719 1443 5777 ﬁet
1479 5736 1713 5782 umquam
1753 5737 1841 5773 ca-

1951 5595 2075 5648 pax.
2095 5575 2261 5648 Eutr.

2027 5660 2047 5688 ε
2090 5647 2292 5711 Baluz.,
2322 5663 2431 5700 tum
2461 5644 2569 5700 Deo
2600 5643 2819 5699 simulet
2846 5641 3021 5695 Patre.
3053 5640 3205 5695 Enn.
