3978 6188
453 319 576 377 Mli

953 310 1138 365 MAer
1180 304 1616 362 MERCATORIS
1655 299 2233 358 TRANSL.\Tl0NES
2274 298 2627 355 VARIORUM
2666 294 3196 354 OPUSCULORUM.

3579 294 3712 349 Ms

443 430 586 485 milis
616 429 803 493 nostri,
831 441 951 480 cum
989 438 1140 477 suam
1174 438 1281 475 non
1312 420 1575 474 amisisset
1619 424 1864 471 naturam
1903 434 1913 468 :
1948 423 2029 470 est
2060 420 2097 474 Λ
2137 412 2267 465 Nam
2294 413 2430 465 sicut
2451 426 2645 480 corpus
2667 410 2887 464 alterius
2915 416 2997 463 est
3018 416 3221 461 natm-te
3241 413 3436 476 praeter
3455 406 3707 471 animam,

447 526 587 578 enim
611 517 1050 579 inconvertibilis,
1077 524 1132 568 ut
1154 514 1316 567 Deus.

1034 644 1263 700 CAPUT
1301 643 1434 698 Vlll.

730 760 895 826 Quam
938 778 1046 815 csse
1084 759 1318 813 ducimus
1346 758 1735 811 adunationcm.

512 910 539 938 ⁸·
570 900 837 955 Adunatio
866 896 1044 951 multis
1088 894 1261 949 modis
1301 893 1553 962 impletur
1579 908 1590 943 :
1624 889 1850 958 sejuncti
1880 890 2021 943 enim

443 993 682 1049 nonnulli
722 990 915 1045 affectu
943 989 1027 1043 vel
1069 987 1363 1052 voluntate,
1396 994 1451 1040 et
1479 984 1848 1039 discordantes
1887 983 2025 1035 inter

442 1099 521 1149 se,
554 1081 775 1137 adunari
805 1080 1072 1143 dicuntur,
1104 1092 1198 1147 per
1224 1076 1717 1131 reconciliationem
1744 1074 2019 1133 socialem,

439 1177 684 1246 deposita
736 1173 1024 1228 simultate.
1083 1170 1322 1225 Adunari
1361 1170 1490 1222 item
1531 1167 1756 1220 dicimus
1803 1181 1865 1219 ea
1906 1180 2023 1233 quae

441 1269 541 1322 sibi
564 1266 1013 1334 conglutinantur,
1046 1265 1159 1317 sive
1185 1262 1356 1316 modis
1386 1260 1502 1313 aliis
1530 1257 1895 1322 conferuntur,
1932 1264 2024 1309 aut

441 1374 537 1427 per
558 1357 1021 1425 cmnpositionem,
1055 1361 1146 1407 aut
1172 1368 1269 1423 per
1297 1352 1628 1413 mixtionem,
1655 1357 1747 1402 aut
1766 1364 1861 1418 per
1890 1356 2023 1402 tem—

441 1449 794 1518 perationem.
840 1446 1064 1510 Quoties
1102 1452 1283 1499 autem
1322 1444 1614 1497 adunatam
1664 1456 1782 1495 esse
1828 1449 2023 1493 nostrze

444 1546 647 1591 natura:
687 1536 782 1590 Dei
820 1536 1055 1591 Verbum
1095 1535 1341 1597 dicimus,
1386 1534 1531 1587 omni
1561 1533 1791 1586 humana
1819 1532 2022 1600 cogita-

442 1631 589 1684 tione
628 1630 966 1684 adunationis
995 1628 1110 1697 ejus
1143 1628 1333 1681 modus
1356 1627 1567 1681 videtur
1598 1640 1715 1680 esse
1754 1625 2017 1694 superior.

441 1723 626 1791 Neque
654 1722 795 1775 enim
836 1738 932 1791 per
959 1736 1119 1791 supra
1148 1721 1376 1789 scriptos
1414 1719 1602 1773 modos
1640 1717 1779 1771 facta
1820 1723 1901 1771 est
1931 1732 2019 1769 ar-

442 1831 575 1869 cana
596 1814 706 1879 illa,
732 1822 785 1868 et
808 1814 938 1867 nulli
960 1814 1173 1882 penitus
1193 1822 1339 1878 nota,
1365 1810 1464 1865 nisi
1498 1811 1549 1865 ei
1577 1810 1661 1864 cui
1692 1809 1871 1862 omnia
1893 1815 2019 1861 nota
2058 1791 2098 1848 Β
2124 1775 2383 1882 δ¹ίξ²ξ¹¹¹¹¹ῗ²

442 1913 585 1968 sunt,
619 1905 748 1958 unio
777 1904 981 1975 [Baluz.
1008 1920 1107 1957 om.
1140 1902 1311 1974 UliiO].

513 1997 581 2051 Et
609 1997 739 2051 nihil
768 1998 983 2061 mirum,
1006 1996 1049 2049 si
1078 1996 1132 2049 in
1156 1993 1455 2063 hujusmodi
1486 1992 1814 2061 cogitatione
1838 1992 2023 2046 vinca-

446 2104 581 2152 mur,
610 2104 732 2143 cum
763 2104 850 2143 res
898 2094 1127 2151 nostras,
1160 2086 1433 2155 quomodo
1462 2100 1519 2139 se
1548 2086 1801 2149 habeant,
1846 2083 2016 2152 inqui-

443 2188 641 2245 rentcs,
690 2180 829 2234 ultra
851 2179 1066 2233 modum
1093 2186 1287 2233 nostra:
1306 2177 1499 2231 mentis
1522 2176 1883 2230 inventionem
1905 2189 2023 2229 esse

443 2270 821 2337 conliteamur;
852 2284 1193 2338 quonamque
1223 2268 1383 2322 modo
1404 2268 1636 2321 animam
1664 2264 1896 2319 hominis
1923 2278 2021 2317 suo

442 2364 657 2433 corpori
680 2362 967 2416 adunatam
1002 2376 1119 2416 esse
1150 2368 1412 2430 putemus.
1447 2357 1576 2424 Quis
1601 2356 1795 2425 estqui
1827 2355 1876 2409 id
1904 2370 2028 2424 pos-

444 2457 513 2510 sit
535 2455 873 2525 exprimere?
913 2453 1019 2508 Sed
1048 2454 1093 2507 si
1132 2458 1349 2521 oportet
1375 2465 1487 2511 eos,
1520 2450 1610 2517 qni
1643 2463 1806 2517 parva
1842 2462 1905 2501 ea
1936 2446 2024 2499 vix

444 2547 740 2614 intelligere
778 2545 1018 2608 soleant;
1051 2545 1213 2597 immo
1242 2549 1296 2597 et
1323 2556 1417 2595 eos
1443 2540 1534 2609 qui
1564 2539 1776 2592 valeant
1828 2537 2025 2590 intelli-

444 2651 587 2704 gere,
623 2644 729 2689 tam
762 2634 984 2689 subtiles
1014 2648 1100 2688 res
1127 2641 1182 2686 et
1209 2646 1422 2686 omnem
1460 2631 1723 2685 rationem
1753 2637 2028 2681 transcen-

445 2726 635 2780 dentes
686 2724 991 2792 conjectare
1033 2742 1045 2774 :
1092 2722 1317 2775 dicimus
1366 2721 1509 2789 quod
1558 2720 1746 2773 deceat
1789 2718 2027 2785 cogitare

448 2817 717 2887 (quamvis
766 2816 943 2869 minor
970 2815 1040 2867 sit
1069 2812 1245 2867 oratio
1284 2812 1349 2864 ad
1378 2810 1681 2879 veritatem)
1712 2810 1872 2862 talem
1910 2822 2028 2861 esse

447 2908 829 2962 adunationem
861 2904 1026 2973 ipsius
1060 2903 1395 2967 Emmanuel,
1423 2902 1635 2969 qualem
1665 2900 1787 2968 quis
1823 2899 2025 2953 intelli-

447 3008 537 3067 gat
557 2998 787 3052 animam
808 2995 1041 3049 hominis
1070 2994 1137 3048 ad
1165 3009 1320 3047 suum
1350 3008 1545 3062 corpus
1567 2993 1782 3044 habere.
1815 2988 1865 3062 [δ
1896 2990 2026 3043 Ani-

448 3104 535 3142 ma
567 3087 708 3142 enim
739 3086 918 3141 omnia
946 3099 1065 3154 quae
1093 3091 1217 3139 sunt
1244 3084 1505 3153 corporis,
1528 3097 1645 3136 esse
1667 3089 1879 3151 reputat
1907 3096 2022 3144 sua,

448 3179 573 3233 licet
602 3193 697 3247 per
726 3146 978 3229 naturam.
1005 3175 1277 3245 propriam
1305 3146 1499 3243 expers
1538 3171 1608 3225 sit
1641 3182 1661 3210 ο
1692 3146 2030 3241 passionibus
2057 3160 2101 3219 C

448 3267 707 3337 corporis,
724 3274 778 3320 et
801 3265 1150 3329 naturalibus,
1169 3271 1224 3317 et
1241 3278 1360 3331 qua:
1382 3262 1712 3316 extrinsecus
1734 3260 2022 3314 accedunt:

450 3366 696 3414 movetur
717 3358 859 3412 enim
882 3372 1077 3425 corpus
1099 3356 1152 3409 in
1173 3354 1635 3423 concupiscentias
1659 3353 1948 3416 naturales,
1974 3362 2029 3407 et

452 3449 721 3504 consentit
741 3447 939 3510 anima,
962 3455 1017 3499 et
1039 3446 1186 3499 nullo
1208 3445 1331 3499 licet
1352 3443 1514 3499 modo
1534 3444 1878 3514 participans,
1903 3459 2031 3497 con—

452 3537 796 3607 cupiscentice
841 3544 1020 3589 tamen
1062 3535 1265 3589 exitum
1308 3535 1721 3590 delectationem
1758 3535 2030 3603 prOpriam

452 3629 616 3684 ducit.
650 3628 717 3682 Et
744 3630 785 3683 si
814 3626 953 3682 forte
981 3626 1122 3682 ferro
1151 3642 1346 3697 corpus
1369 3626 1575 3699 [_Balnz.
1600 3642 1630 3679 a
1659 3642 1756 3681 suo
1781 3624 2030 3697 corpore]

452 3721 804 3793 percutiatur,
859 3728 952 3772 aut
995 3726 1324 3786 torqueatur,
1367 3717 1620 3772 condolet
1665 3716 1752 3770 illa
1795 3717 2029 3785 quidem,

454 3811 596 3881 quod
626 3826 779 3865 suum
799 3824 995 3879 corpus
1023 3809 1256 3879 patiatur
1287 3826 1298 3861 :
1331 3808 1448 3879 ipsa
1485 3823 1615 3862 vero
1636 3808 1690 3861 in
1720 3823 1814 3861 sua
1840 3814 2034 3861 natura

456 3903 656 3957 nullum
696 3903 898 3972 patitur
927 3900 1145 3955 omnino
1188 3906 1530 3954 tormentum.

527 3994 728 4048 Tamen
766 4008 929 4061 super
955 3992 1058 4045 hoc
1089 4005 1306 4059 quoque
1339 3990 1563 4044 dicimus
1603 4003 1723 4044 esse
1751 3988 2034 4043 adunatio-

457 4099 601 4150 nem,
642 4097 762 4152 quae
790 4095 873 4136 est
912 4082 964 4134 in
995 4080 1343 4135 Emmanuele
1383 4079 1524 4133 facta
1556 4097 1567 4131 :
1600 4087 1716 4133 erat
1754 4079 1897 4133 enim
1939 4094 2036 4133 ne-

458 4191 609 4231 cesse
636 4191 755 4231 cum
781 4190 880 4230 suo
919 4188 1147 4243 corpore
1175 4172 1459 4227 adunatam
1489 4171 1540 4226 ei
1570 4172 1801 4225 animam
1832 4170 2036 4235 dolere,

459 4268 485 4307 ἀ
509 4278 568 4323 ut
593 4268 720 4322 dum
748 4269 971 4322 timebat
995 4266 1302 4336 passiones,
1346 4264 1613 4319 subditam
1639 4264 1901 4318 cervicem
1928 4262 2040 4317 Deo

458 4360 817 4414 submitteret.
867 4358 943 4412 De
965 4357 1075 4412 Deo
1098 4365 1277 4412 autem
1297 4354 1498 4419 Verbo,
1520 4354 1813 4410 condolere
1833 4353 2040 4423 passio-

460 4450 616 4504 nibus
639 4447 786 4502 nefas
807 4459 888 4503 est
917 4447 1095 4501 dicere
1121 4465 1133 4499 :
1158 4446 1499 4516 impassibilis
1524 4445 1667 4499 enim
1698 4444 1838 4498 Deus
1859 4451 1960 4509 est,
1985 4453 2039 4498 et

458 4547 764 4595 nostrarum
784 4553 965 4592 rerum
994 4538 1153 4605 longe
1180 4536 1479 4599 dissimilis;
1512 4535 1606 4589 sed
1628 4534 1895 4590 adunatus
1921 4535 2039 4603 qui—
2069 4522 2116 4582 D

459 4631 581 4686 dem
618 4637 737 4683 erat
771 4629 919 4684 carni
962 4628 1179 4683 habenti
1218 4627 1451 4680 animam
1492 4625 1886 4689 rationabilem,
1931 4640 2034 4693 qua

459 4727 697 4796 patiente
740 4725 853 4795 ipse
883 4721 1242 4793 impassibilis,
1286 4734 1348 4773 ea
1376 4732 1498 4786 quae
1536 4719 1728 4772 anima:
1757 4720 2039 4787 continge-

457 4827 597 4885 rent,
625 4818 1005 4885 cognoscebat,
1033 4821 1087 4869 et
1112 4810 1475 4869 contundebat
1511 4811 1747 4879 quidem,
1780 4820 1839 4864 ut
1876 4810 2036 4873 Deus,

456 4911 633 4966 carnis
674 4910 1044 4971 inﬁrmitates;
1092 4920 1217 4961 suas
1265 4911 1442 4957 tamen
1490 4917 1602 4967 eas,
1647 4910 1918 4969 tamquam
1958 4902 2038 4954 sui

456 5003 720 5072 corporis,
752 5017 871 5055 esse
900 4999 1151 5054 ducebat.
1182 4995 1365 5064 Itaque
1395 4995 1646 5049 esuriisse
1675 4994 1890 5059 dicitur,
1925 4995 2037 5046 fati-

456 5102 612 5162 gatus
637 5109 776 5158 esse,
812 5110 999 5163 passus
1028 5092 1191 5145 fuisse
1227 5106 1325 5161 pro
1366 5090 1539 5145 nobis.

529 5183 670 5251 Ergo
700 5183 861 5238 Verbi
890 5183 1163 5246 adunatio,
1194 5197 1312 5251 quae
1341 5189 1421 5237 est
1449 5198 1571 5237 cum
1598 5181 1931 5235 humanitate
1959 5179 2037 5231 la~

456 5281 561 5340 cta,
603 5290 710 5329 non
752 5274 1190 5329 irrationabiliter
1230 5275 1388 5329 rebus
1425 5274 1630 5328 nostris
1671 5280 2038 5342 comparetur.

2128 514 2182 559 et
2212 520 2350 558 unus
2375 511 2554 558 tamen
2583 519 2650 557 ex
2672 511 2905 571 utroque
2934 504 3096 557 homo
3126 501 3359 556 efficitur
3379 510 3433 555 et
3453 510 3706 566 vocatur,

2128 597 2198 649 ita
2230 595 2391 649 etiam
2426 610 2493 649 ex
2521 594 2762 664 perfecta
2792 594 2890 648 Dei
2929 594 3094 648 Verbi
3123 593 3473 647 subsistentia
3504 592 3704 663 [Balu:.

2126 687 2441 758 substantia]
2487 696 2542 741 et
2564 702 2627 741 ex
2658 688 2994 741 humanitate
3021 686 3260 756 perfecta
3282 702 3421 739 unus
3448 695 3531 739 est
3552 684 3707 738 Chri-

2126 789 2259 841 stus,
2285 779 2423 832 idem
2454 779 2505 830 in
2529 778 2719 832 eodem
2741 778 2883 832 Deus
2904 777 3063 832 simul
3092 786 3145 831 et
3168 778 3364 841 homo;
3398 784 3453 830 et
3473 790 3570 830 sua
3590 777 3705 843 qui-

2125 868 2247 922 dem
2276 867 2422 921 ducit
2454 867 2598 921 Deus
2626 866 2881 931 Verbum,
2922 875 2981 920 ut
3018 877 3144 920 ante
3180 867 3311 932 dixi,
3344 881 3408 920 ea
3438 880 3559 933 quae
3588 873 3707 917 sunt

2126 960 2303 1014 carnis
2335 960 2573 1028 propria,
2613 960 2737 1028 quia
2768 960 2939 1028 ipsius
2970 968 3051 1013 est
3079 975 3297 1028 corpus,
3334 974 3440 1012 non
3470 958 3701 1010 alterius.

2125 1050 2447 1106 Communes
2468 1059 2647 1104 autem
2673 1049 2797 1104 facit
2828 1057 3100 1118 tamquam
3123 1065 3243 1104 cum
3264 1064 3359 1103 sua
3382 1063 3543 1103 carne
3571 1048 3704 1101 divi-

2128 1157 2208 1196 nte
2236 1157 2346 1195 sua:
2374 1140 2670 1209 majestatis
2699 1142 3067 1211 operationes,
3099 1150 3157 1196 ut
3180 1150 3365 1211 posset
3384 1142 3550 1196 etiam
3574 1142 3700 1194 vivi-

2127 1233 2284 1289 licare
2312 1243 2575 1300 mortuos,
2610 1242 2663 1288 et
2690 1249 2880 1288 sanare
2910 1234 3166 1289 infirmos.

2732 1367 2960 1423 CAPUT
2998 1368 3089 1422 IX.

2739 1478 2817 1533 De
2843 1478 3081 1534 carbone.

2198 1604 2219 1631 ε
2238 1595 2306 1647 At
2326 1595 2370 1649 si
2396 1594 2645 1649 convenit
2664 1594 2926 1664 exemplis
2972 1593 3133 1647 etiam
3163 1591 3353 1647 divinae
3399 1591 3698 1661 Scriptum,

2124 1686 2275 1754 quasi
2325 1701 2420 1755 per
2466 1684 2712 1753 figuram,
2745 1685 3125 1739 adunationem
3152 1684 3557 1743 demonstrare;
3589 1700 3699 1752 age,

2417 1784 2475 1829 ut
2503 1791 2807 1844 possumus.
2840 1775 3037 1830 Beatus
3063 1774 3243 1836 lsaias,
3276 1774 3471 1828 Missus
3510 1784 3605 1837 est,
3635 1776 3704 1828 iu-

2128 1866 2260 1934 quit,
2294 1867 2363 1918 ad
2415 1883 2497 1920 me
2524 1882 2654 1918 unus
2701 1883 2766 1919 ea:
2796 1866 3093 1935 Seraphim,
3140 1874 3189 1919 et
3226 1868 3281 1918 in
3310 1881 3469 1918 manu
3497 1863 3703 1917 habebat

2127 1957 2419 2019 carbonem,
2451 1973 2596 2027 quem
2641 1958 2836 2027 forcipe
2882 1958 3077 2025 accepit
3104 1955 3167 2008 ab
3197 1956 3374 2019 altari,
3404 1966 3453 2008 et
3482 1957 3614 2008 venit
3639 1955 3702 2006 ad

2128 2064 2226 2112 me,
2260 2056 2310 2100 et
2351 2049 2518 2117 tetigit
2545 2045 2683 2100 labia
2712 2064 2844 2111 mea,
2876 2057 2924 2100 et
2951 2046 3084 2100 dixit
3125 2047 3194 2099 ad
3239 2063 3318 2098 me
3347 2063 3362 2097 :
3391 2044 3523 2097 Ecce
3552 2045 3704 2113 tetigit

2128 2142 2223 2195 hoc
2252 2139 2390 2194 labia
2422 2150 2527 2204 tua,
2580 2150 2630 2193 et
2666 2140 2859 2193 adimet
2907 2140 3200 2210 iniquitates
3231 2146 3367 2201 tuas,
3415 2148 3467 2189 et
3505 2146 3704 2199 peccata

2130 2246 2219 2289 tua
2246 2233 2542 2305 repurgabit
2570 2233 2725 2304 (Isai.
2758 2251 2829 2299 vi,
2860 2232 2936 2304 6).
2960 2232 3262 2287 Carbonem
3288 2240 3467 2285 autem
3488 2230 3705 2286 dicimus

2128 2325 2350 2392 figuram
2384 2333 2437 2378 et
2464 2324 2749 2392 imaginem
2797 2323 2953 2377 nobis
2996 2322 3251 2377 exhibere
3280 2321 3442 2375 Verbi
3483 2320 3703 2374 hominis

2129 2419 2255 2474 facti
2289 2438 2301 2471 :
2329 2419 2494 2488 quod,
2525 2419 2568 2473 si
2600 2418 2740 2471 labia
2782 2426 2964 2471 nostra
2993 2415 3249 2483 tetigerit,
3272 2414 3325 2468 id
3352 2423 3455 2477 est,
3485 2414 3530 2466 si
3554 2412 3701 2466 fidem

2130 2509 2183 2563 in
2224 2510 2395 2578 ipsum
2427 2509 2656 2563 confessi
2686 2508 2962 2572 fuerimus,
2994 2516 3123 2561 tunc
3166 2521 3263 2560 nos
3292 2506 3361 2559 ab
3406 2505 3552 2558 omni
3582 2518 3701 2573 pec-

2130 2608 2249 2653 cato
2276 2616 2440 2669 puros
2469 2598 2652 2661 efficit,
2682 2608 2737 2652 et
2762 2598 2999 2667 pristinis
3026 2596 3339 2651 criminibus
3368 2595 3578 2649 liberat.

2200 2687 2465 2743 Caeterum
2512 2696 2784 2755 tamquam
2839 2689 2890 2741 in
2947 2687 3194 2754 imagine,
3244 2686 3368 2738 licet
3397 2685 3449 2737 in
3481 2684 3703 2737 carbone

2130 2781 2444 2849 conspicere
2483 2779 2773 2833 adunatum
2825 2779 3039 2846 quidem
3082 2776 3397 2830 humanitati
3442 2775 3536 2828 Dei
3576 2774 3705 2827 Vero

2128 2872 2273 2933 bum,
2307 2886 2415 2924 non
2446 2878 2622 2923 tamen
2672 2868 2980 2939 proiecisse,
3033 2865 3174 2934 quod
3206 2866 3396 2918 fuerat.
3425 2862 3703 2915 Transfor-

2128 2975 2303 3015 masse
2329 2967 2508 3013 autem
2530 2960 2699 3026 magis
2722 2964 3049 3025 assumptam
3074 2963 3322 3009 naturam
3350 2954 3400 3006 in
3425 2968 3577 3007 suam
3597 2952 3704 3019 glo-

2127 3053 2282 3117 riam,
2333 3059 2389 3104 et
2422 3050 2832 3119 operationem:
2891 3045 3341 3116 quemadmodum
3390 3044 3534 3097 enim
3578 3043 3705 3108 ignis

2155 3146 2278 3213 igno
2302 3142 2512 3208 allixus,
2546 3149 2600 3196 et
2641 3142 2694 3196 id
2733 3149 3041 3211 penetrans,
3072 3137 3482 3207 comprehendit
3500 3135 3706 3204 quidem

2130 3236 2325 3304 ipsum,
2357 3243 2411 3287 et
2438 3234 2682 3302 quamvis
2707 3232 2908 3299 lignum
2936 3245 3055 3285 esse
3086 3245 3191 3283 non
3231 3228 3464 3290 desinat,
3507 3225 3703 3298 [Βαιαι.

2132 3326 2255 3379 add.
2284 3325 2358 3395 in]
2391 3325 2496 3378 vim
2525 3332 2706 3377 tamen
2736 3338 2887 3377 suam
2928 3320 3269 3390 speciemque
3290 3324 3629 3378 transmutat,
3658 3324 3709 3368 et

2132 3431 2346 3472 omnem
2375 3431 2434 3470 se
2461 3414 2671 3470 confert
2700 3415 2755 3469 in
2784 3414 3004 3482 lignum,
3034 3422 3087 3466 et
3121 3426 3243 3467 cum
3284 3411 3402 3480 ipso
3424 3409 3536 3478 jam
3564 3409 3710 3476 quasi

2132 3525 2295 3564 unum
2337 3508 2554 3577 aliquod
2580 3508 2893 3569 testimatur,
2927 3506 3066 3559 idem
3108 3503 3345 3571 intellige
3384 3502 3454 3556 de
3480 3500 3708 3555 Christo.

2133 3598 2412 3654 Adunatus
2441 3599 2583 3653 enim
2608 3596 3045 3651 inaestimabiliter
3073 3594 3391 3648 humanitati
3422 3593 3582 3653 Deus,
3605 3606 3713 3645 ser-

2133 3692 2277 3747 vavit
2312 3691 2527 3760 quidem
2559 3690 2730 3759 ipsam
2766 3689 2820 3742 in
2849 3702 2935 3751 eo,
2964 3686 3110 3754 quod
3136 3685 3331 3748 fuerat,
3356 3690 3412 3737 et
3440 3684 3555 3752 ipse
3597 3696 3714 3751 per-

2134 3783 2350 3847 mansit,
2376 3782 2521 3851 quod
2542 3789 2687 3846 erat;
2713 3779 2880 3834 semel
2902 3787 3080 3831 tamen
3103 3777 3386 3839 adunatus,
3410 3775 3563 3843 quasi
3584 3787 3716 3826 unus

2130 3876 2243 3943 jam
2271 3890 2393 3929 cum
2422 3874 2535 3942 ipsa
2587 3880 2824 3943 putatur,
2867 3885 2952 3935 ea,
2983 3882 3103 3937 qua:
3149 3875 3277 3921 sunt
3322 3866 3483 3929 illius,
3514 3880 3609 3918 sua
3637 3862 3715 3916 fa-

2136 3966 2313 4030 ciens;
2345 3962 2630 4019 conferens
2668 3971 2847 4017 autem
2893 3961 2943 4015 ei
2991 3959 3152 4014 etiam
3202 3958 3317 4026 ipse
3362 3964 3570 4010 naturae
3613 3968 3719 4008 sua:

2137 4057 2524 4127 operationem.

2765 4122 2992 4180 CAPUT
3031 4121 3097 4176 X.

2148 4215 2297 4280 Quod
2325 4217 2663 4285 incorporalis
2694 4214 2979 4268 divinitatis
3022 4228 3207 4285 corpus
3248 4212 3387 4281 facta
3430 4210 3585 4285 fuerit
3610 4209 3722 4278 ipsa

2208 4303 2350 4350 caro,
2376 4279 2568 4339 habens
2602 4287 2831 4338 animam
2872 4279 3229 4335 rationabilem
3249 4279 3348 4350 ret
3377 4280 3513 4350 quod
3542 4279 3585 4330 si
3612 4294 3722 4350 eaa

2211 4347 2345 4409 sese
2366 4356 2589 4429 dividere
2617 4356 2941 4429 toluerimus,
2978 4349 3353 4429 proculdubio
3385 4347 3719 4429 labefactabi-

2210 4443 2322 4480 mus
2353 4426 2806 4497 dispensationem,
2834 4439 2947 4496 qua:
2972 4420 3027 4478 in
3056 4421 3260 4475 Christo
3288 4420 3617 4490 intelligitur.

2212 4540 2269 4594 ιη
2312 4539 2537 4593 Cantico
2581 4539 2913 4592 canticorum
2960 4536 3072 4605 ipse
3101 4533 3255 4587 nobis
3282 4529 3618 4585 introductus
3645 4534 3723 4581 est

2137 4633 2320 4687 dicens
2350 4631 2609 4685 Dominus
2630 4636 2813 4683 noster
2838 4626 2993 4681 Jesus
3011 4625 3255 4679 Christus
3282 4640 3292 4673 :
3326 4620 3373 4673 Ε
3378 4638 3441 4691 go
3465 4621 3561 4688 flos
3590 4636 3724 4671 cam-

2141 4727 2212 4795 pi,
2242 4733 2291 4777 et
2311 4726 2475 4777 lilium
2497 4722 2805 4776 convallium
2831 4720 3052 4789 (Cantic.
3080 4736 3133 4781 ιι,
3168 4718 3239 4787 l).
3266 4714 3724 4782 Quemadmodum

2143 4832 2271 4884 ergo
2304 4816 2439 4869 odor
2486 4830 2575 4869 res
2602 4814 2816 4883 quidem
2862 4820 2943 4866 est
2972 4812 3308 4879 incorporea,
3342 4808 3504 4861 habet
3528 4816 3726 4867 autem,

2142 4908 2295 4976 quasi
2320 4907 2594 4977 proprium
2625 4920 2837 4973 corpus,
2867 4902 2915 4956 id
2948 4903 2997 4955 in
3028 4916 3135 4969 quo
3158 4900 3327 4963 inest;
3359 4906 3535 4951 tamen
3569 4909 3726 4949 unmu

2143 5015 2208 5053 ex
2234 5007 2459 5067 utroque
2490 4996 2801 5064 intelligitur
2823 4994 3008 5048 lilium.
3034 4991 3421 5058 Corrumpctur
3442 4994 3622 5040 autem
3647 4986 3727 5053 ip-

2149 5094 2257 5146 sius
2310 5093 2449 5146 ratio
2492 5090 2695 5162 [Baluz.
2728 5106 2828 5143 om.
2864 5085 3024 5157 ratio]
3054 5085 3208 5139 unius
3256 5083 3333 5136 rei
3363 5081 3599 5135 discessu
3628 5096 3641 5128 :
3676 5078 3728 5130 in

2150 5183 2390 5251 r‘uhjecto
2420 5184 2561 5238 enim
2590 5196 2817 5251 corpore
2846 5180 2982 5233 odor
3010 5184 3106 5231 est.
3141 5176 3215 5228 lta
3242 5175 3405 5228 etiam
3434 5175 3483 5227 in
3514 5170 3729 5225 Christo

2153 5276 2495 5344 intelligimus
2514 5274 2807 5328 divinitatis
2837 5279 3101 5335 naturam,
3143 5282 3262 5335 qua:
3289 5280 3441 5319 suam
3463 5262 3731 5317 excellen-

1616 5363 2149 5419 CASTIGATIONES
2188 5367 2274 5419 ET
2314 5365 2538 5419 NOTAE.

529 5468 555 5496 ⁸
580 5458 869 5514 Autbertus
900 5459 1197 5515 versionem
1220 5459 1530 5515 Mercatoris
1553 5456 1841 5512 emendare
1870 5455 2037 5508 voluit

456 5544 522 5584 ex
545 5530 751 5593 Cncco,

530 5599 555 5637 ιι
592 5600 703 5655 Hoc
734 5600 1084 5669 fragmentum
1118 5601 1304 5656 iisdem
1336 5600 1501 5655 ferme
1532 5599 1708 5652 verbis
1738 5596 1901 5651 refert
1932 5601 2036 5655 Fa-

457 5670 660 5741 cundus
687 5672 777 5727 lib.
812 5689 885 5733 x1,
911 5688 1028 5741 cap.
1060 5671 1107 5723 7.

533 5754 553 5778 ε
598 5740 890 5809 Facundus,
934 5738 1233 5812 passionum
1276 5744 1501 5812 corporis
1543 5750 1588 5794 ct
1630 5738 1941 5795 naturalium
1990 5756 2036 5793 et

2142 5474 2257 5528 qum
2283 5460 2596 5528 extrinsecus
2620 5456 2901 5519 accidunt;
2921 5453 3063 5528 quod
3085 5454 3273 5507 melius
3296 5457 3395 5505 est.
3423 5448 3619 5501 BALUZ.

2213 5525 2237 5563 ἀ
2270 5527 2569 5588 Facundos,
2605 5539 2658 5579 ut
2689 5527 2931 5579 timendo.
2962 5526 3156 5579 BAer.

2216 5607 2238 5635 θ
2299 5598 2393 5650 llic
2433 5587 2624 5651 iterum
2680 5596 3023 5666 interpolavit
3071 5593 3363 5647 Autbcrtus
3418 5587 3729 5666 Mercatoris

2145 5668 2461 5721 versiom-m.
2492 5679 2541 5721 nt
2570 5679 2619 5721 et
2645 5669 2695 5721 in
2718 5656 3087 5735 sequentibus,
3119 5678 3347 5731 quorum
3365 5668 3566 5714 textum
3587 5656 3711 5711 Cm:

2143 5754 2263 5791 cum
2296 5739 2496 5791 habuit.

2444 5962 2471 5980 κ
