3978 6188
274 322 411 377 1015

1011 322 1066 377 S.
1107 321 1372 377 CIRILLI
1410 321 1693 378 SCllOlJA
1734 322 1823 376 DE
1864 319 2368 378 INCARNATIOXE
2409 320 2770 378 UNiGENlTl.

3382 326 3517 379 10ιᾶ

268 436 525 489 tissimam
556 433 909 503 majestatem,
938 444 997 489 ιιι
1017 436 1238 491 odorem
1260 437 1649 503 suavissimum,
1681 453 1836 491 mun-
1865 440 1914 498 Α
1944 439 2046 490 ruit
2074 447 2243 491 autem
2272 446 2321 492 et
2349 439 2567 510 angelis.
2613 440 2795 507 Neque
2824 441 2966 494 enim
2994 443 3396 508 generationem
3439 447 3520 513 ip-

266 528 336 583 do
362 528 636 596 dispergit,
667 535 937 596 tamquam
982 530 1037 583 in
1064 530 1324 597 subjecto,
1356 546 1474 586 esse
1514 532 1565 585 in
1614 547 1839 601 corpore

268 618 645 683 humanitatis;
670 626 722 672 et
746 617 798 672 id
818 620 960 687 quod
981 621 1320 689 incorporale
1348 631 1431 674 est
1456 637 1552 690 per
1574 628 1838 688 naturam,

266 724 365 777 per
390 708 766 764 adunationem
786 709 1249 779 dispensator-iam,
1278 729 1415 782 pene
1443 714 1616 769 dicam
1642 713 1839 769 factum

265 798 432 855 fuisse
472 802 782 871 corporale;
826 810 1110 871 propterea
1138 805 1282 872 quod
1308 805 1478 859 voluit
1504 821 1562 860 se
1588 808 1841 875 cognosci

266 908 366 962 per
390 910 604 964 corpus,
645 896 699 949 in
729 910 795 950 eo
842 897 982 951 enim
1025 898 1204 953 divina
1255 899 1404 967 signa
1445 910 1698 969 operatus
1736 910 1837 956 est.

264 984 431 1053 Igitur
450 986 501 1042 id
530 987 673 1056 quod
702 987 1038 1059 incorporale
1075 999 1176 1056 est,
1210 999 1479 1060 tamquam
1508 993 1560 1047 in
1588 1010 1688 1048 suo
1715 1010 1839 1048 cor-

260 1090 398 1143 pore
426 1076 646 1144 intelligi
677 1084 871 1147 potest,
902 1079 1349 1147 quemadmodum
1393 1082 1554 1136 etiam
1600 1082 1735 1137 odor
1786 1083 1840 1137 in

261 1165 398 1222 ﬂore
425 1168 693 1238 subjecto;
721 1170 887 1225 lilium
919 1178 1095 1226 tamen
1112 1172 1220 1242 jam
1251 1181 1304 1228 et
1333 1173 1487 1240 odor,
1519 1183 1573 1230 et
1612 1172 1711 1230 llos
1739 1191 1837 1230 no-

260 1258 517 1314 minatur.

872 1352 1100 1408 CAPUT
1137 1354 1226 1408 Xl.

263 1458 418 1524 Quod
444 1463 668 1541 adunato
710 1464 818 1541 Deo
854 1465 1021 1541 Yerbo
1050 1484 1163 1521 vere
1191 1468 1517 1541 humanitati,
1553 1472 1841 1541 inconfuste

335 1542 504 1586 tamen
528 1534 825 1590 substantia:
854 1527 873 1601 [
900 1535 957 1591 Id
997 1546 1081 1591 est
1126 1537 1469 1594 subsistentia
1539 1527 1838 1610 permanse-

337 1612 472 1655 runt.

337 1712 385 1784 [ι
415 1712 663 1767 Erectum
690 1722 771 1770 est
796 1716 1086 1770 secundum
1108 1718 1201 1771 Dei
1236 1718 1565 1773 voluntatem
1596 1729 1837 1776 sanctum

1942 529 2056 583 sius
2077 531 2368 584 secundum
2399 548 2614 586 carnem
2644 533 3020 597 ignoraverunt
3046 553 3058 588 :
3083 534 3404 593 Pra’tlicatus
3427 557 3518 592 au-

1944 629 2041 672 tem
2076 630 2125 673 et
2163 620 2429 691 gentibus,
2464 623 2616 690 quasi
2642 626 2779 678 Deus
2806 624 2969 680 homo
3008 625 3209 691 factus;
3240 630 3314 681 ita
3348 642 3519 683 autem

1941 712 2162 766 creditus
2191 722 2267 767 est
2294 715 2345 766 in
2379 714 2587 767 mundo.
2633 713 2885 770 Probavit
2931 726 3107 773 autem
3138 718 3344 776 divinus
3375 720 3515 775 Pau-

1941 805 2023 859 lus
2051 806 2125 859 ita
2153 807 2391 862 scribens
2424 826 2435 859 :
2482 807 2703 878 Propter
2729 810 2866 881 quod
2892 829 3137 867 memores
3162 824 3346 878 estote,
3378 816 3514 886 quod

1942 897 2221 968 aliquando
2244 915 2329 952 vos
2355 909 2526 966 gentes
2548 902 2599 954 in
2626 918 2796 966 carne,
2822 906 2907 973 qui
2929 905 3159 959 dicimim'
3181 910 3507 978 praeputium,

1941 987 2006 1040 ab
2060 1004 2121 1041 ea
2168 1005 2281 1059 qua
2309 988 2496 1043 dicitur
2535 992 2852 1047 circumcisio
2880 995 2934 1046 in
2976 1012 3129 1050 carne
3166 1002 3510 1071 manufacta.‘

1942 1078 2062 1148 quia
2084 1077 2286 1149 [_Baluz.
2318 1077 2425 1150 qui]
2456 1082 2613 1134 eratis
2640 1081 2730 1136 illo
2753 1090 2976 1151 tempore
3005 1086 3117 1138 sine
3149 1086 3351 1143 Christo
3382 1090 3513 1144 alic-

1941 1171 2052 1223 nati
2074 1186 2104 1221 a
2133 1172 2515 1224 conversatione
2540 1170 2726 1236 Israel,
2752 1183 2801 1227 et
2829 1175 3051 1246 hospites
3081 1184 3515 1247 testamentorum,

1943 1261 2296 1330 promissionis
2336 1279 2477 1332 spem
2510 1279 2613 1316 non
2654 1264 2925 1332 habentes,
2967 1278 3018 1321 et
3055 1270 3169 1323 sine
3202 1270 3309 1326 Deo
3340 1275 3393 1326 in
3422 1275 3516 1328 hoc

1941 1350 2131 1403 mundo
2161 1350 2374 1423 (Ephes.
2406 1370 2462 1418 ll,
2497 1352 2606 1424 ll).
2647 1354 2815 1411 Erant
2855 1371 2983 1425 ergo
3011 1368 3199 1427 gentes
3228 1362 3279 1415 in
3317 1366 3517 1420 mundo

1942 1441 2056 1497 sine
2085 1441 2196 1496 Deo
2219 1483 2233 1507 ,
2273 1459 2394 1498 cum
2424 1444 2623 1513 absque
2660 1445 2874 1502 Christo
2903 1458 3101 1504 essent.
3145 1450 3342 1506 Verum
3382 1469 3518 1521 quo-

1941 1532 2085 1585 niam
2115 1548 2233 1587 eum
2260 1550 2386 1590 vere
2414 1542 2467 1589 et
2496 1546 2683 1591 natura
2710 1538 2875 1592 Deum
2906 1555 3023 1595 esse
3048 1552 3401 1611 agnoverunt,
3434 1547 3514 1616 ip-

1940 1638 2012 1677 sae
2033 1637 2246 1693 quoque
2285 1626 2352 1679 ab
2381 1641 2446 1681 eo
2485 1628 2675 1695 agnitae
2714 1637 2854 1695 sunt,
2888 1629 3043 1684 ﬁdem
3073 1630 3418 1700 conﬁtcntes,
3462 1645 3515 1689 et

1943 1712 2057 1781 ipse
2079 1725 2368 1786 assumptus
2390 1725 2466 1771 est
2483 1719 2538 1772 in
2566 1719 2752 1788 gloria,
2777 1728 2923 1775 certe
2943 1721 3140 1776 divina.
3169 1721 3351 1779 Psallit
3373 1726 3514 1781 enim

264 1803 669 1857 tabernaculum
697 1819 796 1873 per
836 1805 1125 1871 desertum,
1156 1815 1212 1860 οι
1258 1808 1309 1861 in
1358 1824 1425 1864 eo
1462 1811 1639 1865 multis
1666 1812 1839 1866 modis
1873 1820 1914 1878 Β
1943 1803 2130 1858 beatus
2158 1804 2324 1859 David
2358 1824 2369 1858 ε
2408 1806 2651 1862 Ascendit
2679 1808 2817 1863 Deus
2847 1810 2898 1863 in
2921 1812 3088 1881 jubilo
3117 1813 3339 1884 (Psalm.
3371 1832 3511 1880 XLVI,

256 1891 590 1947 formabatur
642 1893 1009 1965 Emmanuel.]
1040 1897 1184 1952 Dixit
1224 1899 1366 1955 Deus
1404 1903 1744 1972 omnipotens
1771 1905 1838 1959 ad

257 1980 503 2035 divinum
531 1982 749 2053 Moysen
782 2002 793 2037 :
822 1983 893 2037 Et
922 1987 1081 2056 facies
1109 1989 1233 2043 mihi
1266 2008 1442 2045 arcam
1480 1995 1753 2048 testimonii
1776 2013 1841 2049 ex

256 2071 421 2141 lignis
444 2072 859 2143 imputribilibus,
890 2075 1104 2132 duorum
1133 2078 1414 2135 cubitorum
1434 2092 1483 2137 et
1503 2085 1701 2140 dimidii
1722 2086 1838 2140 lon-

253 2161 525 2229 gitudine;
568 2171 617 2216 et
657 2164 921 2219 inaurabis
949 2183 1062 2220 eam
1102 2186 1228 2224 auro
1259 2188 1405 2241 puro,
1436 2183 1584 2228 extra
1610 2184 1660 2229 et
1700 2177 1838 2229 intra

249 2255 527 2309 inaurabis
557 2274 671 2310 eam
703 2257 896 2328 (Exod.
946 2277 1067 2327 xxv,
1103 2262 1211 2333 10).
1244 2264 1350 2319 Sed
1396 2266 1593 2334 lignum
1623 2269 1836 2336 quidem

252 2360 381 2398 cum
410 2345 732 2415 imputribile
769 2349 855 2415 sit,
909 2358 991 2405 est
1020 2352 1183 2427 ﬁgura
1213 2356 1454 2425 corporis
1492 2357 1785 2427 incorrupti
1820 2376 1833 2412 :

252 2435 599 2503 imputribilis
620 2437 762 2491 enim
791 2439 1009 2506 cedrus;
1040 2457 1225 2497 aurum
1248 2460 1376 2499 vero
1404 2447 1556 2515 quasi
1586 2450 1837 2504 materies

251 2526 376 2579 aliis
407 2527 714 2595 pretiosior,
745 2529 938 2585 divinae
968 2532 1122 2589 nobis
1150 2534 1350 2590 indicat
1379 2537 1689 2594 substantia:
1716 2556 1833 2595 ma-

249 2614 523 2684 jestatem.

325 2709 597 2764 Attendite
618 2710 777 2779 igitur
795 2713 1046 2780 quoniam
1068 2729 1191 2771 arca
1213 2722 1326 2772 tota
1350 2718 1591 2773 inaurata
1614 2722 1682 2775 sit
1703 2737 1834 2777 auro

250 2812 392 2867 puro
420 2806 571 2853 extra
610 2808 666 2855 et
694 2801 852 2855 intra.
891 2802 1170 2860 Adunatus
1196 2808 1409 2877 quidem
1439 2808 1613 2865 fuerat
1639 2823 1835 2867 sancta

252 2889 406 2943 carni
453 2888 593 2944 Deus
634 2890 867 2946 Verbum
891 2934 906 2960 ,
949 2902 1006 2949 et
1034 2896 1086 2951 id
1132 2906 1251 2963 est,
1283 2906 1342 2952 ut
1380 2902 1601 2970 opinor,
1653 2919 1831 2958 arcam

255 2977 420 3033 fuisse
454 2987 605 3034 extra
634 2982 954 3038 inauratam.
987 2984 1139 3051 Quod
1168 3004 1299 3043 vero
1325 3000 1381 3044 et
1409 2992 1641 3047 animam
1668 2996 1833 3050 ratio-

255 3071 509 3137 nabilem,
550 3088 670 3143 qua:
708 3077 923 3146 corpori
952 3078 1125 3133 inerat
1147 3121 1161 3145 ,
1193 3084 1464 3152 propriam
1507 3084 1722 3153 fecerit,
1765 3104 1830 3143 ex

1942 1899 2018 1967 6).
2051 1899 2303 1954 Ascendit
2344 1903 2486 1955 enim
2518 1912 2661 1958 certe
2689 1920 2810 1958 cum
2855 1922 3101 1975 corpore,
3134 1923 3236 1964 nec
3278 1910 3331 1963 in
3374 1910 3512 1969 nuda

1940 1991 2139 2046 deitate
2172 2011 2183 2045 :
2211 1993 2351 2048 Deus
2378 1996 2519 2049 enim
2548 2006 2663 2050 erat
2693 1998 3013 2053 incarnatus.

2010 2082 2289 2139 Credimus
2316 2086 2502 2153 igitur,
2534 2103 2642 2141 non
2669 2088 2720 2141 in
2756 2106 2919 2143 unum
2951 2092 3119 2146 nostri
3148 2092 3373 2147 similem
3402 2092 3508 2147 dci-

1941 2179 2051 2227 tate
2082 2189 2179 2242 per
2202 2176 2427 2242 gratiam
2458 2177 2799 2243 honoratum,
2834 2196 2901 2233 ne
2934 2182 3170 2237 cultores
3197 2198 3314 2237 esse
3343 2184 3519 2237 homi-

1938 2262 2021 2316 nis
2050 2263 2395 2331 detegamur;
2419 2267 2511 2319 sed
2540 2267 2591 2319 in
2615 2267 2898 2321 Dominum
2926 2269 3112 2335 magis,
3136 2270 3227 2337 qui
3260 2271 3311 2323 in
3335 2271 3509 2324 servili

1938 2352 2107 2407 forma
2137 2355 2470 2425 comparuit,
2503 2364 2557 2410 et
2583 2358 2676 2425 qui
2713 2356 2810 2411 fuit
2839 2374 2962 2413 vere
2990 2360 3160 2414 nostri
3202 2361 3417 2424 similis,
3458 2368 3511 2415 et

1938 2443 1990 2497 in
2021 2445 2351 2500 humanitate
2381 2454 2557 2500 tamen
2598 2447 2737 2501 Deus
2765 2448 2960 2503 mansit
2992 2468 3004 2501 :
3038 2449 3179 2504 Deus
3207 2450 3351 2504 enim
3379 2449 3508 2504 Ver-

1936 2536 2061 2590 bum
2086 2575 2100 2601 ,
2143 2552 2304 2592 carne
2332 2546 2624 2607 assumpta,
2657 2556 2764 2593 non
2799 2540 3046 2609 deposuit
3072 2541 3217 2610 quod
3244 2550 3392 2605 erat;
3426 2542 3509 2595 in-

1938 2628 2195 2696 telligitur
2225 2637 2400 2683 tamen
2435 2630 2576 2684 idem
2606 2630 2743 2685 Deus
2770 2631 2923 2685 simul
2952 2632 3156 2705 [Baluz.
3194 2648 3296 2687 om.
3328 2631 3508 2703 simul]

1934 2727 1990 2773 et
2008 2720 2190 2773 homo.
2336 2772 2341 2777 .
2464 2790 2475 2801 ι

2006 2813 2071 2865 Et
2103 2813 2222 2867 ﬁdei
2266 2814 2478 2881 quidem
2508 2815 2646 2869 ratio
2693 2815 2764 2868 ita
2795 2830 2851 2868 se
2880 2815 3079 2881 habet,
3117 2822 3171 2870 et
3202 2824 3347 2872 recte
3387 2817 3509 2885 qni-

1933 2907 2075 2958 dem.
2105 2904 2213 2959 Sed
2240 2905 2285 2958 si
2314 2903 2453 2959 forte
2491 2904 2686 2973 aliquis
2711 2905 2873 2969 dicat,
2902 2908 3029 2976 quid
3065 2908 3187 2961 mali
3224 2916 3323 2974 est,
3352 2909 3397 2964 si
3430 2911 3510 2963 in-

1934 2996 2204 3063 telligatur
2257 2996 2421 3050 homo
2467 2996 2653 3050 similis
2689 2999 2857 3051 nostri
2895 2999 3297 3067 apprehendere
3334 2999 3507 3054 deita-

1934 3093 2061 3151 tem,
2094 3101 2157 3141 ac
2185 3102 2293 3140 non
2320 3087 2490 3155 magis
2514 3087 2656 3143 Deus
2680 3089 2841 3143 homo
2871 3089 3019 3143 ﬁeri?
3049 3089 3509 3161 Respondebimus

258 3162 361 3215 hoc
380 3172 617 3232 apparet,
642 3166 785 3235 quod
807 3177 861 3220 et
880 3169 1017 3223 intra
1040 3184 1216 3225 aream
1239 3176 1552 3245 prteceperit
1572 3178 1823 3233 inaurari.
1858 3188 1901 3249 (ς
1931 3176 2075 3230 mille
2122 3191 2239 3232 esse
2283 3191 2402 3245 qua:
2438 3178 2708 3232 contrario
2745 3186 2971 3248 possunt
3005 3181 3242 3250 opponi,
3289 3189 3344 3235 et
3371 3196 3509 3249 pene

260 3252 323 3324 [δ
365 3254 517 3320 Quod
564 3265 741 3313 autem
789 3268 990 3315 natura:
1036 3265 1148 3319 sive
1190 3268 1499 3325 substantia:
1544 3271 1832 3329 inconfusze

258 3347 587 3413 manserint,
620 3348 743 3405 hinc
768 3351 963 3406 scimus
996 3370 1007 3405 ε
1041 3369 1229 3409 aurum
1258 3358 1397 3413 enim
1436 3366 1830 3433 superpositum

254 3435 400 3504 ligno
440 3440 637 3493 mansit
675 3441 728 3494 id
755 3442 900 3510 quod
929 3450 1079 3510 erat,
1109 3454 1165 3500 et
1204 3449 1496 3505 ornabatur
1521 3454 1735 3520 quidem
1768 3456 1832 3508 li-

249 3541 418 3595 gnum
458 3531 573 3584 auri
617 3530 842 3599 decore;
876 3543 1055 3589 tamen
1102 3537 1301 3605 lignum
1343 3556 1462 3597 esse
1502 3559 1609 3598 non
1650 3544 1826 3600 desiit.

252 3619 409 3685 Quod
435 3637 565 3677 vero
590 3638 712 3679 arca
742 3626 795 3678 in
823 3624 1024 3682 Christi
1052 3629 1347 3699 accipiatur
1373 3634 1676 3701 imaginem,
1705 3638 1826 3705 plu-

250 3712 402 3768 ribus
426 3722 603 3782 potest
630 3717 1037 3785 probationibus
1064 3720 1367 3795 declarari.]
1407 3724 1831 3785 Przeambulabat

248 3801 396 3854 enim
426 3802 507 3858 his
534 3806 626 3872 qui
654 3814 780 3861 sunt
809 3822 875 3861 ex
903 3807 1067 3865 Israel
1086 3852 1100 3876 ,
1133 3828 1377 3882 quaerens
1408 3816 1537 3885 ipsis
1564 3820 1825 3887 requiem.

247 3892 343 3944 Ait
370 3893 561 3949 alicubi
602 3903 658 3951 et
696 3896 940 3956 Christus
973 3919 985 3954 :
1021 3901 1150 3968 Ibo,
1181 3914 1232 3958 et
1255 3908 1452 3975 parabo
1492 3908 1629 3964 vobis
1662 3912 1827 3967 locum

248 3979 433 4049 (Joan.
460 4000 563 4051 xiv,
594 3986 668 4057 5).

851 4078 1079 4135 CAPUT
1120 4082 1230 4139 XII.

246 4181 408 4269 Quod
441 4203 553 4269 eum
589 4199 720 4269 esset
761 4189 897 4245 Deus
940 4192 1189 4269 Verbum,
1219 4199 1385 4267 [actus
1414 4202 1481 4253 sit
1517 4202 1695 4269 homo,
1736 4221 1827 4259 nec

321 4254 472 4308 homo
502 4259 816 4336 simpliciter,
849 4263 988 4336 nuda
1019 4254 1374 4334 conjunctione
1406 4254 1703 4336 honoratus,
1736 4291 1824 4327 ro-

324 4335 467 4406 ratas
489 4328 556 4378 sit
577 4329 645 4406 ad
666 4347 841 4406 parem
870 4328 1175 4406 dignitatem
1205 4336 1299 4393 Dei
1332 4339 1501 4406 Verbi,
1526 4344 1629 4396 sive
1651 4328 1827 4399 aucto-

323 4396 545 4461 ritatem,
571 4396 701 4451 sicut
720 4396 1019 4470 quibusdam
1042 4406 1255 4460 videtur.

1934 3268 2097 3323 etiam
2124 3276 2254 3323 nutu
2276 3269 2649 3337 signiﬁcantia,
2679 3286 2778 3327 nos
2799 3279 3050 3341 Oporterc
3078 3272 3234 3327 reniti
3263 3282 3509 3328 constan-

1935 3368 2035 3426 ter,
2063 3376 2163 3416 nec
2190 3362 2410 3416 credere
2439 3363 2513 3416 ita
2541 3378 2678 3417 esse.

2003 3450 2114 3518 Age
2135 3452 2274 3505 enim
2300 3460 2424 3507 ante
2450 3453 2571 3506 alia.
2596 3453 3035 3524 Dispensationis,
3068 3471 3186 3524 quae
3206 3471 3327 3511 cum
3347 3471 3511 3512 carne

1932 3541 2071 3598 facta
2100 3551 2200 3609 est,
2232 3545 2449 3601 modum
2478 3562 2776 3613 cernamus,
2800 3556 2856 3603 et
2883 3558 3187 3604 nostrarum
3219 3566 3396 3604 rerum
3421 3566 3509 3604 na-

1930 3638 2106 3686 turam
2134 3634 2382 3691 subtilius
2408 3644 2805 3705 perscrutemur
2836 3656 2848 3690 :
2889 3639 3190 3708 periclitata
3224 3648 3308 3694 est
3334 3640 3509 3695 homi-

1932 3723 2014 3775 nis
2044 3732 2253 3787 natura,
2276 3732 2331 3778 et
2350 3724 2684 3794 deprehensa
2710 3727 2915 3797 [Baluz.
2949 3739 2969 3766 ε
3000 3727 3276 3800 depressa]
3300 3738 3383 3784 est
3402 3745 3509 3785 ms-

1931 3811 1997 3865 lis
2023 3815 2296 3876 extremis,
2328 3814 2703 3869 maledictione
2729 3827 2783 3870 et
2804 3825 2978 3873 morte
3002 3819 3272 3885 damnata,
3306 3829 3361 3875 et
3382 3837 3509 3890 pec-

1930 3906 2037 3960 cati
2077 3906 2282 3976 laqueis
2325 3907 2564 3972 irrelita,
2608 3910 2840 3974 errabat,
2884 3920 2940 3964 et
2984 3920 3100 3966 erat
3138 3912 3191 3966 in
3240 3914 3506 3978 tenebris;

1931 3997 2098 4052 Deum
2128 3979 2401 4054 nesciebat
2422 4014 2564 4067 eum,
2592 4001 2682 4071 qui
2713 4009 2794 4058 est
2822 4010 3010 4056 natura
3038 4011 3093 4056 et
3122 4003 3377 4069 veritate;
3409 4020 3507 4073 pro

1930 4092 2042 4147 Deo
2090 4093 2294 4165 [Belua
2343 4102 2539 4164 praeter
2582 4093 2917 4167 Creatorem]
2964 4098 3130 4153 coluit
3175 4107 3502 4154 creaturam.

1929 4181 2211 4249 Quomodo
2256 4185 2415 4252 igitur
2459 4185 2763 4253 hujusmodi
2808 4188 2963 4243 malis
2988 4196 3203 4257 poterat
3247 4189 3506 4243 liberari?

1929 4272 2009 4326 An
2041 4274 2169 4328 illud
2192 4274 2448 4339 dicemus,
2480 4277 2623 4344 quod
2652 4276 2732 4332 fas
2759 4287 2876 4332 erat
2903 4279 3238 4343 humanitati,
3270 4278 3503 4333 divinam

1928 4372 2175 4419 naturam
2204 4367 2625 4435 apprehendere,
2657 4383 2776 4438 quae
2802 4370 3033 4425 nesciret
3066 4372 3304 4433 omnino,
3334 4371 3507 4439 qualis

1928 4468 2068 4510 esset
2097 4456 2325 4525 dignitas
2356 4466 2556 4512 natura:
2588 4458 2840 4525 caelestis,
2876 4476 2996 4515 cum
3026 4468 3167 4515 esset
3196 4461 3507 4528 ignorantia:

324 4529 542 4585 Divinus
576 4531 769 4588 Paulus
791 4553 1031 4607 magnum
1054 4540 1253 4610 quidem
1289 4542 1362 4594 ait
1388 4559 1498 4596 esse
1528 4548 1823 4614 mysterium
1856 4564 1903 4625 ι)
1931 4547 2164 4602 tenebris
2208 4557 2466 4617 occupata
2488 4588 2503 4613 ,
2551 4556 2606 4602 et
2645 4550 2853 4618 peccati
2899 4548 3145 4603 sordibus
3185 4550 3507 4618 inquinata?

237 4621 455 4688 pietatis
489 4621 530 4692 (l
564 4622 694 4677 Tim.
738 4641 820 4693 in,
852 4625 961 4697 10).
1005 4628 1070 4683 Et
1118 4647 1245 4687 vere
1300 4633 1371 4686 ita
1410 4650 1468 4688 se
1507 4650 1593 4690 res
1619 4636 1822 4692 habet:

238 4711 608 4780 rrmnifeslatus
628 4724 704 4767 est
724 4717 864 4769 enim
894 4720 948 4773 in
973 4736 1145 4786 carne,
1170 4738 1289 4778 cum
1305 4726 1374 4779 sit
1397 4725 1537 4781 Deus
1557 4726 1822 4796 Verbum;

229 4802 558 4871 justi/italus
587 4816 661 4859 est
680 4816 848 4863 autem
868 4812 920 4864 in
949 4815 1153 4882 spiritu.
1187 4816 1342 4872 Nullo
1370 4820 1513 4873 enim
1543 4820 1703 4876 modo
1722 4838 1820 4877 no-

237 4894 375 4949 stris
404 4895 612 4950 videtur
640 4896 1034 4957 inﬁrmitatibus
1068 4907 1363 4973 contineri,
1393 4909 1518 4964 licet
1539 4909 1692 4979 juxta
1723 4928 1820 4967 nos

237 4985 411 5039 homo
439 4986 507 5071 sit
544 4986 759 5044 factus:
801 5007 907 5047 non
944 4994 1087 5048 enim
1127 4995 1253 5051 fecit
1279 5007 1557 5067 peccatum
1591 5019 1603 5053 :
1645 5003 1821 5074 Appa-

1928 4640 2209 4705 Quomodo
2254 4649 2469 4710 poterat
2511 4640 2623 4696 ﬁeri
2649 4681 2663 4705 ,
2711 4650 2770 4696 ut
2796 4642 3224 4712 apprehenderet
3260 4649 3502 4697 sanctam

1927 4738 2193 4794 naturam,
2218 4739 2273 4786 et
2301 4733 2570 4802 acciperet
2596 4733 2842 4800 gloriam,
2870 4748 3029 4801 quam
3058 4748 3216 4787 nemo
3245 4732 3501 4796 inveniat,

1927 4824 2027 4878 nisi
2055 4824 2363 4892 acceperit?
2406 4822 2778 4879 Concedamus
2822 4824 2963 4877 enim
3002 4825 3145 4892 quod
3191 4825 3504 4893 cognoverit

1925 4914 2152 4969 fortasse
2192 4915 2398 4987 [Βαιαι.
2440 4914 2759 4987 dumtaxat],
2790 4924 2843 4971 et
2880 4917 3060 4971 scierit
3098 4918 3503 4988 apprehendere

1925 5005 2093 5061 Deum
2124 5006 2254 5079 [Pro
2294 5007 2589 5079 deitatem].
2632 5008 2761 5076 Quis
2798 5016 2880 5063 est
2915 5009 3007 5079 qui
3043 5008 3328 5064 docuerit?
3359 5006 3502 5072 Quo-

1402 5132 1943 5195 CASTIGATIONES
1986 5142 2071 5195 ET
2110 5142 2331 5197 ΝΟΤίΕ.

318 5239 339 5265 ι·
369 5230 435 5304 Et
461 5232 601 5304 hunc
629 5249 842 5304 quoque
871 5238 1047 5292 locum
1076 5254 1143 5294 ex
1164 5240 1262 5295 ista
1290 5243 1536 5298 versione
1558 5245 1686 5301 citat
1712 5246 1813 5300 Fa-

231 5302 448 5356 cundus
475 5302 527 5356 in
558 5302 913 5361 eodem‘loco.

314 5370 339 5407 δ
370 5370 525 5443 Hune
545 5389 759 5443 quoque
786 5376 961 5431 locum
990 5393 1059 5432 ex
1079 5379 1264 5433 eadem
1294 5382 1538 5437 versione
1568 5384 1695 5438 citat
1717 5384 1817 5439 Fa-

229 5442 691 5522 cundusibidem.
714 5445 1037 5522 Citat_etiam
1060 5449 1313 5522 Leontius
1334 5450 1618 5522 Byzantius
1640 5456 1690 5509 in
1713 5456 1817 5511 ﬁne

229 5514 544 5587 libri_primi
576 5515 830 5571 adversus
855 5517 1232 5587 Eutychianos.

315 5594 334 5619 τ
370 5583 440 5636 Ita
468 5594 617 5662 vnctus
645 5586 807 5641 editio
825 5583 1148 5662 scholiorum
1177 5590 1359 5662 Cyrilli
1388 5600 1441 5646 et
1466 5593 1634 5648 codex
1664 5594 1813 5649 Vali-

227 5669 425 5706 canus.
476 5655 865 5729 Bellovacensis
890 5699 903 5721 ,
939 5655 1273 5729 deprehensa.
1309 5661 1618 5717 Lectioncm
1666 5665 1811 5720 Vati-

227 5740 428 5777 canam
466 5724 782 5780 conﬁrmant
812 5729 911 5784 ista
941 5724 1011 5785 ex
1035 5734 1539 5801 reprehensionibus
1568 5735 1810 5792 Orienta-

1920 5250 2332 5326 l‘iumadvcrsus
2361 5253 2830 5326 anathematismos
2851 5255 3029 5326 Cyrilli
3062 5272 3220 5325 supra
3251 5271 3371 5325 pag.
3395 5257 3500 5313 267

1924 5320 2107 5389 (Cyril.
2141 5323 2289 5391 Apol.
2325 5324 2502 5401 (math.
2539 5323 2622 5401 lt},
2650 5343 2784 5401 resp.
2810 5320 2962 5394 liter.)
2992 5344 3003 5377 :
3039 5320 3376 5401 Quomoaois
3411 5331 3497 5401 qui

1919 5405 2433 5466 carnempammper
2453 5393 2669 5466 deprimi
2699 5406 2860 5449 morte
2884 5397 3090 5449 concedi
3098 5407 3140 5455 t.
3166 5408 3269 5452 etc.
3296 5407 3350 5451 et
3371 5393 3491 5466 pag.

1918 5458 2020 5537 268
2043 5458 2228 5530 (Ibid)
2257 5480 2269 5514 :
2302 5458 2500 5537 utin_se
2515 5458 2833 5537 deprimeret
2859 5483 2972 5519 eum
2990 5468 3076 5531 qui
3105 5477 3181 5520 est
3201 5458 3495 5537 impossibi-

1918 5529 2388 5607 lisnpernaturam.
2432 5534 2564 5587 ltcm
2592 5529 2646 5587 in
2684 5536 2889 5607 scholia
2918 5529 3109 5590 octavo
3147 5529 3329 5607 Cyri'lli
3369 5553 3492 5607 pag.

1918 5599 2021 5652 579
2101 5599 2167 5653 Et
2192 5603 2237 5653 si
2261 5605 2391 5673 forte
2414 5622 2445 5657 a
2466 5622 2555 5659 suo
2579 5622 2789 5675 corpore
2817 5606 3132 5678 deprimatur
3153 5599 3241 5661 aut
3266 5599 3507 5679 tera-uena

1918 5680 2016 5724 tur.
2096 5688 2248 5724 uox.

1917 5680 2016 5724 tur.
2053 5680 2248 5725 Bth.
