3978 6188
501 330 636 384 1οΞἔὶ

1020 322 1208 379 MAR"
1250 322 1682 379 MERCATURlS
1721 322 1984 378 TBANSL
2002 324 2279 383 \TIONES
2320 326 2669 383 VARIORllll
2712 327 3215 387 OPUSCULt'RUll

3612 342 3733 396 illlli

496 441 647 495 modo
680 440 813 492 enim
843 436 1068 499 credent,
1108 437 1207 488 nisi
1232 435 1494 488 audierint
1524 435 1698 505 (Rom.
1733 452 1787 501 x,
1820 434 2076 505 14γέεώ-
2105 440 2147 494 A
2179 439 2369 507 priam,
2401 440 2506 493 alio
2534 448 2710 494 tamen
2735 451 2893 510 pacto
2921 443 2970 495 in
3001 459 3062 496 ea
3089 443 3206 509 fuit,
3248 456 3470 515 propter
3508 450 3730 509 humani-

495 541 667 586 terum
702 542 810 583 non
850 528 903 583 id
933 536 1015 583 est
1044 527 1447 597 apprehendere
1478 527 1753 592 deitatem,
1794 536 1847 581 et
1875 542 2073 581 conve-

493 625 732 678 nientem
761 622 810 675 ei
838 621 1062 689 gloriam
1089 635 1300 690 capere.

563 716 704 783 Ergo
732 713 1009 768 decentius
1045 714 1134 777 sit,
1179 720 1235 766 et
1273 718 1418 767 recte
1447 710 1693 779 quidem,
1732 710 1803 763 ita
1833 711 2065 776 sentire,

491 806 636 876 quod
674 814 889 860 servare
931 803 1118 858 volens
1159 802 1210 856 id
1256 802 1396 871 quod
1444 802 1706 870 perierat,
1737 800 2069 855 descendens

490 899 555 951 ad
585 913 684 951 nos
712 896 852 950 Deus
881 893 1115 948 Verbum
1144 893 1331 966 [Batus
1360 909 1461 945 om.
1493 889 1770 960 Verbum],
1803 906 1901 960 per
1924 892 2067 961 quod

491 990 691 1056 omnia,
716 997 769 1044 et
798 990 851 1042 in
876 987 926 1041 id
955 1002 1033 1049 se,
1066 986 1210 1054 quod
1238 1001 1344 1038 non
1375 992 1508 1047 erat,
1539 984 1774 1047 immisit,
1806 991 1864 1036 ut
1893 991 1947 1037 et
1968 984 2068 1036 ho-

491 1082 648 1135 minis
668 1091 879 1144 natura,
908 1079 960 1133 id
984 1077 1127 1146 quod
1157 1092 1261 1130 non
1290 1082 1423 1138 erat,
1456 1074 1633 1138 ﬁeret;
1656 1081 1709 1126 et
1733 1073 1924 1127 divina:
1953 1088 2067 1125 ma-

488 1173 697 1242 jestatis
717 1169 1059 1239 dignitatibus
1087 1182 1184 1237 per
1212 1165 1591 1220 adunationem
1616 1171 1916 1232 patescens,
1947 1178 2066 1235 quas

489 1266 765 1320 sublevata
789 1272 871 1318 est
898 1262 1066 1330 magis
1086 1262 1223 1314 ultra
1255 1269 1516 1325 naturam,
1539 1274 1699 1327 quam
1722 1258 1902 1325 dejieit
1928 1257 2062 1311 infra

490 1364 735 1409 naturam
773 1352 1123 1406 invertibilem
1154 1351 1339 1403 Deum.
1372 1347 1705 1403 Conveniens
1734 1354 1867 1410 erat,
1901 1354 1959 1399 ut
1991 1346 2065 1399 in-

488 1444 848 1513 corruptibilis
876 1450 1061 1496 natura
1093 1439 1519 1511 apprehenderet
1549 1437 1971 1506 eorruptibilem,
2005 1445 2064 1489 ut

489 1549 608 1588 eam
635 1548 665 1586 a
694 1533 1032 1601 corruptione
1069 1530 1336 1583 liberaret.
1376 1526 1713 1583 Conveniens
1742 1533 1858 1580 erat
1899 1540 2020 1579 eum
2044 1564 2059 1589 ,

487 1627 578 1695 qui
605 1640 826 1694 peccare
848 1639 953 1677 nou
983 1629 1224 1686 noverat,
1254 1636 1376 1675 cum
1418 1619 1790 1689 peccatoribus
1836 1617 2059 1672 confor-

488 1717 640 1781 mari,
674 1724 732 1769 ut
754 1722 972 1784 peccata
994 1720 1360 1782 compesceret
1391 1730 1402 1763 :
1434 1711 1883 1780 quemadmodum
1915 1711 2056 1764 enim

490 1782 808 1873 ubicumque
846 1805 937 1857 lux
966 1804 1144 1867 fuerit,
1182 1803 1354 1871 caligo
1389 1802 1568 1857 interit
1590 1801 1955 1866 tenebrarum;
1988 1801 2060 1855 ita
2094 1782 2139 1841 Β

487 1897 649 1951 etiam
677 1896 1076 1950 immortalitate
1106 1902 1388 1963 prtesentc,
1411 1893 1584 1947 omnis
1608 1901 1754 1946 certe
1783 1893 1946 1961 pestis
1978 1891 2061 1944 fu-

487 1988 650 2055 gitiva
690 1987 959 2052 discedet;
1000 1994 1055 2041 et
1086 1992 1349 2055 praesente
1399 1999 1484 2047 eo,
1521 1983 1611 2052 qui
1642 1991 1922 2053 peccatum
1954 1997 2061 2035 non

489 2080 637 2133 novit
686 2079 798 2149 (qui
843 2079 1006 2133 etiam
1060 2070 1338 2147 proprium
1359 2076 1459 2129 sibi
1480 2092 1674 2144 corpus
1701 2074 1896 2137 eﬂecit,
1921 2075 2064 2143 quod

488 2178 571 2224 est
596 2170 710 2223 sine
739 2168 943 2242 [Baluz.
976 2167 1053 2237 in]
1078 2166 1321 2238 peccato)
1350 2165 1506 2220 cedet
1557 2179 1717 2219 omne
1761 2173 2059 2234 peccatum.

557 2261 712 2328 Quod
749 2276 878 2315 vero
929 2259 1185 2325 Verbum,
1245 2273 1365 2312 eum
1406 2266 1548 2312 esset
1577 2257 1738 2323 Deus,
1773 2256 1969 2311 factum
1996 2258 2064 2309 sit

486 2354 668 2417 homo,
687 2359 741 2407 et
769 2368 875 2407 non
921 2353 1089 2420 magis
1118 2353 1281 2405 homo
1308 2353 1713 2422 τεθεοποιημένος
1741 2350 2066 2418 intelligatur

486 2447 746 2507 Christus,
777 2446 941 2500 etiam
968 2460 1035 2499 ex
1055 2445 1220 2498 sacris
1241 2443 1434 2497 litteris
1459 2443 1637 2497 enitar
1657 2443 1959 2497 ostendere.
1979 2442 2066 2493 Ait

487 2537 648 2603 igitur
678 2536 865 2589 beatus
895 2534 1093 2589 Paulus
1112 2534 1178 2588 de
1200 2532 1487 2601 Unigenito
1517 2552 1528 2585 :
1566 2530 1665 2596 Qui
1688 2549 1801 2585 cum
1822 2534 1874 2585 in
1897 2535 2064 2603 [arma

488 2624 584 2678 Dei
611 2634 761 2687 esset,
786 2641 888 2679 non
918 2625 1155 2694 rapinam
1178 2621 1456 2677 arbitratus
1487 2633 1579 2687 est,
1603 2632 1659 2674 ut
1686 2631 1816 2675 esset
1853 2622 2064 2693 wqualis

488 2718 632 2783 Deo;
655 2718 746 2772 sed
772 2719 1054 2772 exinanirit
1076 2733 1146 2783 se,
1174 2718 1395 2785 formam
1420 2717 1552 2769 servi
1575 2716 1851 2784 accipiens,
1894 2715 1950 2766 in
1997 2716 2067 2767 si-

489 2808 829 2861 militudinem
876 2807 1137 2859 hominum
1196 2807 1381 2875 factus,
1414 2814 1462 2857 et
1503 2804 1677 2857 habitu
1726 2806 1958 2858 inventus
2014 2814 2069 2856 ut

492 2904 662 2956 homo.
690 2900 1000 2953 H‘umiliarit
1020 2916 1129 2953 sese
1159 2901 1326 2971 [actus
1357 2898 1597 2953 obediens
1638 2916 1793 2970 usque
1833 2899 1901 2951 ad
1929 2916 2067 2953 mor-

493 3003 608 3055 tem,
643 3000 858 3045 mortem
898 2999 1067 3043 autem
1108 2991 1290 3043 crucis.
1336 2990 1617 3060 Propterea
1664 3000 1714 3042 et
1745 2988 1880 3043 Deus
1901 2993 2067 3060 ipsum

492 3082 911 3154 superexaltavit,
968 3090 1017 3135 et
1044 3081 1255 3135 donavit
1295 3080 1372 3134 illi
1401 3097 1586 3133 nomen
1617 3080 1752 3152 quod
1796 3090 1873 3134 est
1917 3098 2069 3151 super

494 3189 642 3227 omne
662 3188 865 3235 nomen,
897 3180 953 3223 ut
980 3172 1033 3224 in
1056 3171 1263 3223 nomine
1281 3169 1406 3223 Iesu
1428 3168 1617 3223 Christi
1641 3187 1791 3223 omne
1815 3187 1944 3241 genu
1978 3172 2070 3239 [le-
2098 3168 2140 3195 "‘

494 3271 661 3314 ctatur
688 3262 984 3325 caelestium,
1016 3270 1064 3313 et
1087 3269 1423 3324 terrenarum,
1446 3269 1494 3313 et
1522 3262 1863 3330 infernarum,
1894 3270 1943 3313 et
1962 3277 2070 3313 om-

494 3354 577 3405 nis
608 3351 785 3422 lingua
825 3352 1132 3420 conﬁteatur
1152 3349 1289 3413 quod
1315 3348 1565 3403 Dominus
1586 3349 1734 3404 Jesus
1764 3347 1996 3404 Christus
2018 3352 2071 3403 in

495 3442 663 3513 gloria
689 3450 765 3495 est
792 3441 891 3495 Dei
912 3439 1089 3493 Patris
1122 3439 1342 3511 (Philip.
1368 3456 1423 3503 ll,
1452 3440 1525 3508 7).

567 3530 738 3597 Quem
794 3532 954 3600 igitur
1000 3531 1258 3595 dicemus,
1315 3532 1367 3585 in
1419 3531 1588 3585 forma
1634 3531 1731 3586 Dei
1770 3547 1904 3597 esse,
1937 3534 2071 3586 etin

496 3624 801 3692 aequalitate
832 3622 1023 3689 Patris,
1056 3630 1111 3677 et
1146 3622 1257 3677 hzec
1284 3638 1393 3677 non
1441 3624 1682 3692 rapinam
1728 3623 2069 3687 arbitratum;

497 3718 591 3772 sed
616 3717 957 3771 descendisse
979 3716 1146 3784 magis
1170 3716 1222 3769 in
1253 3716 1659 3779 exinanitatem,
1691 3723 1745 3769 et
1766 3716 1818 3769 in
1848 3714 2071 3769 formam

497 3808 658 3872 servi,
680 3814 735 3862 et
761 3822 820 3861 se
837 3806 1224 3870 humiliantem,
1245 3812 1299 3859 et
1328 3805 1379 3858 in
1409 3806 1809 3859 similitudinem
1834 3812 2071 3858 nostram

496 3898 659 3953 fuisse
687 3896 922 3952 factum?
940 3896 995 3951 Si
1026 3896 1297 3950 hominem
1320 3894 1517 3949 factum
1540 3911 1605 3949 ex
1628 3896 1852 3949 muliere
1872 3895 2071 3949 nudum

498 4001 555 4046 et
582 3991 756 4045 solum
784 4009 795 4042 ε
823 3989 1095 4058 quomodo
1116 3988 1347 4041 habebat
1368 3986 1773 4056 plenitudinem,
1800 3996 1858 4039 ut
1880 3985 2075 4039 intelli-

498 4093 653 4153 gatur
672 4082 1013 4137 exinanitus?
1045 4080 1142 4134 Vel
1170 4081 1223 4133 in
1244 4095 1351 4147 qua
1400 4088 1569 4133 antea
1606 4079 1815 4148 positus
1860 4078 2075 4132 celsitu-

497 4174 639 4239 dine,
682 4180 854 4228 semet
902 4172 1210 4226 humiliasse
1237 4171 1467 4225 dicitur?
1494 4170 1589 4224 Vel
1618 4168 1888 4238 quomodo
1917 4169 1969 4222 in
1998 4169 2072 4222 si-

496 4266 850 4321 militudinem
880 4266 1157 4320 hominum
1182 4264 1352 4318 lactus
1374 4272 1475 4327 est,
1500 4264 1591 4332 qui
1619 4264 1669 4318 id
1692 4272 1808 4317 erat
1836 4272 1891 4317 et
1918 4274 2072 4317 antea

497 4374 596 4427 per
616 4367 881 4423 naturam,
910 4357 1013 4411 etsi
1044 4357 1095 4411 id
1123 4357 1295 4411 factus
1324 4354 1460 4409 forte
1486 4370 1597 4408 non
1643 4354 1943 4408 diceretur?
1975 4351 2073 4406 Ubi

498 4455 676 4500 autem
693 4447 995 4500 exinanitus
1008 4454 1109 4510 est,
1134 4436 1410 4500 assumens
1430 4444 1815 4514 plenitudinem
1837 4443 2075 4497 deitatis?

501 4538 594 4593 Vel
623 4536 893 4606 quomodo
925 4552 1030 4590 non
1060 4537 1128 4590 sit
1156 4536 1330 4591 factus
1370 4535 1678 4598 altissimus,
1728 4533 1818 4601 qui
1867 4534 1919 4586 in
1959 4535 2071 4600 glo-

495 4632 629 4686 riam
657 4644 945 4700 supernam
974 4627 1310 4683 ascenderit?

566 4722 734 4791 Igitur
778 4721 1005 4775 dicimus
1033 4735 1140 4773 non
1191 4717 1463 4771 hominem
1501 4716 1673 4771 Deum
1708 4731 1826 4771 esse
1854 4715 2071 4779 factum,

493 4815 585 4869 sed
606 4814 787 4885 potius
808 4812 1005 4867 factum
1036 4824 1156 4864 esse
1187 4808 1239 4862 in
1264 4807 1611 4873 cxinanitate,
1638 4816 1861 4878 propter
1886 4808 2073 4861 huma-

492 4908 734 4971 nitatem,
760 4904 928 4958 Deum
947 4902 1203 4965 Verbum,
1236 4900 1326 4967 qui
1356 4908 1472 4953 erat
1500 4901 1553 4954 in
1573 4900 1877 4968 aequalitate
1898 4899 2073 4954 Patris

489 5008 545 5054 et
576 4997 745 5053 forma
776 5012 791 5049 :
820 4994 1123 5050 exinanittis
1156 4999 1238 5046 est
1289 4992 1431 5045 enim
1477 4993 1581 5046 hoc
1625 4991 1808 5055 modo,
1857 4999 2078 5060 propter

488 5089 893 5145 similitudinem
936 5094 1198 5149 nostram,
1243 5099 1362 5137 cum
1412 5092 1554 5138 esset
1580 5083 1790 5152 plenus,
1823 5089 1881 5136 ut
1910 5081 2069 5136 Deus.

491 5178 812 5232 l-lumiliatus
850 5184 932 5231 est
961 5183 1184 5244 propter
1212 5188 1449 5237 carnem,
1482 5173 1554 5226 ita
1579 5184 1636 5227 ut
1658 5188 1687 5225 a
1717 5171 1909 5225 divina:
1956 5185 2073 5224 ma-

483 5265 696 5333 jestatis
722 5263 933 5333 fastigio
964 5279 1071 5317 non
1122 5263 1441 5328 descendat;
1490 5263 1671 5318 sedem
1721 5262 1865 5316 enim
1912 5262 2075 5315 habet

490 5357 823 5411 altissimam.
853 5355 1047 5410 Factus
1074 5363 1155 5409 est
1185 5356 1237 5409 in
1259 5355 1607 5409 similitudine
1628 5354 1925 5417 hominum,
1950 5369 2071 5408 cum

490 5452 559 5505 sit
596 5449 837 5519 ejusdem
866 5449 1050 5504 formae
1080 5465 1201 5503 cum
1233 5448 1413 5512 Patre,
1454 5454 1642 5516 utpote
1691 5446 1843 5515 cujus
1890 5456 1973 5501 est
2014 5446 2073 5498 li-

490 5557 618 5612 gura
668 5541 993 5596 substantim.
1052 5540 1248 5594 Verum
1299 5540 1554 5609 quoniam
1585 5540 1751 5592 semel
1793 5540 1961 5593 iactus
1990 5546 2073 5594 est

487 5643 638 5704 juxta
669 5650 783 5699 nos,
815 5632 1118 5687 ascendisse
1147 5633 1358 5696 dicitur,
1396 5646 1519 5685 cum
1567 5646 1727 5685 carne
1760 5632 1812 5685 in
1842 5632 2068 5699 gloriam

491 5725 723 5790 deitalis,
771 5739 930 5795 quam
984 5731 1257 5794 patentem
1309 5720 1523 5789 quidem
1559 5720 1720 5774 habet
1742 5723 1895 5789 quasi
1938 5739 2064 5791 pro-

2176 536 2340 582 tatem
2370 549 2379 581 ;
2417 530 2671 585 Dominus
2701 533 2844 585 enim
2870 534 3108 587 omnium
3138 550 3254 589 esse
3296 538 3547 605 creditur,
3587 546 3730 599 etiam

2172 636 2293 676 Ulli]
2316 638 2497 676 carne.

2244 712 2499 765 Flectitur
2526 720 2704 766 autem
2728 714 2826 783 ipsi
2851 730 3012 770 omne
3031 730 3192 784 genu,
3225 727 3279 772 et
3303 719 3353 773 id
3390 736 3497 775 non
3548 724 3609 777 ad
3653 728 3732 781 do-

2172 799 2339 855 lorem
2368 810 2421 856 et
2441 804 2819 857 contumeliam
2844 803 3036 871 Patris,
3060 807 3153 861 sed
3182 810 3352 872 magis
3382 811 3448 864 ad
3481 814 3690 879 gloriam
3716 838 3725 872 :

2170 895 2364 963 gaudet
2384 896 2545 959 enim,
2574 904 2628 949 et
2647 896 2993 964 gloriﬁcatur,
3019 899 3143 953 dum
3167 902 3233 954 ab
3255 902 3560 959 hominibus
3587 907 3730 965 Filius

2170 986 2441 1048 adoratur,
2473 986 2599 1040 licet
2619 984 2789 1040 factus
2818 989 2885 1041 sit
2910 989 3099 1043 similis
3120 993 3311 1045 nostri.
3336 993 3601 1064 Scriptum
3617 1015 3730 1054 vero

2169 1083 2250 1127 est
2278 1090 2459 1128 rursus
2484 1094 2495 1126 :
2530 1074 2649 1129 Non
2680 1078 2816 1129 enim
2848 1078 3059 1147 angelos
3088 1082 3442 1149 apprehendit,
3467 1087 3558 1138 sed
3576 1105 3729 1143 semen

2168 1165 2415 1231 Abrahaa;
2455 1168 2592 1221 unde
2631 1168 2802 1222 debuit
2846 1188 2936 1238 per
2975 1175 3149 1225 omnia
3177 1175 3425 1244 fratribus
3464 1182 3730 1234 assimilnri

2170 1253 2325 1323 (Πρὸ.
2350 1272 2403 1320 ιι,
2439 1255 2546 1324 16).
2578 1256 2714 1311 Ecce
2735 1274 2917 1313 semen
2960 1258 3187 1315 Abraha:
3233 1267 3586 1333 apprehendit
3614 1270 3733 1323 Ver-

2166 1348 2291 1401 bum
2330 1348 2490 1413 Deus,
2536 1357 2590 1402 ct
2630 1365 2735 1402 non
2768 1351 2927 1404 homo
2978 1353 3158 1407 nescio
3214 1357 3333 1423 quis
3364 1360 3533 1411 nostri
3557 1361 3732 1414 similis

2165 1436 2419 1491 deitatem
2458 1440 2831 1508 apprehendit,
2876 1449 2930 1495 et
2968 1442 3081 1511 ipse
3112 1445 3265 1499 nobis
3295 1448 3639 1513 assimilatur,
3684 1464 3733 1507 et

2166 1535 2502 1596 nuncupatur
2522 1527 2687 1582 frater
2705 1538 2890 1584 noster
2915 1530 3052 1602 [Bal.
3078 1549 3178 1586 om.
3212 1533 3439 1605 noster],
3472 1545 3531 1590 ut
3561 1540 3730 1605 homo,

2170 1634 2277 1671 non
2305 1628 2561 1687 quantum
2592 1628 2672 1674 est
2702 1621 2766 1674 ad
2788 1622 3003 1677 deitatis
3025 1632 3286 1680 naturam.
3320 1626 3575 1690 Quoniam
3601 1636 3731 1700 pueri

2164 1712 2662 1763 communicaverunt
2700 1714 2843 1765 carni
2879 1722 2929 1765 et
2961 1717 3221 1785 sanguini,
3271 1727 3321 1770 et
3368 1719 3477 1787 ipse
3510 1723 3732 1776 similiter

2165 1801 2492 1869 participarit
2520 1802 2612 1863 eis,
2645 1810 2701 1853 ut
2728 1819 2819 1871 per
2845 1812 3060 1857 mortem
3089 1806 3371 1860 destrueret
3395 1826 3510 1861 eum
3542 1813 3623 1881 qui
3649 1814 3733 1865 im-

2164 1892 2359 1960 perium
2380 1890 2570 1946 obtinet
2593 1896 2793 1959 mortis,
2822 1895 2875 1948 id
2899 1906 2993 1961 est,
3023 1898 3300 1964 diabolum,
3326 1911 3375 1954 et
3396 1901 3635 1958 liberaret
3654 1923 3732 1959 eos

2164 1984 2250 2053 qui
2279 1985 2458 2038 timore
2479 1987 2658 2039 mortis
2682 2004 2773 2056 per
2801 2004 3000 2042 omnem
3028 1993 3183 2044 vitam
3213 1995 3387 2047 nativa
3413 1996 3734 2051 contineban-

2166 2084 2247 2127 tur
2274 2078 2514 2129 seruitute
2544 2076 2703 2147 (Ibid.
2732 2080 2908 2147 v.14).
2943 2080 3081 2136 Ecce
3110 2084 3302 2136 iterum
3333 2086 3467 2155 ipse,
3500 2088 3734 2142 similiter

2165 2181 2228 2220 ac
2256 2183 2371 2231 nos,
2400 2170 2738 2239 participavit
2764 2173 3007 2240 sanguini
3037 2182 3090 2227 et
3118 2175 3285 2238 carni,
3322 2184 3375 2230 et
3403 2192 3468 2231 ea
3499 2194 3586 2232 res
3613 2196 3731 2233 (εαυ-

2164 2270 2276 2309 sam
2300 2258 2459 2311 habet
2479 2258 2817 2327 conjunctam
2841 2264 3017 2316 statim
3040 2279 3103 2318 ac
3129 2267 3462 2334 proximam;
3488 2270 3733 2339 scriptum

2165 2355 2248 2400 est
2277 2348 2417 2401 enim
2443 2367 2454 2401 :
2490 2347 2630 2403 Nam
2655 2351 2791 2421 quod
2818 2353 3131 2423 impossibile
3158 2365 3270 2408 erat
3292 2358 3409 2425 legi,
3435 2360 3491 2410 in
3522 2377 3617 2430 quo
3662 2362 3709 2412 in

2166 2439 2471 2507 ﬁrmabatur
2496 2443 2550 2493 in
2580 2458 2755 2504 carne,
2782 2441 2920 2496 Deus
2952 2443 3146 2498 Filium
3177 2463 3321 2499 suum
3353 2450 3497 2501 misit
3524 2452 3575 2502 in
3604 2452 3737 2504 simi-

2166 2529 2202 2581 li
2208 2530 2382 2583 tudine
2395 2533 2567 2584 carnis
2578 2534 2791 2600 peccati,
2810 2542 2858 2586 et
2880 2534 2943 2586 de
2962 2546 3169 2604 peccato
3190 2537 3457 2591 damnavit
3486 2551 3736 2608 peccatum

2166 2623 2220 2701 in
2241 2638 2394 2675 carne
2416 2621 2591 2693 (Rom.
2618 2639 2691 2687 ιη,
2712 2624 2786 2689 ὅ).
2815 2624 3043 2679 Attende
3068 2628 3280 2691 iterum,
3303 2629 3445 2696 quod
3463 2646 3571 2683 non
3587 2632 3739 2685 homo

2168 2709 2423 2765 affectans
2452 2721 2695 2766 naturam
2724 2714 2957 2768 divinam
2987 2717 3305 2782 ostenditur,
3332 2728 3385 2772 et
3428 2720 3497 2773 ad
3523 2720 3637 2788 ejus
3663 2721 3737 2774 di-

2166 2804 2422 2869 gnitatem
2439 2804 2759 2869 ascendens;
2786 2805 2878 2859 sed
2909 2808 3125 2861 mittens
3156 2810 3326 2876 magis
3363 2809 3559 2863 Filium
3600 2828 3741 2864 suum

2170 2894 2310 2949 Deus
2337 2903 2391 2949 et
2417 2894 2595 2961 Pater,
2638 2900 2690 2952 in
2718 2899 3064 2954 similitudine
3088 2902 3261 2955 carnis
3288 2904 3522 2971 peccati,
3558 2911 3615 2956 ut
3657 2904 3742 2957 dc-

2170 2995 2402 3041 strueret
2431 2998 2726 3058 peccatum.
2778 2990 2916 3059 Ergo
2963 2991 3215 3057 Verbum,
3248 3009 3368 3048 cum
3408 2994 3557 3049 Deus
3578 2996 3663 3059 sit,
3692 3010 3742 3049 se

2173 3079 2225 3132 in
2260 3080 2644 3135 exinanitatem
2673 3083 2836 3137 homo
2866 3082 3035 3138 factus
3065 3086 3303 3150 immisit,
3346 3094 3401 3140 et
3440 3103 3550 3141 non
3591 3088 3741 3141 homo

2174 3170 2506 3238 simpliciter,
2546 3171 2777 3226 divinam
2817 3174 3040 3240 gloriam
3083 3174 3357 3243 affectans,
3388 3176 3638 3235 Christus
3669 3180 3741 3233 vi-

2172 3259 2347 3313 detur.

2755 3332 2982 3389 CAPUT
3020 3336 3156 3390 Xlll.

2176 3419 2326 3485 Quod
2348 3421 2577 3477 Christus
2598 3423 2632 3477 Ι
2635 3442 2749 3480 esus
2771 3436 2973 3481 vocetur
2993 3428 3143 3482 homo
3165 3430 3329 3499 factus
3351 3422 3487 3483 Deus
3517 3430 3742 3483 Verbum.

2244 3535 2665 3606 Dispensationis
2695 3539 2954 3593 incarnati
2992 3540 3262 3609 Unigeniti
3290 3545 3614 3613 mysterium
3642 3544 3742 3597 sub

2177 3630 2318 3683 tilius
2345 3630 2763 3696 considerantes,
2798 3632 2847 3685 id
2877 3634 3164 3687 asserimus
3183 3676 3196 3697 ,
3230 3633 3387 3687 ﬁdem
3411 3644 3620 3689 rectam
3649 3652 3745 3689 ser-

2174 3730 2363 3775 vantes
2409 3729 2463 3775 et
2510 3738 2730 3775 veram:
2764 3724 2905 3790 quod
2937 3724 3106 3792 ipsum
3152 3722 3323 3779 Patris
3364 3724 3457 3777 Dei
3497 3724 3747 3785 Verbum,

2176 3813 2316 3864 Deus
2345 3826 2502 3865 verus
2530 3827 2597 3865 ex
2626 3811 2736 3865 Deo
2768 3828 2913 3877 vero,
2946 3822 2998 3866 et
3028 3813 3203 3866 lumen
3227 3811 3293 3866 de
3321 3812 3549 3879 lumine,
3586 3814 3750 3867 incar~

2176 3911 2358 3955 natum
2387 3903 2492 3966 sit,
2537 3912 2591 3956 et
2618 3904 2780 3958 homo
2809 3903 3003 3958 factum
3023 3946 3037 3969 ,
3086 3913 3141 3958 et
3168 3904 3527 3971 descenderit,
3559 3912 3612 3959 et
3640 3919 3751 3974 pas-

2176 4012 2292 4048 sum
2321 3997 2420 4061 sit,
2451 4004 2505 4050 et
2532 3998 2824 4051 surrexerit
2852 4013 2919 4051 ex
2948 3998 3189 4051 mortuis.
3231 3997 3308 4050 lta
3344 3998 3486 4050 enim
3522 3996 3753 4051 deﬁnivit

2178 4085 2299 4138 ﬁdei
2326 4086 2625 4155 symbolum
2655 4086 2888 4157 synodus
2918 4086 3102 4154 ingens
3124 4094 3174 4140 et
3198 4095 3403 4139 sancta.

2249 4174 2625 4243 Perquirentes
2652 4183 2830 4230 autem
2860 4184 2913 4230 et
2943 4192 3071 4241 nos,
3103 4185 3157 4230 et
3195 4176 3505 4230 discernere
3539 4177 3755 4245 cupien-

2176 4275 2259 4321 tes
2282 4307 2296 4331 ,
2326 4267 2453 4335 quid
2482 4268 2551 4321 sit
2592 4268 2803 4321 tandem
2829 4308 2842 4331 ,
2878 4269 3208 4322 incarnatum
3232 4282 3376 4330 esse,
3407 4276 3462 4320 et
3482 4268 3754 4321 hominem

2178 4357 2374 4412 factum
2410 4358 2505 4412 Dei
2534 4358 2767 4412 Verbum
2795 4378 2806 4410 :
2852 4360 3153 4422 cernimus,
3203 4358 3347 4426 quod
3375 4374 3486 4411 non
3512 4360 3621 4412 hoc
3660 4365 3752 4419 ρει,

2180 4449 2453 4502 hominem
2495 4464 2764 4502 assumere
2809 4457 3075 4517 tamquam
3118 4448 3170 4502 in
3208 4448 3615 4516 conjunctione,
3647 4460 3755 4515 quae

2183 4538 2274 4592 ﬁat
2302 4555 2398 4609 per
2414 4539 2771 4607 aequalitatem
2800 4538 3105 4606 dignitatis,
3134 4538 3247 4591 sive
3277 4538 3650 4598 auctoritatis,
3680 4535 3757 4587 vel

2179 4646 2277 4701 per
2298 4631 2465 4684 solam
2490 4630 2721 4683 lilietatis
2738 4630 3052 4703 ὁμωνυμίανς
3077 4629 3244 4697 magis
3267 4639 3446 4682 autem
3474 4628 3594 4682 ﬁeri
3612 4629 3758 4696 juxta

2180 4736 2279 4773 nos
2331 4719 2602 4773 hominem
2658 4719 2754 4787 (ita
2799 4728 2979 4773 tamen
3040 4728 3097 4772 ut
3152 4719 3294 4772 nulla
3334 4721 3625 4773 conversio
3680 4716 3759 4770 vel

2180 4810 2529 4864 commutatio
2568 4809 2922 4877 subsequatur
2938 4810 2975 4879 ),
3008 4818 3062 4863 et
3090 4809 3368 4864 sublevare
3408 4811 3621 4879 pariter
3648 4822 3760 4861 cum

2181 4918 2274 4957 sua
2312 4910 2498 4957 natura
2546 4917 2667 4955 eum
2692 4940 2705 4964 ,
2757 4902 2848 4971 qui
2885 4902 2937 4955 in
2980 4902 3348 4970 assumptione
3374 4901 3470 4954 fuit
3501 4900 3685 4954 carnis
3711 4905 3761 4951 et

2178 4992 2450 5058 sanguinis
2478 4992 2837 5061 dispensative
2866 4991 3068 5064 (Batus.
3103 4990 3544 5062 dispensatorie].

2251 5084 2397 5138 Unus
2427 5084 2585 5151 igitur
2621 5091 2728 5147 est,
2761 5084 2851 5151 qui
2893 5091 3017 5137 ante
3056 5082 3485 5137 [incarnationem
3525 5096 3559 5135 a
3587 5079 3761 5134 divina

2178 5174 2451 5244 Scriptura
2486 5176 2820 5236 nominatur,
2854 5183 2909 5228 et
2938 5172 3255 5242 Unigenitus
3274 5213 3290 5239 ,
3320 5183 3374 5227 et
3402 5172 3649 5226 Verbum
3669 5211 3683 5233 ,
3714 5176 3765 5223 et

2179 5267 2347 5331 Deus,
2399 5275 2453 5321 et
2484 5268 2687 5335 imago,
2716 5275 2769 5321 et
2790 5267 3001 5332 lumen,
3039 5275 3093 5321 et
3124 5264 3287 5334 ﬁgura
3315 5265 3638 5320 substantim
3670 5261 3765 5313 Pa-

2179 5360 2274 5413 tris
2293 5400 2307 5424 ,
2338 5368 2391 5413 et
2420 5360 2556 5424 vita,
2588 5368 2642 5411 et
2670 5358 2866 5427 gloria,
2911 5365 2965 5411 et
2994 5358 3267 5426 splendor,
3297 5365 3351 5410 et
3378 5355 3649 5423 sapientia
3671 5392 3686 5414 ,
3717 5360 3767 5405 et

2176 5451 2366 5514 virtus,
2397 5458 2451 5503 et
2471 5448 2863 5516 magniﬁcentia
2883 5487 2897 5511 ,
2923 5456 2977 5501 et
3006 5448 3262 5501 Dominus
3288 5445 3534 5507 sabaoth,
3564 5452 3623 5497 et
3653 5441 3768 5494 aliis

2178 5540 2371 5594 talibus
2393 5540 2715 5602 nominibus,
2739 5552 2857 5606 qua:
2879 5552 3005 5590 vere
3034 5536 3362 5590 conveniunt
3390 5534 3605 5588 deitati.
3646 5531 3770 5584 Post

2177 5629 2605 5683 lnearnationem
2635 5644 2766 5682 vero
2789 5630 2948 5681 homo
2979 5626 3183 5700 [Bolus
3220 5643 3322 5679 om.
3361 5623 3572 5687 homo',
3610 5621 3769 5675 Chri-

2176 5733 2307 5785 stus,
2338 5719 2508 5785 Iesus,
2541 5719 2970 5790 prOpitiatorium
2993 5760 3007 5787 ,
3041 5717 3323 5781 mediator,
3356 5714 3613 5787 primitiae
3645 5712 3771 5766 dor-
