3978 6188
297 306 435 359 1017

1036 304 1093 359 S.
1138 303 1409 358 CYlllLLl
1449 302 1730 359 SCllOLlA
1777 305 1863 361 DE
1904 302 2408 362 lNCARNATlGNE
2449 306 2815 365 UNGENITI.

3423 315 3557 370 10⁸8

296 418 571 474 nitentium
591 456 606 481 ,
642 415 1029 485 priinogenitus
1053 430 1084 468 a
1112 415 1357 479 mortuis,
1388 414 1654 469 secundus
1683 413 1874 478 Adam,
1909 423 1954 475 Α
2053 417 2167 472 Etsi
2191 418 2401 472 dicatur
2429 420 2676 487 proﬁcere
2694 417 2845 473 Iesus
2872 428 3040 483 relate,
3074 419 3328 487 sapientia
3360 431 3405 473 et
3435 440 3552 491 θνα-

293 519 457 581 caput
494 508 737 578 corporis
780 506 1066 571 Ecclesice,
1116 523 1237 561 cum
1272 522 1392 560 eum
1440 506 1603 560 etiam
1661 505 1875 559 nomina

293 606 467 676 prisca
518 608 845 671 sequantur:
874 610 897 639 ι
922 602 1100 653 omnia
1142 602 1285 654 enim
1325 601 1490 669 ipsius
1515 599 1730 669 propria
1756 606 1879 653 sunt

294 705 349 750 et
377 695 587 763 priora,
618 700 672 745 et
697 705 813 760 quae
841 691 1141 745 novissimis
1172 690 1311 746 facta
1341 692 1690 761 temporibus.

368 785 516 840 Unus
546 785 707 852 igitur
731 790 844 848 est,
876 789 929 836 et
957 783 1044 850 qui
1077 790 1201 836 ante
1229 783 1656 837 lncarnationem
1680 823 1696 849 ,
1736 785 1879 839 Deus

294 885 414 933 erat
459 890 648 937 verus,
694 883 749 928 et
796 873 885 942 qui
934 872 987 926 in
1034 872 1367 927 humanitate
1412 874 1608 926 mansit
1653 874 1707 928 id
1735 874 1877 942 quod

294 977 412 1022 erat
432 1007 446 1032 ,
494 974 549 1021 et
577 973 687 1029 est,
736 972 792 1019 et
816 964 936 1017 erit.
996 963 1112 1017 Non
1143 963 1527 1018 discernendus
1555 964 1718 1031 igitur
1743 979 1880 1018 unus

295 1060 553 1114 Dominus
595 1056 750 1111 Jesus
791 1055 1067 1119 Christus,
1116 1055 1170 1107 in
1208 1054 1481 1108 hominem
1520 1069 1797 1132 seorsum;
1825 1061 1880 1109 et

293 1165 538 1205 seorsum
562 1149 613 1201 in
636 1147 832 1211 Deum;
855 1145 949 1199 sed
971 1160 1133 1199 unum
1156 1144 1509 1211 eamdemque
1529 1143 1709 1197 Jesum
1731 1144 1880 1198 Chri-

293 1251 436 1295 stum
465 1255 584 1296 esse
626 1238 880 1301 dicimus,
921 1252 1027 1289 non
1058 1236 1366 1304 ignorantes
1392 1233 1746 1288 differentiam
1778 1251 1877 1288 na-

295 1343 557 1396 turarum,
588 1330 683 1385 sed
712 1345 804 1383 eas
835 1325 1139 1382 inconfusas
1167 1326 1308 1381 inter
1335 1342 1455 1380 sese
1480 1333 1776 1380 servantes.

367 1422 590 1488 Quoties
620 1420 778 1487 igitur
804 1418 980 1471 littera
1009 1430 1164 1471 sacra
1203 1423 1620 1479 commemorat,
1650 1414 1793 1482 quod
1825 1415 1877 1468 in

295 1510 510 1565 Christo
547 1507 851 1563 inhabitavit
882 1509 1047 1561 omnis
1088 1505 1352 1576 plenitudo
1383 1505 1669 1559 divinitatis
1699 1521 1881 1574 corpo-

296 1603 478 1657 raliter
508 1600 641 1671 (σοι.
676 1617 735 1663 n,
758 1598 836 1668 9);
871 1614 977 1652 non
1005 1598 1127 1652 ideo
1149 1597 1374 1652 dicimus
1402 1604 1671 1664 tamquam
1702 1598 1753 1649 in
1776 1597 1881 1650 alio

295 1695 510 1748 Christo
530 1734 544 1759 ,
580 1693 631 1746 in
661 1692 881 1747 homine
916 1706 1160 1744 seorsum
1198 1689 1524 1743 inhabitasse
1550 1689 1717 1742 Deum
1746 1688 1880 1742 Ver-

1984 508 2054 559 tia
2094 506 2243 578 (Luc.
2276 525 2332 571 ιι,
2375 506 2485 577 52),
2533 508 2948 579 dispensationis
2995 508 3109 561 hsce
3145 522 3230 561 res
3276 517 3374 562 est.
3417 509 3556 564 Deus

1982 598 2184 650 etenim
2238 597 2472 651 Verbum
2517 598 2907 652 humanitatem
2953 613 3105 652 more
3153 613 3249 652 suo
3296 598 3558 668 proﬁcere

1980 687 2365 757 permittebat,
2406 694 2461 740 et
2499 688 2651 756 quasi
2689 687 2945 757 paulatim
2972 686 3269 741 divinitatis
3305 704 3415 742 sua:
3442 689 3557 756 glo-

1980 778 2116 831 riam
2147 778 2363 833 volebat
2390 779 2683 846 declarare,
2715 790 2769 835 et
2797 799 2914 837 cum
2944 787 3186 854 corporis
3212 794 3370 840 aztate
3395 788 3555 840 etiam

1979 884 2075 922 sua
2102 867 2307 940 [Baluz.
2340 868 2512 941 suam]
2543 871 2851 934 extendere,
2884 889 2954 927 ne
2977 875 3102 943 quid
3134 892 3328 946 novum
3355 876 3556 929 videre-

1981 967 2086 1023 tur,
2111 958 2270 1028 idque
2290 961 2573 1015 nonnullos
2599 962 2761 1016 nimia
2791 964 3027 1017 novitate
3055 975 3398 1033 perterreret.
3421 967 3552 1021 Cum

1979 1049 2277 1118 praesertim
2314 1050 2391 1104 sic
2430 1064 2644 1119 quoque
2680 1051 2951 1105 dicerent:
2999 1052 3265 1115 Quomodo
3305 1056 3387 1107 hic
3416 1056 3552 1110 litte-

1979 1158 2065 1195 ras
2093 1143 2208 1205 scit,
2239 1157 2351 1194 cum
2384 1158 2487 1195 non
2518 1141 2753 1195 didicerit
2776 1142 2956 1210 (Joau.
2985 1160 3075 1206 vu,
3104 1142 3235 1211 15)?
3264 1144 3405 1212 Ergo
3435 1161 3553 1199 cor-

1977 1233 2165 1304 porale
2194 1240 2532 1300 augmentum
2558 1272 2573 1296 ,
2613 1241 2672 1286 et
2701 1233 2975 1301 profectus
3008 1235 3192 1301 gratia:
3256 1251 3319 1288 ac
3343 1238 3558 1304 sapien—

1979 1326 2065 1378 tia:
2094 1364 2110 1389 ,
2164 1323 2514 1377 humanitatis
2557 1338 2823 1378 mensura:
2869 1325 3153 1388 convenit;
3201 1341 3373 1393 ipsum
3427 1343 3556 1380 vero

1979 1414 2149 1467 Deum
2199 1410 2432 1466 Verbum
2479 1428 2577 1482 per
2624 1429 2774 1467 suam
2802 1420 3060 1468 ‘naturatn
3109 1416 3557 1484 perfectissimum

1980 1500 2318 1567 conﬁtemur,
2358 1517 2465 1556 non
2503 1517 2730 1571 egenum
2777 1505 3081 1575 profectus,
3123 1522 3226 1560 non
3257 1509 3556 1576 sapientim,

1980 1610 2086 1647 non
2116 1594 2318 1661 gratim.
2359 1594 2538 1665 Ipsum
2567 1596 2709 1649 enim
2730 1606 3012 1663 creaturae,
3045 1606 3099 1653 et
3128 1600 3467 1668 sapientiam,
3503 1611 3558 1655 et

1981 1684 2230 1753 gratiam,
2260 1692 2315 1738 et
2342 1685 2482 1739 bona
2512 1686 2691 1739 omnia
2714 1686 2971 1755 impertit.

294 1785 454 1849 hum;
495 1800 593 1838 nec
622 1798 785 1853 porro
813 1782 1108 1836 dividentes
1147 1794 1210 1834 ea
1236 1794 1355 1847 quae
1387 1780 1534 1833 unita
1564 1788 1706 1843 sunt,
1738 1780 1873 1833 duos
1908 1777 1948 1833 Β
2047 1775 2104 1830 Si
2134 1792 2261 1830 vero
2289 1774 2444 1831 Jesus
2482 1792 2673 1846 passus
2708 1793 2828 1833 esse
2867 1779 3093 1845 dicatur,
3133 1781 3311 1849 passio
3341 1780 3555 1848 quidem

296 1875 640 1943 intelligimus
672 1872 840 1937 ﬁlios;
874 1872 997 1926 illud
1020 1879 1197 1924 autem
1219 1870 1406 1937 magis,
1437 1870 1579 1939 quod
1607 1869 1877 1925 Christum

296 1956 541 2021 nominat
561 1966 739 2020 littera
764 1978 916 2017 sacra
946 1979 1010 2016 ex
1033 1970 1187 2032 parte
1217 1978 1635 2030 nonnumquam,
1659 1971 1712 2016 et
1734 1962 1878 2030 quod

293 2057 687 2111 humanitatem
714 2053 809 2107 Dei
838 2051 1094 2116 Verbum,
1119 2066 1277 2119 quam
1307 2053 1579 2121 propriam
1609 2052 1787 2116 habet,
1822 2053 1875 2104 in

293 2148 474 2203 locum
504 2146 683 2215 posuit
710 2142 915 2211 templi.
958 2140 1225 2211 Scriptum
1263 2150 1346 2196 est
1377 2150 1556 2195 autem
1586 2149 1641 2195 et
1668 2141 1734 2195 de
1763 2141 1878 2195 ani-

291 2240 485 2292 mabus
514 2237 786 2291 humanis:
818 2233 1176 2288 Inhabitantes
1206 2243 1373 2287 autem
1408 2234 1584 2286 domos
1611 2235 1790 2293 luteas.
1816 2233 1878 2285 de

293 2325 474 2399 quibus
503 2334 552 2378 et
575 2342 667 2378 nos
696 2341 760 2377 ex
785 2324 962 2377 eodem
984 2323 1087 2375 luto
1109 2338 1282 2378 sumus
1307 2322 1447 2393 (Job.
1480 2340 1551 2387 Iv,
1578 2322 1688 2391 19).
1719 2321 1746 2361 δ
1777 2322 1876 2376 Er-

294 2433 455 2487 gone,
484 2417 735 2485 quoniam
761 2415 930 2468 luteas
954 2414 1145 2468 domos
1174 2414 1406 2467 humana
1435 2429 1662 2483 corpora
1700 2413 1875 2467 nomi—

296 2518 425 2571 nat,
467 2516 521 2562 et
558 2506 789 2561 afﬁrmat
837 2507 891 2559 in
928 2506 1013 2559 his
1068 2505 1274 2559 animas
1317 2505 1577 2571 habitare,
1629 2505 1682 2557 in
1735 2505 1871 2560 duos

296 2599 540 2654 homines
586 2611 753 2651 unum
816 2596 1088 2650 hominem
1152 2595 1486 2650 dividemus?
1553 2595 1713 2663 Atqui
1768 2612 1875 2649 non

296 2689 607 2743 irrationale
640 2686 862 2743 omnino
900 2687 1002 2752 sit,
1043 2695 1102 2740 ut
1138 2686 1193 2739 in
1240 2686 1457 2740 homine
1496 2686 1714 2755 spiritus
1751 2702 1878 2741 suus

295 2778 596 2833 inhabitare
624 2777 851 2833 dicatur.
893 2776 1062 2843 Ergo,
1094 2777 1194 2831 etsi
1229 2791 1327 2845 per
1353 2775 1658 2844 hujusmodi
1688 2777 1878 2830 modos

295 2870 555 2925 orationis
592 2867 758 2937 ﬁgura
784 2868 1086 2940 procedat,
1127 2884 1247 2923 cum
1288 2867 1504 2941 (Batus.
1537 2866 1686 2938 qum]
1723 2869 1880 2923 aliter

297 2959 413 3014 ﬁeri
441 2976 546 3015 non
577 2960 764 3029 possit,
798 2975 904 3013 non
932 2966 1113 3013 tamen
1141 2958 1262 3013 ideo
1283 2974 1462 3012 rerum
1483 2959 1753 3028 corrumpi
1783 2973 1880 3012 na-

295 3061 448 3107 turas
472 3060 749 3121 oporteat,
780 3051 873 3107 sed
901 3052 1068 3120 magis
1097 3066 1191 3106 eas
1220 3059 1371 3107 recto
1410 3051 1649 3107 veritatis
1686 3057 1877 3106 tenore

295 3145 520 3199 servari.

370 3232 592 3298 Quoties
618 3232 777 3300 igitur
803 3231 1086 3301 quaepiam,
1108 3246 1229 3301 qua:
1255 3231 1567 3286 dissimilem
1588 3239 1713 3285 sunt
1736 3231 1876 3286 inter

294 3340 358 3380 se
393 3324 581 3378 sortita
628 3331 903 3385 naturam,
952 3322 1177 3376 collecta
1226 3322 1281 3374 in
1320 3321 1738 3385 adunationem,
1777 3335 1876 3389 per

296 3416 742 3488 compositionem
780 3414 1061 3467 videntur:
1102 3413 1296 3467 deinde
1337 3414 1651 3468 alterutrum
1687 3428 1757 3468 ex
1794 3413 1877 3466 bis

296 3505 356 3558 in
387 3505 642 3558 alterutro
672 3502 914 3567 habitare
934 3501 1147 3565 dicitur,
1171 3515 1279 3554 non
1301 3500 1643 3555 dividendum
1673 3502 1725 3554 in
1748 3500 1874 3565 duo,

297 3593 642 3648 adunationis
670 3592 1026 3647 conventione
1055 3590 1273 3645 minime
1299 3591 1499 3645 violata
1530 3590 1741 3663 [Baluz.
1769 3591 1879 3645 vio-

292 3681 480 3753 landa]
498 3723 513 3748 ,
565 3684 690 3738 licet
739 3682 857 3745 suis.
885 3681 1191 3736 nominibus
1220 3696 1315 3750 per
1336 3696 1455 3735 sese
1484 3696 1569 3746 ea,
1600 3695 1719 3748 qua:
1747 3679 1878 3733 adu-

293 3784 429 3830 nata
457 3782 619 3839 sunt,
651 3775 993 3828 nominentur
1022 3789 1052 3826 a
1090 3773 1265 3827 nobis.
1307 3773 1511 3827 Dicitur
1538 3786 1790 3840 namque,
1821 3779 1879 3825 ut

296 3875 428 3920 ante
448 3866 596 3929 dixi,
645 3873 700 3919 et
741 3865 795 3918 in
834 3864 1053 3919 homine
1092 3864 1332 3918 habitare
1360 3864 1580 3931 spiritus
1609 3878 1756 3927 suus,
1781 3877 1879 3917 nec

294 3964 481 4009 tamen
513 3954 731 4026 [Baluz.
761 3952 1165 4024 verumtamen]
1196 3955 1357 4008 homo
1385 3953 1597 4017 dicitur,
1632 3960 1688 4006 et
1724 3968 1877 4007 seor-

294 4060 422 4099 sum
449 4044 669 4113 spiritus
696 4059 855 4108 suus,
897 4058 1141 4098 seorsum
1172 4050 1227 4097 et
1256 4058 1470 4112 corpus.
1512 4041 1579 4097 Et
1612 4043 1719 4097 tale
1751 4042 1880 4110 quid

302 4136 465 4190 nobis
483 4136 695 4189 divinus
715 4135 910 4189 Paulus
934 4134 1148 4202 obliqua
1174 4133 1563 4202 signiﬁcatione
1594 4132 1683 4205 [Id
1702 4142 1776 4186 est
1792 4134 1881 4186 ob-

297 4242 459 4283 scure
504 4234 559 4282 et
609 4227 760 4295 quasi
804 4225 1174 4297 mnigmatice]
1206 4234 1609 4291 commemorat,
1657 4225 1875 4279 dicens:

300 4318 449 4373 Nam
476 4321 569 4373 etsi
599 4320 819 4373 exterior
847 4328 1019 4372 noster
1046 4319 1195 4372 homo
1225 4319 1598 4387 corrumpitur;
1628 4316 1718 4370 sed
1749 4318 1880 4369 inte-

299 4413 412 4464 rior
433 4418 702 4463 renovatur
728 4408 791 4462 de
819 4409 904 4463 die
930 4410 985 4461 in
1016 4408 1149 4463 diem
1173 4407 1247 4478 (ll
1278 4407 1394 4462 Cor.
1422 4425 1493 4471 tv,
1522 4408 1643 4477 16).
1676 4406 1733 4460 Si
1762 4405 1881 4474 quis

1980 1868 2084 1921 erit
2130 1866 2574 1936 dispensationis;
2610 1868 2778 1937 ipsius
2824 1876 3004 1923 tamen
3053 1869 3266 1933 dicitur,
3318 1879 3372 1924 et
3410 1880 3556 1924 recte

1980 1956 2214 2027 quidem.
2247 1958 2372 2026 quia
2400 1974 2596 2027 corpus
2625 1960 2791 2028 ipsius
2814 1962 3092 2031 proprium
3121 1978 3334 2030 passum
3359 1971 3471 2026 est,
3502 1972 3556 2015 et

1981 2055 2097 2103 erat
2120 2048 2171 2100 in
2201 2064 2428 2118 corpore
2466 2051 2707 2118 patiente
2742 2050 2884 2119 ipse,
2915 2052 3005 2120 qui
3034 2054 3145 2121 pati
3184 2068 3290 2106 non
3320 2060 3552 2121 poterat,

1980 2138 2322 2208 impassibilis
2358 2147 2442 2193 est
2474 2140 2614 2193 enim
2634 2180 2649 2204 ,
2689 2148 2748 2193 ut
2785 2141 2962 2197 Deus:
2994 2150 3253 2211 quantum
3281 2151 3459 2195 tamen
3489 2142 3553 2194 ad

1979 2232 2401 2286 conviciatorum
2428 2232 2777 2301 petulantiam
2806 2234 3079 2301 pertinuit,
3108 2250 3298 2302 passus
3326 2242 3484 2296 esset,
3510 2234 3555 2288 si

1980 2324 2093 2393 pati
2133 2330 2333 2392 posset.
2376 2323 2516 2391 Ergo
2558 2326 2812 2393 quoniam
2846 2326 3015 2379 nostri
3056 2326 3245 2380 similis
3282 2327 3449 2380 factus
3474 2335 3557 2380 est

1983 2411 2317 2481 Unigenitus,
2343 2414 2786 2483 quotiescumque
2810 2414 2972 2469 homo
2998 2416 3303 2468 nominatur
3324 2430 3351 2467 a
3375 2415 3554 2469 divina

1979 2503 2253 2572 Scriptura
2277 2545 2291 2569 ,
2341 2504 2611 2559 intuentes
2656 2504 3137 2574 dispensationem,
3186 2504 3353 2559 Deum
3382 2505 3553 2573 ipsum

1980 2604 2169 2649 natura
2196 2595 2273 2649 sic
2298 2610 2512 2665 quoque
2538 2596 2912 2651 contiteamur.

2560 2706 2789 2761 CAPUT
2826 2705 2962 2760 XIV.

2014 2796 2268 2866 Exempla
2307 2797 2493 2850 divina
2522 2796 2805 2867 Scriptura:
2832 2794 2968 2867 quod
2996 2793 3342 2867 DeiAVerbum
3370 2794 3519 2848 homo

2180 2865 2369 2935 factum
2400 2867 2643 2919 manserit
2668 2865 2826 2918 Deus.
2847 2865 2939 2917 De
2967 2865 3346 2934 propitiatorio.

2050 2959 2138 3013 Ait
2166 2958 2360 3012 alicubi
2390 2958 2531 3011 Deus
2571 2957 2639 3010 ad
2672 2950 2981 3026 pontiﬁcem
3011 2955 3229 3025 Moysen
3256 2973 3268 3007 :
3300 2954 3368 3007 Et
3397 2955 3555 3024 {acies

1979 3051 2393 3121 propitiatorium
2413 3050 2738 3118 impositione
2760 3049 2872 3101 auri
2895 3050 3008 3118 puri
3039 3048 3255 3101 duorum
3276 3048 3555 3100 cubitorum

1902 3138 1948 3201 C
1977 3151 2027 3194 et
2055 3139 2254 3193 dimidii
2284 3138 2672 3209 longitudinem,
2704 3148 2753 3190 et
2776 3136 2928 3190 cubiti
2955 3138 3105 3189 unius
3133 3146 3181 3189 et
3203 3136 3402 3188 dimidii
3430 3136 3555 3189 lati-

1978 3231 2235 3283 tudinem:
2267 3238 2316 3283 et
2356 3231 2516 3300 facies
2555 3228 2682 3283 duos
2721 3227 2988 3281 Cherubin:
3037 3243 3219 3279 aureos
3248 3235 3477 3285 ornatos,
3509 3234 3557 3277 et

1973 3325 2243 3391 imponens
2282 3321 2402 3374 illos
2440 3337 2506 3374 ea:
2528 3329 2741 3390 utroque
2768 3319 2943 3372 latere.
2992 3315 3189 3370 Clierub
3215 3331 3345 3367 unus
3384 3312 3445 3367 de
3480 3315 3557 3366 la-

1977 3422 2080 3467 tere
2108 3413 2221 3477 hoc,
2251 3421 2300 3465 et
2321 3411 2535 3483 [Baluz.
2559 3411 2654 3464 ltoc
2674 3409 2784 3480 est]
2807 3407 3004 3462 Cherub
3024 3424 3155 3460 unus
3183 3406 3245 3459 de
3273 3406 3431 3459 latere
3458 3407 3556 3457 isto

1976 3504 2345 3573 propitiatorii.
2372 3499 2441 3554 Et
2464 3502 2621 3572 {acies
2645 3500 2769 3553 duos
2786 3497 3055 3553 Cherubim
3076 3513 3228 3567 super
3249 3494 3349 3549 duo
3370 3488 3554 3547 latera.

1974 3592 2146 3647 Erunt
2161 3592 2428 3647 Cherubim
2451 3592 2782 3648 extendentes
2805 3606 2998 3661 pennas
3020 3604 3220 3643 sursum
3240 3584 3558 3657 superobum-

1978 3681 2182 3737 brantes
2205 3684 2384 3753 pennis
2406 3684 2511 3735 suis
2536 3698 2687 3750 super
2716 3680 3163 3748 prapitiatorium;
3199 3686 3247 3728 et
3276 3675 3440 3730 vultus
3473 3690 3560 3726 eo-

1977 3788 2089 3825 rum
2112 3771 2397 3824 adinvicem
2419 3770 2741 3839 respicientes
2763 3768 3179 3836 propitiatorium
3200 3774 3346 3817 erunt
3364 3762 3557 3834 (Exod.

1980 3878 2104 3926 xxv,
2132 3860 2240 3931 17).
2266 3859 2531 3925 ‘Eiiigma
2553 3856 2908 3911 certissimum
2940 3856 2991 3909 id
3015 3855 3109 3919 sit,
3142 3854 3309 3907 Deum
3326 3854 3558 3906 Verbum

1978 3953 2140 4007 etiam
2163 3952 2214 4005 in
2236 3949 2569 4004 humanitate
2592 3947 2757 4001 Deum
2782 3945 2988 4019 [Balue
3015 3941 3248 4012 Domini]
3279 3943 3556 4003 mansisse,

1979 4053 2033 4100 et
2056 4045 2109 4098 in
2134 4060 2228 4098 sua
2248 4043 2416 4112 gloria
2441 4056 2504 4096 ac
2525 4041 2822 4109 majestate,
2845 4038 2946 4093 etsi
2973 4044 3194 4106 propter
3214 4034 3559 4104 dispensatio-

1981 4151 2102 4189 nem
2135 4133 2302 4187 factus
2332 4134 2400 4187 sit
2432 4132 2621 4187 similis
2650 4130 2819 4183 nostri
2846 4148 2857 4181 :
2896 4126 3322 4197 Propitiatorium
3343 4138 3561 4193 namque

1980 4243 2071 4296 per
2089 4224 2243 4293 ﬁdem
2266 4226 2430 4294 factus
2453 4232 2528 4276 est
2548 4221 2693 4274 nobis
2721 4217 3028 4273 Emmanuel
3062 4214 3236 4286 (Rom.
3263 4230 3337 4277 ut,
3360 4210 3470 4282 25).
3506 4211 3561 4263 Id

1982 4324 2160 4370 autem
2187 4315 2339 4367 nobis
2367 4310 2736 4380 comprobavit
2770 4306 3193 4376 sapientissimus
3211 4302 3444 4356 Joannes
3476 4301 3559 4353 di-

1981 4420 2107 4459 cens
2134 4422 2145 4457 :
2179 4402 2378 4465 Filioli,
2403 4400 2569 4454 scribo
2598 4400 2766 4463 vobis,
2791 4407 2968 4450 utnon
2991 4396 3239 4466 peccetis;
3269 4392 3360 4447 sed
3379 4394 3423 4445 si
3451 4394 3560 4462 quis

302 4502 468 4568 igitur
495 4500 718 4565 dixerit,
759 4500 1069 4553 interiorem
1111 4507 1354 4554 nostrum
1392 4500 1665 4553 hominem
1694 4499 1747 4552 in
1775 4514 1872 4552 ex-
1904 4497 1950 4556 D
1976 4495 2275 4567 peccaverit,
2307 4491 2679 4547 consolatorem
2700 4490 2939 4543 habemus
2962 4486 3100 4558 apud
3125 4485 3356 4548 Patrem,
3384 4476 3560 4536 Iesum

303 4592 506 4645 teriore
542 4590 759 4644 homine
802 4591 1132 4655 inhabitare,
1161 4606 1349 4646 verum
1377 4591 1591 4659 quidem
1614 4606 1881 4644 memora-

301 4685 414 4747 vit,
447 4683 499 4736 in
528 4682 633 4737 duo
670 4691 847 4736 tamen
877 4699 1039 4737 unum
1066 4682 1304 4737 dividere
1332 4699 1438 4738 non
1466 4682 1751 4737 videbitur.
1794 4682 1882 4735 Ait

300 4785 485 4830 autem
514 4775 705 4829 alicubi
734 4775 895 4829 etiam
925 4776 1185 4844 pr0pheta
1226 4776 1389 4830 Isaias
1415 4794 1426 4827 :
1473 4774 1551 4828 De
1580 4784 1727 4828 nocte
1755 4775 1883 4844 vigi-

300 4868 381 4919 lat
408 4867 616 4937 spiritus
643 4882 783 4919 meus
808 4866 877 4918 ad
900 4875 964 4931 te,
983 4866 1206 4921 Domine
1225 4866 1377 4937 (Isai.
1402 4883 1547 4929 xxvr,
1564 4864 1639 4932 9).
1674 4864 1884 4918 Utrum-

305 4971 375 5009 ne
423 4964 693 5024 tamquam
741 4956 877 5010 alius
922 4964 1117 5026 pneter
1146 4957 1347 5025 ipsum,
1380 4957 1596 5025 spiritus
1621 4955 1786 5024 ipsius
1814 4953 1880 5007 ad

305 5046 475 5101 Deum
521 5048 714 5101 dicitur
758 5048 1015 5116 vigilare?
1063 5046 1250 5101 Nonne
1295 5046 1347 5099 id
1388 5045 1773 5115 ineptissimum
1802 5044 1882 5097 vi-

304 5134 530 5189 deatur?
554 5135 695 5204 Ergo
730 5136 869 5190 scire
910 5135 1126 5204 quidem
1165 5150 1384 5189 necesse
1425 5142 1508 5189 est
1531 5134 1788 5189 orationis
1818 5132 1881 5184 ti-

306 5239 491 5294 guras,
512 5242 619 5279 non
641 5235 818 5280 tamen
834 5226 902 5279 ab
930 5226 1200 5280 intellectu
1230 5224 1506 5279 discedere
1533 5224 1881 5293 competenti,

306 5316 405 5370 sed
432 5316 629 5371 referre
658 5318 825 5384 magis
866 5317 1249 5371 sententiarum
1279 5316 1387 5369 vim
1418 5316 1486 5370 ad
1514 5331 1729 5371 sensum
1748 5355 1762 5380 ,
1792 5317 1884 5385 qui

310 5406 597 5477 unicuique
618 5409 696 5461 rei
722 5408 1026 5466 conveniat.

1982 4584 2238 4639 Christum
2255 4585 2481 4653 justum;
2505 4591 2555 4634 et
2575 4583 2682 4651 ipse
2702 4590 2775 4633 est
2797 4579 3094 4650 propitiatio
3116 4593 3207 4646 pro
3229 4576 3448 4645 peccatis
3478 4590 3561 4625 uo-

1982 4679 2101 4732 stris
2126 4675 2302 4749 (Joan.
2330 4693 2384 4741 ιι,
2413 4674 2485 4745 1).
2512 4674 2622 4728 Nec
2651 4689 2758 4726 non
2795 4673 2954 4726 etiam
2985 4670 3181 4723 Paulus
3207 4686 3218 4720 :
3261 4666 3419 4730 Quem
3442 4683 3561 4734 pro-

1982 4769 2171 4838 posuit,
2197 4768 2387 4835 inquit,
2413 4765 2549 4819 Deus
2581 4764 2993 4835 prepitiatorium
3017 4758 3227 4831 [Baluz.
3261 4757 3561 4827 prepitiata-

1982 4857 2122 4929 rem]
2150 4875 2239 4927 per
2264 4857 2415 4927 fidem
2440 4858 2494 4908 in
2522 4872 2613 4908 suo
2640 4855 2890 4924 sanguine
2924 4850 3097 4919 (Rom.
3124 4866 3176 4914 v,
3205 4845 3318 4916 25).

2058 4947 2321 5001 Caeterum
2359 4962 2517 5001 cerne
2545 4945 2833 5000 Cherubim
2862 4943 3266 4997 circumstantes
3302 4936 3563 5007 propitia-

1988 5041 2183 5095 torium
2208 5079 2223 5103 ,
2270 5048 2325 5094 et
2353 5040 2899 5109 superobumbrantes
2927 5034 3141 5103 quidem
3170 5030 3387 5101 pennis;
3431 5044 3562 5082 con-

1988 5148 2172 5187 versos
2208 5139 2388 5186 autem
2418 5131 2486 5184 ad
2523 5129 2987 5201 propitiatorium,
3032 5133 3086 5179 et
3114 5138 3250 5195 pene
3281 5121 3430 5176 nutui
3461 5121 3564 5173 Do-

1987 5224 2187 5278 minico
2217 5223 2429 5277 oculum
2460 5222 2815 5277 intendentes.
2847 5218 2925 5272 Ad
2954 5217 3046 5271 Dei
3071 5216 3211 5270 enim
3237 5213 3564 5267 voluntatem

1989 5323 2198 5369 tantum
2238 5315 2458 5384 respicit
2501 5321 2683 5368 sancta
2727 5312 3022 5366 caelestium
3064 5309 3341 5377 spirituum
3382 5305 3562 5357 multi-

1910 5478 1911 5481 η
1993 5405 2153 5470 tudo,
2200 5413 2255 5459 et
2301 5419 2589 5472 numquam
2619 5402 2712 5457 Dei
2741 5390 2965 5457 satiatur
2993 5407 3229 5469 aspectu.
3270 5396 3346 5450 lla
3378 5396 3562 5449 Filiam

1474 5535 2011 5593 CASTIGATIONES
2050 5537 2137 5591 ET
2175 5536 2397 5590 NUT/E.

385 5660 407 5720 ξ
449 5650 650 5713 Balnz.,
684 5652 855 5702 omnia
885 5651 1172 5703 novissimis
1196 5651 1333 5720 facta
1366 5648 1690 5720 temporibus.
1725 5647 1877 5699 Eon.

384 5719 409 5759 δ
449 5722 653 5787 ΒειιιιιἿ
689 5720 931 5774 llumaua
963 5719 1487 5789 corporattominat,
1540 5719 1762 5781 aﬁrmat
1792 5734 1885 5770 uu-

1997 5657 2111 5711 tem,
2144 5659 2244 5703 cte.
2280 5648 2433 5702 Eon.
