3978 6188
461 295 549 348 IO!
563 295 597 348 9
1005 292 1194 346 MARII
1235 291 1670 350 MERCATORIS
1707 293 2016 350 TRANSLA

2125 293 2289 351 ΒΝΕὸ
2331 295 2703 352 ΥΛΙΗΟΒΕΜ
2725 296 3255 354 ορυδμυωιὶωί.
3576 295 3710 348 ΙοΞο

458 404 717 474 propheta
747 402 910 457 Isaias
939 403 1132 459 vidisse
1159 420 1218 460 se
1247 405 1404 468 dicit,
1451 406 1504 460 in
1533 407 1670 461 sede
1690 407 1945 461 altissima
1975 415 2029 460 et
2057 416 2103 465 Α
2136 414 2408 476 tamquam
2459 410 2511 463 in
2559 425 2719 464 manu
2764 409 2938 465 Patris
2959 413 3102 481 virga
3131 410 3385 481 a‘qttitatis
3431 423 3493 462 ac
3521 409 3706 475 regni:

457 495 876 549 entittentissima
895 537 909 561 ,
964 495 1434 552 circumstantibus
1462 499 1743 569 Seraphim
1784 507 1840 554 et
1868 500 2028 554 obse-
2133 500 2275 553 sedet
2305 501 2446 554 enim
2471 501 2540 554 ad
2567 501 2832 556 dexteram
2864 504 3111 573 genitoris
3148 504 3226 555 sui
3269 503 3322 556 in
3351 501 3568 570 propria
3595 515 3708 553 ma-

456 587 741 656 queutibus
771 586 840 653 ei,
875 595 931 640 ut
960 587 1068 641 Deo
1102 586 1254 657 (Isai.
1283 605 1351 653 vi,
1387 589 1462 658 l).
2136 590 2356 658 jestate,
2389 593 2543 648 sedes
2568 594 2852 648 altissimas
2880 595 3130 649 obtinens
3148 636 3163 661 ,
3207 595 3368 650 etiam
3397 609 3521 649 cum
3550 607 3707 648 carne

1049 719 1279 775 CAPUT
1316 721 1430 776 XV.

930 835 1082 888 Aliud
1107 835 1168 886 de
1200 836 1339 905 virga
1369 834 1425 887 Μ
1430 837 1556 890 osis.

529 946 901 1000 Destinahatur
949 947 1232 1015 aliquando
1269 947 1479 1002 divinus
1515 947 1726 1018 Moyses
1767 957 1825 1001 ut
1861 948 2026 1004 Israel

458 1037 524 1090 ab
556 1035 928 1107 Egyptiotum
955 1038 1209 1090 violentia
1241 1038 1508 1092 liberaret.
1552 1038 1748 1092 Verum
1775 1040 2027 1107 quoniam

458 1141 676 1180 necesse
706 1134 821 1180 erat
846 1143 958 1191 eos,
991 1128 1081 1195 qui
1109 1129 1207 1182 sub
1231 1128 1358 1196 jugo
1388 1136 1567 1183 essent
1585 1130 1854 1185 servitutis
1881 1131 2029 1184 inso-

458 1217 584 1279 litae,
616 1217 762 1286 prius
785 1217 1006 1282 docere,
1043 1218 1186 1287 quod
1214 1219 1293 1274 eis
1319 1220 1458 1273 Deus
1481 1219 1591 1287 jam
1613 1229 1757 1274 esset
1784 1223 2028 1276 reconci-

460 1305 645 1370 liatus,
696 1306 937 1375 prodigia
977 1322 1100 1361 eum
1142 1308 1316 1363 facere
1354 1310 1684 1378 imperabat:
1717 1310 2030 1379 plerumque

456 1397 601 1449 enim
645 1398 958 1452 miraculum
1008 1415 1107 1454 nos
1153 1400 1370 1455 adducit
1417 1401 1468 1454 in
1518 1399 1695 1454 ﬁdem.
1753 1401 1841 1454 Ait
1869 1402 2030 1469 igitur

457 1485 670 1556 Moyses
698 1487 763 1539 ad
794 1487 960 1541 Deum
991 1491 1413 1558 omnipotentem
1449 1510 1461 1544 :
1496 1491 1554 1547 St
1589 1501 1758 1544 autem
1787 1508 1890 1546 non
1914 1508 2028 1545 cre-

455 1578 681 1630 diderint
708 1579 861 1643 mihi,
896 1595 1054 1649 neque
1073 1581 1335 1634 audierint
1361 1599 1528 1636 vocem
1557 1599 1740 1646 meant,
1767 1583 1990 1636 dicentes
2008 1599 2025 1634 :

459 1668 581 1722 Non
605 1671 846 1738 apparuit
876 1669 961 1722 tibi
983 1669 1152 1735 Deus;
1175 1672 1297 1742 quid
1316 1672 1484 1727 dicam
1507 1675 1609 1728 illis
1627 1677 1650 1728 .’
1670 1675 1819 1729 Dixit
1839 1675 2023 1730 deinde

2135 682 2250 751 (Ps.
2284 701 2422 750 κων,
2458 685 2530 754 7).
2718 755 2944 810 CAPUT
2983 756 3122 810 xv].

2220 845 2377 898 Aliud
2415 847 2477 899 de
2499 864 2652 900 manu
2677 847 2874 918 Mogsis
2905 848 3107 917 leprosa
3133 857 3181 901 et
3211 848 3406 917 integre
3429 855 3636 901 sanata.

2202 935 2350 990 Dixit
2377 947 2547 990 autem
2575 937 2644 990 ad
2680 954 2794 992 eum
2835 938 2971 993 Deus
3011 937 3265 992 Dominus
3305 941 3531 991 iterum:
3566 936 3704 1008 Infer

2129 1043 2340 1080 manum
2369 1037 2507 1080 tuam
2528 1029 2583 1081 in
2602 1029 2771 1082 sinum
2794 1038 2960 1091 tuum;
2983 1040 3032 1083 et
3052 1029 3262 1098 protulit
3283 1046 3491 1082 manum
3513 1029 3577 1082 de
3593 1031 3700 1082 sinu

2128 1103 2240 1180 suo,
2271 1126 2322 1170 et
2351 1119 2491 1185 facta
2517 1126 2593 1170 est
2620 1135 2804 1172 manus
2823 1121 2934 1189 ejus
2955 1121 3085 1173 sicut
3105 1121 3216 1173 nix.
3241 1118 3312 1172 Et
3332 1119 3464 1172 dixit
3487 1120 3696 1172 iterum:

2134 1207 2281 1279 Infer
2319 1226 2526 1262 manum
2557 1219 2694 1263 tuam
2731 1211 2784 1263 in
2812 1213 2980 1264 sinum
3010 1220 3179 1265 tuum:
3205 1218 3253 1264 et
3291 1210 3464 1263 intulit
3501 1225 3699 1262 manum

2129 1315 2277 1352 suam
2304 1300 2357 1352 in
2385 1301 2557 1354 sinum
2592 1317 2738 1354 suum
2757 1341 2772 1366 ,
2803 1310 2852 1354 et
2879 1302 3094 1371 protulit
3131 1317 3244 1354 eam
3274 1300 3338 1354 de
3363 1302 3480 1354 sinu
3509 1317 3628 1363 suo,
3655 1308 3700 1352 et

2129 1390 2312 1442 iterum
2340 1391 2573 1443 restituta
2593 1400 2668 1444 est
2684 1392 2738 1444 in
2761 1390 2983 1445 colorem
3003 1392 3173 1444 carnis
3193 1392 3303 1461 ejus
3325 1389 3520 1461 (Exod.
3540 1406 3609 1449 tv.
3625 1388 3694 1459 6).

2130 1479 2341 1534 Manum
2370 1480 2436 1534 ad
2465 1480 2739 1536 dexteram
2764 1482 2859 1536 Dei
2881 1491 2936 1536 et
2965 1480 3137 1536 Patris
3164 1497 3348 1536 verum
3373 1481 3562 1534 Filimn
3591 1479 3698 1549 ejus

2127 1571 2307 1626 divina
2333 1572 2607 1643 Scriptura
2630 1576 2888 1629 nominat.
2914 1573 3126 1629 Induxit
3146 1574 3286 1628 enim
3330 1574 3503 1643 ipsum
3524 1572 3696 1627 dicen-

2129 1670 2269 1715 tem:
2294 1661 2405 1734 Ego
2426 1681 2580 1717 manu
2602 1681 2713 1718 mea
2746 1666 2947 1734 ﬁrmavi
2987 1665 3166 1719 caelum
3201 1663 3356 1734 (Isai.
3393 1681 3574 1727 xum,
3595 1664 3694 1732 l5);

457 1759 742 1814 Dominus:
787 1761 922 1826 Quid
965 1763 1058 1815 hoc
1095 1773 1172 1816 est
1209 1764 1343 1834 quod
1371 1775 1448 1818 es:
1482 1767 1535 1819 in
1575 1783 1730 1819 manu
1771 1770 1893 1821 ma?
1924 1768 2025 1824 Re-
2060 1772 2102 1835 Β
2128 1771 2230 1811 nec
2258 1772 2366 1810 non
2408 1759 2568 1812 etiam
2601 1759 2763 1813 David
2792 1759 3002 1814 divinus
3039 1767 3258 1814 cantat:
3299 1756 3466 1812 Verbo
3495 1757 3695 1811 Domini

453 1851 692 1920 spondit:
725 1852 902 1924 Virga.
947 1852 1015 1906 Et
1043 1856 1115 1906 ait
1151 1854 1269 1908 illi:
1297 1855 1506 1924 Profice
1549 1857 1691 1910 illam
1722 1859 1774 1910 in
1801 1868 2020 1923 terram;

453 1952 503 1994 et
532 1945 671 2012 facta
701 1953 777 1997 est
822 1960 1059 2014 serpens,
1084 1955 1134 1996 et
1175 1947 1304 2015 fugit
1338 1945 1542 2017 Moyses
1585 1949 1648 2001 ab
1677 1967 1755 2002 ea.
1797 1949 1868 2003 Et
1895 1951 2026 2006 dixit

454 2031 708 2086 Dominus
749 2034 818 2086 ad
855 2033 1067 2106 Moysen
1095 2053 1111 2089 :
1143 2035 1381 2090 Extende
1417 2056 1623 2093 manum
1653 2051 1820 2107 tuam,
1850 2053 1900 2095 et
1927 2061 2022 2114 ap-

453 2123 710 2192 prehende
737 2125 955 2178 caudam
981 2126 1120 2195 ejus;
1150 2136 1198 2179 et
1217 2127 1492 2181 extendens
1513 2145 1720 2183 manum
1740 2132 2024 2201 apprehen-

454 2214 530 2266 dit
558 2213 794 2277 caudam,
833 2225 882 2267 et
905 2217 1046 2286 facta
1067 2228 1141 2270 est
1169 2220 1310 2289 virga
1341 2220 1394 2272 in
1428 2237 1584 2272 manu
1612 2222 1743 2291 ejus.
1793 2221 1860 2275 Et
1892 2225 2024 2278 dixit

451 2302 563 2356 illi:
591 2312 647 2356 ut
674 2305 887 2358 credant
917 2305 1036 2372 tibi,
1060 2309 1179 2378 quin
1210 2312 1452 2379 apparuit
1481 2313 1569 2364 tibi
1603 2311 1856 2368 Dominus
1883 2314 2024 2370 Deus

450 2404 655 2464 patrum
701 2413 936 2464 suorum,
985 2397 1122 2453 Deus
1162 2398 1450 2464 Abraham,
1491 2411 1538 2454 et
1579 2401 1718 2457 Deus
1769 2402 1949 2470 Isaac,
1974 2416 2023 2460 et

454 2485 592 2540 Deus
618 2485 782 2540 Iacob
808 2487 1000 2558 (Exod.
1033 2505 1103 2554 tv,
1138 2489 1211 2558 I).
1247 2492 1626 2547 Animadverte
1653 2494 1705 2548 in
1728 2495 1808 2548 his
1831 2504 2020 2550 natura

451 2586 506 2631 et
533 2578 760 2633 veritate
789 2579 980 2633 Filium
1010 2581 1102 2634 Dei
1127 2619 1141 2643 ,
1187 2591 1458 2651 tamquam
1497 2585 1736 2652 quaedam
1779 2587 1925 2655 virga
1954 2589 2024 2642 sit

451 2667 650 2734 Patri's;
685 2670 827 2737 virga
851 2679 1029 2725 autem
1060 2673 1367 2740 insigne-est
1387 2677 1536 2743 regni
1563 2695 1574 2728 :
1607 2677 1746 2731 Filio
1768 2680 1904 2732 enim
1934 2680 2022 2733 de-

449 2758 525 2811 dit
551 2758 737 2813 habere
765 2762 990 2814 omnium
1029 2770 1330 2829 potestatem
1371 2764 1548 2835 (Joan.
1585 2783 1719 2832 xvn,
1751 2767 1828 2836 2).
1873 2767 2020 2824 Unde

450 2851 610 2903 etiam
646 2849 856 2904 divinus
886 2850 1080 2904 David:
1116 2851 1350 2906 Thronus
1393 2862 1535 2920 tuus,
1566 2856 1766 2923 inquit,
1798 2857 1936 2912 Deus
1966 2861 2018 2912 in

451 2947 688 2999 servulum
711 2947 902 3012 saeculi,
935 2957 983 3000 et
1003 2950 1144 3018 virga
1173 2951 1446 3018 tenuitatis,
1468 2951 1612 3021 virga
1634 2954 1776 3022 regni
1799 2955 1870 3006 tui
1899 2953 2016 3024 (Ps.

449 3053 590 3104 κων,
625 3037 699 3108 7).
734 3037 838 3093 Sed
869 3055 987 3093 eam
1010 3040 1238 3110 projecit
1258 3042 1310 3095 in
1334 3050 1551 3106 terram,
1577 3042 1630 3095 id
1658 3051 1759 3107 est,
1792 3060 2019 3115 corpore

2128 1846 2238 1902 caeli
2265 1845 2460 1917 ﬁrmati
2506 1857 2627 1900 sunt
2671 1848 2852 1917 (Psal.
2886 1865 3062 1913 xxxii,
3109 1849 3196 1918 6).
3226 1845 3401 1903 Cerne
3441 1849 3617 1916 igitur,
3647 1848 3694 1902 in

2125 1945 2296 1998 sinum
2317 1943 2531 2012 quidem
2560 1939 2759 2012 Moysis
2779 1942 2953 1996 adhuc
2975 1958 3189 1996 manum
3214 1941 3330 2011 ejus
3355 1943 3625 2006 occultari,
3647 1950 3694 1996 et

2125 2036 2361 2089 nondum
2391 2035 2583 2089 factam
2613 2033 2910 2105 leprosum,
2943 2033 3208 2102 prolatam
3242 2050 3373 2089 vero
3401 2034 3581 2087 statim
3621 2033 3693 2088 lc-

2123 2141 2335 2194 prosam
2358 2124 2548 2181 factam
2575 2144 2586 2179 :
2612 2124 2806 2180 deinde
2829 2139 2951 2177 mox
2977 2124 3198 2189 illatam,
3229 2134 3285 2178 et
3312 2140 3497 2178 rursus
3524 2125 3691 2194 prola-

2124 2225 2252 2280 tam,
2275 2217 2417 2271 etde
2443 2225 2639 2272 caetero
2661 2233 2767 2271 non
2789 2218 3056 2286 leprosam
3083 2232 3095 2266 :
3127 2214 3383 2268 Restituta
3421 2224 3498 2269 est
3538 2217 3687 2279 enirn,

2124 2308 2312 2376 inquit,
2341 2310 2396 2362 in
2418 2309 2637 2363 colorem
2665 2311 2838 2363 carnis
2865 2311 2994 2380 ejus.
3029 2306 3170 2375 Ergo
3204 2307 3457 2375 quamdiu
3485 2307 3688 2376 quidem

2123 2409 2239 2454 erat
2278 2401 2330 2454 in
2374 2402 2494 2456 sinu
2525 2400 2696 2457 Patris
2725 2403 2863 2456 Deus
2901 2402 3154 2465 Verbum,
3193 2399 3490 2456 divinitatis
3529 2400 3690 2455 nitore

2121 2491 2382 2560 fulgebat;
2412 2509 2596 2547 verum
2625 2493 2841 2562 quando
2880 2495 3058 2561 aliquo
3098 2493 3259 2548 modo
3298 2500 3452 2546 extra
3482 2490 3577 2545 fuit
3603 2506 3691 2560 per

2123 2583 2546 2639 incarnationem
2569 2587 2681 2640 sive
2703 2587 3086 2663 ὶνανθρώπησιν,
3119 2584 3290 2639 lactus
3322 2591 3405 2638 est
3431 2582 3490 2634 in
3513 2581 3688 2635 simili-

2123 2676 2298 2729 tudine
2341 2679 2512 2730 carnis
2558 2679 2750 2747 peccati
2769 2718 2783 2738 .
2827 2687 2876 2732 et
2911 2678 3045 2730 inter
3088 2677 3289 2746 iniquos
3335 2683 3596 2744 reputatus
3620 2679 3691 2725 est

2122 2766 2298 2837 (Rom.
2326 2784 2430 2831 vm,
2455 2769 2518 2832 5;
2544 2768 2673 2822 Isai.
2698 2785 2805 2833 Lut,
2831 2768 2940 2838 I2).
2965 2768 3052 2821 Ait
3078 2767 3218 2821 enim
3240 2765 3452 2819 divinus
3481 2763 3685 2829 Paulus,

2119 2877 2252 2925 eum,
2285 2861 2370 2930 qui
2412 2870 2673 2930 peccatum
2721 2876 2824 2913 non
2869 2868 3096 2920 noverat,
3127 2875 3218 2927 pro
3257 2857 3405 2910 nobis
3434 2866 3686 2926 peccatum

2122 2953 2297 3020 fuisse,
2327 2959 2382 3002 ut
2409 2967 2502 3004 nos
2524 2951 2762 3020 ﬁeremus
2781 2949 2985 3019 justitia
3005 2950 3060 3001 in
3081 2949 3191 3017 ipso
3216 2945 3266 3015 (I
3289 2945 3408 3000 Cor.
3436 2962 3488 3009 v,
3512 2963 3556 2998 ιι.
3581 2943 3683 3013 ΩΙ).

2122 3039 2237 3094 Hoc
2281 3040 2531 3094 existimo
2576 3039 2779 3108 lepram
2827 3036 3148 3105 signiﬁcare,
3204 3034 3510 3088 immundus
3555 3034 3687 3088 enim

449 3137 662 3183 terreno
691 3129 1063 3196 circumdedit,
1112 3132 1224 3185 sive
1249 3147 1347 3201 per
1373 3129 1762 3187 humanitatem
1795 3135 1940 3189 misit
1965 3136 2016 3190 in
2045 3130 2090 3194 C
2121 3130 2412 3184 secundum
2435 3131 2604 3197 legem
2627 3131 2867 3199 [BPPOSUS
2884 3128 3064 3192 (ιευίιο
3083 3144 3193 3192 Il".
3215 3125 3292 3191 2l-
3317 3125 3422 3180 Sed
3445 3126 3687 3194 quoniam

448 3227 685 3273 terram:
717 3227 844 3276 tunc
885 3223 1026 3276 enim
1073 3222 1126 3274 in
1171 3222 1516 3278 similitudine
1551 3226 1725 3281 factus
1753 3233 1836 3279 est
1861 3225 2016 3278 mali-

445 3324 669 3378 gnorum
698 3312 972 3367 hominum
995 3352 1011 3378 ,
1053 3314 1258 3369 scilicet
1296 3315 1641 3384 malignitatis
1681 3318 1893 3386 signum
1939 3326 2020 3374 est

444 3411 683 3468 serpens.

513 3491 666 3557 Quod
714 3498 891 3546 autem
937 3507 1124 3546 verum
1152 3494 1250 3560 sit,
1293 3494 1416 3550 hinc
1451 3497 1646 3552 scimus
1675 3497 1880 3569 |Baluz.
1914 3499 2018 3553 sci-

443 3580 568 3654 bis].
598 3582 718 3652 Ipse
745 3583 888 3638 enim
916 3583 1174 3640 Dominus
1202 3594 1387 3642 noster
1412 3585 1567 3642 Jesus
1593 3587 1852 3655 Christus,
1885 3591 2017 3646 inta-

441 3673 562 3741 gine
591 3681 645 3728 et
675 3670 838 3741 ﬁgura
857 3715 871 3739 ,
924 3683 1148 3746 propter
1186 3676 1638 3748 dispensationem
1671 3680 1865 3734 factam
1893 3697 2015 3736 cum

443 3780 641 3832 carne,
682 3781 783 3835 pro
830 3775 1080 3837 serpente
1127 3769 1388 3837 accipitur
1433 3784 1605 3833 aueo,
1655 3785 1814 3839 quem
1843 3773 2015 3827 erexit

440 3859 686 3930 Moyses,
738 3867 796 3913 ut
842 3868 1148 3929 serpentum
1197 3875 1406 3916 morsus
1452 3868 1659 3916 arceret
1688 3861 1872 3932 (Num.
1902 3880 2010 3927 XXI,

437 3948 512 4018 8).
547 3949 634 4003 Ait
662 3949 802 4004 enim
831 3967 843 4002 :
878 3948 946 4002 Et
971 3951 1104 4003 sicut
1132 3949 1336 4018 Moyses
1371 3952 1617 4004 excitavit
1645 3960 1930 4022 serpentem
1959 3955 2013 4006 in

436 4038 655 4104 deserto,
679 4040 755 4092 ita
779 4047 981 4109 oportet
1003 4039 1227 4093 exaltari
1253 4038 1447 4093 Filium
1476 4041 1716 4107 hominis,
1751 4051 1807 4094 ut
1837 4059 2012 4098 omnes

435 4134 519 4202 qui
541 4131 754 4185 credunt
781 4133 836 4184 in
866 4133 1062 4203 ipsum,
1093 4147 1195 4184 non
1225 4140 1468 4201 pereant,
1495 4135 1586 4186 sed
1614 4131 1836 4186 habeant
1857 4135 2011 4187 vitam

434 4235 680 4278 a'ternam
723 4222 903 4295 (Joan.
933 4239 1015 4289 ill,
1048 4222 1157 4291 Μ).
1215 4223 1672 4290 Quemadmodum
1719 4225 1860 4280 enim
1898 4242 2012 4281 ser-

431 4331 564 4384 pens
593 4313 765 4369 factus
793 4329 860 4368 ex
894 4329 999 4369 mre
1028 4315 1216 4369 salutis
1260 4323 1377 4370 erat
1403 4315 1824 4385 periclitantibus
1851 4331 2012 4372 causa

435 4406 786 4477 (sanabantur
832 4407 972 4460 enim
1021 4407 1073 4460 in
1113 4422 1233 4461 eum
1282 4408 1653 4478 respicientes)
1689 4426 1702 4461 :
1737 4425 1803 4464 eo
1848 4410 2010 4466 modo

433 4499 595 4553 etiam
637 4497 896 4551 Dominus
940 4496 1094 4552 Jesus
1138 4499 1381 4552 Christus
1409 4501 1505 4567 eis,
1549 4499 1641 4568 qui
1679 4515 1800 4554 eum
1828 4500 2011 4555 vident
2042 4499 2089 4558 D

430 4590 647 4661 quidem
677 4591 728 4645 in
771 4589 1116 4644 similitudine
1143 4589 1529 4657 malignorum,
1579 4607 1644 4646 eo
1671 4591 1814 4660 quod
1840 4593 2010 4646 factus

430 4683 499 4736 sit
527 4683 708 4746 homo,
741 4696 849 4736 non
881 4680 1128 4749 ignorant
1157 4688 1365 4744 tamen,
1397 4682 1540 4748 quod
1575 4682 1716 4736 Deus
1741 4682 1812 4736 sit
1839 4681 2009 4736 viviﬁ-

429 4788 551 4838 cus;
583 4788 743 4828 causa
773 4772 876 4827 erit
902 4773 1045 4836 vitae,
1079 4778 1132 4825 et
1161 4770 1254 4825 dat
1281 4785 1439 4839 posse
1463 4771 1712 4826 animalia
1739 4787 2005 4829 venenosa

428 4867 616 4930 vitare,
650 4866 702 4921 id
731 4872 832 4929 est,
864 4863 1163 4918 contrarias
1186 4867 1503 4931 potestates.

496 4955 553 5010 Id
580 4971 792 5024 quoque
819 4953 977 5023 hujus
1004 4953 1085 5009 rei
1114 4953 1281 5021 ﬁgura
1309 4952 1396 5016 sit,
1420 4952 1562 5021 quod
1583 4952 1830 5024 Moyseos
1852 4955 2003 5023 virga

427 5048 602 5114 virgas
632 5049 763 5103 alias
795 5046 1160 5109 devoraverit,
1209 5059 1344 5113 quas
1379 5045 1431 5099 in
1471 5053 1670 5099 terram
1702 5047 1840 5114 magi
1871 5061 2001 5116 pro-

421 5138 666 5207 jecerant
690 5136 885 5207 (Exod.
917 5152 985 5203 tv,
1016 5135 1092 5205 2).
1125 5135 1290 5204 Igitur
1308 5135 1452 5204 virga
1479 5136 1694 5204 quidem
1720 5136 1774 5190 in
1802 5145 2002 5193 terram

427 5230 666 5303 projecta
713 5236 824 5293 est;
870 5245 978 5283 non
1026 5236 1202 5282 tamen
1252 5243 1466 5298 semper
1513 5228 1720 5299 (Bolus.
1755 5229 2001 5302 serpens]

426 5323 700 5378 remansit.
744 5321 1032 5390 Resumpta
1065 5329 1241 5376 autem
1280 5321 1472 5375 iterum
1500 5320 1626 5384 fuit,
1671 5321 1817 5390 quod
1848 5330 1999 5376 erat:

429 5430 552 5470 nam
578 5414 702 5468 licet
729 5412 870 5467 facta
897 5412 996 5476 sit,
1040 5419 1098 5466 ut
1121 5420 1245 5466 ante
1273 5410 1412 5476 dixi,
1445 5411 1498 5464 in
1525 5410 1875 5466 similitudine
1903 5427 2004 5466 no-

425 5515 536 5562 stra
584 5503 757 5560 Patris
800 5505 968 5572 virga,
1020 5503 1071 5558 id
1111 5512 1221 5566 est,
1273 5501 1463 5565 Filius,
1513 5503 1605 5570 qui
1654 5502 1859 5575 [Baluz.
1907 5519 2004 5572 per

427 5600 607 5671 quem]
642 5599 805 5654 habet
847 5597 1084 5652 omnium
1125 5605 1475 5667 potestatem;
1519 5604 1753 5650 attamen
1786 5596 2002 5666 impleta

424 5690 849 5763 dispensatione,
895 5689 1154 5744 rcvolavit
1200 5689 1252 5743 in
1298 5687 1520 5752 cmlum,
1568 5694 1622 5741 ct
1670 5686 1766 5740 fuit
1809 5687 2000 5743 iterum

1261 5828 1280 5862 \

2121 3221 2315 3275 iterum
2329 3221 2385 3275 in
2405 3220 2521 3274 sinu
2544 3221 2643 3274 fuit
2662 3218 2834 3274 Patris
2847 3221 3170 3290 (assumptus
3185 3227 3266 3271 est
3281 3218 3334 3270 in
3357 3217 3689 3272 resurrectio-

2119 3328 2242 3366 nem
2289 3328 2321 3366 a
2361 3311 2639 3385 mortuis),
2687 3314 2894 3383 prolata
2945 3313 3134 3368 iterum
3183 3325 3374 3382 malitis
3421 3309 3689 3364 videbatur

2031 3451 2033 3454 .
2118 3405 2314 3459 munda
2339 3423 2352 3458 :
2385 3405 2634 3460 adveniet
2660 3405 2801 3460 enim
2823 3412 2946 3475 post
2967 3413 3206 3473 tempora
3229 3402 3488 3456 Dominus
3514 3409 3690 3456 noster

2114 3494 2272 3550 Jesus
2315 3493 2576 3558 Christus,
2621 3497 2676 3550 in
2723 3496 3031 3551 sinceritate
3073 3493 3368 3549 divinitatis
3412 3502 3469 3547 et
3502 3493 3684 3562 gloria,

2115 3587 2357 3656 quamvis
2383 3587 2779 3644 similitudinem
2816 3596 3052 3642 nostram
3097 3602 3204 3641 non
3251 3585 3556 3656 projecerit.
3603 3584 3687 3638 Ait

2117 3682 2257 3735 enim
2288 3689 2342 3735 et
2371 3682 2558 3735 beatus
2596 3679 2792 3734 Paulus
2819 3679 2887 3734 de
2910 3678 3130 3744 Christo,
3157 3696 3170 3731 :
3209 3676 3343 3741 Quia
3369 3677 3527 3733 semel
3551 3691 3684 3730 mor-

2119 3781 2230 3825 tuus
2259 3781 2334 3825 est
2359 3772 2428 3825 ad
2472 3771 2749 3825 multorum
2790 3769 3141 3824 exhaurienda
3181 3777 3412 3839 peccata.
3453 3766 3686 3823 Secundo

2115 3865 2228 3916 sine
2266 3872 2471 3933 peccato
2520 3862 2784 3934 apparebit
2832 3861 3242 3933 exspectantibus
3285 3877 3342 3915 se
3379 3863 3437 3915 in
3475 3861 3686 3914 salutem

2118 3951 2303 4023 (Ilebr.
2329 3969 2402 4018 ix,
2423 3953 2535 4024 28).
2561 3953 2702 4022 Ergo
2729 3955 2940 4022 quoties
2966 3954 3122 4008 nobis
3141 3968 3290 4007 sacra
3319 3953 3497 4006 littera
3519 3952 3686 4007 nomi-

2117 4052 2209 4096 nat
2235 4042 2504 4096 Christum
2524 4041 2724 4108 Iesum,
2753 4058 2820 4097 ne
2842 4042 3110 4098 hominem
3129 4057 3371 4098 seorsum
3393 4041 3680 4112 putaveris.

2113 4151 2221 4191 non
2247 4150 2372 4190 vere
2401 4135 2634 4189 adunato
2663 4135 2764 4205 ipsi
2792 4135 2904 4190 Deo
2933 4134 3138 4200 Verbo;
3177 4134 3272 4189 sed
3300 4133 3686 4189 existimaveris

2115 4227 2281 4294 magis
2322 4227 2495 4296 ipsum
2523 4240 2643 4280 esse
2690 4241 2757 4281 ex
2796 4224 2907 4280 Deo
2947 4234 3002 4280 et
3041 4224 3196 4280 Patre
3223 4224 3462 4280 Verbum
3511 4221 3686 4279 Jesum

2112 4319 2400 4387 Christum,
2432 4335 2552 4376 cum
2581 4319 2754 4375 factus
2773 4320 2842 4373 sit
2866 4320 3046 4374 homo.

2689 4451 2916 4507 CAPUT
2953 4449 3114 4505 XVII.

2116 4543 2525 4618 QuodChristus
2553 4561 2660 4618 non
2683 4552 2794 4618 erat
2820 4543 3240 4618 ροηιορεοοεὸρος,
3268 4557 3360 4618 nec
3387 4539 3684 4618 simpliciter

2180 4619 2233 4668 in
2263 4617 2466 4669 homine
2486 4613 2789 4667 inhabitarit
2813 4612 2947 4667 Deus
2978 4610 3226 4671 Verbum;
3249 4610 3498 4680 sedquod
3525 4610 3684 4680 magis

2181 4703 2302 4740 caro
2350 4688 2418 4739 sit
2463 4688 2674 4754 factum,
2722 4685 2828 4737 sive
2880 4683 3028 4737 homo
3078 4679 3378 4752 perfectus,
3411 4679 3686 4734 secundum

2180 4755 2498 4826 Scripturas.

2178 4868 2280 4935 Qui
2310 4866 2464 4921 [idem
2487 4866 2687 4920 habent
2706 4867 2758 4920 in
2777 4863 2993 4920 Christo
3016 4863 3433 4924 immaculatam,
3457 4870 3513 4915 et
3531 4860 3688 4915 rectis

2111 4960 2356 5016 omnibus
2404 4955 2666 5025 sutlragiis
2719 4955 3137 5025 comprobatam,
3191 4952 3375 5006 dicant
3421 4949 3688 5010 videlicet,

2108 5049 2252 5120 quod
2273 5049 2386 5119 ipse
2407 5063 2473 5102 ex
2493 5049 2604 5101 Deo
2632 5045 2788 5100 Patre
2815 5047 2952 5100 Deus
2979 5045 3210 5100 Verbum
3234 5045 3286 5097 in
3307 5043 3690 5097 exinanitatcm

2111 5137 2475 5201 descenderit,
2524 5137 2753 5191 formam
2781 5137 2922 5191 servi
2971 5135 3263 5204 accipiens,
3306 5133 3690 5202 propriumque

2111 5230 2213 5286 sibi
2242 5229 2441 5284 faciens
2460 5243 2673 5298 corpus,
2697 5227 2841 5296 quod
2868 5234 2952 5281 est
2977 5235 3158 5280 natum
3187 5239 3255 5278 ex
3284 5223 3517 5290 virgine;
3545 5216 3692 5287 quod

2115 5322 2285 5377 factus
2313 5321 2382 5375 sit
2403 5321 2571 5374 nostri
2598 5319 2804 5384 similis,
2831 5327 2886 5372 et
2911 5323 3246 5385 nuncupatus
3265 5314 3406 5368 ﬁlius
3434 5310 3685 5367 hominis.

2116 5408 2210 5463 Est
2249 5417 2426 5462 autem
2455 5409 2594 5462 Deus
2621 5407 2834 5475 quidem
2877 5405 3167 5461 secundum
3204 5403 3482 5474 spiritum;
3525 5400 3690 5454 homo

2110 5510 2286 5555 autem
2310 5499 2445 5554 idem
2467 5498 2757 5554 secundum
2779 5513 3014 5552 carnem.
3039 5495 3241 5550 Deinde
3260 5494 3472 5549 divinus
3494 5491 3689 5545 Paulus

2108 5591 2408 5645 Judmorum
2431 5590 2685 5656 populum
2708 5588 3077 5656 alloquebatur
3094 5586 3276 5640 dicens
3305 5604 3317 5636 :
3342 5583 3687 5654 Multifariam

2109 5681 2378 5753 multisque
2436 5696 2600 5737 ntoats
2657 5680 2777 5736 olim
2825 5677 2961 5734 Deus
2994 5678 3200 5750 loquens
3227 5674 3456 5747 panibus
3484 5676 3537 5728 in
3566 5689 3690 5743 pro-
