3978 6188
269 291 397 348 ltili

1006 293 1062 349 S.
1105 291 1375 349 CYRILLI
1413 290 1697 347 SClIOLlA
1741 288 1831 344 DE
1874 288 2382 350 INCARNA'IIONE
2425 295 2789 354 UNICENITI.

3398 312 3534 367 I022

265 410 448 480 pltells,
483 407 773 460 novissimis
802 406 974 460 diebus
1004 408 1115 463 istis
1151 407 1348 461 locutus
1367 414 1441 459 est
1462 404 1608 458 nobis
1629 406 1683 457 in
1704 401 1846 456 Filio
1884 401 1929 455 A
2023 404 2079 459 Si
2108 416 2287 461 autem
2327 408 2537 475 dicant,
2576 411 2721 478 quod
2760 421 3042 482 propterea
3073 416 3214 472 Deus
3240 418 3339 485 sit,
3383 434 3435 477 et
3474 434 3531 479 ut

267 496 465 569 (Hebr.
506 514 552 560 ι,
590 496 675 567 1).
720 495 786 548 Et
812 511 1045 563 quonam
1074 497 1232 550 modo
1273 496 1598 563 intelligatur
1639 495 1848 547 locutus

265 590 427 643 fuisse
458 588 596 640 Deus
637 597 691 640 et
721 585 881 639 Pater
909 587 1211 642 novissimis
1234 586 1423 640 diebus
1448 587 1502 640 in
1530 585 1700 640 Filio?
1738 583 1844 638 Lo-

266 690 423 733 cutus
451 688 533 731 est
561 678 703 732 enim
731 677 1120 745 antiquioribus
1160 692 1256 746 per
1285 677 1455 746 ipsum
1483 676 1617 729 dans
1652 675 1843 742 legem,

262 779 319 824 et
348 769 545 823 idcirco
584 769 696 837 ipse
738 768 934 831 Filius,
967 784 1093 823 suos
1121 768 1250 823 dicit
1278 784 1395 823 esse
1424 781 1718 829 sermones,
1752 780 1848 834 per

263 861 715 928 sapientissimum
732 858 948 930 Moysen
967 859 1205 928 prolatos
1219 858 1424 932 [Batus
1445 876 1546 912 om.
1565 854 1844 927 prolatos].

266 950 356 1003 Ait
382 950 522 1003 enim
550 967 561 1001 :
590 946 767 1001 Nolite
797 958 979 1019 putare
1007 950 1127 1021 quia
1165 950 1276 1001 veni
1310 948 1501 1001 solvere
1538 948 1717 1017 legem,
1759 955 1847 999 aut

262 1041 558 1110 praphetas.
592 1037 714 1091 Non
741 1040 852 1093 veni
887 1040 1109 1101 solvere,
1152 1038 1242 1092 sed
1277 1038 1509 1107 implere.
1541 1036 1672 1091 Dico
1709 1039 1846 1090 enim

263 1129 427 1195 vobis,
458 1132 563 1183 iota
591 1146 767 1194 unum,
799 1139 887 1181 aut
913 1146 1045 1183 unus
1073 1145 1207 1200 apex
1243 1144 1348 1181 non
1376 1129 1613 1182 transibit
1651 1146 1686 1181 a
1714 1128 1841 1199 lege,

262 1222 426 1275 donec
464 1222 636 1274 omnia
665 1221 815 1290 ﬁant.
860 1219 1052 1273 Caelum
1078 1229 1127 1272 et
1156 1228 1295 1283 terra
1335 1219 1657 1284 transibunt,
1695 1217 1846 1273 verba

259 1321 434 1365 autem
463 1328 573 1381 mea
602 1328 704 1363 non
735 1310 1029 1363 transibunt
1057 1308 1235 1380 (Matt.
1272 1326 1322 1375 v,
1360 1309 1472 1378 17).
1504 1310 1654 1364 Adde
1682 1310 1843 1364 etiam

260 1402 537 1471 propheta:
562 1416 776 1455 vocem:
805 1399 923 1471 Ipse
944 1401 1029 1472 qui
1059 1399 1317 1471 loquebar,
1343 1411 1530 1470 praesto
1553 1417 1665 1454 sum
1688 1400 1841 1470 (Isai.

261 1507 355 1554 LII,
386 1490 462 1561 8).
494 1490 634 1558 Ergo
662 1506 782 1545 cum
811 1489 980 1545 factus
1006 1499 1087 1545 est
1107 1490 1270 1545 Filius
1292 1490 1501 1561 [‘Balus.
1525 1508 1627 1545 om.
1656 1488 1841 1560 Filius]

260 1580 316 1632 in
347 1596 524 1644 carne,
559 1589 683 1635 tunc
714 1583 912 1633 locutus
942 1590 1017 1633 est
1046 1580 1191 1633 nobis
1240 1580 1399 1634 Pater
1441 1582 1498 1633 in
1546 1582 1677 1650 ipso,
1708 1580 1844 1634 sicut

260 1672 339 1724 ait
368 1673 553 1725 beatus
584 1669 800 1736 Paulus,
831 1672 1118 1724 novissimis
1148 1670 1320 1724 diebus
1351 1669 1520 1738 (Heb.
1551 1688 1596 1735 ι,
1628 1670 1702 1739 1).
1734 1669 1841 1725 Sed

1952 494 2092 547 Deus
2118 497 2466 563 gloriﬁcetur,
2495 501 2618 567 quia
2650 501 2702 555 in
2734 516 2800 556 eo
2838 512 3042 560 tantum
3082 508 3396 565 inhabitavit
3436 514 3528 569 Dei

1949 582 2125 641 Patris
2153 587 2413 655 Verbum;
2446 606 2511 644 ac
2558 607 2666 645 non
2713 606 3022 665 propterea,
3072 601 3197 667 quia
3245 602 3415 657 lactus
3461 609 3530 661 sit

1948 676 2138 743 homo;
2174 678 2384 732 audient
2414 696 2597 735 rursus
2623 698 2651 735 a
2682 684 2836 739 nobis
2862 703 2875 738 :
2900 686 2955 740 Si
2986 689 3078 753 iis,
3103 692 3191 758 qui
3223 692 3525 750 inhabitan-

1948 777 2055 823 tem
2084 770 2137 823 in
2165 785 2223 824 se
2252 771 2420 826 Deum
2448 774 2754 840 habuerint,
2784 778 2916 832 satis
2939 788 3040 845 est,
3076 791 3135 836 ut
3165 784 3366 840 idcirco
3404 804 3527 843 vere

1947 859 2018 914 dii
2049 876 2167 916 esse
2193 863 2432 931 possint,
2474 872 2530 919 et
2569 866 2638 920 ab
2664 866 2972 935 hominibus
2999 872 3309 941 adorentur,
3341 894 3529 933 omnes

1946 966 2076 1005 sane
2105 954 2279 1020 angeli
2308 954 2661 1024 hominesque
2680 958 2789 1013 sint
2816 960 2891 1014 dii
2919 971 2973 1015 et
3000 963 3288 1031 adorandi;
3320 968 3528 1024 inhabi-

1947 1048 2029 1095 tat
2056 1043 2198 1096 enim
2229 1044 2368 1098 Deus
2390 1046 2444 1099 in
2463 1049 2661 1103 sanctis
2681 1051 2902 1118 angelis.
2932 1052 3226 1110 Habuimus
3247 1059 3407 1114 etiam
3429 1078 3528 1117 nos

1947 1132 2120 1202 ipsum
2150 1135 2202 1187 in
2233 1135 2387 1191 nobis
2418 1153 2516 1207 per
2537 1138 2790 1208 Spiritum
2820 1151 3094 1209 sanctum;
3124 1148 3217 1201 sed
3247 1166 3353 1204 non
3380 1152 3527 1206 sum-

1947 1226 2019 1280 cit
2048 1226 2152 1282 hoc
2180 1228 2485 1295 ostendere,
2516 1239 2704 1286 natura
2732 1234 2864 1289 deos
2885 1244 2940 1289 et
2967 1236 3270 1294 adorandus
3295 1256 3407 1307 eos,
3436 1246 3526 1312 qui

1946 1318 2147 1373 habent
2173 1319 2428 1390 Spiritum
2455 1332 2716 1379 sanctum.
2751 1326 2914 1393 Igitur
2942 1343 3049 1381 non
3076 1339 3360 1399 propterea
3388 1334 3530 1390 Deus

1947 1416 2047 1472 est,
2072 1418 2127 1463 et
2154 1410 2461 1468 adorandus
2488 1412 2825 1479 Emmanuel,
2854 1418 2997 1485 quod
3020 1419 3329 1475 inhabitarit
3356 1424 3409 1476 in
3438 1442 3525 1487 eo,

1948 1506 2226 1566 tamquam
2248 1500 2300 1554 in
2324 1501 2542 1557 homine
2566 1507 2855 1570 communi,
2880 1516 2935 1562 et
2959 1523 3201 1564 seorsum
3231 1512 3531 1584 intelligen-

1946 1588 2045 1653 do,
2072 1589 2214 1644 Deus
2233 1590 2470 1647 Verbum
2493 1592 2700 1663 [Baluz.
2726 1605 2780 1650 et
2800 1599 2853 1651 in
2876 1607 3028 1666 parte
3056 1600 3221 1655 Deum
3251 1603 3526 1677 Verbum];

1946 1678 2039 1733 sed
2067 1679 2211 1747 quod
2234 1680 2429 1736 factum
2458 1684 2528 1738 sit
2556 1700 2704 1750 caro,
2736 1686 2909 1753 idest,
2941 1690 3103 1746 homo
3129 1709 3140 1743 :
3167 1695 3361 1749 mansit
3388 1698 3529 1750 enim

262 1779 333 1818 ne
354 1779 538 1833 parum
559 1763 858 1826 credamus,
882 1762 1026 1830 quod
1047 1763 1162 1830 ipse
1193 1762 1261 1815 sit
1284 1762 1371 1815 ille
1407 1762 1498 1830 qui
1530 1763 1693 1815 etiam
1721 1771 1845 1816 ante
1881 1764 1921 1833 Β
1950 1769 2089 1824 idem
2116 1779 2172 1827 et
2199 1770 2360 1840 Deus,
2391 1782 2448 1828 et
2474 1775 2795 1832 adorandus.

262 1854 458 1907 szecula
475 1853 657 1919 Filius,
690 1852 868 1907 intulit
896 1852 1076 1906 statim
1101 1870 1112 1904 :
1147 1851 1250 1904 Per
1278 1869 1422 1922 quem
1439 1854 1557 1923 fecit
1585 1861 1634 1906 et
1656 1854 1844 1907 sa'cula

262 1945 426 2010 (Ibid.
454 1964 497 2000 υ.
522 1945 599 2014 2),
633 1944 971 2014 splendorem
994 1944 1154 1998 etiam
1179 1944 1360 2011 gloriae
1380 1952 1435 1999 et
1463 1942 1684 2013 ﬁguram
1722 1945 1847 1998 sul;-

258 2037 473 2091 stantiae
496 2035 670 2089 Patris
698 2049 815 2089 esse
841 2048 1288 2088 commemorans.

336 2126 511 2181 Homo
552 2126 712 2193 igitur
754 2123 927 2180 factus
966 2130 1048 2178 est
1076 2139 1200 2178 vere
1240 2124 1286 2179 is
1329 2139 1427 2194 per
1454 2138 1613 2193 quem
1641 2123 1766 2179 feeit
1794 2132 1849 2177 et

262 2217 463 2272 saecula
504 2216 644 2269 Deus
683 2215 871 2279 Pater;
914 2222 968 2268 et
996 2229 1102 2268 non
1123 2255 1138 2280 ,
1172 2222 1228 2267 ut
1256 2214 1494 2268 nonnulli
1522 2214 1845 2281 existimant,

262 2309 321 2363 iu
353 2308 571 2362 homine
616 2305 742 2369 fuit,
785 2314 844 2360 ut
881 2306 1043 2361 homo
1080 2306 1405 2374 intelligatur
1431 2322 1461 2360 a
1496 2308 1678 2371 nobis,
1711 2315 1848 2361 tam-

264 2414 427 2467 quam
452 2398 618 2452 Deum
649 2398 854 2453 habens
883 2397 1291 2453 inhabitantem.
1314 2396 1465 2460 Nam,
1489 2398 1532 2452 si
1564 2398 1676 2452 huic
1705 2406 1851 2452 recte

266 2505 325 2542 se
348 2489 572 2551 habere,
601 2502 724 2541 vere
752 2486 1061 2553 confidunt,
1093 2502 1670 2556 supervacaneusesse
1706 2487 1852 2543 vide-

265 2578 411 2633 bitur
438 2578 624 2631 beatus
649 2578 980 2645 evangelista
1006 2575 1241 2631 Joannes
1268 2577 1451 2632 dicens
1475 2595 1486 2629 :
1524 2576 1593 2631 Et
1632 2577 1852 2633 Verbum

268 2685 390 2723 curo
424 2671 617 2739 factum
645 2678 721 2722 est
752 2668 943 2739 (Joan.
969 2685 1019 2735 ι,
1064 2668 1185 2738 li).
1234 2667 1334 2723 Ubi
1372 2669 1513 2723 enim
1562 2672 1853 2727 necessitas

268 2761 720 2833 ἔνανθρωπήσεωςῖ
771 2758 877 2813 Αιιι
920 2775 1088 2829 quare
1134 2760 1466 2815 incarnatum
1510 2760 1640 2815 dicit
1684 2762 1852 2817 Deum

269 2850 530 2916 Verbum,
562 2852 609 2905 si
636 2867 744 2904 non
779 2850 948 2906 factus
977 2860 1059 2906 est
1086 2853 1244 2906 caro?
1272 2851 1364 2907 Vis
1404 2854 1849 2928 ἑνανθρωπήσεως,

278 2950 335 2996 et
362 2941 589 2995 similem
610 2943 779 2997 nostri
799 2957 919 2996 eum
941 2943 1138 2997 factum
1169 2958 1287 2998 esse
1314 2944 1597 3011 signiﬁcat,
1622 2955 1675 3000 et
1702 2962 1854 3000 man-

270 3033 404 3087 sisse
428 3040 602 3087 tamen
625 3033 700 3087 sic
722 3048 936 3102 quoque
956 3034 1128 3103 ipsum
1158 3050 1318 3104 supra
1347 3051 1475 3102 nos;
1507 3037 1669 3093 immo
1691 3053 1850 3108 supra

273 3127 576 3184 Universam
597 3126 765 3195 ipsam
795 3134 1112 3182 creaturam.

345 3215 607 3288 Oportere
637 3227 812 3272 autem
855 3219 1131 3285 existimo,
1174 3236 1235 3275 ea
1265 3236 1384 3289 qua:
1422 3221 1563 3286 dixi,
1596 3224 1856 3293 exemplis

274 3306 437 3361 etiam
489 3308 840 3376 comprobare
885 3315 941 3361 et
978 3310 1320 3376 persuadere,
1369 3312 1513 3379 quod
1544 3310 1856 3381 Unigenitus

272 3396 446 3452 factus
473 3398 541 3451 sit
563 3398 742 3462 homo,
766 3405 820 3451 et
840 3398 909 3452 sit
936 3398 1096 3463 Deus,
1120 3400 1281 3453 etiam
1306 3417 1425 3455 cum
1454 3418 1636 3468 carne,
1663 3418 1728 3458 ac
1746 3420 1855 3459 non

270 3495 482 3543 tantum
522 3489 830 3543 inhabitarit
885 3490 939 3543 in
978 3490 1232 3557 homine,
1268 3494 1503 3569 Θεοφὸρσν
1534 3495 1705 3564 ipsum
1735 3497 1853 3552 elli-

270 3578 453 3643 ciens,
501 3586 770 3647 tamquam
815 3579 968 3646 alios,
1020 3580 1110 3649 qui
1156 3580 1447 3637 divinitatis
1493 3584 1659 3653 ipsius
1705 3586 1854 3643 fuere

273 3669 587 3739 participes.

842 3757 1071 3814 CAPUT
1099 3759 1281 3816 XVIII.

272 3847 430 3918 Quod
455 3850 763 3904 Emmanuel
790 3850 953 3905 Deum
994 3851 1228 3907 habuerit
1261 3855 1412 3907 aliter
1450 3853 1851 3924 inhabitantem,

912 3940 1065 3993 quam
1094 3939 1204 3977 nos.

345 4033 434 4088 Ait
462 4034 656 4089 alicubi
686 4033 827 4092 Deus
854 4035 922 4088 de
952 4036 1105 4089 nobis
1132 4054 1144 4089 :
1179 4035 1490 4091 Inhabitabo
1519 4038 1574 4091 in
1602 4040 1760 4108 ipsis,
1802 4050 1853 4094 et

266 4125 624 4190 inumbulabo,
650 4135 699 4179 et
727 4143 815 4179 ero
843 4127 967 4196 ipsis
990 4125 1150 4192 Deus,
1179 4136 1229 4181 et
1247 4129 1344 4198 ipsi
1364 4139 1513 4182 erunt
1536 4131 1658 4184 mihi
1685 4150 1851 4202 popu-

265 4219 355 4272 lus
377 4217 557 4286 (Apoc.
584 4232 659 4282 m,
681 4214 792 4282 20).
817 4215 927 4271 Nec
946 4232 1055 4271 non
1077 4217 1238 4271 etiam
1260 4218 1373 4287 ipse
1393 4219 1649 4275 Dominus
1670 4230 1853 4278 noster

262 4305 428 4361 Jesus
449 4304 693 4361 Christus
720 4323 731 4357 :
760 4304 891 4360 Ecce
907 4323 998 4377 ego
1024 4309 1197 4372 venio;
1218 4317 1268 4362 et
1288 4311 1333 4362 si
1354 4311 1467 4381 quis
1489 4311 1615 4365 mihi
1644 4329 1852 4382 aperue-

262 4399 361 4461 rit,
396 4397 600 4451 intrabo
628 4414 739 4468 ego,
773 4408 821 4451 et
849 4399 988 4469 apud
1014 4416 1128 4452 eum
1156 4400 1385 4466 cantabo,
1414 4410 1464 4455 et
1494 4403 1673 4469 Pater,
1705 4417 1754 4459 et
1782 4408 1851 4460 ad

261 4504 386 4541 eum
409 4489 680 4552 veniemus,
702 4497 751 4541 et
770 4490 1089 4543 mansionem
1110 4490 1248 4560 apud
1266 4508 1379 4545 eum
1400 4494 1645 4562 faciemus
1667 4495 1844 4566 (Joan.
1879 4498 1928 4560 D

261 4594 378 4640 xw,
414 4570 521 4648 16).
554 4578 824 4633 Nominati
861 4596 1044 4635 sumus
1082 4582 1241 4635 etiam
1272 4584 1527 4653 templum
1570 4586 1704 4640 Dei:
1749 4587 1851 4642 Vos

261 4668 427 4731 enim,
461 4668 650 4735 inquit,
678 4672 866 4739 templa
895 4671 1014 4723 estis
1045 4669 1143 4725 Dei
1172 4673 1267 4726 vivi
1292 4672 1341 4743 (l
1371 4671 1493 4728 Cor.
1530 4692 1616 4739 ιιι,
1644 4676 1753 4746 17).
1784 4677 1852 4733 Et

263 4776 452 4814 rursus
478 4778 489 4812 :
516 4757 745 4813 Nescitis
776 4777 993 4830 corpora
1021 4771 1187 4815 vestra
1220 4765 1461 4835 templum
1486 4782 1597 4820 esse
1624 4766 1851 4838 Spiritus

260 4851 459 4915 sancti,
491 4852 576 4921 qui
602 4860 677 4904 est
704 4852 757 4903 in
790 4854 947 4916 vobis,
966 4868 1115 4922 quem
1144 4852 1341 4907 habetis
1370 4873 1402 4907 a
1431 4855 1541 4911 Deo
1565 4857 1615 4927 (ι
1636 4856 1753 4912 Cor.
1778 4876 1850 4924 τι,

261 4941 383 5012 19).
416 4943 612 4997 Verum
656 4943 700 4999 si
745 4944 817 4996 ita
865 4944 1044 5008 aiunt,
1094 4945 1268 5013 ipsum
1314 4962 1527 5015 quoque
1567 4965 1627 5004 se
1654 4950 1852 5006 habere

260 5032 600 5100 Emmanuel,
626 5042 701 5098 et,
726 5042 999 5103 tamquam
1020 5051 1451 5107 unumquemque
1476 5048 1737 5108 nostrum,
1766 5044 1849 5097 in-

259 5123 600 5179 habitantem
626 5126 680 5179 in
702 5140 820 5179 sese
841 5126 1011 5180 Deum
1040 5127 1309 5194 habuisse,
1342 5138 1528 5198 aperte
1549 5130 1849 5188 conﬁtean—

260 5224 384 5281 tur;
416 5232 536 5271 cum
582 5217 754 5286 ipsum
801 5218 1015 5272 adorari
1055 5221 1419 5288 conspiciunt,
1465 5230 1573 5277 tam
1613 5240 1644 5277 a
1674 5226 1847 5293 nobis,

257 5322 426 5376 quam
455 5308 523 5362 ab
552 5309 772 5377 angelis,
798 5309 851 5362 in
877 5309 1014 5364 coelo
1043 5311 1246 5379 pariter
1274 5320 1330 5366 et
1356 5313 1409 5366 in
1440 5320 1602 5379 terra,
1632 5316 1849 5372 erubes-

257 5407 392 5454 cant
421 5408 690 5470 tamquam
720 5403 931 5460 diversa
959 5404 1238 5474 alienaque
1266 5408 1574 5473 sentientes,
1618 5419 1673 5465 et
1697 5411 1844 5466 litte-

256 5505 446 5543 rarum
469 5506 740 5546 sacrarum
762 5494 1093 5561 propositum
1116 5496 1432 5565 nescientes,
1462 5514 1562 5555 nec
1587 5501 1845 5556 habentes

256 5579 317 5632 in
348 5595 405 5633 se
428 5579 603 5646 ﬁdem,
629 5596 791 5650 quam
822 5583 977 5637 nobis
1002 5584 1354 5650 tradiderunt,
1384 5590 1473 5658 qui
1499 5590 1550 5644 in
1581 5591 1843 5663 principio

257 5679 316 5725 et
349 5672 609 5739 viderunt,
643 5680 696 5727 ct
723 5672 1156 5729 ministravcrunt
1186 5674 1381 5731 Verbo.

2536 1887 2767 1944 CAPUT
2805 1888 2945 1944 XIX.

2021 1972 2176 2029 Dicta
2222 1980 2506 2047 apostolica
2546 1982 2820 2104 incquibus
2858 1981 2999 2035 Deus
3038 1988 3332 2042 nominatus
3381 1998 3459 2044 est

2672 2064 2863 2104 ινιειιιε.

2672 2064 2863 2107 irtstus.

2003 2136 2079 2190 De
2098 2138 2355 2217 mystprio
2372 2138 2555 2194 dicens
2573 2142 2861 2196 secundum
2886 2144 3156 2203 Christum
3177 2167 3188 2201 :
3216 2146 3367 2211 Quod
3386 2151 3524 2214 aliis,

1952 2228 2141 2296 inquit,
2164 2231 2578 2299 generationibus
2604 2250 2707 2287 non
2734 2244 2811 2288 est
2838 2238 3068 2306 agnitum
3097 2240 3223 2307 ﬁliis
3243 2241 3522 2305 hominum,

1950 2321 2083 2373 sicut
2103 2337 2237 2374 nunc
2259 2323 2534 2376 revelatum
2554 2334 2632 2377 est
2662 2329 2854 2380 sanctis
2886 2332 3132 2398 apostolis
3164 2329 3322 2401 (Eph.
3351 2349 3426 2397 tu,
3455 2333 3531 2403 5).

1952 2408 2019 2462 Et
2045 2427 2056 2461 :
2081 2409 2385 2479 Mysterium
2404 2414 2539 2483 quod
2559 2412 2912 2469 absconditum
2934 2420 3033 2487 fuit
3053 2436 3083 2470 a
3106 2420 3306 2473 saeculis
3327 2430 3375 2473 et
3394 2438 3539 2491 gene-

1952 2504 2270 2568 rationibus,
2300 2520 2436 2558 nunc
2465 2516 2632 2560 autem
2686 2510 3015 2578 manifestum
3054 2520 3131 2564 est
3170 2514 3363 2565 sanctis
3403 2515 3532 2583 ejus,

1952 2592 2134 2665 quibus
2160 2595 2318 2649 voluit
2344 2597 2568 2649 revelare
2596 2598 2799 2651 divitias
2824 2600 3006 2669 gloria:
3032 2603 3262 2671 mysterii
3291 2602 3443 2673 hujus
3482 2605 3537 2656 in

1955 2683 2212 2752 gentibus,
2237 2684 2374 2753 quod
2393 2694 2468 2737 est
2488 2683 2738 2750 Christus,
2767 2689 2820 2740 in
2851 2687 2988 2743 vobis
3016 2707 3133 2760 spes
3161 2691 3362 2760 gloriar,
3391 2710 3536 2763 quem

1954 2787 2047 2825 nos
2076 2774 2441 2827 annuutiamus
2466 2774 2597 2844 (Col.
2627 2792 2662 2840 1,
2686 2775 2797 2846 26).
2825 2775 2882 2831 Si
2910 2778 3071 2844 igitur
3090 2786 3173 2833 est
3201 2782 3457 2855 θεοφόρος,
3485 2790 3540 2837 et

1954 2877 2061 2916 non
2093 2861 2234 2916 Deus
2261 2877 2407 2927 vere,
2436 2864 2704 2931 quomodo
2733 2866 2847 2934 ipse
2875 2876 2958 2921 est
2987 2867 3186 2922 divitia:
3215 2870 3399 2937 gloria:
3423 2887 3540 2942 my-

1955 2952 2126 3017 sterii,
2148 2952 2295 3020 quod
2314 2954 2665 3008 annuntiatur
2691 2958 2975 3023 gentibus?
3004 2958 3102 3014 Vel
3132 2961 3404 3028 quomodo
3425 2978 3542 3018 om-

1957 3042 2090 3099 nino
2117 3043 2259 3098 Deus
2280 3044 2659 3098 annuntiatur?

2553 3136 2781 3190 CAPUT
2820 3137 2939 3191 XX.

2664 3227 2839 3281 Aliud.

2035 3315 2164 3371 Volo
2202 3319 2340 3370 enim
2388 3334 2474 3372 vos
2502 3318 2635 3371 scire
2663 3319 2863 3388 qualem
2900 3320 3295 3376 sollicitudinem
3324 3322 3542 3379 habeam

1954 3425 2048 3478 pro
2076 3408 2214 3463 vobis
2253 3417 2301 3462 et
2339 3426 2431 3480 pro
2478 3410 2543 3463 iis
2573 3411 2657 3481 qui
2685 3420 2805 3465 sunt
2830 3410 3131 3478 Laodiceae,
3166 3424 3216 3468 et
3242 3418 3542 3489 quicumque

1953 3515 2057 3552 non
2086 3499 2319 3553 viderunt
2357 3502 2543 3571 faciem
2592 3519 2758 3555 meam
2802 3504 2855 3556 in
2903 3520 3077 3570 carne,
3125 3515 3179 3559 ut
3214 3508 3539 3563 consolentur

1953 3587 2111 3641 corda
2136 3589 2392 3657 ipsorum,
2421 3590 2658 3644 instructi
2697 3592 2751 3645 in
2792 3592 3061 3661 charitate,
3092 3604 3143 3648 et
3169 3597 3225 3650 in
3253 3613 3427 3651 omnes
3454 3598 3537 3653 di-

1952 3679 2102 3733 vitias
2132 3679 2466 3748 plenitudinis
2508 3682 2824 3748 intellectus,
2868 3686 2923 3737 in
2964 3687 3280 3754 agnitionem
3308 3691 3537 3759 mysterii

1954 3765 2053 3820 Dei
2091 3766 2283 3821 Christi
2316 3768 2450 3838 (Col.
2491 3787 2545 3832 ιι,
2574 3771 2648 3839 1).
2682 3770 2820 3826 Ecce
2848 3776 3160 3843 mysterium
3192 3778 3309 3842 Dei,
3339 3764 3540 3850 myste-

1952 3857 2090 3910 rium
2120 3859 2361 3912 nominat
2399 3857 2630 3925 Christi,
2662 3869 2716 3915 et
2753 3861 2913 3930 plene
2942 3864 3239 3931 intelligere
3278 3869 3538 3934 quosdam

1953 3949 2065 4003 vult
2094 3949 2146 4002 in
2174 3949 2500 4018 agnitionem
2526 3952 2710 4020 ipsius.
2744 3952 2862 4018 Quo
2903 3954 3065 4021 igitur
3094 3955 3367 4010 intellectu
3400 3974 3538 4028 opus

1952 4046 2090 4105 erat,
2114 4040 2419 4096 volentibus
2438 4041 2636 4096 Christi
2659 4043 2971 4113 mysterium
2997 4043 3224 4111 discere,
3252 4046 3296 4098 si
3326 4047 3539 4103 fuerant

1952 4131 2205 4197 audituri,
2237 4132 2386 4201 quod
2405 4133 2733 4187 inhabitaret
2756 4134 2808 4187 in
2838 4134 3057 4189 homine
3079 4135 3252 4190 Deus?
3281 4135 3427 4206 Opus
3455 4149 3538 4193 est

1953 4228 2134 4275 autem
2183 4223 2349 4278 nimio
2393 4224 2700 4287 intellectu,
2741 4232 2801 4278 ut
2841 4227 2979 4279 scias
3006 4233 3194 4281 contra
3232 4228 3375 4296 quod
3406 4228 3537 4283 Ver-

1950 4310 2099 4377 bum,
2128 4328 2248 4367 cum
2277 4314 2347 4368 sit
2370 4313 2531 4378 Deus,
2559 4312 2758 4367 factum
2787 4315 2855 4368 sit
2885 4316 3066 4369 homo.

2536 4423 2763 4479 CAPUT
2800 4426 2941 4481 XXI.

2663 4516 2839 4570 Aliud.

2023 4608 2067 4659 Α
2108 4607 2246 4662 vobis
2285 4609 2421 4661 enim
2462 4608 2634 4661 sonuit
2677 4624 2844 4663 sermo
2893 4609 3124 4675 Domini,
3150 4628 3251 4665 non
3282 4613 3445 4665 solum
3480 4616 3533 4667 in

1952 4698 2264 4753 Macedonia
2283 4709 2333 4754 et
2350 4700 2580 4765 Achaia;
2609 4701 2704 4754 sed
2722 4703 2861 4755 omni
2893 4703 3004 4756 loco
3035 4703 3161 4771 ﬁdes
3207 4714 3391 4771 vestra,
3423 4722 3536 4775 quae

1952 4802 2030 4844 est
2056 4791 2126 4844 ad
2156 4791 2321 4846 Deum
2344 4832 2359 4856 ,
2390 4794 2546 4846 exivit
2597 4791 2651 4863 (Ι
2677 4791 2852 4845 Thess.
2878 4808 2915 4855 ι,
2948 4792 3023 4861 8).
3072 4792 3210 4847 Ecce
3250 4794 3440 4848 iterum
3477 4796 3532 4850 in

1955 4884 2122 4936 Deum
2164 4882 2319 4937 tidem
2368 4881 2563 4937 factam
2620 4898 2737 4936 esse
2784 4890 3188 4949 commemorat,
3221 4900 3341 4937 cum
3370 4886 3533 4941 etiam

1952 4974 2198 5029 Christus
2226 4975 2369 5029 dicat
2402 4993 2414 5027 :
2449 4973 2550 5038 Qui
2579 4975 2740 5028 credit
2778 4976 2833 5027 in
2871 4991 2979 5037 me,
3015 4974 3164 5027 habet
3199 4977 3355 5029 vitam
3381 4987 3532 5031 teter-

1951 5083 2073 5120 nam
2104 5067 2281 5138 (Ioan.
2306 5084 2397 5133 vn,
2414 5066 2528 5133 25).
2552 5067 2869 5123 Sermonem
2900 5074 3075 5120 autem
3098 5067 3536 5136 praedicationem

1950 5159 2078 5214 dicit
2105 5159 2172 5213 de
2200 5160 2399 5228 seipso.

2519 5227 2747 5283 CAPUT
2787 5229 2949 5285 XXII.

2638 5320 2815 5374 Aliud.

2025 5410 2137 5482 Ipsi
2168 5412 2304 5465 enim
2343 5412 2484 5464 scitis
2530 5413 2797 5466 introitum
2826 5423 3057 5467 nostrum
3096 5413 3235 5483 apud
3268 5429 3373 5478 vos,
3404 5428 3529 5483 quo-

1952 5504 2092 5555 niam
2121 5518 2225 5556 non
2254 5503 2426 5555 inanis
2454 5503 2589 5571 fuit;
2620 5503 2711 5555 sed
2740 5514 2859 5556 ante
2898 5505 3059 5557 multa
3088 5508 3256 5573 passi,
3288 5514 3337 5555 et
3356 5512 3532 5557 contu.

1948 5594 2114 5648 meliis
2144 5595 2315 5663 aﬂ'ecti
2339 5635 2352 5659 ,
2386 5596 2518 5647 sicut
2545 5597 2705 5661 scitis,
2740 5598 2790 5649 in
2821 5595 3103 5666 Philippis,
3132 5597 3314 5665 con/isi
3344 5597 3529 5665 fuimus

1950 5685 2002 5739 in
2034 5685 2143 5742 Deo
2166 5687 2382 5755 collaqui
2406 5685 2475 5740 ad
2497 5702 2579 5741 vos
2611 5684 2945 5757 Evangelium
2972 5686 3064 5743 Dei
3095 5687 3137 5755 (I
3172 5686 3344 5741 Thess.
3371 5703 3423 5739 is.
3448 5684 3528 5753 ἢ).
