  <div class='ocr_page' id='page_1' title='image "/cluster/home/n/w/nwhite01/storage/ocr_20150623/48/hvd.32044096580691/517.png"; bbox 0 0 3978 6188; ppageno 0'>
   <div class='ocr_carea' id='block_1_1' title="bbox 495 296 632 349">
    <p class='ocr_par' dir='ltr' id='par_1_1' title="bbox 495 296 632 349">
     <span class='ocr_line' id='line_1_1' title="bbox 495 296 632 349; baseline 0.015 -2"><span class='ocrx_word' id='word_1_1' title='bbox 495 296 516 347; x_wconf 74' lang='grc'><strong>1</strong></span> <span class='ocrx_word' id='word_1_2' title='bbox 529 296 632 349; x_wconf 67' lang='lat'><strong>013</strong></span> 
     </span>
    </p>
   </div>
   <div class='ocr_carea' id='block_1_2' title="bbox 1014 284 3234 354">
    <p class='ocr_par' dir='ltr' id='par_1_2' title="bbox 1014 284 3234 354">
     <span class='ocr_line' id='line_1_2' title="bbox 1014 284 3234 354; baseline 0.002 -6"><span class='ocrx_word' id='word_1_3' title='bbox 1014 293 1200 348; x_wconf 69' lang='lat' dir='ltr'><strong>MtRIl</strong></span> <span class='ocrx_word' id='word_1_4' title='bbox 1242 284 1679 350; x_wconf 65' lang='lat' dir='ltr'><strong>MERCATORIS</strong></span> <span class='ocrx_word' id='word_1_5' title='bbox 1719 296 1808 350; x_wconf 76' lang='lat' dir='ltr'><strong>TR</strong></span> <span class='ocrx_word' id='word_1_6' title='bbox 1828 295 2283 352; x_wconf 63' lang='lat' dir='ltr'><strong>\NSLATIONES</strong></span> <span class='ocrx_word' id='word_1_7' title='bbox 2322 294 2674 350; x_wconf 77' lang='lat' dir='ltr'><strong>VARIORUM</strong></span> <span class='ocrx_word' id='word_1_8' title='bbox 2714 294 3234 354; x_wconf 71' lang='lat' dir='ltr'><strong>OPUSCULORUM.</strong></span> 
     </span>
    </p>
   </div>
   <div class='ocr_carea' id='block_1_3' title="bbox 3612 306 3736 362">
    <p class='ocr_par' dir='ltr' id='par_1_3' title="bbox 3612 306 3736 362">
     <span class='ocr_line' id='line_1_3' title="bbox 3612 306 3736 362; baseline 0.073 -10"><span class='ocrx_word' id='word_1_9' title='bbox 3612 306 3736 362; x_wconf 65' lang='lat'><strong>{02%</strong></span> 
     </span>
    </p>
   </div>
   <div class='ocr_carea' id='block_1_4' title="bbox 494 404 3737 489">
    <p class='ocr_par' dir='ltr' id='par_1_4' title="bbox 494 404 3737 489">
     <span class='ocr_line' id='line_1_4' title="bbox 494 404 3737 489; baseline 0.004 -32"><span class='ocrx_word' id='word_1_10' title='bbox 494 405 631 459; x_wconf 84' lang='lat' dir='ltr'><strong>Ecce</strong></span> <span class='ocrx_word' id='word_1_11' title='bbox 675 405 897 474; x_wconf 89' lang='lat' dir='ltr'><strong>loquens</strong></span> <span class='ocrx_word' id='word_1_12' title='bbox 939 406 991 458; x_wconf 91' lang='lat' dir='ltr'><strong>in</strong></span> <span class='ocrx_word' id='word_1_13' title='bbox 1043 407 1170 469; x_wconf 90' lang='lat' dir='ltr'><strong>Deo,</strong></span> <span class='ocrx_word' id='word_1_14' title='bbox 1214 406 1306 460; x_wconf 86' lang='lat' dir='ltr'><strong>Dei</strong></span> <span class='ocrx_word' id='word_1_15' title='bbox 1336 407 1687 477; x_wconf 83' lang='lat' dir='ltr'><strong>Evangelium</strong></span> <span class='ocrx_word' id='word_1_16' title='bbox 1724 409 2068 474; x_wconf 75' lang='lat' dir='ltr'><strong>memoravit;</strong></span> <span class='ocrx_word' id='word_1_17' title='bbox 2103 415 2143 468; x_wconf 79' lang='grc' dir='ltr'><strong>Α</strong></span> <span class='ocrx_word' id='word_1_18' title='bbox 2174 404 2399 479; x_wconf 79' lang='lat' dir='ltr'><strong>Angelus</strong></span> <span class='ocrx_word' id='word_1_19' title='bbox 2457 409 2521 461; x_wconf 87' lang='lat' dir='ltr'><strong>de</strong></span> <span class='ocrx_word' id='word_1_20' title='bbox 2559 410 2683 462; x_wconf 74' lang='lat' dir='ltr'><strong>cwlo</strong></span> <span class='ocrx_word' id='word_1_21' title='bbox 2705 411 3301 481; x_wconf 80' lang='lat' dir='ltr'><strong>evangelizaveritrobis,</strong></span> <span class='ocrx_word' id='word_1_22' title='bbox 3327 419 3587 483; x_wconf 75' lang='lat' dir='ltr'><strong>pra&#39;rerid</strong></span> <span class='ocrx_word' id='word_1_23' title='bbox 3613 428 3737 489; x_wconf 77' lang='lat' dir='ltr'><strong>quod</strong></span> 
     </span>
    </p>
   </div>
   <div class='ocr_carea' id='block_1_5' title="bbox 487 496 1453 565">
    <p class='ocr_par' dir='ltr' id='par_1_5' title="bbox 487 496 1453 565">
     <span class='ocr_line' id='line_1_5' title="bbox 487 496 1453 565; baseline 0.002 -16"><span class='ocrx_word' id='word_1_24' title='bbox 487 498 582 564; x_wconf 91' lang='lat' dir='ltr'><strong>qui</strong></span> <span class='ocrx_word' id='word_1_25' title='bbox 612 497 864 565; x_wconf 57' lang='lat' dir='ltr'><strong>praedicat</strong></span> <span class='ocrx_word' id='word_1_26' title='bbox 895 498 1141 565; x_wconf 77' lang='lat' dir='ltr'><strong>gentibus</strong></span> <span class='ocrx_word' id='word_1_27' title='bbox 1162 496 1453 552; x_wconf 79' lang='lat' dir='ltr'><strong>Christum.</strong></span> 
     </span>
    </p>
   </div>
   <div class='ocr_carea' id='block_1_6' title="bbox 1061 632 1500 687">
    <p class='ocr_par' dir='ltr' id='par_1_6' title="bbox 1061 632 1500 687">
     <span class='ocr_line' id='line_1_6' title="bbox 1061 632 1500 687; baseline 0 0"><span class='ocrx_word' id='word_1_28' title='bbox 1061 632 1287 687; x_wconf 84' lang='lat' dir='ltr'><strong>CAPUT</strong></span> <span class='ocrx_word' id='word_1_29' title='bbox 1318 633 1500 687; x_wconf 77' lang='lat' dir='ltr'><strong>XXIII.</strong></span> 
     </span>
    </p>
   </div>
   <div class='ocr_carea' id='block_1_7' title="bbox 1177 746 1349 798">
    <p class='ocr_par' dir='ltr' id='par_1_7' title="bbox 1177 746 1349 798">
     <span class='ocr_line' id='line_1_7' title="bbox 1177 746 1349 798; baseline -0.006 0"><span class='ocrx_word' id='word_1_30' title='bbox 1177 746 1349 798; x_wconf 82' lang='lat' dir='ltr'><strong>Aliud.</strong></span> 
     </span>
    </p>
   </div>
   <div class='ocr_carea' id='block_1_8' title="bbox 564 859 2066 930">
    <p class='ocr_par' dir='ltr' id='par_1_8' title="bbox 564 859 2066 930">
     <span class='ocr_line' id='line_1_8' title="bbox 564 859 2066 930; baseline -0.001 -17"><span class='ocrx_word' id='word_1_31' title='bbox 564 861 948 921; x_wconf 83' lang='lat' dir='ltr'><strong>Recordamini,</strong></span> <span class='ocrx_word' id='word_1_32' title='bbox 970 861 1155 930; x_wconf 78' lang='lat' dir='ltr'><strong>fratres</strong></span> <span class='ocrx_word' id='word_1_33' title='bbox 1175 902 1186 923; x_wconf 92' lang='lat'><strong>,</strong></span> <span class='ocrx_word' id='word_1_34' title='bbox 1205 859 1429 912; x_wconf 84' lang='lat' dir='ltr'><strong>laborem</strong></span> <span class='ocrx_word' id='word_1_35' title='bbox 1451 868 1679 913; x_wconf 88' lang='lat' dir='ltr'><strong>nostrum</strong></span> <span class='ocrx_word' id='word_1_36' title='bbox 1693 869 1742 911; x_wconf 90' lang='lat' dir='ltr'><strong>et</strong></span> <span class='ocrx_word' id='word_1_37' title='bbox 1766 874 2066 921; x_wconf 66' lang='lat' dir='ltr'><strong>aerumnam,</strong></span> 
     </span>
    </p>
   </div>
   <div class='ocr_carea' id='block_1_9' title="bbox 488 951 2069 1020">
    <p class='ocr_par' dir='ltr' id='par_1_9' title="bbox 488 951 2069 1020">
     <span class='ocr_line' id='line_1_9' title="bbox 488 951 2069 1020; baseline -0.001 -17"><span class='ocrx_word' id='word_1_38' title='bbox 488 960 636 1003; x_wconf 85' lang='lat' dir='ltr'><strong>nocte</strong></span> <span class='ocrx_word' id='word_1_39' title='bbox 663 961 711 1004; x_wconf 85' lang='lat' dir='ltr'><strong>et</strong></span> <span class='ocrx_word' id='word_1_40' title='bbox 739 951 819 1004; x_wconf 88' lang='lat' dir='ltr'><strong>die</strong></span> <span class='ocrx_word' id='word_1_41' title='bbox 839 958 1133 1019; x_wconf 86' lang='lat' dir='ltr'><strong>operantes,</strong></span> <span class='ocrx_word' id='word_1_42' title='bbox 1168 967 1232 1002; x_wconf 91' lang='lat' dir='ltr'><strong>ne</strong></span> <span class='ocrx_word' id='word_1_43' title='bbox 1259 968 1404 1020; x_wconf 84' lang='lat' dir='ltr'><strong>quem</strong></span> <span class='ocrx_word' id='word_1_44' title='bbox 1447 960 1665 1002; x_wconf 86' lang='lat' dir='ltr'><strong>vestrum</strong></span> <span class='ocrx_word' id='word_1_45' title='bbox 1708 966 2069 1019; x_wconf 84' lang='lat' dir='ltr'><strong>gravaremus;</strong></span> 
     </span>
    </p>
   </div>
   <div class='ocr_carea' id='block_1_10' title="bbox 490 1041 2066 1112">
    <p class='ocr_par' dir='ltr' id='par_1_10' title="bbox 490 1041 2066 1112">
     <span class='ocr_line' id='line_1_10' title="bbox 490 1041 2066 1112; baseline 0 -17"><span class='ocrx_word' id='word_1_46' title='bbox 490 1044 877 1110; x_wconf 72' lang='lat' dir='ltr'><strong>praedicavimus</strong></span> <span class='ocrx_word' id='word_1_47' title='bbox 900 1041 1231 1111; x_wconf 84' lang='lat' dir='ltr'><strong>Evangelium</strong></span> <span class='ocrx_word' id='word_1_48' title='bbox 1252 1043 1347 1095; x_wconf 89' lang='lat' dir='ltr'><strong>Dei</strong></span> <span class='ocrx_word' id='word_1_49' title='bbox 1370 1045 1504 1096; x_wconf 89' lang='lat' dir='ltr'><strong>inter</strong></span> <span class='ocrx_word' id='word_1_50' title='bbox 1530 1059 1615 1096; x_wconf 88' lang='lat' dir='ltr'><strong>tos</strong></span> <span class='ocrx_word' id='word_1_51' title='bbox 1640 1043 1681 1112; x_wconf 95' lang='lat' dir='ltr'><strong>(l</strong></span> <span class='ocrx_word' id='word_1_52' title='bbox 1705 1043 1890 1097; x_wconf 75' lang='lat' dir='ltr'><strong>Thess.</strong></span> <span class='ocrx_word' id='word_1_53' title='bbox 1909 1059 1963 1101; x_wconf 86' lang='lat' dir='ltr'><strong>tt,</strong></span> <span class='ocrx_word' id='word_1_54' title='bbox 1991 1042 2066 1111; x_wconf 70' lang='lat'><strong>4).</strong></span> 
     </span>
    </p>
   </div>
   <div class='ocr_carea' id='block_1_11' title="bbox 491 1132 2068 1203">
    <p class='ocr_par' dir='ltr' id='par_1_11' title="bbox 491 1132 2068 1203">
     <span class='ocr_line' id='line_1_11' title="bbox 491 1132 2068 1203; baseline -0.001 -18"><span class='ocrx_word' id='word_1_55' title='bbox 491 1132 557 1185; x_wconf 80' lang='grc' dir='ltr'>Ει</span> <span class='ocrx_word' id='word_1_56' title='bbox 580 1133 768 1186; x_wconf 79' lang='lat' dir='ltr'><strong>iterum</strong></span> <span class='ocrx_word' id='word_1_57' title='bbox 790 1151 801 1184; x_wconf 90' lang='lat'><strong>:</strong></span> <span class='ocrx_word' id='word_1_58' title='bbox 824 1132 1103 1202; x_wconf 79' lang='lat' dir='ltr'><strong>Propterea</strong></span> <span class='ocrx_word' id='word_1_59' title='bbox 1124 1143 1173 1185; x_wconf 89' lang='lat' dir='ltr'><strong>et</strong></span> <span class='ocrx_word' id='word_1_60' title='bbox 1192 1149 1283 1185; x_wconf 89' lang='lat' dir='ltr'><strong>nos</strong></span> <span class='ocrx_word' id='word_1_61' title='bbox 1304 1134 1498 1203; x_wconf 85' lang='lat' dir='ltr'><strong>gratias</strong></span> <span class='ocrx_word' id='word_1_62' title='bbox 1522 1135 1719 1202; x_wconf 81' lang='lat' dir='ltr'><strong>agimus</strong></span> <span class='ocrx_word' id='word_1_63' title='bbox 1736 1132 1842 1186; x_wconf 91' lang='lat' dir='ltr'><strong>Deo</strong></span> <span class='ocrx_word' id='word_1_64' title='bbox 1863 1134 2068 1186; x_wconf 88' lang='lat' dir='ltr'><strong>sinein-</strong></span> 
     </span>
    </p>
   </div>
   <div class='ocr_carea' id='block_1_12' title="bbox 493 1222 2065 1292">
    <p class='ocr_par' dir='ltr' id='par_1_12' title="bbox 493 1222 2065 1292">
     <span class='ocr_line' id='line_1_12' title="bbox 493 1222 2065 1292; baseline 0.001 -19"><span class='ocrx_word' id='word_1_65' title='bbox 493 1223 838 1285; x_wconf 87' lang='lat' dir='ltr'><strong>tennissione;</strong></span> <span class='ocrx_word' id='word_1_66' title='bbox 861 1224 1100 1292; x_wconf 86' lang='lat' dir='ltr'><strong>quoniam</strong></span> <span class='ocrx_word' id='word_1_67' title='bbox 1122 1239 1234 1274; x_wconf 89' lang='lat' dir='ltr'><strong>cum</strong></span> <span class='ocrx_word' id='word_1_68' title='bbox 1255 1224 1602 1292; x_wconf 85' lang='lat' dir='ltr'><strong>percepissetis</strong></span> <span class='ocrx_word' id='word_1_69' title='bbox 1625 1241 1654 1275; x_wconf 94' lang='lat' dir='ltr'><strong>a</strong></span> <span class='ocrx_word' id='word_1_70' title='bbox 1679 1222 1823 1275; x_wconf 90' lang='lat' dir='ltr'><strong>nobis</strong></span> <span class='ocrx_word' id='word_1_71' title='bbox 1843 1226 2065 1287; x_wconf 87' lang='lat' dir='ltr'><strong>verbum,</strong></span> 
     </span>
    </p>
   </div>
   <div class='ocr_carea' id='block_1_13' title="bbox 488 1312 2070 1384">
    <p class='ocr_par' dir='ltr' id='par_1_13' title="bbox 488 1312 2070 1384">
     <span class='ocr_line' id='line_1_13' title="bbox 488 1312 2070 1384; baseline 0.001 -19"><span class='ocrx_word' id='word_1_72' title='bbox 488 1314 665 1367; x_wconf 87' lang='lat' dir='ltr'><strong>auditu</strong></span> <span class='ocrx_word' id='word_1_73' title='bbox 694 1314 789 1366; x_wconf 97' lang='lat' dir='ltr'><strong>Dei</strong></span> <span class='ocrx_word' id='word_1_74' title='bbox 817 1315 1105 1384; x_wconf 79' lang='lat' dir='ltr'><strong>excepistis,</strong></span> <span class='ocrx_word' id='word_1_75' title='bbox 1130 1330 1234 1367; x_wconf 86' lang='lat' dir='ltr'><strong>non</strong></span> <span class='ocrx_word' id='word_1_76' title='bbox 1274 1322 1327 1365; x_wconf 89' lang='lat' dir='ltr'><strong>ut</strong></span> <span class='ocrx_word' id='word_1_77' title='bbox 1352 1312 1556 1366; x_wconf 84' lang='lat' dir='ltr'><strong>verbum</strong></span> <span class='ocrx_word' id='word_1_78' title='bbox 1578 1314 1855 1376; x_wconf 78' lang='lat' dir='ltr'><strong>hominum,</strong></span> <span class='ocrx_word' id='word_1_79' title='bbox 1898 1314 1987 1367; x_wconf 85' lang='lat' dir='ltr'><strong>sed</strong></span> <span class='ocrx_word' id='word_1_80' title='bbox 2014 1325 2070 1366; x_wconf 89' lang='lat' dir='ltr'><strong>ut</strong></span> 
     </span>
    </p>
   </div>
   <div class='ocr_carea' id='block_1_14' title="bbox 488 1404 2062 1476">
    <p class='ocr_par' dir='ltr' id='par_1_14' title="bbox 488 1404 2062 1476">
     <span class='ocr_line' id='line_1_14' title="bbox 488 1404 2062 1476; baseline 0.001 -19"><span class='ocrx_word' id='word_1_81' title='bbox 488 1404 692 1457; x_wconf 86' lang='lat' dir='ltr'><strong>verbum</strong></span> <span class='ocrx_word' id='word_1_82' title='bbox 710 1404 825 1469; x_wconf 92' lang='lat' dir='ltr'><strong>Dei,</strong></span> <span class='ocrx_word' id='word_1_83' title='bbox 853 1406 935 1475; x_wconf 90' lang='lat' dir='ltr'><strong>qui</strong></span> <span class='ocrx_word' id='word_1_84' title='bbox 965 1415 1205 1475; x_wconf 80' lang='lat' dir='ltr'><strong>operatur</strong></span> <span class='ocrx_word' id='word_1_85' title='bbox 1229 1407 1283 1458; x_wconf 91' lang='lat' dir='ltr'><strong>in</strong></span> <span class='ocrx_word' id='word_1_86' title='bbox 1304 1406 1460 1469; x_wconf 87' lang='lat' dir='ltr'><strong>vobis,</strong></span> <span class='ocrx_word' id='word_1_87' title='bbox 1481 1408 1566 1475; x_wconf 87' lang='lat' dir='ltr'><strong>qui</strong></span> <span class='ocrx_word' id='word_1_88' title='bbox 1589 1404 1877 1459; x_wconf 74' lang='lat' dir='ltr'><strong>credidistis</strong></span> <span class='ocrx_word' id='word_1_89' title='bbox 1902 1405 2062 1476; x_wconf 83' lang='lat' dir='ltr'><strong>(Ibid.</strong></span> 
     </span>
    </p>
   </div>
   <div class='ocr_carea' id='block_1_15' title="bbox 492 1495 2069 1564">
    <p class='ocr_par' dir='ltr' id='par_1_15' title="bbox 492 1495 2069 1564">
     <span class='ocr_line' id='line_1_15' title="bbox 492 1495 2069 1564; baseline 0.003 -17"><span class='ocrx_word' id='word_1_90' title='bbox 492 1512 538 1546; x_wconf 90' lang='lat' dir='ltr'><strong>v.</strong></span> <span class='ocrx_word' id='word_1_91' title='bbox 574 1495 679 1564; x_wconf 80' lang='grc'><strong>15).</strong></span> <span class='ocrx_word' id='word_1_92' title='bbox 713 1495 897 1549; x_wconf 87' lang='lat' dir='ltr'><strong>Nonne</strong></span> <span class='ocrx_word' id='word_1_93' title='bbox 927 1496 1205 1549; x_wconf 84' lang='lat' dir='ltr'><strong>evidenter</strong></span> <span class='ocrx_word' id='word_1_94' title='bbox 1224 1496 1567 1564; x_wconf 85' lang='lat' dir='ltr'><strong>Evangelium</strong></span> <span class='ocrx_word' id='word_1_95' title='bbox 1598 1498 1711 1561; x_wconf 91' lang='lat' dir='ltr'><strong>Dei,</strong></span> <span class='ocrx_word' id='word_1_96' title='bbox 1744 1505 1797 1550; x_wconf 92' lang='lat' dir='ltr'><strong>et</strong></span> <span class='ocrx_word' id='word_1_97' title='bbox 1826 1498 1919 1551; x_wconf 88' lang='lat' dir='ltr'><strong>Dei</strong></span> <span class='ocrx_word' id='word_1_98' title='bbox 1950 1514 2069 1551; x_wconf 88' lang='lat' dir='ltr'><strong>ver-</strong></span> 
     </span>
    </p>
   </div>
   <div class='ocr_carea' id='block_1_16' title="bbox 487 1586 2069 1659">
    <p class='ocr_par' dir='ltr' id='par_1_16' title="bbox 487 1586 2069 1659">
     <span class='ocr_line' id='line_1_16' title="bbox 487 1586 2069 1659; baseline 0.003 -20"><span class='ocrx_word' id='word_1_99' title='bbox 487 1587 613 1640; x_wconf 85' lang='lat' dir='ltr'><strong>bum</strong></span> <span class='ocrx_word' id='word_1_100' title='bbox 635 1586 1064 1656; x_wconf 86' lang='lat' dir='ltr'><strong>pracdicationem</strong></span> <span class='ocrx_word' id='word_1_101' title='bbox 1099 1588 1165 1641; x_wconf 89' lang='lat' dir='ltr'><strong>de</strong></span> <span class='ocrx_word' id='word_1_102' title='bbox 1200 1588 1415 1642; x_wconf 87' lang='lat' dir='ltr'><strong>Christo</strong></span> <span class='ocrx_word' id='word_1_103' title='bbox 1444 1595 1848 1653; x_wconf 83' lang='lat' dir='ltr'><strong>commemorat,</strong></span> <span class='ocrx_word' id='word_1_104' title='bbox 1874 1591 2069 1659; x_wconf 88' lang='lat' dir='ltr'><strong>quippe</strong></span> 
     </span>
    </p>
   </div>
   <div class='ocr_carea' id='block_1_17' title="bbox 490 1678 2063 1752">
    <p class='ocr_par' dir='ltr' id='par_1_17' title="bbox 490 1678 2063 1752">
     <span class='ocr_line' id='line_1_17' title="bbox 490 1678 2063 1752; baseline 0.002 -21"><span class='ocrx_word' id='word_1_105' title='bbox 490 1678 541 1731; x_wconf 90' lang='lat' dir='ltr'><strong>id</strong></span> <span class='ocrx_word' id='word_1_106' title='bbox 571 1680 817 1732; x_wconf 87' lang='lat' dir='ltr'><strong>omnibus</strong></span> <span class='ocrx_word' id='word_1_107' title='bbox 843 1678 1329 1733; x_wconf 82' lang='lat' dir='ltr'><strong>manifestissimum</strong></span> <span class='ocrx_word' id='word_1_108' title='bbox 1354 1688 1433 1735; x_wconf 86' lang='lat' dir='ltr'><strong>est</strong></span> <span class='ocrx_word' id='word_1_109' title='bbox 1459 1698 1469 1732; x_wconf 96' lang='lat'>:</span> <span class='ocrx_word' id='word_1_110' title='bbox 1495 1680 1747 1751; x_wconf 83' lang='lat' dir='ltr'><strong>Apparuit</strong></span> <span class='ocrx_word' id='word_1_111' title='bbox 1774 1683 1909 1734; x_wconf 88' lang='lat' dir='ltr'><strong>enim</strong></span> <span class='ocrx_word' id='word_1_112' title='bbox 1942 1698 2063 1752; x_wconf 87' lang='lat' dir='ltr'><strong>gra-</strong></span> 
     </span>
    </p>
   </div>
   <div class='ocr_carea' id='block_1_18' title="bbox 2175 500 3735 571">
    <p class='ocr_par' dir='ltr' id='par_1_18' title="bbox 2175 500 3735 571">
     <span class='ocr_line' id='line_1_18' title="bbox 2175 500 3735 571; baseline 0.009 -22"><span class='ocrx_word' id='word_1_113' title='bbox 2175 500 2459 567; x_wconf 86' lang='lat' dir='ltr'><strong>accepistis,</strong></span> <span class='ocrx_word' id='word_1_114' title='bbox 2484 500 2759 553; x_wconf 78' lang='lat' dir='ltr'><strong>anathema</strong></span> <span class='ocrx_word' id='word_1_115' title='bbox 2792 502 2859 553; x_wconf 92' lang='lat' dir='ltr'><strong>sit</strong></span> <span class='ocrx_word' id='word_1_116' title='bbox 2901 500 3110 570; x_wconf 89' lang='lat' dir='ltr'><strong>(Ibid.).</strong></span> <span class='ocrx_word' id='word_1_117' title='bbox 3136 500 3240 555; x_wconf 88' lang='lat' dir='ltr'><strong>Pro</strong></span> <span class='ocrx_word' id='word_1_118' title='bbox 3269 517 3375 571; x_wconf 88' lang='lat' dir='ltr'><strong>qua</strong></span> <span class='ocrx_word' id='word_1_119' title='bbox 3404 505 3561 571; x_wconf 88' lang='lat' dir='ltr'><strong>igitur</strong></span> <span class='ocrx_word' id='word_1_120' title='bbox 3588 524 3735 563; x_wconf 86' lang='lat' dir='ltr'><strong>causa</strong></span> 
     </span>
    </p>
   </div>
   <div class='ocr_carea' id='block_1_19' title="bbox 2175 588 3735 654">
    <p class='ocr_par' dir='ltr' id='par_1_19' title="bbox 2175 588 3735 654">
     <span class='ocr_line' id='line_1_19' title="bbox 2175 588 3735 654; baseline 0.009 -14"><span class='ocrx_word' id='word_1_121' title='bbox 2175 588 2308 641; x_wconf 88' lang='lat' dir='ltr'><strong>alios</strong></span> <span class='ocrx_word' id='word_1_122' title='bbox 2330 603 2516 643; x_wconf 90' lang='lat' dir='ltr'><strong>omnes</strong></span> <span class='ocrx_word' id='word_1_123' title='bbox 2531 591 2802 653; x_wconf 89' lang='lat' dir='ltr'><strong>omittens,</strong></span> <span class='ocrx_word' id='word_1_124' title='bbox 2819 591 2945 645; x_wconf 90' lang='lat' dir='ltr'><strong>licet</strong></span> <span class='ocrx_word' id='word_1_125' title='bbox 2962 592 3125 646; x_wconf 91' lang='lat' dir='ltr'><strong>Deum</strong></span> <span class='ocrx_word' id='word_1_126' title='bbox 3148 593 3530 650; x_wconf 87' lang='lat' dir='ltr'><strong>inhabitantem</strong></span> <span class='ocrx_word' id='word_1_127' title='bbox 3542 598 3735 654; x_wconf 89' lang='lat' dir='ltr'><strong>habue-</strong></span> 
     </span>
    </p>
   </div>
   <div class='ocr_carea' id='block_1_20' title="bbox 2172 677 3419 748">
    <p class='ocr_par' dir='ltr' id='par_1_20' title="bbox 2172 677 3419 748">
     <span class='ocr_line' id='line_1_20' title="bbox 2172 677 3419 748; baseline 0.006 -17"><span class='ocrx_word' id='word_1_128' title='bbox 2172 677 2303 744; x_wconf 86' lang='lat' dir='ltr'><strong>rint,</strong></span> <span class='ocrx_word' id='word_1_129' title='bbox 2325 678 2498 733; x_wconf 79' lang='lat' dir='ltr'><strong>solum</strong></span> <span class='ocrx_word' id='word_1_130' title='bbox 2525 680 2847 748; x_wconf 68' lang='lat' dir='ltr'><strong>praedicabat</strong></span> <span class='ocrx_word' id='word_1_131' title='bbox 2873 679 3055 735; x_wconf 82' lang='lat' dir='ltr'><strong>Jesum</strong></span> <span class='ocrx_word' id='word_1_132' title='bbox 3075 683 3212 737; x_wconf 88' lang='lat' dir='ltr'><strong>sicut</strong></span> <span class='ocrx_word' id='word_1_133' title='bbox 3233 684 3419 738; x_wconf 91' lang='lat' dir='ltr'><strong>Deum.</strong></span> 
     </span>
    </p>
   </div>
   <div class='ocr_carea' id='block_1_21' title="bbox 2731 813 3183 870">
    <p class='ocr_par' dir='ltr' id='par_1_21' title="bbox 2731 813 3183 870">
     <span class='ocr_line' id='line_1_21' title="bbox 2731 813 3183 870; baseline 0.002 -1"><span class='ocrx_word' id='word_1_134' title='bbox 2731 813 2959 869; x_wconf 86' lang='lat' dir='ltr'><strong>CAPUT</strong></span> <span class='ocrx_word' id='word_1_135' title='bbox 2997 815 3183 870; x_wconf 78' lang='lat' dir='ltr'><strong>XXIV.</strong></span> 
     </span>
    </p>
   </div>
   <div class='ocr_carea' id='block_1_22' title="bbox 2862 927 3037 980">
    <p class='ocr_par' dir='ltr' id='par_1_22' title="bbox 2862 927 3037 980">
     <span class='ocr_line' id='line_1_22' title="bbox 2862 927 3037 980; baseline 0.017 -3"><span class='ocrx_word' id='word_1_136' title='bbox 2862 927 3037 980; x_wconf 84' lang='lat' dir='ltr'><strong>Aliud.</strong></span> 
     </span>
    </p>
   </div>
   <div class='ocr_carea' id='block_1_23' title="bbox 2244 1031 3733 1101">
    <p class='ocr_par' dir='ltr' id='par_1_23' title="bbox 2244 1031 3733 1101">
     <span class='ocr_line' id='line_1_23' title="bbox 2244 1031 3733 1101; baseline 0.009 -16"><span class='ocrx_word' id='word_1_137' title='bbox 2244 1031 2511 1101; x_wconf 89' lang='lat' dir='ltr'><strong>Scriptum</strong></span> <span class='ocrx_word' id='word_1_138' title='bbox 2539 1043 2622 1090; x_wconf 88' lang='lat' dir='ltr'><strong>est</strong></span> <span class='ocrx_word' id='word_1_139' title='bbox 2671 1036 2737 1089; x_wconf 91' lang='lat' dir='ltr'><strong>de</strong></span> <span class='ocrx_word' id='word_1_140' title='bbox 2777 1034 2992 1090; x_wconf 86' lang='lat' dir='ltr'><strong>Christo</strong></span> <span class='ocrx_word' id='word_1_141' title='bbox 3022 1057 3033 1089; x_wconf 87' lang='lat'><strong>:</strong></span> <span class='ocrx_word' id='word_1_142' title='bbox 3067 1038 3191 1092; x_wconf 86' lang='lat' dir='ltr'><strong>Cum</strong></span> <span class='ocrx_word' id='word_1_143' title='bbox 3230 1050 3396 1094; x_wconf 79' lang='lat' dir='ltr'><strong>autent</strong></span> <span class='ocrx_word' id='word_1_144' title='bbox 3417 1052 3547 1096; x_wconf 86' lang='lat' dir='ltr'><strong>esset</strong></span> <span class='ocrx_word' id='word_1_145' title='bbox 3573 1046 3625 1098; x_wconf 91' lang='lat' dir='ltr'><strong>in</strong></span> <span class='ocrx_word' id='word_1_146' title='bbox 3651 1045 3733 1099; x_wconf 58' lang='lat' dir='ltr'><strong>Ie-</strong></span> 
     </span>
    </p>
   </div>
   <div class='ocr_carea' id='block_1_24' title="bbox 2172 1123 3737 1193">
    <p class='ocr_par' dir='ltr' id='par_1_24' title="bbox 2172 1123 3737 1193">
     <span class='ocr_line' id='line_1_24' title="bbox 2172 1123 3737 1193; baseline 0.01 -20"><span class='ocrx_word' id='word_1_147' title='bbox 2172 1123 2441 1192; x_wconf 86' lang='lat' dir='ltr'><strong>rosolymis</strong></span> <span class='ocrx_word' id='word_1_148' title='bbox 2480 1126 2532 1176; x_wconf 91' lang='lat' dir='ltr'><strong>in</strong></span> <span class='ocrx_word' id='word_1_149' title='bbox 2583 1125 2665 1178; x_wconf 85' lang='lat' dir='ltr'><strong>die</strong></span> <span class='ocrx_word' id='word_1_150' title='bbox 2704 1128 2852 1193; x_wconf 74' lang='lat' dir='ltr'><strong>festo,</strong></span> <span class='ocrx_word' id='word_1_151' title='bbox 2882 1128 3029 1180; x_wconf 84' lang='lat' dir='ltr'><strong>multi</strong></span> <span class='ocrx_word' id='word_1_152' title='bbox 3077 1130 3403 1184; x_wconf 84' lang='lat' dir='ltr'><strong>crediderunt</strong></span> <span class='ocrx_word' id='word_1_153' title='bbox 3447 1134 3502 1186; x_wconf 89' lang='lat' dir='ltr'><strong>in</strong></span> <span class='ocrx_word' id='word_1_154' title='bbox 3547 1138 3737 1189; x_wconf 81' lang='lat' dir='ltr'><strong>nomine</strong></span> 
     </span>
    </p>
   </div>
   <div class='ocr_carea' id='block_1_25' title="bbox 2170 1213 3737 1290">
    <p class='ocr_par' dir='ltr' id='par_1_25' title="bbox 2170 1213 3737 1290">
     <span class='ocr_line' id='line_1_25' title="bbox 2170 1213 3737 1290; baseline 0.011 -26"><span class='ocrx_word' id='word_1_155' title='bbox 2170 1213 2280 1281; x_wconf 87' lang='lat' dir='ltr'><strong>ejus</strong></span> <span class='ocrx_word' id='word_1_156' title='bbox 2301 1214 2523 1267; x_wconf 81' lang='lat' dir='ltr'><strong>videntes</strong></span> <span class='ocrx_word' id='word_1_157' title='bbox 2565 1217 2711 1285; x_wconf 88' lang='lat' dir='ltr'><strong>signa</strong></span> <span class='ocrx_word' id='word_1_158' title='bbox 2740 1234 2852 1287; x_wconf 72' lang='lat' dir='ltr'><strong>quae</strong></span> <span class='ocrx_word' id='word_1_159' title='bbox 2874 1218 3123 1288; x_wconf 74' lang='lat' dir='ltr'><strong>faciebat;</strong></span> <span class='ocrx_word' id='word_1_160' title='bbox 3145 1223 3253 1290; x_wconf 88' lang='lat' dir='ltr'><strong>ipse</strong></span> <span class='ocrx_word' id='word_1_161' title='bbox 3272 1232 3439 1276; x_wconf 91' lang='lat' dir='ltr'><strong>autem</strong></span> <span class='ocrx_word' id='word_1_162' title='bbox 3465 1223 3499 1277; x_wconf 79' lang='grc' dir='ltr'><em>Ι</em></span> <span class='ocrx_word' id='word_1_163' title='bbox 3504 1242 3615 1279; x_wconf 87' lang='lat' dir='ltr'><strong>esus</strong></span> <span class='ocrx_word' id='word_1_164' title='bbox 3644 1245 3737 1281; x_wconf 89' lang='lat' dir='ltr'><strong>non</strong></span> 
     </span>
    </p>
   </div>
   <div class='ocr_carea' id='block_1_26' title="bbox 2171 1303 3735 1387">
    <p class='ocr_par' dir='ltr' id='par_1_26' title="bbox 2171 1303 3735 1387">
     <span class='ocr_line' id='line_1_26' title="bbox 2171 1303 3735 1387; baseline 0.01 -33"><span class='ocrx_word' id='word_1_165' title='bbox 2171 1303 2408 1356; x_wconf 85' lang='lat' dir='ltr'><strong>credebat</strong></span> <span class='ocrx_word' id='word_1_166' title='bbox 2434 1322 2489 1357; x_wconf 93' lang='lat' dir='ltr'><strong>se</strong></span> <span class='ocrx_word' id='word_1_167' title='bbox 2507 1306 2641 1371; x_wconf 75' lang='lat' dir='ltr'><strong>illis;</strong></span> <span class='ocrx_word' id='word_1_168' title='bbox 2664 1308 2799 1378; x_wconf 86' lang='lat' dir='ltr'><strong>quod</strong></span> <span class='ocrx_word' id='word_1_169' title='bbox 2819 1311 2928 1377; x_wconf 89' lang='lat' dir='ltr'><strong>ipse</strong></span> <span class='ocrx_word' id='word_1_170' title='bbox 2953 1310 3145 1363; x_wconf 82' lang='lat' dir='ltr'><strong>sciebat</strong></span> <span class='ocrx_word' id='word_1_171' title='bbox 3173 1329 3372 1378; x_wconf 88' lang='lat' dir='ltr'><strong>omnes,</strong></span> <span class='ocrx_word' id='word_1_172' title='bbox 3402 1324 3452 1367; x_wconf 93' lang='lat' dir='ltr'><strong>et</strong></span> <span class='ocrx_word' id='word_1_173' title='bbox 3491 1317 3625 1387; x_wconf 87' lang='lat' dir='ltr'><strong>quod</strong></span> <span class='ocrx_word' id='word_1_174' title='bbox 3644 1335 3735 1370; x_wconf 86' lang='lat' dir='ltr'><strong>non</strong></span> 
     </span>
    </p>
   </div>
   <div class='ocr_carea' id='block_1_27' title="bbox 2170 1397 3739 1475">
    <p class='ocr_par' dir='ltr' id='par_1_27' title="bbox 2170 1397 3739 1475">
     <span class='ocr_line' id='line_1_27' title="bbox 2170 1397 3739 1475; baseline 0.011 -29"><span class='ocrx_word' id='word_1_175' title='bbox 2170 1410 2374 1449; x_wconf 89' lang='lat' dir='ltr'><strong>necesse</strong></span> <span class='ocrx_word' id='word_1_176' title='bbox 2396 1397 2633 1461; x_wconf 84' lang='lat' dir='ltr'><strong>habebat,</strong></span> <span class='ocrx_word' id='word_1_177' title='bbox 2660 1409 2717 1451; x_wconf 88' lang='lat' dir='ltr'><strong>ut</strong></span> <span class='ocrx_word' id='word_1_178' title='bbox 2756 1401 2939 1470; x_wconf 81' lang='lat' dir='ltr'><strong>aliquis</strong></span> <span class='ocrx_word' id='word_1_179' title='bbox 2986 1404 3328 1457; x_wconf 86' lang='lat' dir='ltr'><strong>testimonium</strong></span> <span class='ocrx_word' id='word_1_180' title='bbox 3374 1407 3658 1475; x_wconf 83' lang='lat' dir='ltr'><strong>perhiberet</strong></span> <span class='ocrx_word' id='word_1_181' title='bbox 3682 1411 3739 1463; x_wconf 82' lang='lat' dir='ltr'><strong>de</strong></span> 
     </span>
    </p>
   </div>
   <div class='ocr_carea' id='block_1_28' title="bbox 2170 1484 3735 1568">
    <p class='ocr_par' dir='ltr' id='par_1_28' title="bbox 2170 1484 3735 1568">
     <span class='ocr_line' id='line_1_28' title="bbox 2170 1484 3735 1568; baseline 0.011 -32"><span class='ocrx_word' id='word_1_182' title='bbox 2170 1484 2373 1539; x_wconf 87' lang='lat' dir='ltr'><strong>homine</strong></span> <span class='ocrx_word' id='word_1_183' title='bbox 2398 1504 2415 1539; x_wconf 84' lang='lat'><strong>.&#39;</strong></span> <span class='ocrx_word' id='word_1_184' title='bbox 2437 1489 2546 1557; x_wconf 83' lang='lat' dir='ltr'><strong>ipse</strong></span> <span class='ocrx_word' id='word_1_185' title='bbox 2573 1491 2707 1543; x_wconf 90' lang='lat' dir='ltr'><strong>enim</strong></span> <span class='ocrx_word' id='word_1_186' title='bbox 2737 1492 2929 1544; x_wconf 88' lang='lat' dir='ltr'><strong>sciebat</strong></span> <span class='ocrx_word' id='word_1_187' title='bbox 2969 1494 3092 1564; x_wconf 91' lang='lat' dir='ltr'><strong>quid</strong></span> <span class='ocrx_word' id='word_1_188' title='bbox 3118 1506 3231 1548; x_wconf 87' lang='lat' dir='ltr'><strong>erat</strong></span> <span class='ocrx_word' id='word_1_189' title='bbox 3256 1498 3311 1548; x_wconf 88' lang='lat' dir='ltr'><strong>in</strong></span> <span class='ocrx_word' id='word_1_190' title='bbox 3336 1498 3545 1551; x_wconf 87' lang='lat' dir='ltr'><strong>homine</strong></span> <span class='ocrx_word' id='word_1_191' title='bbox 3570 1499 3735 1568; x_wconf 83' lang='lat' dir='ltr'><strong>(Joan.</strong></span> 
     </span>
    </p>
   </div>
   <div class='ocr_carea' id='block_1_29' title="bbox 2168 1576 3737 1663">
    <p class='ocr_par' dir='ltr' id='par_1_29' title="bbox 2168 1576 3737 1663">
     <span class='ocr_line' id='line_1_29' title="bbox 2168 1576 3737 1663; baseline 0.014 -35"><span class='ocrx_word' id='word_1_192' title='bbox 2168 1591 2223 1635; x_wconf 84' lang='lat' dir='ltr'><strong>tt.</strong></span> <span class='ocrx_word' id='word_1_193' title='bbox 2256 1576 2365 1647; x_wconf 74' lang='lat'><strong>9.3).</strong></span> <span class='ocrx_word' id='word_1_194' title='bbox 2392 1578 2447 1633; x_wconf 93' lang='lat' dir='ltr'><strong>Si</strong></span> <span class='ocrx_word' id='word_1_195' title='bbox 2470 1581 2630 1635; x_wconf 88' lang='lat' dir='ltr'><strong>homo</strong></span> <span class='ocrx_word' id='word_1_196' title='bbox 2659 1592 2802 1638; x_wconf 86' lang='lat' dir='ltr'><strong>esset</strong></span> <span class='ocrx_word' id='word_1_197' title='bbox 2828 1586 3077 1659; x_wconf 69' lang='grc' dir='ltr'><strong>θεοφόρος,</strong></span> <span class='ocrx_word' id='word_1_198' title='bbox 3097 1589 3368 1655; x_wconf 91' lang='lat' dir='ltr'><strong>quomodo</strong></span> <span class='ocrx_word' id='word_1_199' title='bbox 3398 1606 3504 1645; x_wconf 92' lang='lat' dir='ltr'><strong>non</strong></span> <span class='ocrx_word' id='word_1_200' title='bbox 3536 1592 3737 1663; x_wconf 81' lang='lat' dir='ltr'><strong>decepti</strong></span> 
     </span>
    </p>
   </div>
   <div class='ocr_carea' id='block_1_30' title="bbox 2169 1672 3737 1749">
    <p class='ocr_par' dir='ltr' id='par_1_30' title="bbox 2169 1672 3737 1749">
     <span class='ocr_line' id='line_1_30' title="bbox 2169 1672 3737 1749; baseline 0.013 -30"><span class='ocrx_word' id='word_1_201' title='bbox 2169 1676 2293 1720; x_wconf 90' lang='lat' dir='ltr'><strong>sunt</strong></span> <span class='ocrx_word' id='word_1_202' title='bbox 2338 1672 2521 1735; x_wconf 88' lang='lat' dir='ltr'><strong>multi,</strong></span> <span class='ocrx_word' id='word_1_203' title='bbox 2552 1674 2641 1739; x_wconf 90' lang='lat' dir='ltr'><strong>qui</strong></span> <span class='ocrx_word' id='word_1_204' title='bbox 2683 1672 3029 1747; x_wconf 82' lang='lat' dir='ltr'><strong>Jerosolymis</strong></span> <span class='ocrx_word' id='word_1_205' title='bbox 3060 1679 3111 1732; x_wconf 92' lang='lat' dir='ltr'><strong>in</strong></span> <span class='ocrx_word' id='word_1_206' title='bbox 3142 1696 3335 1733; x_wconf 89' lang='lat' dir='ltr'><strong>nomen</strong></span> <span class='ocrx_word' id='word_1_207' title='bbox 3364 1682 3481 1749; x_wconf 88' lang='lat' dir='ltr'><strong>ejus</strong></span> <span class='ocrx_word' id='word_1_208' title='bbox 3505 1684 3737 1740; x_wconf 76' lang='lat' dir='ltr'><strong>credide-</strong></span> 
     </span>
    </p>
   </div>
   <div class='ocr_carea' id='block_1_31' title="bbox 490 1761 3735 1845">
    <p class='ocr_par' dir='ltr' id='par_1_31' title="bbox 490 1761 3735 1845">
     <span class='ocr_line' id='line_1_31' title="bbox 490 1761 3735 1845; baseline 0.006 -21"><span class='ocrx_word' id='word_1_209' title='bbox 490 1774 560 1824; x_wconf 91' lang='lat' dir='ltr'><strong>tia</strong></span> <span class='ocrx_word' id='word_1_210' title='bbox 586 1772 682 1825; x_wconf 84' lang='lat' dir='ltr'><strong>Dei</strong></span> <span class='ocrx_word' id='word_1_211' title='bbox 703 1773 974 1826; x_wconf 88' lang='lat' dir='ltr'><strong>salvatoris</strong></span> <span class='ocrx_word' id='word_1_212' title='bbox 996 1772 1250 1835; x_wconf 88' lang='lat' dir='ltr'><strong>omnibus,</strong></span> <span class='ocrx_word' id='word_1_213' title='bbox 1276 1773 1511 1827; x_wconf 86' lang='lat' dir='ltr'><strong>erudiens</strong></span> <span class='ocrx_word' id='word_1_214' title='bbox 1533 1791 1645 1839; x_wconf 87' lang='lat' dir='ltr'><strong>nos,</strong></span> <span class='ocrx_word' id='word_1_215' title='bbox 1676 1784 1733 1827; x_wconf 89' lang='lat' dir='ltr'><strong>ut</strong></span> <span class='ocrx_word' id='word_1_216' title='bbox 1756 1773 2063 1845; x_wconf 82' lang='lat' dir='ltr'><strong>abnegantes</strong></span> <span class='ocrx_word' id='word_1_217' title='bbox 2100 1771 2141 1829; x_wconf 86' lang='grc' dir='ltr'>Β</span> <span class='ocrx_word' id='word_1_218' title='bbox 2170 1764 2328 1813; x_wconf 57' lang='lat' dir='ltr'><strong>Tum?</strong></span> <span class='ocrx_word' id='word_1_219' title='bbox 2359 1761 2453 1815; x_wconf 68' lang='lat' dir='ltr'><strong>vel</strong></span> <span class='ocrx_word' id='word_1_220' title='bbox 2475 1778 2639 1831; x_wconf 60' lang='lat' dir='ltr'><strong>quam</strong></span> <span class='ocrx_word' id='word_1_221' title='bbox 2660 1767 2806 1821; x_wconf 67' lang='lat'><strong>50]“5</strong></span> <span class='ocrx_word' id='word_1_222' title='bbox 2834 1770 3128 1836; x_wconf 70' lang='grc' dir='ltr'><strong>οοεηοεεὶι,</strong></span> <span class='ocrx_word' id='word_1_223' title='bbox 3147 1786 3267 1839; x_wconf 57' lang='lat' dir='ltr'><strong>qu“3</strong></span> <span class='ocrx_word' id='word_1_224' title='bbox 3290 1775 3480 1828; x_wconf 68' lang='lat' dir='ltr'><strong>sumi&quot;</strong></span> <span class='ocrx_word' id='word_1_225' title='bbox 3509 1776 3735 1844; x_wconf 67' lang='lat' dir='ltr'><strong>homine.</strong></span> 
     </span>
    </p>
   </div>
   <div class='ocr_carea' id='block_1_32' title="bbox 487 1865 2069 1936">
    <p class='ocr_par' dir='ltr' id='par_1_32' title="bbox 487 1865 2069 1936">
     <span class='ocr_line' id='line_1_32' title="bbox 487 1865 2069 1936; baseline 0.002 -19"><span class='ocrx_word' id='word_1_226' title='bbox 487 1866 798 1934; x_wconf 84' lang='lat' dir='ltr'><strong>impietatem</strong></span> <span class='ocrx_word' id='word_1_227' title='bbox 825 1875 873 1919; x_wconf 92' lang='lat' dir='ltr'><strong>et</strong></span> <span class='ocrx_word' id='word_1_228' title='bbox 901 1865 1172 1919; x_wconf 75' lang='lat' dir='ltr'><strong>stecularia</strong></span> <span class='ocrx_word' id='word_1_229' title='bbox 1193 1866 1466 1931; x_wconf 89' lang='lat' dir='ltr'><strong>desideria,</strong></span> <span class='ocrx_word' id='word_1_230' title='bbox 1492 1866 1659 1920; x_wconf 85' lang='lat' dir='ltr'><strong>sobrie</strong></span> <span class='ocrx_word' id='word_1_231' title='bbox 1679 1875 1728 1919; x_wconf 87' lang='lat' dir='ltr'><strong>et</strong></span> <span class='ocrx_word' id='word_1_232' title='bbox 1747 1868 1884 1936; x_wconf 87' lang='lat' dir='ltr'><strong>juste</strong></span> <span class='ocrx_word' id='word_1_233' title='bbox 1911 1876 1960 1919; x_wconf 91' lang='lat' dir='ltr'><strong>et</strong></span> <span class='ocrx_word' id='word_1_234' title='bbox 1986 1868 2069 1936; x_wconf 86' lang='lat' dir='ltr'><strong>pie</strong></span> 
     </span>
    </p>
   </div>
   <div class='ocr_carea' id='block_1_33' title="bbox 489 1956 2069 2027">
    <p class='ocr_par' dir='ltr' id='par_1_33' title="bbox 489 1956 2069 2027">
     <span class='ocr_line' id='line_1_33' title="bbox 489 1956 2069 2027; baseline 0.001 -18"><span class='ocrx_word' id='word_1_235' title='bbox 489 1958 733 2019; x_wconf 86' lang='lat' dir='ltr'><strong>vivamus,</strong></span> <span class='ocrx_word' id='word_1_236' title='bbox 775 1959 829 2010; x_wconf 89' lang='lat' dir='ltr'><strong>in</strong></span> <span class='ocrx_word' id='word_1_237' title='bbox 858 1958 953 2010; x_wconf 89' lang='lat' dir='ltr'><strong>hoc</strong></span> <span class='ocrx_word' id='word_1_238' title='bbox 985 1958 1200 2019; x_wconf 67' lang='lat' dir='ltr'><strong>saeculo,</strong></span> <span class='ocrx_word' id='word_1_239' title='bbox 1227 1966 1576 2027; x_wconf 76' lang='lat' dir='ltr'><strong>exspectantes</strong></span> <span class='ocrx_word' id='word_1_240' title='bbox 1607 1956 1805 2010; x_wconf 83' lang='lat' dir='ltr'><strong>beatam</strong></span> <span class='ocrx_word' id='word_1_241' title='bbox 1827 1975 1985 2026; x_wconf 84' lang='lat' dir='ltr'><strong>spent,</strong></span> <span class='ocrx_word' id='word_1_242' title='bbox 2018 1968 2069 2011; x_wconf 89' lang='lat' dir='ltr'><strong>et</strong></span> 
     </span>
    </p>
   </div>
   <div class='ocr_carea' id='block_1_34' title="bbox 489 2046 2065 2117">
    <p class='ocr_par' dir='ltr' id='par_1_34' title="bbox 489 2046 2065 2117">
     <span class='ocr_line' id='line_1_34' title="bbox 489 2046 2065 2117; baseline 0.002 -20"><span class='ocrx_word' id='word_1_243' title='bbox 489 2047 761 2099; x_wconf 81' lang='lat' dir='ltr'><strong>adventum</strong></span> <span class='ocrx_word' id='word_1_244' title='bbox 790 2048 969 2116; x_wconf 66' lang='lat' dir='ltr'><strong>gloriae</strong></span> <span class='ocrx_word' id='word_1_245' title='bbox 996 2048 1169 2117; x_wconf 87' lang='lat' dir='ltr'><strong>magni</strong></span> <span class='ocrx_word' id='word_1_246' title='bbox 1195 2046 1290 2101; x_wconf 87' lang='lat' dir='ltr'><strong>Dei</strong></span> <span class='ocrx_word' id='word_1_247' title='bbox 1345 2056 1393 2100; x_wconf 93' lang='lat' dir='ltr'><strong>et</strong></span> <span class='ocrx_word' id='word_1_248' title='bbox 1434 2048 1705 2100; x_wconf 86' lang='lat' dir='ltr'><strong>salvatoris</strong></span> <span class='ocrx_word' id='word_1_249' title='bbox 1743 2049 1905 2100; x_wconf 86' lang='lat' dir='ltr'><strong>nostri</strong></span> <span class='ocrx_word' id='word_1_250' title='bbox 1942 2046 2065 2101; x_wconf 86' lang='lat' dir='ltr'><strong>Jesu</strong></span> 
     </span>
    </p>
   </div>
   <div class='ocr_carea' id='block_1_35' title="bbox 489 2136 2066 2208">
    <p class='ocr_par' dir='ltr' id='par_1_35' title="bbox 489 2136 2066 2208">
     <span class='ocr_line' id='line_1_35' title="bbox 489 2136 2066 2208; baseline 0.002 -18"><span class='ocrx_word' id='word_1_251' title='bbox 489 2136 679 2191; x_wconf 79' lang='lat' dir='ltr'><strong>Christi</strong></span> <span class='ocrx_word' id='word_1_252' title='bbox 699 2138 823 2208; x_wconf 89' lang='lat' dir='ltr'><strong>(Tit.</strong></span> <span class='ocrx_word' id='word_1_253' title='bbox 844 2155 897 2202; x_wconf 86' lang='lat' dir='ltr'><strong>tt,</strong></span> <span class='ocrx_word' id='word_1_254' title='bbox 924 2138 1031 2207; x_wconf 88' lang='grc'><strong>11).</strong></span> <span class='ocrx_word' id='word_1_255' title='bbox 1059 2138 1196 2193; x_wconf 87' lang='lat' dir='ltr'><strong>Ecce</strong></span> <span class='ocrx_word' id='word_1_256' title='bbox 1222 2138 1380 2201; x_wconf 91' lang='lat' dir='ltr'><strong>Deus,</strong></span> <span class='ocrx_word' id='word_1_257' title='bbox 1409 2148 1463 2193; x_wconf 90' lang='lat' dir='ltr'><strong>et</strong></span> <span class='ocrx_word' id='word_1_258' title='bbox 1490 2153 1733 2206; x_wconf 90' lang='lat' dir='ltr'><strong>magnus,</strong></span> <span class='ocrx_word' id='word_1_259' title='bbox 1759 2138 2066 2207; x_wconf 87' lang='lat' dir='ltr'><strong>plenissime</strong></span> 
     </span>
    </p>
   </div>
   <div class='ocr_carea' id='block_1_36' title="bbox 492 2227 2067 2298">
    <p class='ocr_par' dir='ltr' id='par_1_36' title="bbox 492 2227 2067 2298">
     <span class='ocr_line' id='line_1_36' title="bbox 492 2227 2067 2298; baseline 0.003 -19"><span class='ocrx_word' id='word_1_260' title='bbox 492 2228 795 2281; x_wconf 88' lang='lat' dir='ltr'><strong>nominatus</strong></span> <span class='ocrx_word' id='word_1_261' title='bbox 842 2236 925 2281; x_wconf 90' lang='lat' dir='ltr'><strong>est</strong></span> <span class='ocrx_word' id='word_1_262' title='bbox 964 2228 1219 2282; x_wconf 90' lang='lat' dir='ltr'><strong>Dominus</strong></span> <span class='ocrx_word' id='word_1_263' title='bbox 1253 2236 1435 2283; x_wconf 87' lang='lat' dir='ltr'><strong>noster</strong></span> <span class='ocrx_word' id='word_1_264' title='bbox 1460 2227 1614 2283; x_wconf 73' lang='lat' dir='ltr'><strong>Iesus</strong></span> <span class='ocrx_word' id='word_1_265' title='bbox 1641 2227 1921 2283; x_wconf 85' lang='lat' dir='ltr'><strong>Christus:</strong></span> <span class='ocrx_word' id='word_1_266' title='bbox 1954 2229 2067 2298; x_wconf 87' lang='lat' dir='ltr'><strong>ipse</strong></span> 
     </span>
    </p>
   </div>
   <div class='ocr_carea' id='block_1_37' title="bbox 488 2320 2065 2391">
    <p class='ocr_par' dir='ltr' id='par_1_37' title="bbox 488 2320 2065 2391">
     <span class='ocr_line' id='line_1_37' title="bbox 488 2320 2065 2391; baseline 0.001 -18"><span class='ocrx_word' id='word_1_267' title='bbox 488 2326 570 2373; x_wconf 87' lang='lat' dir='ltr'><strong>est</strong></span> <span class='ocrx_word' id='word_1_268' title='bbox 590 2320 734 2374; x_wconf 88' lang='lat' dir='ltr'><strong>enim</strong></span> <span class='ocrx_word' id='word_1_269' title='bbox 762 2320 913 2387; x_wconf 86' lang='lat' dir='ltr'><strong>cujus</strong></span> <span class='ocrx_word' id='word_1_270' title='bbox 936 2320 1222 2374; x_wconf 83' lang='lat' dir='ltr'><strong>adventum</strong></span> <span class='ocrx_word' id='word_1_271' title='bbox 1244 2320 1428 2388; x_wconf 68' lang='lat' dir='ltr'><strong>gloria:</strong></span> <span class='ocrx_word' id='word_1_272' title='bbox 1456 2329 1857 2391; x_wconf 85' lang='lat' dir='ltr'><strong>exspectantes,</strong></span> <span class='ocrx_word' id='word_1_273' title='bbox 1888 2322 2065 2375; x_wconf 71' lang='lat' dir='ltr'><strong>sobrie</strong></span> 
     </span>
    </p>
   </div>
   <div class='ocr_carea' id='block_1_38' title="bbox 486 2411 2066 2480">
    <p class='ocr_par' dir='ltr' id='par_1_38' title="bbox 486 2411 2066 2480">
     <span class='ocr_line' id='line_1_38' title="bbox 486 2411 2066 2480; baseline 0.001 -17"><span class='ocrx_word' id='word_1_274' title='bbox 486 2412 697 2474; x_wconf 78' lang='lat' dir='ltr'><strong>vivere,</strong></span> <span class='ocrx_word' id='word_1_275' title='bbox 736 2419 790 2463; x_wconf 89' lang='lat' dir='ltr'><strong>et</strong></span> <span class='ocrx_word' id='word_1_276' title='bbox 831 2411 1368 2480; x_wconf 88' lang='lat' dir='ltr'><strong>irreprehensibiliter</strong></span> <span class='ocrx_word' id='word_1_277' title='bbox 1404 2411 1732 2467; x_wconf 79' lang='lat' dir='ltr'><strong>festinamus.</strong></span> <span class='ocrx_word' id='word_1_278' title='bbox 1779 2412 1884 2467; x_wconf 89' lang='lat' dir='ltr'><strong>Sed</strong></span> <span class='ocrx_word' id='word_1_279' title='bbox 1910 2412 1954 2466; x_wconf 89' lang='lat' dir='ltr'><strong>si</strong></span> <span class='ocrx_word' id='word_1_280' title='bbox 1985 2420 2066 2466; x_wconf 88' lang='lat' dir='ltr'><strong>est</strong></span> 
     </span>
    </p>
   </div>
   <div class='ocr_carea' id='block_1_39' title="bbox 490 2501 2065 2577">
    <p class='ocr_par' dir='ltr' id='par_1_39' title="bbox 490 2501 2065 2577">
     <span class='ocr_line' id='line_1_39' title="bbox 490 2501 2065 2577; baseline 0.001 -24"><span class='ocrx_word' id='word_1_281' title='bbox 490 2502 650 2555; x_wconf 91' lang='lat' dir='ltr'><strong>homo</strong></span> <span class='ocrx_word' id='word_1_282' title='bbox 677 2503 930 2577; x_wconf 63' lang='grc' dir='ltr'><strong>θεοφόρος,</strong></span> <span class='ocrx_word' id='word_1_283' title='bbox 963 2501 1233 2570; x_wconf 87' lang='lat' dir='ltr'><strong>quomodo</strong></span> <span class='ocrx_word' id='word_1_284' title='bbox 1260 2501 1331 2555; x_wconf 86' lang='lat' dir='ltr'><strong>sit</strong></span> <span class='ocrx_word' id='word_1_285' title='bbox 1358 2516 1581 2570; x_wconf 82' lang='lat' dir='ltr'><strong>magnus</strong></span> <span class='ocrx_word' id='word_1_286' title='bbox 1609 2503 1784 2558; x_wconf 89' lang='lat' dir='ltr'><strong>Deus?</strong></span> <span class='ocrx_word' id='word_1_287' title='bbox 1809 2502 1903 2557; x_wconf 83' lang='lat' dir='ltr'><strong>Vel</strong></span> <span class='ocrx_word' id='word_1_288' title='bbox 1926 2516 2065 2570; x_wconf 86' lang='lat' dir='ltr'><strong>quo-</strong></span> 
     </span>
    </p>
   </div>
   <div class='ocr_carea' id='block_1_40' title="bbox 488 2590 2061 2661">
    <p class='ocr_par' dir='ltr' id='par_1_40' title="bbox 488 2590 2061 2661">
     <span class='ocr_line' id='line_1_40' title="bbox 488 2590 2061 2661; baseline 0.001 -19"><span class='ocrx_word' id='word_1_289' title='bbox 488 2590 649 2643; x_wconf 88' lang='lat' dir='ltr'><strong>modo</strong></span> <span class='ocrx_word' id='word_1_290' title='bbox 677 2591 830 2644; x_wconf 85' lang='lat' dir='ltr'><strong>beata</strong></span> <span class='ocrx_word' id='word_1_291' title='bbox 860 2606 981 2660; x_wconf 89' lang='lat' dir='ltr'><strong>spes</strong></span> <span class='ocrx_word' id='word_1_292' title='bbox 1004 2591 1056 2644; x_wconf 92' lang='lat' dir='ltr'><strong>in</strong></span> <span class='ocrx_word' id='word_1_293' title='bbox 1077 2606 1198 2646; x_wconf 88' lang='lat' dir='ltr'><strong>eum</strong></span> <span class='ocrx_word' id='word_1_294' title='bbox 1215 2593 1236 2645; x_wconf 91' lang='lat'><strong>?</strong></span> <span class='ocrx_word' id='word_1_295' title='bbox 1256 2590 1527 2660; x_wconf 85' lang='lat' dir='ltr'><strong>Siquidem</strong></span> <span class='ocrx_word' id='word_1_296' title='bbox 1568 2607 1727 2646; x_wconf 86' lang='lat' dir='ltr'><strong>verus</strong></span> <span class='ocrx_word' id='word_1_297' title='bbox 1774 2600 1855 2647; x_wconf 89' lang='lat' dir='ltr'><strong>est</strong></span> <span class='ocrx_word' id='word_1_298' title='bbox 1882 2590 2061 2661; x_wconf 85' lang='lat' dir='ltr'><strong>profe-</strong></span> 
     </span>
    </p>
   </div>
   <div class='ocr_carea' id='block_1_41' title="bbox 487 2679 2065 2753">
    <p class='ocr_par' dir='ltr' id='par_1_41' title="bbox 487 2679 2065 2753">
     <span class='ocr_line' id='line_1_41' title="bbox 487 2679 2065 2753; baseline 0.002 -21"><span class='ocrx_word' id='word_1_299' title='bbox 487 2688 575 2733; x_wconf 90' lang='lat' dir='ltr'><strong>cto</strong></span> <span class='ocrx_word' id='word_1_300' title='bbox 616 2679 876 2734; x_wconf 84' lang='lat' dir='ltr'><strong>Jeremias</strong></span> <span class='ocrx_word' id='word_1_301' title='bbox 900 2681 1085 2735; x_wconf 85' lang='lat' dir='ltr'><strong>dicens</strong></span> <span class='ocrx_word' id='word_1_302' title='bbox 1117 2699 1129 2734; x_wconf 92' lang='lat'><strong>:</strong></span> <span class='ocrx_word' id='word_1_303' title='bbox 1168 2681 1476 2735; x_wconf 81' lang='lat' dir='ltr'><strong>Maledictus</strong></span> <span class='ocrx_word' id='word_1_304' title='bbox 1517 2684 1602 2752; x_wconf 86' lang='lat' dir='ltr'><strong>qui</strong></span> <span class='ocrx_word' id='word_1_305' title='bbox 1630 2699 1769 2753; x_wconf 85' lang='lat' dir='ltr'><strong>spem</strong></span> <span class='ocrx_word' id='word_1_306' title='bbox 1799 2699 1945 2735; x_wconf 84' lang='lat' dir='ltr'><strong>suam</strong></span> <span class='ocrx_word' id='word_1_307' title='bbox 1973 2698 2065 2751; x_wconf 82' lang='lat' dir='ltr'><strong>pa-</strong></span> 
     </span>
    </p>
   </div>
   <div class='ocr_carea' id='block_1_42' title="bbox 487 2770 2062 2842">
    <p class='ocr_par' dir='ltr' id='par_1_42' title="bbox 487 2770 2062 2842">
     <span class='ocr_line' id='line_1_42' title="bbox 487 2770 2062 2842; baseline 0.003 -20"><span class='ocrx_word' id='word_1_308' title='bbox 487 2772 564 2823; x_wconf 86' lang='lat' dir='ltr'><strong>nit</strong></span> <span class='ocrx_word' id='word_1_309' title='bbox 582 2772 635 2823; x_wconf 88' lang='lat' dir='ltr'><strong>in</strong></span> <span class='ocrx_word' id='word_1_310' title='bbox 665 2772 869 2825; x_wconf 88' lang='lat' dir='ltr'><strong>homine</strong></span> <span class='ocrx_word' id='word_1_311' title='bbox 892 2771 1116 2841; x_wconf 86' lang='lat' dir='ltr'><strong>(Jerem.</strong></span> <span class='ocrx_word' id='word_1_312' title='bbox 1148 2788 1186 2836; x_wconf 81' lang='grc' dir='ltr'><strong>ι,</strong></span> <span class='ocrx_word' id='word_1_313' title='bbox 1216 2770 1291 2841; x_wconf 76' lang='lat'><strong>5).</strong></span> <span class='ocrx_word' id='word_1_314' title='bbox 1316 2772 1499 2841; x_wconf 85' lang='lat' dir='ltr'><strong>Neque</strong></span> <span class='ocrx_word' id='word_1_315' title='bbox 1528 2774 1669 2826; x_wconf 90' lang='lat' dir='ltr'><strong>enim</strong></span> <span class='ocrx_word' id='word_1_316' title='bbox 1698 2774 1863 2826; x_wconf 90' lang='lat' dir='ltr'><strong>Deum</strong></span> <span class='ocrx_word' id='word_1_317' title='bbox 1889 2774 2062 2842; x_wconf 89' lang='lat' dir='ltr'><strong>ipsum</strong></span> 
     </span>
    </p>
   </div>
   <div class='ocr_carea' id='block_1_43' title="bbox 487 2861 2057 2933">
    <p class='ocr_par' dir='ltr' id='par_1_43' title="bbox 487 2861 2057 2933">
     <span class='ocr_line' id='line_1_43' title="bbox 487 2861 2057 2933; baseline 0.001 -16"><span class='ocrx_word' id='word_1_318' title='bbox 487 2863 657 2931; x_wconf 82' lang='lat' dir='ltr'><strong>possit</strong></span> <span class='ocrx_word' id='word_1_319' title='bbox 679 2861 909 2927; x_wconf 82' lang='lat' dir='ltr'><strong>emcere,</strong></span> <span class='ocrx_word' id='word_1_320' title='bbox 926 2870 985 2915; x_wconf 89' lang='lat' dir='ltr'><strong>ut</strong></span> <span class='ocrx_word' id='word_1_321' title='bbox 1006 2870 1130 2916; x_wconf 88' lang='lat' dir='ltr'><strong>ante</strong></span> <span class='ocrx_word' id='word_1_322' title='bbox 1150 2863 1279 2925; x_wconf 91' lang='lat' dir='ltr'><strong>dixi,</strong></span> <span class='ocrx_word' id='word_1_323' title='bbox 1306 2863 1356 2917; x_wconf 90' lang='lat' dir='ltr'><strong>id</strong></span> <span class='ocrx_word' id='word_1_324' title='bbox 1376 2864 1518 2932; x_wconf 90' lang='lat' dir='ltr'><strong>quod</strong></span> <span class='ocrx_word' id='word_1_325' title='bbox 1539 2871 1621 2918; x_wconf 86' lang='lat' dir='ltr'><strong>es‘t</strong></span> <span class='ocrx_word' id='word_1_326' title='bbox 1636 2864 1802 2918; x_wconf 88' lang='lat' dir='ltr'><strong>Deum</strong></span> <span class='ocrx_word' id='word_1_327' title='bbox 1822 2874 2057 2933; x_wconf 83' lang='lat' dir='ltr'><strong>portare.</strong></span> 
     </span>
    </p>
   </div>
   <div class='ocr_carea' id='block_1_44' title="bbox 490 2952 2062 3023">
    <p class='ocr_par' dir='ltr' id='par_1_44' title="bbox 490 2952 2062 3023">
     <span class='ocr_line' id='line_1_44' title="bbox 490 2952 2062 3023; baseline 0.004 -19"><span class='ocrx_word' id='word_1_328' title='bbox 490 2952 727 3019; x_wconf 85' lang='lat' dir='ltr'><strong>Denique</strong></span> <span class='ocrx_word' id='word_1_329' title='bbox 746 2952 976 3007; x_wconf 86' lang='lat' dir='ltr'><strong>doceant</strong></span> <span class='ocrx_word' id='word_1_330' title='bbox 1004 2968 1124 3018; x_wconf 86' lang='lat' dir='ltr'><strong>nos,</strong></span> <span class='ocrx_word' id='word_1_331' title='bbox 1159 2954 1285 3021; x_wconf 90' lang='lat' dir='ltr'><strong>quid</strong></span> <span class='ocrx_word' id='word_1_332' title='bbox 1311 2954 1566 3023; x_wconf 85' lang='lat' dir='ltr'><strong>impediat</strong></span> <span class='ocrx_word' id='word_1_333' title='bbox 1597 2954 1731 3009; x_wconf 90' lang='lat' dir='ltr'><strong>alios</strong></span> <span class='ocrx_word' id='word_1_334' title='bbox 1763 2955 1924 3009; x_wconf 90' lang='lat' dir='ltr'><strong>etiam</strong></span> <span class='ocrx_word' id='word_1_335' title='bbox 1946 2971 2062 3010; x_wconf 85' lang='lat' dir='ltr'><strong>om-</strong></span> 
     </span>
    </p>
   </div>
   <div class='ocr_carea' id='block_1_45' title="bbox 487 3040 2061 3112">
    <p class='ocr_par' dir='ltr' id='par_1_45' title="bbox 487 3040 2061 3112">
     <span class='ocr_line' id='line_1_45' title="bbox 487 3040 2061 3112; baseline 0.003 -18"><span class='ocrx_word' id='word_1_336' title='bbox 487 3056 582 3094; x_wconf 92' lang='lat' dir='ltr'><strong>nes</strong></span> <span class='ocrx_word' id='word_1_337' title='bbox 602 3040 733 3096; x_wconf 87' lang='lat' dir='ltr'><strong>deos</strong></span> <span class='ocrx_word' id='word_1_338' title='bbox 756 3057 872 3096; x_wconf 88' lang='lat' dir='ltr'><strong>esse</strong></span> <span class='ocrx_word' id='word_1_339' title='bbox 888 3050 940 3096; x_wconf 90' lang='lat' dir='ltr'><strong>et</strong></span> <span class='ocrx_word' id='word_1_340' title='bbox 961 3043 1280 3109; x_wconf 84' lang='lat' dir='ltr'><strong>adorandos,</strong></span> <span class='ocrx_word' id='word_1_341' title='bbox 1297 3045 1389 3112; x_wconf 92' lang='lat' dir='ltr'><strong>qui</strong></span> <span class='ocrx_word' id='word_1_342' title='bbox 1411 3046 1461 3098; x_wconf 92' lang='lat' dir='ltr'><strong>in</strong></span> <span class='ocrx_word' id='word_1_343' title='bbox 1483 3059 1541 3098; x_wconf 89' lang='lat' dir='ltr'><strong>se</strong></span> <span class='ocrx_word' id='word_1_344' title='bbox 1562 3045 2061 3099; x_wconf 88' lang='lat' dir='ltr'><strong>habuerintDeum?</strong></span> 
     </span>
    </p>
   </div>
   <div class='ocr_carea' id='block_1_46' title="bbox 2168 1856 3735 1923">
    <p class='ocr_par' dir='ltr' id='par_1_46' title="bbox 2168 1856 3735 1923">
     <span class='ocr_line' id='line_1_46' title="bbox 2168 1856 3735 1923; baseline 0.013 -19"><span class='ocrx_word' id='word_1_345' title='bbox 2168 1866 2288 1905; x_wconf 92' lang='lat' dir='ltr'><strong>cum</strong></span> <span class='ocrx_word' id='word_1_346' title='bbox 2322 1856 2613 1921; x_wconf 73' lang='lat' dir='ltr'><strong>prtesertim</strong></span> <span class='ocrx_word' id='word_1_347' title='bbox 2644 1873 2801 1913; x_wconf 86' lang='lat' dir='ltr'><strong>nemo</strong></span> <span class='ocrx_word' id='word_1_348' title='bbox 2830 1860 2965 1915; x_wconf 92' lang='lat' dir='ltr'><strong>alius</strong></span> <span class='ocrx_word' id='word_1_349' title='bbox 2992 1863 3161 1916; x_wconf 85' lang='lat' dir='ltr'><strong>sciat?</strong></span> <span class='ocrx_word' id='word_1_350' title='bbox 3182 1864 3423 1920; x_wconf 76' lang='lat' dir='ltr'><strong>Finxisse</strong></span> <span class='ocrx_word' id='word_1_351' title='bbox 3453 1869 3599 1921; x_wconf 90' lang='lat' dir='ltr'><strong>enim</strong></span> <span class='ocrx_word' id='word_1_352' title='bbox 3620 1869 3735 1923; x_wconf 82' lang='lat' dir='ltr'><strong>dici-</strong></span> 
     </span>
    </p>
   </div>
   <div class='ocr_carea' id='block_1_47' title="bbox 2168 1942 3734 2027">
    <p class='ocr_par' dir='ltr' id='par_1_47' title="bbox 2168 1942 3734 2027">
     <span class='ocr_line' id='line_1_47' title="bbox 2168 1942 3734 2027; baseline 0.013 -35"><span class='ocrx_word' id='word_1_353' title='bbox 2168 1948 2255 1994; x_wconf 87' lang='lat' dir='ltr'><strong>tur</strong></span> <span class='ocrx_word' id='word_1_354' title='bbox 2284 1942 2423 1996; x_wconf 92' lang='lat' dir='ltr'><strong>Deus</strong></span> <span class='ocrx_word' id='word_1_355' title='bbox 2451 1945 2611 1999; x_wconf 83' lang='lat' dir='ltr'><strong>corda</strong></span> <span class='ocrx_word' id='word_1_356' title='bbox 2655 1956 2839 2002; x_wconf 87' lang='lat' dir='ltr'><strong>nostra</strong></span> <span class='ocrx_word' id='word_1_357' title='bbox 2875 1950 3177 2018; x_wconf 82' lang='lat' dir='ltr'><strong>singillatim</strong></span> <span class='ocrx_word' id='word_1_358' title='bbox 3208 1953 3390 2023; x_wconf 85' lang='lat' dir='ltr'><strong>(Psal.</strong></span> <span class='ocrx_word' id='word_1_359' title='bbox 3422 1973 3590 2022; x_wconf 74' lang='lat' dir='ltr'><strong>xxxii,</strong></span> <span class='ocrx_word' id='word_1_360' title='bbox 3624 1958 3734 2027; x_wconf 86' lang='grc'><strong>15).</strong></span> 
     </span>
    </p>
   </div>
   <div class='ocr_carea' id='block_1_48' title="bbox 2170 2033 3739 2113">
    <p class='ocr_par' dir='ltr' id='par_1_48' title="bbox 2170 2033 3739 2113">
     <span class='ocr_line' id='line_1_48' title="bbox 2170 2033 3739 2113; baseline 0.011 -27"><span class='ocrx_word' id='word_1_361' title='bbox 2170 2033 2264 2087; x_wconf 87' lang='lat' dir='ltr'><strong>Vel</strong></span> <span class='ocrx_word' id='word_1_362' title='bbox 2304 2050 2469 2103; x_wconf 87' lang='lat' dir='ltr'><strong>quare</strong></span> <span class='ocrx_word' id='word_1_363' title='bbox 2505 2038 2650 2092; x_wconf 92' lang='lat' dir='ltr'><strong>solus</strong></span> <span class='ocrx_word' id='word_1_364' title='bbox 2693 2042 2917 2094; x_wconf 89' lang='lat' dir='ltr'><strong>remittit</strong></span> <span class='ocrx_word' id='word_1_365' title='bbox 2955 2048 3212 2112; x_wconf 86' lang='lat' dir='ltr'><strong>peccata?</strong></span> <span class='ocrx_word' id='word_1_366' title='bbox 3256 2046 3344 2099; x_wconf 91' lang='lat' dir='ltr'><strong>Ait</strong></span> <span class='ocrx_word' id='word_1_367' title='bbox 3390 2049 3532 2102; x_wconf 85' lang='lat' dir='ltr'><strong>enim</strong></span> <span class='ocrx_word' id='word_1_368' title='bbox 3570 2068 3584 2101; x_wconf 90' lang='lat'><strong><em>:</em></strong></span> <span class='ocrx_word' id='word_1_369' title='bbox 3617 2050 3739 2113; x_wconf 69' lang='grc' dir='ltr'><strong>ρυὶα</strong></span> 
     </span>
    </p>
   </div>
   <div class='ocr_carea' id='block_1_49' title="bbox 2167 2128 3739 2210">
    <p class='ocr_par' dir='ltr' id='par_1_49' title="bbox 2167 2128 3739 2210">
     <span class='ocr_line' id='line_1_49' title="bbox 2167 2128 3739 2210; baseline 0.011 -34"><span class='ocrx_word' id='word_1_370' title='bbox 2167 2134 2468 2193; x_wconf 87' lang='lat' dir='ltr'><strong>potestatem</strong></span> <span class='ocrx_word' id='word_1_371' title='bbox 2528 2128 2679 2182; x_wconf 87' lang='lat' dir='ltr'><strong>habet</strong></span> <span class='ocrx_word' id='word_1_372' title='bbox 2744 2129 2791 2182; x_wconf 66' lang='grc' dir='ltr'><strong><em>Γ</em></strong></span> <span class='ocrx_word' id='word_1_373' title='bbox 2794 2132 2913 2186; x_wconf 86' lang='lat' dir='ltr'><strong>ilius</strong></span> <span class='ocrx_word' id='word_1_374' title='bbox 2960 2135 3012 2187; x_wconf 90' lang='lat' dir='ltr'><strong>in</strong></span> <span class='ocrx_word' id='word_1_375' title='bbox 3059 2144 3195 2189; x_wconf 90' lang='lat' dir='ltr'><strong>terra</strong></span> <span class='ocrx_word' id='word_1_376' title='bbox 3242 2139 3499 2192; x_wconf 86' lang='lat' dir='ltr'><strong>remittere</strong></span> <span class='ocrx_word' id='word_1_377' title='bbox 3542 2151 3739 2210; x_wconf 84' lang='lat' dir='ltr'><strong>peccata</strong></span> 
     </span>
    </p>
   </div>
   <div class='ocr_carea' id='block_1_50' title="bbox 2168 2213 3739 2292">
    <p class='ocr_par' dir='ltr' id='par_1_50' title="bbox 2168 2213 3739 2292">
     <span class='ocr_line' id='line_1_50' title="bbox 2168 2213 3739 2292; baseline 0.013 -27"><span class='ocrx_word' id='word_1_378' title='bbox 2168 2213 2344 2283; x_wconf 84' lang='lat' dir='ltr'><strong>(Matt.</strong></span> <span class='ocrx_word' id='word_1_379' title='bbox 2374 2232 2446 2280; x_wconf 84' lang='lat' dir='ltr'><strong>tx,</strong></span> <span class='ocrx_word' id='word_1_380' title='bbox 2463 2216 2538 2286; x_wconf 89' lang='lat'><strong>6).</strong></span> <span class='ocrx_word' id='word_1_381' title='bbox 2577 2218 2752 2284; x_wconf 85' lang='lat' dir='ltr'><strong>Quare</strong></span> <span class='ocrx_word' id='word_1_382' title='bbox 2781 2223 2925 2277; x_wconf 90' lang='lat' dir='ltr'><strong>solus</strong></span> <span class='ocrx_word' id='word_1_383' title='bbox 2954 2233 3147 2292; x_wconf 62' lang='lat' dir='ltr'><strong>praeter</strong></span> <span class='ocrx_word' id='word_1_384' title='bbox 3174 2227 3307 2281; x_wconf 90' lang='lat' dir='ltr'><strong>alios</strong></span> <span class='ocrx_word' id='word_1_385' title='bbox 3332 2243 3578 2283; x_wconf 88' lang='lat' dir='ltr'><strong>assessor</strong></span> <span class='ocrx_word' id='word_1_386' title='bbox 3601 2231 3739 2286; x_wconf 88' lang='lat' dir='ltr'><strong>sedet</strong></span> 
     </span>
    </p>
   </div>
   <div class='ocr_carea' id='block_1_51' title="bbox 2169 2302 3740 2383">
    <p class='ocr_par' dir='ltr' id='par_1_51' title="bbox 2169 2302 3740 2383">
     <span class='ocr_line' id='line_1_51' title="bbox 2169 2302 3740 2383; baseline 0.01 -28"><span class='ocrx_word' id='word_1_387' title='bbox 2169 2302 2260 2357; x_wconf 90' lang='lat' dir='ltr'><strong>Dei</strong></span> <span class='ocrx_word' id='word_1_388' title='bbox 2316 2313 2370 2358; x_wconf 88' lang='lat' dir='ltr'><strong>et</strong></span> <span class='ocrx_word' id='word_1_389' title='bbox 2423 2303 2629 2360; x_wconf 84' lang='lat' dir='ltr'><strong>Patris?</strong></span> <span class='ocrx_word' id='word_1_390' title='bbox 2655 2308 2831 2373; x_wconf 87' lang='lat' dir='ltr'><strong>Quare</strong></span> <span class='ocrx_word' id='word_1_391' title='bbox 2878 2312 2977 2365; x_wconf 92' lang='lat' dir='ltr'><strong>soli</strong></span> <span class='ocrx_word' id='word_1_392' title='bbox 3015 2311 3387 2380; x_wconf 88' lang='lat' dir='ltr'><strong>obsequuntur</strong></span> <span class='ocrx_word' id='word_1_393' title='bbox 3406 2317 3618 2383; x_wconf 80' lang='lat' dir='ltr'><strong>angeli?</strong></span> <span class='ocrx_word' id='word_1_394' title='bbox 3641 2317 3740 2372; x_wconf 89' lang='lat' dir='ltr'><strong>Cur</strong></span> 
     </span>
    </p>
   </div>
   <div class='ocr_carea' id='block_1_52' title="bbox 2167 2396 3738 2477">
    <p class='ocr_par' dir='ltr' id='par_1_52' title="bbox 2167 2396 3738 2477">
     <span class='ocr_line' id='line_1_52' title="bbox 2167 2396 3738 2477; baseline 0.01 -31"><span class='ocrx_word' id='word_1_395' title='bbox 2167 2409 2265 2448; x_wconf 89' lang='lat' dir='ltr'><strong>nos</strong></span> <span class='ocrx_word' id='word_1_396' title='bbox 2303 2396 2517 2463; x_wconf 88' lang='lat' dir='ltr'><strong>quidem</strong></span> <span class='ocrx_word' id='word_1_397' title='bbox 2570 2396 2752 2453; x_wconf 89' lang='lat' dir='ltr'><strong>docuit</strong></span> <span class='ocrx_word' id='word_1_398' title='bbox 2800 2416 3136 2457; x_wconf 88' lang='lat' dir='ltr'><strong>communem</strong></span> <span class='ocrx_word' id='word_1_399' title='bbox 3170 2414 3361 2473; x_wconf 87' lang='lat' dir='ltr'><strong>putare</strong></span> <span class='ocrx_word' id='word_1_400' title='bbox 3391 2404 3627 2470; x_wconf 84' lang='lat' dir='ltr'><strong>Patrem,</strong></span> <span class='ocrx_word' id='word_1_401' title='bbox 3655 2412 3738 2477; x_wconf 89' lang='lat' dir='ltr'><strong>qui</strong></span> 
     </span>
    </p>
   </div>
   <div class='ocr_carea' id='block_1_53' title="bbox 2166 2488 3680 2564">
    <p class='ocr_par' dir='ltr' id='par_1_53' title="bbox 2166 2488 3680 2564">
     <span class='ocr_line' id='line_1_53' title="bbox 2166 2488 3680 2564; baseline 0.008 -25"><span class='ocrx_word' id='word_1_402' title='bbox 2166 2495 2247 2540; x_wconf 89' lang='lat' dir='ltr'><strong>est</strong></span> <span class='ocrx_word' id='word_1_403' title='bbox 2275 2488 2328 2541; x_wconf 90' lang='lat' dir='ltr'><strong>in</strong></span> <span class='ocrx_word' id='word_1_404' title='bbox 2357 2490 2539 2553; x_wconf 76' lang='lat' dir='ltr'><strong>cmlis;</strong></span> <span class='ocrx_word' id='word_1_405' title='bbox 2564 2492 2663 2545; x_wconf 77' lang='lat' dir='ltr'><strong>sibi</strong></span> <span class='ocrx_word' id='word_1_406' title='bbox 2694 2502 2871 2546; x_wconf 89' lang='lat' dir='ltr'><strong>autem</strong></span> <span class='ocrx_word' id='word_1_407' title='bbox 2894 2509 3015 2548; x_wconf 91' lang='lat' dir='ltr'><strong>eum</strong></span> <span class='ocrx_word' id='word_1_408' title='bbox 3046 2497 3351 2564; x_wconf 85' lang='lat' dir='ltr'><strong>specialiter</strong></span> <span class='ocrx_word' id='word_1_409' title='bbox 3376 2499 3680 2553; x_wconf 84' lang='lat' dir='ltr'><strong>scribebat?</strong></span> 
     </span>
    </p>
   </div>
   <div class='ocr_carea' id='block_1_54' title="bbox 2236 2576 3736 2652">
    <p class='ocr_par' dir='ltr' id='par_1_54' title="bbox 2236 2576 3736 2652">
     <span class='ocr_line' id='line_1_54' title="bbox 2236 2576 3736 2652; baseline 0.009 -22"><span class='ocrx_word' id='word_1_410' title='bbox 2236 2576 2341 2631; x_wconf 90' lang='lat' dir='ltr'><strong>Sed</strong></span> <span class='ocrx_word' id='word_1_411' title='bbox 2369 2578 2507 2633; x_wconf 89' lang='lat' dir='ltr'><strong>forte</strong></span> <span class='ocrx_word' id='word_1_412' title='bbox 2535 2580 2679 2636; x_wconf 91' lang='lat' dir='ltr'><strong>dices</strong></span> <span class='ocrx_word' id='word_1_413' title='bbox 2716 2582 2859 2650; x_wconf 91' lang='lat' dir='ltr'><strong>quod</strong></span> <span class='ocrx_word' id='word_1_414' title='bbox 2888 2584 3190 2652; x_wconf 88' lang='lat' dir='ltr'><strong>hujusmodi</strong></span> <span class='ocrx_word' id='word_1_415' title='bbox 3217 2602 3379 2642; x_wconf 89' lang='lat' dir='ltr'><strong>voces</strong></span> <span class='ocrx_word' id='word_1_416' title='bbox 3424 2589 3736 2644; x_wconf 87' lang='lat' dir='ltr'><strong>inhabitanti</strong></span> 
     </span>
    </p>
   </div>
   <div class='ocr_carea' id='block_1_55' title="bbox 2164 2668 3733 2751">
    <p class='ocr_par' dir='ltr' id='par_1_55' title="bbox 2164 2668 3733 2751">
     <span class='ocr_line' id='line_1_55' title="bbox 2164 2668 3733 2751; baseline 0.009 -30"><span class='ocrx_word' id='word_1_417' title='bbox 2164 2668 2341 2724; x_wconf 82' lang='lat' dir='ltr'><strong>Verbo</strong></span> <span class='ocrx_word' id='word_1_418' title='bbox 2361 2670 2675 2740; x_wconf 74' lang='lat' dir='ltr'><strong>deputaudze</strong></span> <span class='ocrx_word' id='word_1_419' title='bbox 2702 2674 2825 2728; x_wconf 86' lang='lat' dir='ltr'><strong>sint.</strong></span> <span class='ocrx_word' id='word_1_420' title='bbox 2861 2675 3048 2731; x_wconf 83' lang='lat' dir='ltr'><strong>Nonne</strong></span> <span class='ocrx_word' id='word_1_421' title='bbox 3081 2678 3240 2745; x_wconf 75' lang='lat' dir='ltr'><strong>igitur</strong></span> <span class='ocrx_word' id='word_1_422' title='bbox 3279 2694 3398 2733; x_wconf 87' lang='lat' dir='ltr'><strong>eum</strong></span> <span class='ocrx_word' id='word_1_423' title='bbox 3438 2684 3733 2751; x_wconf 87' lang='lat' dir='ltr'><strong>oportebat,</strong></span> 
     </span>
    </p>
   </div>
   <div class='ocr_carea' id='block_1_56' title="bbox 2158 2761 3735 2842">
    <p class='ocr_par' dir='ltr' id='par_1_56' title="bbox 2158 2761 3735 2842">
     <span class='ocr_line' id='line_1_56' title="bbox 2158 2761 3735 2842; baseline 0.009 -28"><span class='ocrx_word' id='word_1_424' title='bbox 2158 2761 2310 2833; x_wconf 80' lang='lat' dir='ltr'><strong>juxta</strong></span> <span class='ocrx_word' id='word_1_425' title='bbox 2354 2765 2629 2833; x_wconf 85' lang='lat' dir='ltr'><strong>prephetis</strong></span> <span class='ocrx_word' id='word_1_426' title='bbox 2683 2765 2896 2838; x_wconf 67' lang='lat' dir='ltr'><strong>(Batus.</strong></span> <span class='ocrx_word' id='word_1_427' title='bbox 2948 2770 3273 2842; x_wconf 87' lang='lat' dir='ltr'><strong>prophetas]</strong></span> <span class='ocrx_word' id='word_1_428' title='bbox 3335 2775 3735 2828; x_wconf 78' lang='lat' dir='ltr'><strong>convenientem</strong></span> 
     </span>
    </p>
   </div>
   <div class='ocr_carea' id='block_1_57' title="bbox 2164 2854 3737 2924">
    <p class='ocr_par' dir='ltr' id='par_1_57' title="bbox 2164 2854 3737 2924">
     <span class='ocr_line' id='line_1_57' title="bbox 2164 2854 3737 2924; baseline 0.008 -20"><span class='ocrx_word' id='word_1_429' title='bbox 2164 2867 2486 2919; x_wconf 86' lang='lat' dir='ltr'><strong>mensuram,</strong></span> <span class='ocrx_word' id='word_1_430' title='bbox 2511 2854 2681 2923; x_wconf 88' lang='lat' dir='ltr'><strong>ipsum</strong></span> <span class='ocrx_word' id='word_1_431' title='bbox 2705 2871 2917 2924; x_wconf 91' lang='lat' dir='ltr'><strong>quoque</strong></span> <span class='ocrx_word' id='word_1_432' title='bbox 2942 2858 3149 2912; x_wconf 89' lang='lat' dir='ltr'><strong>dicere:</strong></span> <span class='ocrx_word' id='word_1_433' title='bbox 3171 2858 3301 2913; x_wconf 71' lang='grc' dir='ltr'><em>Ηαεε</em></span> <span class='ocrx_word' id='word_1_434' title='bbox 3321 2861 3447 2914; x_wconf 86' lang='lat' dir='ltr'><strong>dicit</strong></span> <span class='ocrx_word' id='word_1_435' title='bbox 3470 2861 3737 2917; x_wconf 85' lang='lat' dir='ltr'><strong>Dominus?</strong></span> 
     </span>
    </p>
   </div>
   <div class='ocr_carea' id='block_1_58' title="bbox 2167 2941 3733 3016">
    <p class='ocr_par' dir='ltr' id='par_1_58' title="bbox 2167 2941 3733 3016">
     <span class='ocr_line' id='line_1_58' title="bbox 2167 2941 3733 3016; baseline 0.009 -22"><span class='ocrx_word' id='word_1_436' title='bbox 2167 2941 2358 2997; x_wconf 85' lang='lat' dir='ltr'><strong>Verum</strong></span> <span class='ocrx_word' id='word_1_437' title='bbox 2386 2960 2508 2998; x_wconf 89' lang='lat' dir='ltr'><strong>cum</strong></span> <span class='ocrx_word' id='word_1_438' title='bbox 2538 2960 2599 2999; x_wconf 90' lang='lat' dir='ltr'><strong>ea</strong></span> <span class='ocrx_word' id='word_1_439' title='bbox 2625 2959 2743 3013; x_wconf 62' lang='lat' dir='ltr'><strong>quae</strong></span> <span class='ocrx_word' id='word_1_440' title='bbox 2762 2962 2921 3016; x_wconf 88' lang='lat' dir='ltr'><strong>supra</strong></span> <span class='ocrx_word' id='word_1_441' title='bbox 2951 2948 3123 3016; x_wconf 90' lang='lat' dir='ltr'><strong>legem</strong></span> <span class='ocrx_word' id='word_1_442' title='bbox 3144 2952 3353 3005; x_wconf 89' lang='lat' dir='ltr'><strong>sancire</strong></span> <span class='ocrx_word' id='word_1_443' title='bbox 3379 2952 3565 3013; x_wconf 75' lang='lat' dir='ltr'><strong>vellet,</strong></span> <span class='ocrx_word' id='word_1_444' title='bbox 3595 2968 3733 3007; x_wconf 85' lang='lat' dir='ltr'><strong>assu-</strong></span> 
     </span>
    </p>
   </div>
   <div class='ocr_carea' id='block_1_59' title="bbox 2164 3035 3733 3112">
    <p class='ocr_par' dir='ltr' id='par_1_59' title="bbox 2164 3035 3733 3112">
     <span class='ocr_line' id='line_1_59' title="bbox 2164 3035 3733 3112; baseline 0.006 -24"><span class='ocrx_word' id='word_1_445' title='bbox 2164 3049 2313 3089; x_wconf 83' lang='lat' dir='ltr'><strong>mens</strong></span> <span class='ocrx_word' id='word_1_446' title='bbox 2335 3035 2433 3089; x_wconf 89' lang='lat' dir='ltr'><strong>sibi</strong></span> <span class='ocrx_word' id='word_1_447' title='bbox 2455 3038 2861 3092; x_wconf 76' lang='lat' dir='ltr'><strong>convenientem</strong></span> <span class='ocrx_word' id='word_1_448' title='bbox 2890 3038 3181 3106; x_wconf 87' lang='lat' dir='ltr'><strong>legislatori</strong></span> <span class='ocrx_word' id='word_1_449' title='bbox 3210 3039 3415 3112; x_wconf 82' lang='lat' dir='ltr'><strong>[Baluz.</strong></span> <span class='ocrx_word' id='word_1_450' title='bbox 3449 3042 3733 3111; x_wconf 87' lang='lat' dir='ltr'><strong>legislatorl</strong></span> 
     </span>
    </p>
   </div>
   <div class='ocr_carea' id='block_1_60' title="bbox 487 3128 3733 3204">
    <p class='ocr_par' dir='ltr' id='par_1_60' title="bbox 487 3128 3733 3204">
     <span class='ocr_line' id='line_1_60' title="bbox 487 3128 3733 3204; baseline 0.003 -26"><span class='ocrx_word' id='word_1_451' title='bbox 487 3131 650 3185; x_wconf 80' lang='lat' dir='ltr'><strong>Deum</strong></span> <span class='ocrx_word' id='word_1_452' title='bbox 681 3140 859 3186; x_wconf 76' lang='lat' dir='ltr'><strong>autem</strong></span> <span class='ocrx_word' id='word_1_453' title='bbox 886 3140 940 3187; x_wconf 71' lang='lat' dir='ltr'><strong>et</strong></span> <span class='ocrx_word' id='word_1_454' title='bbox 962 3147 1208 3202; x_wconf 76' lang='lat' dir='ltr'><strong>magnum</strong></span> <span class='ocrx_word' id='word_1_455' title='bbox 1232 3143 1287 3188; x_wconf 73' lang='grc' dir='ltr'><strong>ει</strong></span> <span class='ocrx_word' id='word_1_456' title='bbox 1309 3135 1544 3200; x_wconf 65' lang='lat' dir='ltr'><strong>beatum,</strong></span> <span class='ocrx_word' id='word_1_457' title='bbox 1570 3135 1855 3189; x_wconf 72' lang='lat' dir='ltr'><strong>habentem</strong></span> <span class='ocrx_word' id='word_1_458' title='bbox 1879 3135 2061 3189; x_wconf 79' lang='lat' dir='ltr'><strong>illumi.</strong></span> <span class='ocrx_word' id='word_1_459' title='bbox 2090 3128 2135 3190; x_wconf 72' lang='grc' dir='ltr'><strong>ί]</strong></span> <span class='ocrx_word' id='word_1_460' title='bbox 2167 3130 2557 3193; x_wconf 89' lang='lat' dir='ltr'><strong>auctoritatem,</strong></span> <span class='ocrx_word' id='word_1_461' title='bbox 2591 3131 2768 3183; x_wconf 89' lang='lat' dir='ltr'><strong>aiebat</strong></span> <span class='ocrx_word' id='word_1_462' title='bbox 2791 3148 2802 3181; x_wconf 92' lang='lat'>:</span> <span class='ocrx_word' id='word_1_463' title='bbox 2829 3128 2941 3201; x_wconf 86' lang='lat' dir='ltr'><strong>Ego</strong></span> <span class='ocrx_word' id='word_1_464' title='bbox 2964 3131 3077 3184; x_wconf 88' lang='lat' dir='ltr'><strong>dico</strong></span> <span class='ocrx_word' id='word_1_465' title='bbox 3106 3132 3246 3185; x_wconf 87' lang='lat' dir='ltr'><strong>vobis</strong></span> <span class='ocrx_word' id='word_1_466' title='bbox 3269 3131 3522 3202; x_wconf 62' lang='lat' dir='ltr'><strong>*(Matth.</strong></span> <span class='ocrx_word' id='word_1_467' title='bbox 3552 3150 3606 3196; x_wconf 68' lang='grc' dir='ltr'><strong>ν,</strong></span> <span class='ocrx_word' id='word_1_468' title='bbox 3630 3134 3733 3204; x_wconf 70' lang='lat'><strong>52).</strong></span> 
     </span>
    </p>
   </div>
   <div class='ocr_carea' id='block_1_61' title="bbox 486 3225 2061 3294">
    <p class='ocr_par' dir='ltr' id='par_1_61' title="bbox 486 3225 2061 3294">
     <span class='ocr_line' id='line_1_61' title="bbox 486 3225 2061 3294; baseline 0.002 -18"><span class='ocrx_word' id='word_1_469' title='bbox 486 3225 757 3279; x_wconf 88' lang='lat' dir='ltr'><strong>nationem</strong></span> <span class='ocrx_word' id='word_1_470' title='bbox 783 3225 1052 3279; x_wconf 87' lang='lat' dir='ltr'><strong>Christum</strong></span> <span class='ocrx_word' id='word_1_471' title='bbox 1076 3227 1318 3280; x_wconf 86' lang='lat' dir='ltr'><strong>nominat</strong></span> <span class='ocrx_word' id='word_1_472' title='bbox 1346 3227 1533 3280; x_wconf 89' lang='lat' dir='ltr'><strong>beatus</strong></span> <span class='ocrx_word' id='word_1_473' title='bbox 1562 3225 1775 3291; x_wconf 88' lang='lat' dir='ltr'><strong>Paulus,</strong></span> <span class='ocrx_word' id='word_1_474' title='bbox 1800 3227 1889 3294; x_wconf 90' lang='lat' dir='ltr'><strong>qui</strong></span> <span class='ocrx_word' id='word_1_475' title='bbox 1914 3226 2061 3279; x_wconf 76' lang='lat' dir='ltr'><strong>iuve-</strong></span> 
     </span>
    </p>
   </div>
   <div class='ocr_carea' id='block_1_62' title="bbox 487 3314 2047 3386">
    <p class='ocr_par' dir='ltr' id='par_1_62' title="bbox 487 3314 2047 3386">
     <span class='ocr_line' id='line_1_62' title="bbox 487 3314 2047 3386; baseline 0.003 -21"><span class='ocrx_word' id='word_1_476' title='bbox 487 3314 629 3366; x_wconf 90' lang='lat' dir='ltr'><strong>nitur</strong></span> <span class='ocrx_word' id='word_1_477' title='bbox 657 3314 839 3368; x_wconf 89' lang='lat' dir='ltr'><strong>dicens</strong></span> <span class='ocrx_word' id='word_1_478' title='bbox 866 3315 933 3369; x_wconf 90' lang='lat' dir='ltr'><strong>de</strong></span> <span class='ocrx_word' id='word_1_479' title='bbox 964 3314 1159 3369; x_wconf 64' lang='lat' dir='ltr'><strong>ludatis</strong></span> <span class='ocrx_word' id='word_1_480' title='bbox 1199 3323 1255 3368; x_wconf 91' lang='lat' dir='ltr'><strong>et</strong></span> <span class='ocrx_word' id='word_1_481' title='bbox 1296 3314 1646 3370; x_wconf 88' lang='lat' dir='ltr'><strong>Emmanuel:</strong></span> <span class='ocrx_word' id='word_1_482' title='bbox 1680 3315 1907 3379; x_wconf 81' lang='lat' dir='ltr'><strong>Quorum</strong></span> <span class='ocrx_word' id='word_1_483' title='bbox 1962 3334 2047 3386; x_wconf 55' lang='lat' dir='ltr'><strong>pa.</strong></span> 
     </span>
    </p>
   </div>
   <div class='ocr_carea' id='block_1_63' title="bbox 487 3410 2061 3480">
    <p class='ocr_par' dir='ltr' id='par_1_63' title="bbox 487 3410 2061 3480">
     <span class='ocr_line' id='line_1_63' title="bbox 487 3410 2061 3480; baseline 0.006 -25"><span class='ocrx_word' id='word_1_484' title='bbox 487 3413 605 3465; x_wconf 83' lang='lat' dir='ltr'><strong>tres,</strong></span> <span class='ocrx_word' id='word_1_485' title='bbox 624 3414 672 3456; x_wconf 89' lang='lat' dir='ltr'><strong>et</strong></span> <span class='ocrx_word' id='word_1_486' title='bbox 694 3414 1069 3471; x_wconf 85' lang='lat' dir='ltr'><strong>testamentum,</strong></span> <span class='ocrx_word' id='word_1_487' title='bbox 1098 3415 1145 3461; x_wconf 87' lang='lat' dir='ltr'><strong>et</strong></span> <span class='ocrx_word' id='word_1_488' title='bbox 1167 3410 1547 3476; x_wconf 87' lang='lat' dir='ltr'><strong>promissiones,</strong></span> <span class='ocrx_word' id='word_1_489' title='bbox 1568 3418 1615 3462; x_wconf 90' lang='lat' dir='ltr'><strong>et</strong></span> <span class='ocrx_word' id='word_1_490' title='bbox 1630 3427 1693 3462; x_wconf 76' lang='lat' dir='ltr'><strong>ex</strong></span> <span class='ocrx_word' id='word_1_491' title='bbox 1709 3410 1889 3480; x_wconf 85' lang='lat' dir='ltr'><strong>quibus</strong></span> <span class='ocrx_word' id='word_1_492' title='bbox 1913 3410 2061 3464; x_wconf 83' lang='lat' dir='ltr'><strong>Chri-</strong></span> 
     </span>
    </p>
   </div>
   <div class='ocr_carea' id='block_1_64' title="bbox 484 3496 2060 3570">
    <p class='ocr_par' dir='ltr' id='par_1_64' title="bbox 484 3496 2060 3570">
     <span class='ocr_line' id='line_1_64' title="bbox 484 3496 2060 3570; baseline 0.007 -25"><span class='ocrx_word' id='word_1_493' title='bbox 484 3504 592 3548; x_wconf 90' lang='lat' dir='ltr'><strong>stus</strong></span> <span class='ocrx_word' id='word_1_494' title='bbox 614 3496 891 3549; x_wconf 76' lang='lat' dir='ltr'><strong>secnndum</strong></span> <span class='ocrx_word' id='word_1_495' title='bbox 922 3514 1146 3561; x_wconf 84' lang='lat' dir='ltr'><strong>carnem,</strong></span> <span class='ocrx_word' id='word_1_496' title='bbox 1180 3500 1359 3567; x_wconf 80' lang='lat' dir='ltr'><strong>quiest</strong></span> <span class='ocrx_word' id='word_1_497' title='bbox 1386 3516 1540 3570; x_wconf 89' lang='lat' dir='ltr'><strong>super</strong></span> <span class='ocrx_word' id='word_1_498' title='bbox 1567 3502 1740 3554; x_wconf 87' lang='lat' dir='ltr'><strong>omnia</strong></span> <span class='ocrx_word' id='word_1_499' title='bbox 1771 3500 2060 3557; x_wconf 88' lang='lat' dir='ltr'><strong>benedictus</strong></span> 
     </span>
    </p>
   </div>
   <div class='ocr_carea' id='block_1_65' title="bbox 483 3584 1704 3659">
    <p class='ocr_par' dir='ltr' id='par_1_65' title="bbox 483 3584 1704 3659">
     <span class='ocr_line' id='line_1_65' title="bbox 483 3584 1704 3659; baseline 0.007 -24"><span class='ocrx_word' id='word_1_500' title='bbox 483 3584 538 3635; x_wconf 92' lang='lat' dir='ltr'><strong>in</strong></span> <span class='ocrx_word' id='word_1_501' title='bbox 566 3585 755 3637; x_wconf 80' lang='lat' dir='ltr'><strong>scecttla</strong></span> <span class='ocrx_word' id='word_1_502' title='bbox 775 3586 1099 3640; x_wconf 64' lang='lat' dir='ltr'><strong>seculorum.</strong></span> <span class='ocrx_word' id='word_1_503' title='bbox 1125 3588 1285 3640; x_wconf 84' lang='lat' dir='ltr'><strong>Amen</strong></span> <span class='ocrx_word' id='word_1_504' title='bbox 1314 3588 1486 3659; x_wconf 83' lang='lat' dir='ltr'><strong>(Rom.</strong></span> <span class='ocrx_word' id='word_1_505' title='bbox 1513 3606 1582 3657; x_wconf 83' lang='lat' dir='ltr'><strong>tv,</strong></span> <span class='ocrx_word' id='word_1_506' title='bbox 1616 3590 1704 3659; x_wconf 91' lang='lat'><strong>9).</strong></span> 
     </span>
    </p>
   </div>
   <div class='ocr_carea' id='block_1_66' title="bbox 557 3674 2063 3749">
    <p class='ocr_par' dir='ltr' id='par_1_66' title="bbox 557 3674 2063 3749">
     <span class='ocr_line' id='line_1_66' title="bbox 557 3674 2063 3749; baseline 0.009 -21"><span class='ocrx_word' id='word_1_507' title='bbox 557 3674 712 3740; x_wconf 87' lang='lat' dir='ltr'><strong>Quod</strong></span> <span class='ocrx_word' id='word_1_508' title='bbox 742 3692 869 3730; x_wconf 85' lang='lat' dir='ltr'><strong>vero</strong></span> <span class='ocrx_word' id='word_1_509' title='bbox 896 3678 1099 3749; x_wconf 80' lang='lat' dir='ltr'><strong>[Batuz.</strong></span> <span class='ocrx_word' id='word_1_510' title='bbox 1136 3678 1285 3749; x_wconf 84' lang='lat' dir='ltr'><strong>vere]</strong></span> <span class='ocrx_word' id='word_1_511' title='bbox 1315 3682 1605 3735; x_wconf 91' lang='lat' dir='ltr'><strong>secundum</strong></span> <span class='ocrx_word' id='word_1_512' title='bbox 1635 3682 1867 3738; x_wconf 87' lang='lat' dir='ltr'><strong>divinam</strong></span> <span class='ocrx_word' id='word_1_513' title='bbox 1909 3701 2063 3741; x_wconf 85' lang='lat' dir='ltr'><strong>reve-</strong></span> 
     </span>
    </p>
   </div>
   <div class='ocr_carea' id='block_1_67' title="bbox 486 3764 2061 3845">
    <p class='ocr_par' dir='ltr' id='par_1_67' title="bbox 486 3764 2061 3845">
     <span class='ocr_line' id='line_1_67' title="bbox 486 3764 2061 3845; baseline 0.009 -28"><span class='ocrx_word' id='word_1_514' title='bbox 486 3764 738 3819; x_wconf 89' lang='lat' dir='ltr'><strong>lationem</strong></span> <span class='ocrx_word' id='word_1_515' title='bbox 767 3765 994 3821; x_wconf 79' lang='lat' dir='ltr'><strong>faciebat</strong></span> <span class='ocrx_word' id='word_1_516' title='bbox 1014 3768 1463 3837; x_wconf 61' lang='lat' dir='ltr'><strong>praedicationem,</strong></span> <span class='ocrx_word' id='word_1_517' title='bbox 1482 3773 1820 3841; x_wconf 90' lang='lat' dir='ltr'><strong>perspicuum</strong></span> <span class='ocrx_word' id='word_1_518' title='bbox 1843 3773 1919 3840; x_wconf 79' lang='lat' dir='ltr'><strong>fit,</strong></span> <span class='ocrx_word' id='word_1_519' title='bbox 1946 3776 2061 3845; x_wconf 93' lang='lat' dir='ltr'><strong>ipso</strong></span> 
     </span>
    </p>
   </div>
   <div class='ocr_carea' id='block_1_68' title="bbox 484 3857 2062 3933">
    <p class='ocr_par' dir='ltr' id='par_1_68' title="bbox 484 3857 2062 3933">
     <span class='ocr_line' id='line_1_68' title="bbox 484 3857 2062 3933; baseline 0.008 -24"><span class='ocrx_word' id='word_1_520' title='bbox 484 3857 695 3913; x_wconf 89' lang='lat' dir='ltr'><strong>dicente</strong></span> <span class='ocrx_word' id='word_1_521' title='bbox 725 3877 737 3910; x_wconf 90' lang='lat'>:</span> <span class='ocrx_word' id='word_1_522' title='bbox 780 3858 980 3913; x_wconf 86' lang='lat' dir='ltr'><strong>Deinde</strong></span> <span class='ocrx_word' id='word_1_523' title='bbox 1007 3872 1122 3931; x_wconf 87' lang='lat' dir='ltr'><strong>post</strong></span> <span class='ocrx_word' id='word_1_524' title='bbox 1153 3878 1318 3916; x_wconf 88' lang='lat' dir='ltr'><strong>annos</strong></span> <span class='ocrx_word' id='word_1_525' title='bbox 1368 3865 1748 3933; x_wconf 85' lang='lat' dir='ltr'><strong>quatuordecim</strong></span> <span class='ocrx_word' id='word_1_526' title='bbox 1770 3866 1954 3920; x_wconf 89' lang='lat' dir='ltr'><strong>iterum</strong></span> <span class='ocrx_word' id='word_1_527' title='bbox 1977 3884 2062 3921; x_wconf 85' lang='lat' dir='ltr'><strong>as-</strong></span> 
     </span>
    </p>
   </div>
   <div class='ocr_carea' id='block_1_69' title="bbox 484 3948 2057 4025">
    <p class='ocr_par' dir='ltr' id='par_1_69' title="bbox 484 3948 2057 4025">
     <span class='ocr_line' id='line_1_69' title="bbox 484 3948 2057 4025; baseline 0.007 -25"><span class='ocrx_word' id='word_1_528' title='bbox 484 3949 632 4001; x_wconf 85' lang='lat' dir='ltr'><strong>cendi</strong></span> <span class='ocrx_word' id='word_1_529' title='bbox 645 3948 1021 4019; x_wconf 84' lang='lat' dir='ltr'><strong>Jerosolymam</strong></span> <span class='ocrx_word' id='word_1_530' title='bbox 1042 3968 1157 4003; x_wconf 91' lang='lat' dir='ltr'><strong>cum</strong></span> <span class='ocrx_word' id='word_1_531' title='bbox 1186 3952 1445 4017; x_wconf 88' lang='lat' dir='ltr'><strong>Barnaba,</strong></span> <span class='ocrx_word' id='word_1_532' title='bbox 1465 3963 1724 4025; x_wconf 86' lang='lat' dir='ltr'><strong>assumpto</strong></span> <span class='ocrx_word' id='word_1_533' title='bbox 1746 3958 1898 4010; x_wconf 89' lang='lat' dir='ltr'><strong>etiam</strong></span> <span class='ocrx_word' id='word_1_534' title='bbox 1924 3956 2057 4011; x_wconf 91' lang='lat' dir='ltr'><strong>Tito.</strong></span> 
     </span>
    </p>
   </div>
   <div class='ocr_carea' id='block_1_70' title="bbox 486 4040 2060 4117">
    <p class='ocr_par' dir='ltr' id='par_1_70' title="bbox 486 4040 2060 4117">
     <span class='ocr_line' id='line_1_70' title="bbox 486 4040 2060 4117; baseline 0.008 -27"><span class='ocrx_word' id='word_1_535' title='bbox 486 4040 704 4092; x_wconf 81' lang='lat' dir='ltr'><strong>Ascendi</strong></span> <span class='ocrx_word' id='word_1_536' title='bbox 748 4051 916 4094; x_wconf 87' lang='lat' dir='ltr'><strong>autem</strong></span> <span class='ocrx_word' id='word_1_537' title='bbox 965 4043 1240 4097; x_wconf 87' lang='lat' dir='ltr'><strong>secundum</strong></span> <span class='ocrx_word' id='word_1_538' title='bbox 1286 4045 1663 4109; x_wconf 70' lang='lat' dir='ltr'><strong>reuelationem,</strong></span> <span class='ocrx_word' id='word_1_539' title='bbox 1688 4057 1737 4099; x_wconf 88' lang='lat' dir='ltr'><strong>et</strong></span> <span class='ocrx_word' id='word_1_540' title='bbox 1756 4050 1967 4117; x_wconf 74' lang='lat' dir='ltr'><strong>exposui</strong></span> <span class='ocrx_word' id='word_1_541' title='bbox 1988 4050 2060 4102; x_wconf 91' lang='lat' dir='ltr'><strong>eis</strong></span> 
     </span>
    </p>
   </div>
   <div class='ocr_carea' id='block_1_71' title="bbox 486 4128 2057 4205">
    <p class='ocr_par' dir='ltr' id='par_1_71' title="bbox 486 4128 2057 4205">
     <span class='ocr_line' id='line_1_71' title="bbox 486 4128 2057 4205; baseline 0.006 -23"><span class='ocrx_word' id='word_1_542' title='bbox 486 4128 837 4201; x_wconf 77' lang='lat' dir='ltr'><strong>Evangelium,</strong></span> <span class='ocrx_word' id='word_1_543' title='bbox 851 4135 987 4204; x_wconf 86' lang='lat' dir='ltr'><strong>quod</strong></span> <span class='ocrx_word' id='word_1_544' title='bbox 1012 4135 1236 4202; x_wconf 68' lang='lat' dir='ltr'><strong>praedico</strong></span> <span class='ocrx_word' id='word_1_545' title='bbox 1257 4136 1517 4205; x_wconf 87' lang='lat' dir='ltr'><strong>gentibus;</strong></span> <span class='ocrx_word' id='word_1_546' title='bbox 1540 4152 1767 4189; x_wconf 89' lang='lat' dir='ltr'><strong>seorsum</strong></span> <span class='ocrx_word' id='word_1_547' title='bbox 1787 4147 1954 4190; x_wconf 87' lang='lat' dir='ltr'><strong>autem</strong></span> <span class='ocrx_word' id='word_1_548' title='bbox 1977 4140 2057 4203; x_wconf 86' lang='lat' dir='ltr'><strong>iis,</strong></span> 
     </span>
    </p>
   </div>
   <div class='ocr_carea' id='block_1_72' title="bbox 484 4222 2061 4297">
    <p class='ocr_par' dir='ltr' id='par_1_72' title="bbox 484 4222 2061 4297">
     <span class='ocr_line' id='line_1_72' title="bbox 484 4222 2061 4297; baseline 0.007 -24"><span class='ocrx_word' id='word_1_549' title='bbox 484 4224 567 4291; x_wconf 86' lang='lat' dir='ltr'><strong>qui</strong></span> <span class='ocrx_word' id='word_1_550' title='bbox 598 4222 897 4278; x_wconf 86' lang='lat' dir='ltr'><strong>videbantur</strong></span> <span class='ocrx_word' id='word_1_551' title='bbox 924 4226 1120 4296; x_wconf 88' lang='lat' dir='ltr'><strong>aliquid</strong></span> <span class='ocrx_word' id='word_1_552' title='bbox 1162 4243 1298 4289; x_wconf 87' lang='lat' dir='ltr'><strong>esse,</strong></span> <span class='ocrx_word' id='word_1_553' title='bbox 1330 4243 1393 4280; x_wconf 91' lang='lat' dir='ltr'><strong>ne</strong></span> <span class='ocrx_word' id='word_1_554' title='bbox 1414 4229 1547 4297; x_wconf 80' lang='lat' dir='ltr'><strong>forte</strong></span> <span class='ocrx_word' id='word_1_555' title='bbox 1570 4230 1625 4281; x_wconf 90' lang='lat' dir='ltr'><strong>in</strong></span> <span class='ocrx_word' id='word_1_556' title='bbox 1648 4245 1859 4282; x_wconf 87' lang='lat' dir='ltr'><strong>vacuum</strong></span> <span class='ocrx_word' id='word_1_557' title='bbox 1889 4246 2061 4284; x_wconf 74' lang='lat' dir='ltr'><strong>curre~</strong></span> 
     </span>
    </p>
   </div>
   <div class='ocr_carea' id='block_1_73' title="bbox 484 4315 2061 4388">
    <p class='ocr_par' dir='ltr' id='par_1_73' title="bbox 484 4315 2061 4388">
     <span class='ocr_line' id='line_1_73' title="bbox 484 4315 2061 4388; baseline 0.008 -26"><span class='ocrx_word' id='word_1_558' title='bbox 484 4328 609 4375; x_wconf 88' lang='lat' dir='ltr'><strong>rem,</strong></span> <span class='ocrx_word' id='word_1_559' title='bbox 638 4323 727 4365; x_wconf 89' lang='lat' dir='ltr'><strong>aut</strong></span> <span class='ocrx_word' id='word_1_560' title='bbox 748 4317 1083 4369; x_wconf 86' lang='lat' dir='ltr'><strong>cucurrissem</strong></span> <span class='ocrx_word' id='word_1_561' title='bbox 1112 4318 1129 4387; x_wconf 95' lang='lat'><strong>(</strong></span> <span class='ocrx_word' id='word_1_562' title='bbox 1154 4315 1272 4369; x_wconf 81' lang='lat' dir='ltr'><strong>Gal.</strong></span> <span class='ocrx_word' id='word_1_563' title='bbox 1296 4334 1351 4383; x_wconf 87' lang='lat' dir='ltr'><strong>tt,</strong></span> <span class='ocrx_word' id='word_1_564' title='bbox 1380 4317 1461 4388; x_wconf 89' lang='grc'><strong>1).</strong></span> <span class='ocrx_word' id='word_1_565' title='bbox 1481 4317 1748 4373; x_wconf 91' lang='lat' dir='ltr'><strong>Christum</strong></span> <span class='ocrx_word' id='word_1_566' title='bbox 1767 4320 2061 4388; x_wconf 70' lang='lat' dir='ltr'><strong>prmdicans</strong></span> 
     </span>
    </p>
   </div>
   <div class='ocr_carea' id='block_1_74' title="bbox 484 4399 2061 4479">
    <p class='ocr_par' dir='ltr' id='par_1_74' title="bbox 484 4399 2061 4479">
     <span class='ocr_line' id='line_1_74' title="bbox 484 4399 2061 4479; baseline 0.008 -26"><span class='ocrx_word' id='word_1_567' title='bbox 484 4399 747 4465; x_wconf 83' lang='lat' dir='ltr'><strong>gentibus,</strong></span> <span class='ocrx_word' id='word_1_568' title='bbox 797 4411 854 4455; x_wconf 90' lang='lat' dir='ltr'><strong>ut</strong></span> <span class='ocrx_word' id='word_1_569' title='bbox 902 4403 1087 4469; x_wconf 91' lang='lat' dir='ltr'><strong>Deum,</strong></span> <span class='ocrx_word' id='word_1_570' title='bbox 1120 4406 1358 4461; x_wconf 89' lang='lat' dir='ltr'><strong>divinum</strong></span> <span class='ocrx_word' id='word_1_571' title='bbox 1403 4409 1643 4462; x_wconf 85' lang='lat' dir='ltr'><strong>nominat</strong></span> <span class='ocrx_word' id='word_1_572' title='bbox 1679 4410 1844 4478; x_wconf 87' lang='lat' dir='ltr'><strong>ipsius</strong></span> <span class='ocrx_word' id='word_1_573' title='bbox 1866 4410 2061 4479; x_wconf 89' lang='lat' dir='ltr'><strong>ubique</strong></span> 
     </span>
    </p>
   </div>
   <div class='ocr_carea' id='block_1_75' title="bbox 2232 3217 3735 3285">
    <p class='ocr_par' dir='ltr' id='par_1_75' title="bbox 2232 3217 3735 3285">
     <span class='ocr_line' id='line_1_75' title="bbox 2232 3217 3735 3285; baseline 0.003 -15"><span class='ocrx_word' id='word_1_574' title='bbox 2232 3217 2510 3283; x_wconf 90' lang='lat' dir='ltr'><strong>Quomodo</strong></span> <span class='ocrx_word' id='word_1_575' title='bbox 2556 3220 2781 3274; x_wconf 90' lang='lat' dir='ltr'><strong>liberum</strong></span> <span class='ocrx_word' id='word_1_576' title='bbox 2828 3236 2887 3275; x_wconf 89' lang='lat' dir='ltr'><strong>se</strong></span> <span class='ocrx_word' id='word_1_577' title='bbox 2924 3223 3017 3285; x_wconf 89' lang='lat' dir='ltr'><strong>ait,</strong></span> <span class='ocrx_word' id='word_1_578' title='bbox 3049 3230 3237 3276; x_wconf 88' lang='lat' dir='ltr'><strong>etnon</strong></span> <span class='ocrx_word' id='word_1_579' title='bbox 3281 3223 3579 3277; x_wconf 88' lang='lat' dir='ltr'><strong>obnoxium</strong></span> <span class='ocrx_word' id='word_1_580' title='bbox 3600 3224 3735 3278; x_wconf 85' lang='lat' dir='ltr'><strong>Deo?</strong></span> 
     </span>
    </p>
   </div>
   <div class='ocr_carea' id='block_1_76' title="bbox 2165 3309 3734 3378">
    <p class='ocr_par' dir='ltr' id='par_1_76' title="bbox 2165 3309 3734 3378">
     <span class='ocr_line' id='line_1_76' title="bbox 2165 3309 3734 3378; baseline 0.003 -16"><span class='ocrx_word' id='word_1_581' title='bbox 2165 3309 2287 3363; x_wconf 90' lang='lat' dir='ltr'><strong>Ideo</strong></span> <span class='ocrx_word' id='word_1_582' title='bbox 2332 3311 2455 3378; x_wconf 88' lang='lat' dir='ltr'><strong>quia</strong></span> <span class='ocrx_word' id='word_1_583' title='bbox 2505 3318 2587 3365; x_wconf 89' lang='lat' dir='ltr'><strong>est</strong></span> <span class='ocrx_word' id='word_1_584' title='bbox 2642 3311 2805 3366; x_wconf 88' lang='lat' dir='ltr'><strong>Filius</strong></span> <span class='ocrx_word' id='word_1_585' title='bbox 2860 3313 2911 3365; x_wconf 93' lang='lat' dir='ltr'><strong>in</strong></span> <span class='ocrx_word' id='word_1_586' title='bbox 2956 3313 3215 3367; x_wconf 77' lang='lat' dir='ltr'><strong>veritate?</strong></span> <span class='ocrx_word' id='word_1_587' title='bbox 3245 3312 3311 3366; x_wconf 87' lang='lat' dir='ltr'><strong>Et</strong></span> <span class='ocrx_word' id='word_1_588' title='bbox 3339 3314 3384 3368; x_wconf 89' lang='lat' dir='ltr'><strong>si</strong></span> <span class='ocrx_word' id='word_1_589' title='bbox 3414 3324 3562 3368; x_wconf 88' lang='lat' dir='ltr'><strong>esset</strong></span> <span class='ocrx_word' id='word_1_590' title='bbox 3583 3315 3734 3368; x_wconf 87' lang='lat' dir='ltr'><strong>homo</strong></span> 
     </span>
    </p>
   </div>
   <div class='ocr_carea' id='block_1_77' title="bbox 2159 3401 3735 3477">
    <p class='ocr_par' dir='ltr' id='par_1_77' title="bbox 2159 3401 3735 3477">
     <span class='ocr_line' id='line_1_77' title="bbox 2159 3401 3735 3477; baseline 0.002 -23"><span class='ocrx_word' id='word_1_591' title='bbox 2159 3401 2409 3477; x_wconf 67' lang='grc' dir='ltr'><strong>θεοφόρος,</strong></span> <span class='ocrx_word' id='word_1_592' title='bbox 2436 3408 2648 3456; x_wconf 88' lang='lat' dir='ltr'><strong>essetne</strong></span> <span class='ocrx_word' id='word_1_593' title='bbox 2670 3403 2829 3456; x_wconf 91' lang='lat' dir='ltr'><strong>etiam</strong></span> <span class='ocrx_word' id='word_1_594' title='bbox 2862 3403 2996 3455; x_wconf 91' lang='lat' dir='ltr'><strong>liber</strong></span> <span class='ocrx_word' id='word_1_595' title='bbox 3015 3401 3305 3457; x_wconf 90' lang='lat' dir='ltr'><strong>secundum</strong></span> <span class='ocrx_word' id='word_1_596' title='bbox 3330 3405 3625 3457; x_wconf 86' lang='lat' dir='ltr'><strong>naturam?</strong></span> <span class='ocrx_word' id='word_1_597' title='bbox 3645 3403 3735 3458; x_wconf 82' lang='lat' dir='ltr'><strong>So-</strong></span> 
     </span>
    </p>
   </div>
   <div class='ocr_carea' id='block_1_78' title="bbox 2161 3493 3732 3567">
    <p class='ocr_par' dir='ltr' id='par_1_78' title="bbox 2161 3493 3732 3567">
     <span class='ocr_line' id='line_1_78' title="bbox 2161 3493 3732 3567; baseline 0 -20"><span class='ocrx_word' id='word_1_598' title='bbox 2161 3494 2243 3549; x_wconf 86' lang='lat' dir='ltr'><strong>lus</strong></span> <span class='ocrx_word' id='word_1_599' title='bbox 2269 3494 2474 3567; x_wconf 79' lang='lat' dir='ltr'><strong>[Baluz.</strong></span> <span class='ocrx_word' id='word_1_600' title='bbox 2502 3493 2690 3567; x_wconf 89' lang='lat' dir='ltr'><strong>Hujus]</strong></span> <span class='ocrx_word' id='word_1_601' title='bbox 2711 3495 2851 3548; x_wconf 91' lang='lat' dir='ltr'><strong>enim</strong></span> <span class='ocrx_word' id='word_1_602' title='bbox 2877 3495 3013 3549; x_wconf 90' lang='lat' dir='ltr'><strong>Deus</strong></span> <span class='ocrx_word' id='word_1_603' title='bbox 3034 3495 3186 3560; x_wconf 90' lang='lat' dir='ltr'><strong>liber,</strong></span> <span class='ocrx_word' id='word_1_604' title='bbox 3201 3503 3362 3563; x_wconf 88' lang='lat' dir='ltr'><strong>atque</strong></span> <span class='ocrx_word' id='word_1_605' title='bbox 3388 3497 3602 3551; x_wconf 87' lang='lat' dir='ltr'><strong>solutus</strong></span> <span class='ocrx_word' id='word_1_606' title='bbox 3621 3504 3697 3550; x_wconf 88' lang='lat' dir='ltr'><strong>est</strong></span> <span class='ocrx_word' id='word_1_607' title='bbox 3721 3514 3732 3547; x_wconf 90' lang='lat'>:</span> 
     </span>
    </p>
   </div>
   <div class='ocr_carea' id='block_1_79' title="bbox 2162 3586 3735 3655">
    <p class='ocr_par' dir='ltr' id='par_1_79' title="bbox 2162 3586 3735 3655">
     <span class='ocr_line' id='line_1_79' title="bbox 2162 3586 3735 3655; baseline -0.001 -16"><span class='ocrx_word' id='word_1_608' title='bbox 2162 3586 2308 3639; x_wconf 85' lang='lat' dir='ltr'><strong>solus</strong></span> <span class='ocrx_word' id='word_1_609' title='bbox 2336 3586 2477 3638; x_wconf 92' lang='lat' dir='ltr'><strong>enim</strong></span> <span class='ocrx_word' id='word_1_610' title='bbox 2506 3586 2657 3653; x_wconf 88' lang='lat' dir='ltr'><strong>quasi</strong></span> <span class='ocrx_word' id='word_1_611' title='bbox 2687 3586 2879 3640; x_wconf 86' lang='lat' dir='ltr'><strong>tributa</strong></span> <span class='ocrx_word' id='word_1_612' title='bbox 2907 3586 3143 3639; x_wconf 89' lang='lat' dir='ltr'><strong>omnium</strong></span> <span class='ocrx_word' id='word_1_613' title='bbox 3166 3586 3361 3653; x_wconf 82' lang='lat' dir='ltr'><strong>exigit;</strong></span> <span class='ocrx_word' id='word_1_614' title='bbox 3385 3594 3439 3639; x_wconf 91' lang='lat' dir='ltr'><strong>et</strong></span> <span class='ocrx_word' id='word_1_615' title='bbox 3467 3595 3735 3655; x_wconf 84' lang='lat' dir='ltr'><strong>tamquam</strong></span> 
     </span>
    </p>
   </div>
   <div class='ocr_carea' id='block_1_80' title="bbox 2162 3675 3735 3745">
    <p class='ocr_par' dir='ltr' id='par_1_80' title="bbox 2162 3675 3735 3745">
     <span class='ocr_line' id='line_1_80' title="bbox 2162 3675 3735 3745; baseline 0 -15"><span class='ocrx_word' id='word_1_616' title='bbox 2162 3675 2281 3730; x_wconf 89' lang='lat' dir='ltr'><strong>loco</strong></span> <span class='ocrx_word' id='word_1_617' title='bbox 2320 3675 2618 3730; x_wconf 86' lang='lat' dir='ltr'><strong>debitorum</strong></span> <span class='ocrx_word' id='word_1_618' title='bbox 2667 3676 2734 3729; x_wconf 90' lang='lat' dir='ltr'><strong>ab</strong></span> <span class='ocrx_word' id='word_1_619' title='bbox 2760 3676 3007 3730; x_wconf 91' lang='lat' dir='ltr'><strong>omnibus</strong></span> <span class='ocrx_word' id='word_1_620' title='bbox 3035 3676 3224 3745; x_wconf 87' lang='lat' dir='ltr'><strong>recipit</strong></span> <span class='ocrx_word' id='word_1_621' title='bbox 3253 3677 3592 3742; x_wconf 83' lang='lat' dir='ltr'><strong>religionem.</strong></span> <span class='ocrx_word' id='word_1_622' title='bbox 3632 3676 3735 3730; x_wconf 88' lang='lat' dir='ltr'><strong>Etsi</strong></span> 
     </span>
    </p>
   </div>
   <div class='ocr_carea' id='block_1_81' title="bbox 2162 3763 3736 3835">
    <p class='ocr_par' dir='ltr' id='par_1_81' title="bbox 2162 3763 3736 3835">
     <span class='ocr_line' id='line_1_81' title="bbox 2162 3763 3736 3835; baseline 0.002 -16"><span class='ocrx_word' id='word_1_623' title='bbox 2162 3766 2337 3821; x_wconf 84' lang='lat' dir='ltr'><strong>exitus</strong></span> <span class='ocrx_word' id='word_1_624' title='bbox 2374 3767 2506 3834; x_wconf 85' lang='lat' dir='ltr'><strong>legis</strong></span> <span class='ocrx_word' id='word_1_625' title='bbox 2559 3774 2613 3820; x_wconf 89' lang='lat' dir='ltr'><strong>et</strong></span> <span class='ocrx_word' id='word_1_626' title='bbox 2639 3766 3018 3835; x_wconf 88' lang='lat' dir='ltr'><strong>prophetarum</strong></span> <span class='ocrx_word' id='word_1_627' title='bbox 3055 3763 3299 3820; x_wconf 88' lang='lat' dir='ltr'><strong>Christus</strong></span> <span class='ocrx_word' id='word_1_628' title='bbox 3326 3775 3427 3833; x_wconf 88' lang='lat' dir='ltr'><strong>est,</strong></span> <span class='ocrx_word' id='word_1_629' title='bbox 3460 3777 3545 3821; x_wconf 91' lang='lat' dir='ltr'><strong>est</strong></span> <span class='ocrx_word' id='word_1_630' title='bbox 3567 3776 3736 3822; x_wconf 87' lang='lat' dir='ltr'><strong>autem</strong></span> 
     </span>
    </p>
   </div>
   <div class='ocr_carea' id='block_1_82' title="bbox 2161 3854 3738 3930">
    <p class='ocr_par' dir='ltr' id='par_1_82' title="bbox 2161 3854 3738 3930">
     <span class='ocr_line' id='line_1_82' title="bbox 2161 3854 3738 3930; baseline 0.001 -22"><span class='ocrx_word' id='word_1_631' title='bbox 2161 3854 2324 3910; x_wconf 91' lang='lat' dir='ltr'><strong>homo</strong></span> <span class='ocrx_word' id='word_1_632' title='bbox 2351 3857 2603 3930; x_wconf 69' lang='grc' dir='ltr'><strong>Θεοφὸρος;</strong></span> <span class='ocrx_word' id='word_1_633' title='bbox 2635 3871 2811 3910; x_wconf 89' lang='lat' dir='ltr'><strong>nonne</strong></span> <span class='ocrx_word' id='word_1_634' title='bbox 2836 3856 3014 3910; x_wconf 90' lang='lat' dir='ltr'><strong>dicere</strong></span> <span class='ocrx_word' id='word_1_635' title='bbox 3036 3855 3215 3920; x_wconf 91' lang='lat' dir='ltr'><strong>liceat,</strong></span> <span class='ocrx_word' id='word_1_636' title='bbox 3237 3856 3380 3924; x_wconf 89' lang='lat' dir='ltr'><strong>quod</strong></span> <span class='ocrx_word' id='word_1_637' title='bbox 3409 3858 3738 3926; x_wconf 80' lang='lat' dir='ltr'><strong>pmphetica-</strong></span> 
     </span>
    </p>
   </div>
   <div class='ocr_carea' id='block_1_83' title="bbox 2161 3948 3738 4028">
    <p class='ocr_par' dir='ltr' id='par_1_83' title="bbox 2161 3948 3738 4028">
     <span class='ocr_line' id='line_1_83' title="bbox 2161 3948 3738 4028; baseline 0.002 -28"><span class='ocrx_word' id='word_1_638' title='bbox 2161 3964 2279 4001; x_wconf 89' lang='lat' dir='ltr'><strong>rum</strong></span> <span class='ocrx_word' id='word_1_639' title='bbox 2305 3948 2741 4017; x_wconf 62' lang='lat' dir='ltr'><strong>praedicationum</strong></span> <span class='ocrx_word' id='word_1_640' title='bbox 2765 3948 2938 4002; x_wconf 85' lang='lat' dir='ltr'><strong>exitus</strong></span> <span class='ocrx_word' id='word_1_641' title='bbox 2979 3950 3417 4028; x_wconf 77' lang='grc' dir='ltr'><strong>ἀνθρωπολατρίας</strong></span> <span class='ocrx_word' id='word_1_642' title='bbox 3458 3950 3618 4003; x_wconf 91' lang='lat' dir='ltr'><strong>nobis</strong></span> <span class='ocrx_word' id='word_1_643' title='bbox 3642 3949 3738 4003; x_wconf 84' lang='lat' dir='ltr'><strong>cri-</strong></span> 
     </span>
    </p>
   </div>
   <div class='ocr_carea' id='block_1_84' title="bbox 2163 4039 2626 4093">
    <p class='ocr_par' dir='ltr' id='par_1_84' title="bbox 2163 4039 2626 4093">
     <span class='ocr_line' id='line_1_84' title="bbox 2163 4039 2626 4093; baseline 0.004 -2"><span class='ocrx_word' id='word_1_644' title='bbox 2163 4054 2284 4092; x_wconf 91' lang='lat' dir='ltr'><strong>men</strong></span> <span class='ocrx_word' id='word_1_645' title='bbox 2311 4039 2626 4093; x_wconf 88' lang='lat' dir='ltr'><strong>induxerit?</strong></span> 
     </span>
    </p>
   </div>
   <div class='ocr_carea' id='block_1_85' title="bbox 2233 4128 3737 4198">
    <p class='ocr_par' dir='ltr' id='par_1_85' title="bbox 2233 4128 3737 4198">
     <span class='ocr_line' id='line_1_85' title="bbox 2233 4128 3737 4198; baseline 0.002 -17"><span class='ocrx_word' id='word_1_646' title='bbox 2233 4128 2436 4182; x_wconf 91' lang='lat' dir='ltr'><strong>Deinde</strong></span> <span class='ocrx_word' id='word_1_647' title='bbox 2475 4129 2562 4182; x_wconf 91' lang='lat' dir='ltr'><strong>lex</strong></span> <span class='ocrx_word' id='word_1_648' title='bbox 2609 4129 2823 4197; x_wconf 91' lang='lat' dir='ltr'><strong>quidem</strong></span> <span class='ocrx_word' id='word_1_649' title='bbox 2848 4129 3173 4198; x_wconf 62' lang='lat' dir='ltr'><strong>praedicabat</strong></span> <span class='ocrx_word' id='word_1_650' title='bbox 3202 4149 3214 4183; x_wconf 89' lang='lat'>:</span> <span class='ocrx_word' id='word_1_651' title='bbox 3241 4129 3523 4184; x_wconf 87' lang='lat' dir='ltr'><strong>Dominum</strong></span> <span class='ocrx_word' id='word_1_652' title='bbox 3580 4131 3737 4184; x_wconf 83' lang='lat' dir='ltr'><strong>Deum</strong></span> 
     </span>
    </p>
   </div>
   <div class='ocr_carea' id='block_1_86' title="bbox 2164 4217 3736 4292">
    <p class='ocr_par' dir='ltr' id='par_1_86' title="bbox 2164 4217 3736 4292">
     <span class='ocr_line' id='line_1_86' title="bbox 2164 4217 3736 4292; baseline 0.003 -21"><span class='ocrx_word' id='word_1_653' title='bbox 2164 4228 2301 4271; x_wconf 87' lang='lat' dir='ltr'><strong>tuum</strong></span> <span class='ocrx_word' id='word_1_654' title='bbox 2332 4217 2592 4283; x_wconf 89' lang='lat' dir='ltr'><strong>adorabis,</strong></span> <span class='ocrx_word' id='word_1_655' title='bbox 2623 4229 2672 4273; x_wconf 89' lang='lat' dir='ltr'><strong>et</strong></span> <span class='ocrx_word' id='word_1_656' title='bbox 2708 4220 2785 4273; x_wconf 92' lang='lat' dir='ltr'><strong>illi</strong></span> <span class='ocrx_word' id='word_1_657' title='bbox 2814 4220 2911 4274; x_wconf 87' lang='lat' dir='ltr'><strong>soli</strong></span> <span class='ocrx_word' id='word_1_658' title='bbox 2949 4222 3136 4274; x_wconf 88' lang='lat' dir='ltr'><strong>servies</strong></span> <span class='ocrx_word' id='word_1_659' title='bbox 3184 4220 3359 4291; x_wconf 86' lang='lat' dir='ltr'><strong>(Deut.</strong></span> <span class='ocrx_word' id='word_1_660' title='bbox 3388 4238 3463 4284; x_wconf 75' lang='grc' dir='ltr'><strong>νι,</strong></span> <span class='ocrx_word' id='word_1_661' title='bbox 3489 4222 3602 4292; x_wconf 81' lang='grc'><strong>1⁸5).</strong></span> <span class='ocrx_word' id='word_1_662' title='bbox 3629 4222 3736 4287; x_wconf 84' lang='lat' dir='ltr'><strong>Qua</strong></span> 
     </span>
    </p>
   </div>
   <div class='ocr_carea' id='block_1_87' title="bbox 2162 4307 3736 4379">
    <p class='ocr_par' dir='ltr' id='par_1_87' title="bbox 2162 4307 3736 4379">
     <span class='ocr_line' id='line_1_87' title="bbox 2162 4307 3736 4379; baseline 0.003 -19"><span class='ocrx_word' id='word_1_663' title='bbox 2162 4324 2263 4362; x_wconf 91' lang='lat' dir='ltr'><strong>nos</strong></span> <span class='ocrx_word' id='word_1_664' title='bbox 2283 4307 2582 4362; x_wconf 88' lang='lat' dir='ltr'><strong>eruditione</strong></span> <span class='ocrx_word' id='word_1_665' title='bbox 2611 4309 2858 4377; x_wconf 89' lang='lat' dir='ltr'><strong>perduxit</strong></span> <span class='ocrx_word' id='word_1_666' title='bbox 2897 4309 2963 4362; x_wconf 89' lang='lat' dir='ltr'><strong>ad</strong></span> <span class='ocrx_word' id='word_1_667' title='bbox 2984 4308 3249 4364; x_wconf 87' lang='lat' dir='ltr'><strong>Christum</strong></span> <span class='ocrx_word' id='word_1_668' title='bbox 3271 4351 3284 4375; x_wconf 93' lang='lat'><strong>,</strong></span> <span class='ocrx_word' id='word_1_669' title='bbox 3315 4312 3469 4379; x_wconf 87' lang='lat' dir='ltr'><strong>quasi</strong></span> <span class='ocrx_word' id='word_1_670' title='bbox 3498 4311 3570 4364; x_wconf 85' lang='lat' dir='ltr'><strong>ad</strong></span> <span class='ocrx_word' id='word_1_671' title='bbox 3595 4312 3736 4379; x_wconf 88' lang='lat' dir='ltr'><strong>agni-</strong></span> 
     </span>
    </p>
   </div>
   <div class='ocr_carea' id='block_1_88' title="bbox 2164 4398 3735 4471">
    <p class='ocr_par' dir='ltr' id='par_1_88' title="bbox 2164 4398 3735 4471">
     <span class='ocr_line' id='line_1_88' title="bbox 2164 4398 3735 4471; baseline 0.002 -21"><span class='ocrx_word' id='word_1_672' title='bbox 2164 4398 2364 4452; x_wconf 89' lang='lat' dir='ltr'><strong>tionem</strong></span> <span class='ocrx_word' id='word_1_673' title='bbox 2409 4398 2512 4453; x_wconf 89' lang='lat' dir='ltr'><strong>illis</strong></span> <span class='ocrx_word' id='word_1_674' title='bbox 2532 4438 2545 4462; x_wconf 90' lang='lat'><strong>,</strong></span> <span class='ocrx_word' id='word_1_675' title='bbox 2578 4400 2669 4467; x_wconf 90' lang='lat' dir='ltr'><strong>qui</strong></span> <span class='ocrx_word' id='word_1_676' title='bbox 2700 4401 2751 4452; x_wconf 94' lang='lat' dir='ltr'><strong>in</strong></span> <span class='ocrx_word' id='word_1_677' title='bbox 2774 4400 2975 4453; x_wconf 91' lang='lat' dir='ltr'><strong>umbris</strong></span> <span class='ocrx_word' id='word_1_678' title='bbox 2996 4398 3223 4465; x_wconf 89' lang='lat' dir='ltr'><strong>fuerant,</strong></span> <span class='ocrx_word' id='word_1_679' title='bbox 3249 4402 3516 4469; x_wconf 91' lang='lat' dir='ltr'><strong>potiorem</strong></span> <span class='ocrx_word' id='word_1_680' title='bbox 3553 4421 3565 4453; x_wconf 87' lang='lat'>:</span> <span class='ocrx_word' id='word_1_681' title='bbox 3591 4418 3735 4471; x_wconf 84' lang='lat' dir='ltr'><strong>sper-</strong></span> 
     </span>
    </p>
   </div>
   <div class='ocr_carea' id='block_1_89' title="bbox 486 4487 2062 4573">
    <p class='ocr_par' dir='ltr' id='par_1_89' title="bbox 486 4492 2056 4573">
     <span class='ocr_line' id='line_1_89' title="bbox 486 4492 2056 4573; baseline 0.008 -29"><span class='ocrx_word' id='word_1_682' title='bbox 486 4492 815 4561; x_wconf 82' lang='lat' dir='ltr'><strong>mysterium.</strong></span> <span class='ocrx_word' id='word_1_683' title='bbox 842 4493 1091 4548; x_wconf 79' lang='lat' dir='ltr'><strong>Ascendit</strong></span> <span class='ocrx_word' id='word_1_684' title='bbox 1108 4513 1201 4565; x_wconf 87' lang='lat' dir='ltr'><strong>per</strong></span> <span class='ocrx_word' id='word_1_685' title='bbox 1228 4500 1609 4554; x_wconf 87' lang='lat' dir='ltr'><strong>revelationem</strong></span> <span class='ocrx_word' id='word_1_686' title='bbox 1637 4498 2023 4573; x_wconf 84' lang='lat' dir='ltr'><strong>Jerosolymam</strong></span> <span class='ocrx_word' id='word_1_687' title='bbox 2041 4542 2056 4567; x_wconf 93' lang='lat'><strong>,</strong></span> 
     </span>
    </p>
   </div>
   <div class='ocr_carea' id='block_1_90' title="bbox 2171 4487 3733 4573">
    <p class='ocr_par' dir='ltr' id='par_1_90' title="bbox 2171 4489 3733 4565">
     <span class='ocr_line' id='line_1_90' title="bbox 2171 4489 3733 4565; baseline 0.001 -23"><span class='ocrx_word' id='word_1_688' title='bbox 2171 4498 2419 4543; x_wconf 87' lang='lat' dir='ltr'><strong>nentesne</strong></span> <span class='ocrx_word' id='word_1_689' title='bbox 2462 4489 2622 4557; x_wconf 87' lang='lat' dir='ltr'><strong>igitur</strong></span> <span class='ocrx_word' id='word_1_690' title='bbox 2658 4490 2825 4544; x_wconf 90' lang='lat' dir='ltr'><strong>Deum</strong></span> <span class='ocrx_word' id='word_1_691' title='bbox 2855 4489 3009 4559; x_wconf 80' lang='lat' dir='ltr'><strong>Legis</strong></span> <span class='ocrx_word' id='word_1_692' title='bbox 3037 4499 3087 4545; x_wconf 89' lang='lat' dir='ltr'><strong>et</strong></span> <span class='ocrx_word' id='word_1_693' title='bbox 3117 4490 3502 4559; x_wconf 88' lang='lat' dir='ltr'><strong>Prophetarum</strong></span> <span class='ocrx_word' id='word_1_694' title='bbox 3534 4493 3733 4565; x_wconf 77' lang='lat' dir='ltr'><strong>[Balu:.</strong></span> 
     </span>
    </p>
   </div>
   <div class='ocr_carea' id='block_1_91' title="bbox 485 4582 2057 4658">
    <p class='ocr_par' dir='ltr' id='par_1_91' title="bbox 485 4582 2057 4658">
     <span class='ocr_line' id='line_1_91' title="bbox 485 4582 2057 4658; baseline 0.007 -24"><span class='ocrx_word' id='word_1_695' title='bbox 485 4590 540 4635; x_wconf 90' lang='lat' dir='ltr'><strong>et</strong></span> <span class='ocrx_word' id='word_1_696' title='bbox 567 4582 814 4651; x_wconf 90' lang='lat' dir='ltr'><strong>exposuit</strong></span> <span class='ocrx_word' id='word_1_697' title='bbox 842 4582 939 4647; x_wconf 89' lang='lat' dir='ltr'><strong>his,</strong></span> <span class='ocrx_word' id='word_1_698' title='bbox 972 4585 1063 4652; x_wconf 90' lang='lat' dir='ltr'><strong>qui</strong></span> <span class='ocrx_word' id='word_1_699' title='bbox 1104 4586 1418 4641; x_wconf 73' lang='lat' dir='ltr'><strong>videbantur</strong></span> <span class='ocrx_word' id='word_1_700' title='bbox 1458 4590 1657 4657; x_wconf 87' lang='lat' dir='ltr'><strong>aliquid</strong></span> <span class='ocrx_word' id='word_1_701' title='bbox 1699 4606 1846 4655; x_wconf 88' lang='lat' dir='ltr'><strong>esse,</strong></span> <span class='ocrx_word' id='word_1_702' title='bbox 1879 4593 1930 4647; x_wconf 87' lang='lat' dir='ltr'><strong>id</strong></span> <span class='ocrx_word' id='word_1_703' title='bbox 1956 4600 2057 4658; x_wconf 90' lang='lat' dir='ltr'><strong>est,</strong></span> 
     </span>
    </p>
   </div>
   <div class='ocr_carea' id='block_1_92' title="bbox 486 4674 2059 4745">
    <p class='ocr_par' dir='ltr' id='par_1_92' title="bbox 486 4674 2059 4745">
     <span class='ocr_line' id='line_1_92' title="bbox 486 4674 2059 4745; baseline 0.006 -19"><span class='ocrx_word' id='word_1_704' title='bbox 486 4674 685 4728; x_wconf 90' lang='lat' dir='ltr'><strong>sanctis</strong></span> <span class='ocrx_word' id='word_1_705' title='bbox 710 4675 985 4743; x_wconf 74' lang='lat' dir='ltr'><strong>apostolis,</strong></span> <span class='ocrx_word' id='word_1_706' title='bbox 1014 4676 1126 4731; x_wconf 86' lang='lat' dir='ltr'><strong>sive</strong></span> <span class='ocrx_word' id='word_1_707' title='bbox 1159 4677 1461 4745; x_wconf 76' lang='lat' dir='ltr'><strong>discipulis,</strong></span> <span class='ocrx_word' id='word_1_708' title='bbox 1493 4696 1559 4733; x_wconf 90' lang='lat' dir='ltr'><strong>ne</strong></span> <span class='ocrx_word' id='word_1_709' title='bbox 1586 4681 1724 4736; x_wconf 88' lang='lat' dir='ltr'><strong>forte</strong></span> <span class='ocrx_word' id='word_1_710' title='bbox 1753 4683 1805 4736; x_wconf 92' lang='lat' dir='ltr'><strong>in</strong></span> <span class='ocrx_word' id='word_1_711' title='bbox 1835 4698 2059 4739; x_wconf 88' lang='lat' dir='ltr'><strong>vacuum</strong></span> 
     </span>
    </p>
   </div>
   <div class='ocr_carea' id='block_1_93' title="bbox 484 4764 2061 4839">
    <p class='ocr_par' dir='ltr' id='par_1_93' title="bbox 484 4764 2061 4839">
     <span class='ocr_line' id='line_1_93' title="bbox 484 4764 2061 4839; baseline 0.008 -21"><span class='ocrx_word' id='word_1_712' title='bbox 484 4773 686 4819; x_wconf 89' lang='lat' dir='ltr'><strong>currat.</strong></span> <span class='ocrx_word' id='word_1_713' title='bbox 730 4764 863 4820; x_wconf 93' lang='lat' dir='ltr'><strong>Cum</strong></span> <span class='ocrx_word' id='word_1_714' title='bbox 912 4784 1043 4823; x_wconf 92' lang='lat' dir='ltr'><strong>vero</strong></span> <span class='ocrx_word' id='word_1_715' title='bbox 1082 4768 1149 4821; x_wconf 91' lang='lat' dir='ltr'><strong>ab</strong></span> <span class='ocrx_word' id='word_1_716' title='bbox 1203 4767 1553 4839; x_wconf 83' lang='lat' dir='ltr'><strong>Jerosolymis</strong></span> <span class='ocrx_word' id='word_1_717' title='bbox 1592 4772 1972 4839; x_wconf 89' lang='lat' dir='ltr'><strong>descendisset,</strong></span> <span class='ocrx_word' id='word_1_718' title='bbox 2005 4784 2061 4831; x_wconf 90' lang='lat' dir='ltr'><strong>et</strong></span> 
     </span>
    </p>
   </div>
   <div class='ocr_carea' id='block_1_94' title="bbox 484 4858 2060 4927">
    <p class='ocr_par' dir='ltr' id='par_1_94' title="bbox 484 4858 2060 4927">
     <span class='ocr_line' id='line_1_94' title="bbox 484 4858 2060 4927; baseline 0.01 -21"><span class='ocrx_word' id='word_1_719' title='bbox 484 4870 667 4909; x_wconf 88' lang='lat' dir='ltr'><strong>rursus</strong></span> <span class='ocrx_word' id='word_1_720' title='bbox 712 4858 949 4924; x_wconf 87' lang='lat' dir='ltr'><strong>gentium</strong></span> <span class='ocrx_word' id='word_1_721' title='bbox 986 4858 1234 4926; x_wconf 86' lang='lat' dir='ltr'><strong>gregibus</strong></span> <span class='ocrx_word' id='word_1_722' title='bbox 1282 4859 1635 4927; x_wconf 88' lang='lat' dir='ltr'><strong>interfuisset,</strong></span> <span class='ocrx_word' id='word_1_723' title='bbox 1687 4865 2060 4921; x_wconf 88' lang='lat' dir='ltr'><strong>emendavitne</strong></span> 
     </span>
    </p>
   </div>
   <div class='ocr_carea' id='block_1_95' title="bbox 485 4945 2054 5018">
    <p class='ocr_par' dir='ltr' id='par_1_95' title="bbox 485 4945 2054 5018">
     <span class='ocr_line' id='line_1_95' title="bbox 485 4945 2054 5018; baseline 0.008 -21"><span class='ocrx_word' id='word_1_724' title='bbox 485 4945 683 5013; x_wconf 87' lang='lat' dir='ltr'><strong>aliquid</strong></span> <span class='ocrx_word' id='word_1_725' title='bbox 705 4962 771 5002; x_wconf 88' lang='lat' dir='ltr'><strong>ex</strong></span> <span class='ocrx_word' id='word_1_726' title='bbox 792 4948 1093 5017; x_wconf 87' lang='lat' dir='ltr'><strong>prioribus?</strong></span> <span class='ocrx_word' id='word_1_727' title='bbox 1119 4949 1307 5004; x_wconf 87' lang='lat' dir='ltr'><strong>Nonne</strong></span> <span class='ocrx_word' id='word_1_728' title='bbox 1337 4954 1695 5018; x_wconf 87' lang='lat' dir='ltr'><strong>perseveravit</strong></span> <span class='ocrx_word' id='word_1_729' title='bbox 1724 4954 1889 5009; x_wconf 91' lang='lat' dir='ltr'><strong>Deum</strong></span> <span class='ocrx_word' id='word_1_730' title='bbox 1921 4971 2054 5010; x_wconf 79' lang='lat' dir='ltr'><strong>eon-</strong></span> 
     </span>
    </p>
   </div>
   <div class='ocr_carea' id='block_1_96' title="bbox 488 5034 2059 5110">
    <p class='ocr_par' dir='ltr' id='par_1_96' title="bbox 488 5034 2059 5110">
     <span class='ocr_line' id='line_1_96' title="bbox 488 5034 2059 5110; baseline 0.011 -27"><span class='ocrx_word' id='word_1_731' title='bbox 488 5034 641 5090; x_wconf 87' lang='lat' dir='ltr'><strong>titens</strong></span> <span class='ocrx_word' id='word_1_732' title='bbox 667 5035 977 5092; x_wconf 74' lang='lat' dir='ltr'><strong>Christum?</strong></span> <span class='ocrx_word' id='word_1_733' title='bbox 1006 5038 1179 5106; x_wconf 86' lang='lat' dir='ltr'><strong>Atque</strong></span> <span class='ocrx_word' id='word_1_734' title='bbox 1208 5039 1329 5093; x_wconf 90' lang='lat' dir='ltr'><strong>ideo</strong></span> <span class='ocrx_word' id='word_1_735' title='bbox 1356 5041 1536 5095; x_wconf 88' lang='lat' dir='ltr'><strong>scribit</strong></span> <span class='ocrx_word' id='word_1_736' title='bbox 1556 5043 1871 5110; x_wconf 89' lang='lat' dir='ltr'><strong>quibusdam</strong></span> <span class='ocrx_word' id='word_1_737' title='bbox 1906 5063 1918 5097; x_wconf 86' lang='lat'>:</span> <span class='ocrx_word' id='word_1_738' title='bbox 1951 5046 2059 5100; x_wconf 80' lang='lat' dir='ltr'><strong>Mi-</strong></span> 
     </span>
    </p>
   </div>
   <div class='ocr_carea' id='block_1_97' title="bbox 486 5126 2061 5203">
    <p class='ocr_par' dir='ltr' id='par_1_97' title="bbox 486 5126 2061 5203">
     <span class='ocr_line' id='line_1_97' title="bbox 486 5126 2061 5203; baseline 0.011 -29"><span class='ocrx_word' id='word_1_739' title='bbox 486 5140 573 5175; x_wconf 87' lang='lat' dir='ltr'><strong>ror</strong></span> <span class='ocrx_word' id='word_1_740' title='bbox 611 5126 745 5194; x_wconf 88' lang='lat' dir='ltr'><strong>quod</strong></span> <span class='ocrx_word' id='word_1_741' title='bbox 783 5129 857 5179; x_wconf 91' lang='lat' dir='ltr'><strong>sic</strong></span> <span class='ocrx_word' id='word_1_742' title='bbox 893 5130 992 5181; x_wconf 88' lang='lat' dir='ltr'><strong>cito</strong></span> <span class='ocrx_word' id='word_1_743' title='bbox 1032 5131 1403 5199; x_wconf 75' lang='lat' dir='ltr'><strong>transferimini</strong></span> <span class='ocrx_word' id='word_1_744' title='bbox 1432 5130 1496 5183; x_wconf 90' lang='lat' dir='ltr'><strong>ab</strong></span> <span class='ocrx_word' id='word_1_745' title='bbox 1523 5149 1601 5197; x_wconf 91' lang='lat' dir='ltr'><strong>eo,</strong></span> <span class='ocrx_word' id='word_1_746' title='bbox 1635 5136 1719 5203; x_wconf 87' lang='lat' dir='ltr'><strong>qui</strong></span> <span class='ocrx_word' id='word_1_747' title='bbox 1750 5152 1835 5189; x_wconf 90' lang='lat' dir='ltr'><strong>vos</strong></span> <span class='ocrx_word' id='word_1_748' title='bbox 1867 5139 2061 5190; x_wconf 89' lang='lat' dir='ltr'><strong>vocavit</strong></span> 
     </span>
    </p>
   </div>
   <div class='ocr_carea' id='block_1_98' title="bbox 484 5215 2062 5300">
    <p class='ocr_par' dir='ltr' id='par_1_98' title="bbox 484 5215 2062 5300">
     <span class='ocr_line' id='line_1_98' title="bbox 484 5215 2062 5300; baseline 0.012 -36"><span class='ocrx_word' id='word_1_749' title='bbox 484 5215 537 5265; x_wconf 89' lang='lat' dir='ltr'><strong>in</strong></span> <span class='ocrx_word' id='word_1_750' title='bbox 588 5215 731 5267; x_wconf 86' lang='lat' dir='ltr'><strong>aliud</strong></span> <span class='ocrx_word' id='word_1_751' title='bbox 776 5219 1107 5287; x_wconf 84' lang='lat' dir='ltr'><strong>evangelium,</strong></span> <span class='ocrx_word' id='word_1_752' title='bbox 1157 5221 1291 5290; x_wconf 83' lang='lat' dir='ltr'><strong>quod</strong></span> <span class='ocrx_word' id='word_1_753' title='bbox 1338 5238 1441 5276; x_wconf 88' lang='lat' dir='ltr'><strong>non</strong></span> <span class='ocrx_word' id='word_1_754' title='bbox 1477 5234 1553 5278; x_wconf 90' lang='lat' dir='ltr'><strong>est</strong></span> <span class='ocrx_word' id='word_1_755' title='bbox 1588 5226 1748 5288; x_wconf 87' lang='lat' dir='ltr'><strong>aliud,</strong></span> <span class='ocrx_word' id='word_1_756' title='bbox 1774 5229 1875 5281; x_wconf 89' lang='lat' dir='ltr'><strong>nisi</strong></span> <span class='ocrx_word' id='word_1_757' title='bbox 1901 5230 2062 5300; x_wconf 88' lang='lat' dir='ltr'><strong>aliqui</strong></span> 
     </span>
    </p>
   </div>
   <div class='ocr_carea' id='block_1_99' title="bbox 487 5307 2059 5390">
    <p class='ocr_par' dir='ltr' id='par_1_99' title="bbox 487 5307 2059 5390">
     <span class='ocr_line' id='line_1_99' title="bbox 487 5307 2059 5390; baseline 0.01 -32"><span class='ocrx_word' id='word_1_758' title='bbox 487 5315 603 5358; x_wconf 86' lang='lat' dir='ltr'><strong>sunt</strong></span> <span class='ocrx_word' id='word_1_759' title='bbox 622 5307 977 5362; x_wconf 88' lang='lat' dir='ltr'><strong>conturbantes</strong></span> <span class='ocrx_word' id='word_1_760' title='bbox 1000 5327 1083 5363; x_wconf 89' lang='lat' dir='ltr'><strong>vos</strong></span> <span class='ocrx_word' id='word_1_761' title='bbox 1106 5320 1153 5363; x_wconf 91' lang='lat' dir='ltr'><strong>et</strong></span> <span class='ocrx_word' id='word_1_762' title='bbox 1173 5312 1389 5368; x_wconf 89' lang='lat' dir='ltr'><strong>volentes</strong></span> <span class='ocrx_word' id='word_1_763' title='bbox 1418 5325 1706 5370; x_wconf 89' lang='lat' dir='ltr'><strong>convertere</strong></span> <span class='ocrx_word' id='word_1_764' title='bbox 1720 5316 2059 5390; x_wconf 81' lang='lat' dir='ltr'><strong>Evangelium</strong></span> 
     </span>
    </p>
   </div>
   <div class='ocr_carea' id='block_1_100' title="bbox 486 5394 2063 5467">
    <p class='ocr_par' dir='ltr' id='par_1_100' title="bbox 486 5394 2063 5467">
     <span class='ocr_line' id='line_1_100' title="bbox 486 5394 2063 5467; baseline 0.008 -18"><span class='ocrx_word' id='word_1_765' title='bbox 486 5394 673 5450; x_wconf 80' lang='lat' dir='ltr'><strong>Christi</strong></span> <span class='ocrx_word' id='word_1_766' title='bbox 697 5394 835 5463; x_wconf 83' lang='lat' dir='ltr'><strong>(Gal.</strong></span> <span class='ocrx_word' id='word_1_767' title='bbox 861 5416 896 5464; x_wconf 88' lang='lat' dir='ltr'><strong>t,</strong></span> <span class='ocrx_word' id='word_1_768' title='bbox 921 5398 996 5467; x_wconf 82' lang='lat'><strong>6).</strong></span> <span class='ocrx_word' id='word_1_769' title='bbox 1023 5400 1111 5454; x_wconf 88' lang='lat' dir='ltr'><strong>Ait</strong></span> <span class='ocrx_word' id='word_1_770' title='bbox 1131 5410 1309 5458; x_wconf 87' lang='lat' dir='ltr'><strong>autem</strong></span> <span class='ocrx_word' id='word_1_771' title='bbox 1346 5405 1539 5459; x_wconf 87' lang='lat' dir='ltr'><strong>iterum</strong></span> <span class='ocrx_word' id='word_1_772' title='bbox 1563 5423 1574 5457; x_wconf 91' lang='lat'>:</span> <span class='ocrx_word' id='word_1_773' title='bbox 1603 5404 1709 5460; x_wconf 84' lang='lat' dir='ltr'><strong>Sed</strong></span> <span class='ocrx_word' id='word_1_774' title='bbox 1731 5409 1825 5461; x_wconf 88' lang='lat' dir='ltr'><strong>etsi</strong></span> <span class='ocrx_word' id='word_1_775' title='bbox 1847 5424 1938 5461; x_wconf 90' lang='lat' dir='ltr'><strong>nos</strong></span> <span class='ocrx_word' id='word_1_776' title='bbox 1970 5416 2063 5461; x_wconf 85' lang='lat' dir='ltr'><strong>aut</strong></span> 
     </span>
    </p>
   </div>
   <div class='ocr_carea' id='block_1_101' title="bbox 2162 4580 3735 4654">
    <p class='ocr_par' dir='ltr' id='par_1_101' title="bbox 2162 4580 3735 4654">
     <span class='ocr_line' id='line_1_101' title="bbox 2162 4580 3735 4654; baseline 0 -19"><span class='ocrx_word' id='word_1_777' title='bbox 2162 4598 2263 4635; x_wconf 88' lang='lat' dir='ltr'><strong>om.</strong></span> <span class='ocrx_word' id='word_1_778' title='bbox 2289 4580 2445 4651; x_wconf 84' lang='lat' dir='ltr'><strong>Legis</strong></span> <span class='ocrx_word' id='word_1_779' title='bbox 2467 4590 2521 4636; x_wconf 92' lang='lat' dir='ltr'><strong>et</strong></span> <span class='ocrx_word' id='word_1_780' title='bbox 2551 4581 2956 4654; x_wconf 83' lang='lat' dir='ltr'><strong>Prophetaruth</strong></span> <span class='ocrx_word' id='word_1_781' title='bbox 2987 4582 3229 4646; x_wconf 89' lang='lat' dir='ltr'><strong>adorare,</strong></span> <span class='ocrx_word' id='word_1_782' title='bbox 3271 4584 3615 4639; x_wconf 89' lang='lat' dir='ltr'><strong>adorabimus</strong></span> <span class='ocrx_word' id='word_1_783' title='bbox 3642 4585 3735 4637; x_wconf 84' lang='lat' dir='ltr'><strong>ho-</strong></span> 
     </span>
    </p>
   </div>
   <div class='ocr_carea' id='block_1_102' title="bbox 2162 4674 3736 4729">
    <p class='ocr_par' dir='ltr' id='par_1_102' title="bbox 2162 4674 3736 4729">
     <span class='ocr_line' id='line_1_102' title="bbox 2162 4674 3736 4729; baseline -0.001 -2"><span class='ocrx_word' id='word_1_784' title='bbox 2162 4674 2361 4728; x_wconf 91' lang='lat' dir='ltr'><strong>minem</strong></span> <span class='ocrx_word' id='word_1_785' title='bbox 2422 4676 2709 4729; x_wconf 88' lang='lat' dir='ltr'><strong>habentem</strong></span> <span class='ocrx_word' id='word_1_786' title='bbox 2753 4674 2920 4728; x_wconf 91' lang='lat' dir='ltr'><strong>Deum</strong></span> <span class='ocrx_word' id='word_1_787' title='bbox 2968 4675 3389 4729; x_wconf 87' lang='lat' dir='ltr'><strong>inhabitantem?</strong></span> <span class='ocrx_word' id='word_1_788' title='bbox 3441 4674 3540 4729; x_wconf 91' lang='lat' dir='ltr'><strong>Ubi</strong></span> <span class='ocrx_word' id='word_1_789' title='bbox 3599 4676 3736 4729; x_wconf 89' lang='lat' dir='ltr'><strong>enim</strong></span> 
     </span>
    </p>
   </div>
   <div class='ocr_carea' id='block_1_103' title="bbox 2162 4765 3734 4836">
    <p class='ocr_par' dir='ltr' id='par_1_103' title="bbox 2162 4765 3734 4836">
     <span class='ocr_line' id='line_1_103' title="bbox 2162 4765 3734 4836; baseline -0.002 -16"><span class='ocrx_word' id='word_1_790' title='bbox 2162 4767 2516 4836; x_wconf 73' lang='lat' dir='ltr'><strong>pmstabilius</strong></span> <span class='ocrx_word' id='word_1_791' title='bbox 2540 4775 2656 4820; x_wconf 89' lang='lat' dir='ltr'><strong>erat</strong></span> <span class='ocrx_word' id='word_1_792' title='bbox 2677 4767 2841 4819; x_wconf 90' lang='lat' dir='ltr'><strong>Deum</strong></span> <span class='ocrx_word' id='word_1_793' title='bbox 2865 4765 3126 4832; x_wconf 86' lang='lat' dir='ltr'><strong>intelligi?</strong></span> <span class='ocrx_word' id='word_1_794' title='bbox 3152 4765 3209 4818; x_wconf 90' lang='lat' dir='ltr'><strong>In</strong></span> <span class='ocrx_word' id='word_1_795' title='bbox 3236 4765 3395 4830; x_wconf 63' lang='lat' dir='ltr'><strong>caelo,</strong></span> <span class='ocrx_word' id='word_1_796' title='bbox 3429 4781 3497 4818; x_wconf 91' lang='lat' dir='ltr'><strong>an</strong></span> <span class='ocrx_word' id='word_1_797' title='bbox 3520 4766 3574 4818; x_wconf 89' lang='lat' dir='ltr'><strong>in</strong></span> <span class='ocrx_word' id='word_1_798' title='bbox 3597 4774 3734 4818; x_wconf 82' lang='lat' dir='ltr'><strong>terra</strong></span> 
     </span>
    </p>
   </div>
   <div class='ocr_carea' id='block_1_104' title="bbox 2164 4853 3735 4930">
    <p class='ocr_par' dir='ltr' id='par_1_104' title="bbox 2164 4853 3735 4930">
     <span class='ocr_line' id='line_1_104' title="bbox 2164 4853 3735 4930; baseline -0.002 -22"><span class='ocrx_word' id='word_1_799' title='bbox 2164 4857 2369 4930; x_wconf 77' lang='lat' dir='ltr'><strong>[Baluz.</strong></span> <span class='ocrx_word' id='word_1_800' title='bbox 2402 4871 2470 4909; x_wconf 86' lang='lat' dir='ltr'><strong>an</strong></span> <span class='ocrx_word' id='word_1_801' title='bbox 2499 4856 2668 4923; x_wconf 87' lang='lat' dir='ltr'><strong>magis</strong></span> <span class='ocrx_word' id='word_1_802' title='bbox 2690 4853 2965 4925; x_wconf 82' lang='lat' dir='ltr'><strong>homine]?</strong></span> <span class='ocrx_word' id='word_1_803' title='bbox 3002 4853 3063 4908; x_wconf 83' lang='lat' dir='ltr'><strong>In</strong></span> <span class='ocrx_word' id='word_1_804' title='bbox 3090 4854 3381 4923; x_wconf 85' lang='lat' dir='ltr'><strong>seraphim,</strong></span> <span class='ocrx_word' id='word_1_805' title='bbox 3415 4870 3483 4908; x_wconf 88' lang='lat' dir='ltr'><strong>an</strong></span> <span class='ocrx_word' id='word_1_806' title='bbox 3527 4855 3582 4907; x_wconf 91' lang='lat' dir='ltr'><strong>in</strong></span> <span class='ocrx_word' id='word_1_807' title='bbox 3629 4863 3735 4906; x_wconf 82' lang='lat' dir='ltr'><strong>ter-</strong></span> 
     </span>
    </p>
   </div>
   <div class='ocr_carea' id='block_1_105' title="bbox 2166 4948 2586 5015">
    <p class='ocr_par' dir='ltr' id='par_1_105' title="bbox 2166 4948 2586 5015">
     <span class='ocr_line' id='line_1_105' title="bbox 2166 4948 2586 5015; baseline -0.002 -14"><span class='ocrx_word' id='word_1_808' title='bbox 2166 4964 2297 5001; x_wconf 87' lang='lat' dir='ltr'><strong>reno</strong></span> <span class='ocrx_word' id='word_1_809' title='bbox 2325 4948 2586 5015; x_wconf 87' lang='lat' dir='ltr'><strong>corpore?</strong></span> 
     </span>
    </p>
   </div>
   <div class='ocr_carea' id='block_1_106' title="bbox 2232 5035 3735 5112">
    <p class='ocr_par' dir='ltr' id='par_1_106' title="bbox 2232 5035 3735 5112">
     <span class='ocr_line' id='line_1_106' title="bbox 2232 5035 3735 5112; baseline -0.003 -20"><span class='ocrx_word' id='word_1_810' title='bbox 2232 5038 2288 5092; x_wconf 92' lang='lat' dir='ltr'><strong>Si</strong></span> <span class='ocrx_word' id='word_1_811' title='bbox 2317 5045 2434 5092; x_wconf 90' lang='lat' dir='ltr'><strong>erat</strong></span> <span class='ocrx_word' id='word_1_812' title='bbox 2458 5039 2619 5091; x_wconf 89' lang='lat' dir='ltr'><strong>homo</strong></span> <span class='ocrx_word' id='word_1_813' title='bbox 2648 5038 2885 5112; x_wconf 70' lang='grc' dir='ltr'><strong>θεοφόρος</strong></span> <span class='ocrx_word' id='word_1_814' title='bbox 2904 5076 2916 5099; x_wconf 84' lang='grc'><em>,</em></span> <span class='ocrx_word' id='word_1_815' title='bbox 2975 5035 3247 5105; x_wconf 89' lang='lat' dir='ltr'><strong>quomodo</strong></span> <span class='ocrx_word' id='word_1_816' title='bbox 3285 5036 3649 5105; x_wconf 82' lang='lat' dir='ltr'><strong>propemodum</strong></span> <span class='ocrx_word' id='word_1_817' title='bbox 3678 5048 3735 5087; x_wconf 79' lang='lat' dir='ltr'><strong>ae</strong></span> 
     </span>
    </p>
   </div>
   <div class='ocr_carea' id='block_1_107' title="bbox 2162 5124 3734 5198">
    <p class='ocr_par' dir='ltr' id='par_1_107' title="bbox 2162 5124 3734 5198">
     <span class='ocr_line' id='line_1_107' title="bbox 2162 5124 3734 5198; baseline -0.003 -18"><span class='ocrx_word' id='word_1_818' title='bbox 2162 5144 2256 5184; x_wconf 88' lang='lat' dir='ltr'><strong>nos</strong></span> <span class='ocrx_word' id='word_1_819' title='bbox 2278 5128 2601 5198; x_wconf 87' lang='lat' dir='ltr'><strong>participavit</strong></span> <span class='ocrx_word' id='word_1_820' title='bbox 2624 5129 2769 5180; x_wconf 89' lang='lat' dir='ltr'><strong>carni</strong></span> <span class='ocrx_word' id='word_1_821' title='bbox 2805 5143 2865 5178; x_wconf 89' lang='lat' dir='ltr'><strong>ac</strong></span> <span class='ocrx_word' id='word_1_822' title='bbox 2906 5128 3147 5197; x_wconf 81' lang='lat' dir='ltr'><strong>sanguini</strong></span> <span class='ocrx_word' id='word_1_823' title='bbox 3172 5124 3338 5194; x_wconf 73' lang='grc' dir='ltr'><strong>(Πρὸ.</strong></span> <span class='ocrx_word' id='word_1_824' title='bbox 3369 5142 3424 5189; x_wconf 89' lang='lat' dir='ltr'><strong>II,</strong></span> <span class='ocrx_word' id='word_1_825' title='bbox 3458 5125 3579 5195; x_wconf 62' lang='grc' dir='ltr'><strong>ιω</strong></span> <span class='ocrx_word' id='word_1_826' title='bbox 3604 5125 3734 5177; x_wconf 81' lang='lat' dir='ltr'><strong>Nam</strong></span> 
     </span>
    </p>
   </div>
   <div class='ocr_carea' id='block_1_108' title="bbox 2163 5217 3736 5292">
    <p class='ocr_par' dir='ltr' id='par_1_108' title="bbox 2163 5217 3736 5292">
     <span class='ocr_line' id='line_1_108' title="bbox 2163 5217 3736 5292; baseline -0.006 -14"><span class='ocrx_word' id='word_1_827' title='bbox 2163 5225 2207 5279; x_wconf 88' lang='lat' dir='ltr'><strong>si</strong></span> <span class='ocrx_word' id='word_1_828' title='bbox 2236 5224 2359 5292; x_wconf 88' lang='lat' dir='ltr'><strong>quia</strong></span> <span class='ocrx_word' id='word_1_829' title='bbox 2390 5222 2530 5276; x_wconf 92' lang='lat' dir='ltr'><strong>Deus</strong></span> <span class='ocrx_word' id='word_1_830' title='bbox 2558 5221 2893 5285; x_wconf 78' lang='lat' dir='ltr'><strong>inhabitavit,</strong></span> <span class='ocrx_word' id='word_1_831' title='bbox 2928 5221 3030 5273; x_wconf 92' lang='lat' dir='ltr'><strong>hoc</strong></span> <span class='ocrx_word' id='word_1_832' title='bbox 3080 5220 3128 5273; x_wconf 91' lang='lat' dir='ltr'><strong>ei</strong></span> <span class='ocrx_word' id='word_1_833' title='bbox 3155 5217 3367 5281; x_wconf 79' lang='lat' dir='ltr'><strong>sufﬁcit,</strong></span> <span class='ocrx_word' id='word_1_834' title='bbox 3400 5226 3460 5271; x_wconf 91' lang='lat' dir='ltr'><strong>ut</strong></span> <span class='ocrx_word' id='word_1_835' title='bbox 3499 5217 3736 5271; x_wconf 85' lang='lat' dir='ltr'><strong>similiter</strong></span> 
     </span>
    </p>
   </div>
   <div class='ocr_carea' id='block_1_109' title="bbox 2167 5309 3736 5384">
    <p class='ocr_par' dir='ltr' id='par_1_109' title="bbox 2167 5309 3736 5384">
     <span class='ocr_line' id='line_1_109' title="bbox 2167 5309 3736 5384; baseline -0.007 -14"><span class='ocrx_word' id='word_1_836' title='bbox 2167 5333 2229 5370; x_wconf 90' lang='lat' dir='ltr'><strong>ac</strong></span> <span class='ocrx_word' id='word_1_837' title='bbox 2257 5331 2356 5370; x_wconf 92' lang='lat' dir='ltr'><strong>nos</strong></span> <span class='ocrx_word' id='word_1_838' title='bbox 2384 5314 2729 5384; x_wconf 87' lang='lat' dir='ltr'><strong>participaret</strong></span> <span class='ocrx_word' id='word_1_839' title='bbox 2756 5313 2901 5367; x_wconf 88' lang='lat' dir='ltr'><strong>carni</strong></span> <span class='ocrx_word' id='word_1_840' title='bbox 2925 5320 2979 5365; x_wconf 88' lang='lat' dir='ltr'><strong>et</strong></span> <span class='ocrx_word' id='word_1_841' title='bbox 3006 5311 3279 5378; x_wconf 86' lang='lat' dir='ltr'><strong>sanguini;</strong></span> <span class='ocrx_word' id='word_1_842' title='bbox 3304 5318 3358 5363; x_wconf 84' lang='lat' dir='ltr'><strong>et</strong></span> <span class='ocrx_word' id='word_1_843' title='bbox 3391 5310 3464 5361; x_wconf 90' lang='lat' dir='ltr'><strong>ita</strong></span> <span class='ocrx_word' id='word_1_844' title='bbox 3488 5309 3565 5361; x_wconf 83' lang='lat' dir='ltr'><strong>Itis</strong></span> <span class='ocrx_word' id='word_1_845' title='bbox 3611 5323 3736 5377; x_wconf 84' lang='lat' dir='ltr'><strong>par-</strong></span> 
     </span>
    </p>
   </div>
   <div class='ocr_carea' id='block_1_110' title="bbox 2166 5400 3733 5477">
    <p class='ocr_par' dir='ltr' id='par_1_110' title="bbox 2166 5400 3733 5477">
     <span class='ocr_line' id='line_1_110' title="bbox 2166 5400 3733 5477; baseline -0.008 -16"><span class='ocrx_word' id='word_1_846' title='bbox 2166 5408 2387 5477; x_wconf 82' lang='lat' dir='ltr'><strong>ticipare</strong></span> <span class='ocrx_word' id='word_1_847' title='bbox 2426 5404 2478 5459; x_wconf 90' lang='lat' dir='ltr'><strong>id</strong></span> <span class='ocrx_word' id='word_1_848' title='bbox 2520 5405 2691 5474; x_wconf 86' lang='lat' dir='ltr'><strong>ipsum</strong></span> <span class='ocrx_word' id='word_1_849' title='bbox 2720 5410 2819 5466; x_wconf 89' lang='lat' dir='ltr'><strong>est,</strong></span> <span class='ocrx_word' id='word_1_850' title='bbox 2850 5402 2993 5472; x_wconf 91' lang='lat' dir='ltr'><strong>quod</strong></span> <span class='ocrx_word' id='word_1_851' title='bbox 3042 5402 3312 5455; x_wconf 86' lang='lat' dir='ltr'><strong>hominem</strong></span> <span class='ocrx_word' id='word_1_852' title='bbox 3352 5400 3545 5454; x_wconf 75' lang='lat' dir='ltr'><strong>factum</strong></span> <span class='ocrx_word' id='word_1_853' title='bbox 3571 5414 3689 5453; x_wconf 84' lang='lat' dir='ltr'><strong>esse</strong></span> <span class='ocrx_word' id='word_1_854' title='bbox 3720 5415 3733 5448; x_wconf 86' lang='lat'><strong>:</strong></span> 
     </span>
    </p>
   </div>
   <div class='ocr_carea' id='block_1_111' title="bbox 1649 5557 2575 5615">
    <p class='ocr_par' dir='ltr' id='par_1_111' title="bbox 1649 5557 2575 5615">
     <span class='ocr_line' id='line_1_111' title="bbox 1649 5557 2575 5615; baseline 0 -4"><span class='ocrx_word' id='word_1_855' title='bbox 1649 5558 2185 5615; x_wconf 67' lang='lat' dir='ltr'><strong>(IASTIGATIONES</strong></span> <span class='ocrx_word' id='word_1_856' title='bbox 2225 5558 2310 5611; x_wconf 79' lang='grc' dir='ltr'><strong>ΕΤ</strong></span> <span class='ocrx_word' id='word_1_857' title='bbox 2351 5557 2575 5612; x_wconf 58' lang='grc' dir='ltr'><strong>ΝΟΤΛΞ.</strong></span> 
     </span>
    </p>
   </div>
   <div class='ocr_carea' id='block_1_112' title="bbox 555 5685 3729 5765">
    <p class='ocr_par' dir='ltr' id='par_1_112' title="bbox 555 5685 3729 5765">
     <span class='ocr_line' id='line_1_112' title="bbox 555 5685 3729 5765; baseline -0.003 -18"><span class='ocrx_word' id='word_1_858' title='bbox 555 5695 579 5722; x_wconf 80' lang='grc'><strong><em>⁸</em></strong></span> <span class='ocrx_word' id='word_1_859' title='bbox 618 5694 829 5749; x_wconf 73' lang='lat' dir='ltr'><strong>Videtur</strong></span> <span class='ocrx_word' id='word_1_860' title='bbox 852 5695 1047 5765; x_wconf 88' lang='lat' dir='ltr'><strong>ahquid</strong></span> <span class='ocrx_word' id='word_1_861' title='bbox 1078 5697 1161 5752; x_wconf 91' lang='lat' dir='ltr'><strong>hic</strong></span> <span class='ocrx_word' id='word_1_862' title='bbox 1189 5697 1404 5763; x_wconf 72' lang='lat' dir='ltr'><strong>deesse;</strong></span> <span class='ocrx_word' id='word_1_863' title='bbox 1430 5697 1500 5762; x_wconf 86' lang='lat' dir='ltr'><strong>id,</strong></span> <span class='ocrx_word' id='word_1_864' title='bbox 1521 5699 1730 5764; x_wconf 82' lang='lat' dir='ltr'><strong>opinor,</strong></span> <span class='ocrx_word' id='word_1_865' title='bbox 1755 5694 1894 5761; x_wconf 86' lang='lat' dir='ltr'><strong>quod</strong></span> <span class='ocrx_word' id='word_1_866' title='bbox 1918 5693 2231 5749; x_wconf 81' lang='lat' dir='ltr'><strong>Anastasius</strong></span> <span class='ocrx_word' id='word_1_867' title='bbox 2259 5690 2462 5747; x_wconf 87' lang='lat' dir='ltr'><strong>Sinaita</strong></span> <span class='ocrx_word' id='word_1_868' title='bbox 2487 5698 2750 5747; x_wconf 87' lang='lat' dir='ltr'><strong>memorat</strong></span> <span class='ocrx_word' id='word_1_869' title='bbox 2770 5689 2833 5745; x_wconf 90' lang='lat' dir='ltr'><strong>dc</strong></span> <span class='ocrx_word' id='word_1_870' title='bbox 2856 5696 3055 5744; x_wconf 86' lang='lat' dir='ltr'><strong>statere</strong></span> <span class='ocrx_word' id='word_1_871' title='bbox 3087 5687 3138 5740; x_wconf 85' lang='lat' dir='ltr'><strong>in</strong></span> <span class='ocrx_word' id='word_1_872' title='bbox 3163 5686 3419 5741; x_wconf 78' lang='lat' dir='ltr'><strong>tributum</strong></span> <span class='ocrx_word' id='word_1_873' title='bbox 3444 5685 3729 5756; x_wconf 81' lang='lat' dir='ltr'><strong>pensitato.</strong></span> 
     </span>
    </p>
   </div>
  </div>
