3978 6188
276 306 417 361 1015

1021 303 1079 358 S.
1118 301 1384 358 CYlllLLl
1422 298 1707 356 SCIIOLIA
1754 299 1839 354 DE
1877 295 2389 354 INCARNATIDNE
2431 296 2807 355 UNIGENITI.

3404 302 3540 360 (οἰδ

273 415 590 472 inhabitavit
633 422 812 469 autem
844 423 899 468 et
945 414 998 468 in
1042 414 1225 468 multis
1244 414 1469 479 sanctis;
1500 414 1664 467 homo
1687 412 1850 479 igitur
1879 433 1921 488 Α
1952 416 2283 471 tantumdem
2299 418 2713 487 agit;scriptum
2728 427 2810 473 est
2831 419 2972 473 enim
2988 419 3128 489 quod
3158 420 3344 474 videbit
3371 428 3537 477 omnis

274 525 385 562 non
412 506 600 571 semel,
650 505 744 559 sed
797 506 1088 575 saepissime
1143 505 1317 559 factus
1344 513 1445 560 est.
1496 503 1674 569 Quare
1721 516 1850 569 ergo

272 598 430 653 semel
456 598 509 649 in
535 597 972 648 consummatione
1015 594 1337 659 saeculorum,
1379 595 1430 646 in
1463 593 1853 646 destruc.'ionem

275 689 484 763 [Baluz.
515 684 917 755 destitutionem]
938 686 1164 755 peccati,
1193 703 1282 755 per
1304 685 1524 737 hostiam
1552 698 1699 736 suam
1725 681 1855 733 dici-

275 790 363 834 tur
386 779 687 850 apparuisse
718 776 881 846 (Heb.
916 793 988 840 ix,
1012 776 1102 846 26)
1125 778 1146 831 2
1169 775 1450 842 Quomodo
1479 782 1660 827 autem
1690 786 1854 826 unum

274 873 436 927 nobis
452 870 616 925 Verbi
640 869 926 924 adventum
950 869 1241 938 praedicant
1261 868 1451 921 divina:
1470 865 1777 933 Scriptum,
1809 863 1855 916 si

275 963 511 1037 θεοφόρος
559 967 679 1015 erat
729 960 931 1014 homo?
972 958 1028 1013 Si
1079 959 1338 1027 templum
1366 965 1420 1011 et
1450 957 1562 1025 ipse
1585 954 1753 1010 factus
1773 960 1857 1008 est

278 1054 398 1119 Dei,
446 1051 717 1121 quomodo
738 1060 793 1105 et
844 1051 898 1104 in
952 1050 1108 1107 nobis
1152 1050 1315 1103 etiam
1360 1047 1601 1101 Christus
1629 1046 1743 1099 est?
1772 1043 1856 1098 Si-

277 1152 443 1199 cutne
465 1143 721 1211 templum
746 1143 799 1195 in
824 1141 1071 1210 templis?
1110 1153 1180 1193 an
1210 1146 1269 1193 ut
1288 1138 1428 1191 Deus
1449 1136 1616 1204 magis
1644 1136 1696 1188 in
1718 1142 1857 1188 tem-

276 1235 385 1304 plis
429 1249 526 1303 per
562 1232 851 1302 Spiritum?
898 1232 955 1286 Si
999 1233 1229 1305 θεοφόρος
1266 1237 1382 1283 erat
1426 1229 1607 1291 homo,
1653 1242 1749 1280 cur
1776 1232 1859 1279 est

276 1326 446 1381 solius
474 1326 638 1395 ipsius
666 1339 861 1393 corpus
882 1322 1188 1376 viviﬁcum?
1216 1324 1537 1389 Uportuerat
1557 1318 1701 1373 enim
1727 1316 1859 1369 alio-

276 1433 402 1471 rum
446 1418 608 1471 etiam
654 1429 881 1485 corpora
934 1427 1053 1469 esse
1096 1412 1240 1477 talia,
1284 1413 1337 1465 in
1372 1410 1566 1479 quibus
1597 1406 1859 1462 habitavit

280 1506 426 1560 Deus
453 1504 811 1573 omnipotens.

353 1597 578 1666 Scripsit
615 1604 794 1650 autem
835 1594 1031 1649 alicubi
1076 1593 1239 1647 etiam
1265 1591 1475 1645 divinus
1503 1588 1700 1642 Paulus
1731 1605 1743 1639 :
1771 1586 1858 1639 Ir-

278 1689 440 1741 ritam
467 1689 663 1760 faciens
691 1689 801 1758 quis
824 1687 982 1756 legem
1010 1684 1227 1754 Mogsis,
1262 1685 1373 1737 sine
1396 1682 1505 1734 ulla
1532 1681 1862 1734 miseratione

1956 523 2076 560 caro
2098 508 2327 562 salutare
2348 508 2445 562 Dei
2468 508 2616 579 (Luc.
2642 526 2717 573 Ill,
2741 509 2816 579 6).
2842 509 2908 563 Et
2930 512 3043 581 ipse
3064 510 3270 565 divinus
3299 511 3493 568 Paulus
3521 532 3534 566 :

1959 595 2082 649 Non
2115 600 2379 664 consensi,
2411 599 2613 669 inquit,
2656 602 2799 653 carni
2825 610 2874 654 et
2908 602 3146 671 sanguini
3186 600 3326 671 (Gal.
3357 620 3391 665 ι,
3428 603 3541 672 l6).

1957 685 2234 743 Allocutus
2268 696 2349 747 est
2378 698 2557 744 autem
2596 706 2708 755 eos,
2739 692 2829 759 qui
2855 700 3070 747 suntex
3106 693 3267 748 Israel
3297 694 3539 763 pontifex

1958 776 2167 848 Moyses
2196 797 2208 831 :
2255 779 2322 833 In
2350 782 2676 850 septuaginta
2703 792 2753 853 et
2775 784 2992 854 quinque
3022 785 3291 837 animabus
3331 786 3541 839 descen-

1959 866 2141 920 derunt
2163 879 2333 938 patres
2365 872 2436 923 tui
2469 872 2523 924 in
2552 870 2841 942 IEgyptum
2872 873 3045 941 (Deut.
3074 891 3126 939 x,
3153 874 3266 943 2‘2).
3298 876 3403 930 Sed
3428 892 3543 930 non

1959 958 2158 1013 idcirco
2203 959 2422 1025 dixeris,
2453 963 2597 1029 quod
2626 961 2781 1015 nuda:
2819 970 2873 1016 et
2898 964 3013 1017 sine
3059 965 3307 1019 carnibus
3349 967 3543 1021 animas

1959 1049 2012 1103 in
2043 1048 2334 1122 JEgyptum
2359 1051 2760 1118 descenderint;
2793 1069 2892 1108 nec
2919 1070 3079 1123 porro
3107 1056 3250 1123 quod
3291 1057 3542 1113 inanimis

1959 1140 2294 1209 corporibus,
2320 1148 2376 1195 et
2397 1141 2524 1195 solis
2553 1144 2820 1207 carnibus,
2846 1144 3078 1197 salutare
3106 1160 3258 1197 suum
3285 1146 3426 1199 Deus
3458 1146 3541 1199 in-

1960 1231 2203 1285 dulserit.
2228 1230 2449 1295 Quoties
2482 1232 2643 1299 igitur
2673 1234 2916 1287 audimus
2950 1248 3164 1288 carnem
3194 1234 3392 1289 factum
3424 1251 3544 1289 esse

1965 1321 2217 1385 Verbum,
2244 1323 2515 1377 hominem
2546 1324 2889 1393 intelligimus
2909 1340 2973 1378 ex
3003 1325 3179 1379 anima
3208 1334 3264 1379 et
3290 1341 3547 1395 corpore.

1962 1413 2183 1468 Factum
2224 1421 2306 1469 est
2355 1424 2535 1470 autem
2574 1415 2835 1480 Verbum,
2866 1432 2985 1470 cum
3040 1417 3110 1470 sit
3156 1417 3330 1481 Deus,
3379 1418 3543 1470 homo

1962 1505 2250 1573 perfectus,
2280 1521 2476 1576 corpus
2503 1508 2770 1576 accipiens
2798 1509 3090 1561 animatum
3121 1516 3175 1562 et
3203 1508 3543 1573 rationabile,

1964 1595 2124 1663 ilque
2150 1596 2250 1650 sibi
2280 1612 2403 1651 vere
2426 1598 2697 1662 adunavit,
2729 1599 3000 1666 quomodo
3027 1600 3140 1667 ipse
3168 1600 3322 1663 sciat,
3345 1600 3544 1656 nostris

1963 1686 2107 1739 enim
2148 1688 2392 1743 sensibus
2420 1688 2721 1756 hujusmodi
2761 1690 3112 1757 cogitationes
3141 1691 3358 1743 omnino
3394 1690 3545 1743 cerni

281 1778 479 1832 duobus
508 1787 595 1831 aut
624 1776 782 1831 tribus
807 1776 1015 1829 testibus
1043 1776 1279 1839 moritur,
1306 1781 1497 1842 quanto
1524 1772 1689 1841 magis
1710 1778 1863 1840 puta—
1899 1802 1938 1859 Β
1966 1794 2073 1832 non
2108 1790 2353 1849 possum,
2384 1788 2438 1835 et
2457 1789 2790 1850 nuncupatus
2812 1789 2894 1835 es;
2919 1781 3056 1834 [ilius
3080 1783 3333 1836 hominis,

283 1872 350 1923 tis
373 1870 624 1923 deteriora
644 1869 827 1921 mereri
855 1867 1127 1936 supplicia,
1149 1868 1234 1936 qui
1256 1863 1451 1917 Filium
1472 1863 1569 1917 Dei
1595 1862 1861 1916 conculca-

278 1963 431 2026 s'erit,
454 1970 502 2015 et
527 1961 830 2030 sanguinem
854 1958 1139 2011 testamenti
1161 1957 1410 2027 pollutum
1438 1956 1675 2008 duxerit?
1700 1954 1861 2022 Atqui

281 2051 464 2105 divina
493 2058 611 2105 erat
648 2051 735 2104 lex
754 2089 768 2113 ,
800 2056 855 2103 et
884 2048 1136 2102 mandata
1163 2048 1305 2102 dicta
1330 2062 1427 2117 per
1454 2046 1691 2115 angelos.
1717 2047 1862 2112 Quo-

278 2143 449 2198 modo
471 2143 632 2212 igitur
655 2141 842 2211 dignus
862 2142 965 2195 erit
991 2140 1259 2194 deteriore
1282 2140 1561 2209 supplicio,
1579 2138 1668 2207 qui
1689 2137 1862 2207 pollu-

282 2242 402 2289 tum
431 2233 643 2287 duxerit
673 2232 984 2298 sanguinem
1016 2228 1250 2284 Christi?
1277 2229 1371 2283 Vel
1393 2227 1662 2298 quomodo
1685 2228 1864 2296 potior

279 2333 369 2379 est
398 2324 671 2392 religione,
696 2337 815 2391 quae
841 2328 923 2376 est
946 2321 1236 2376 secundum
1257 2321 1448 2389 legem,
1477 2320 1606 2375 fides
1636 2321 1690 2373 in
1710 2318 1865 2373 Chri-

283 2415 465 2470 stum?
494 2412 619 2479 Sed,
646 2413 824 2482 utjam
846 2422 971 2468 ante
999 2414 1250 2476 diximus,
1270 2421 1295 2448 ι
1317 2412 1560 2466 Christus
1582 2427 1689 2466 non
1717 2410 1865 2466 simi-

288 2508 353 2562 lis
382 2508 607 2562 aliorum
633 2516 962 2571 sanctorum,
993 2507 1157 2562 homo
1185 2508 1438 2583 θεοφόρος.
1461 2505 1556 2560 sed
1577 2506 1719 2559 Deus
1750 2520 1865 2558 ma-

287 2598 370 2667 gis
391 2613 535 2662 vere,
567 2605 623 2652 et
650 2599 798 2652 omni
824 2598 1024 2652 mundo
1048 2598 1327 2651 celsiorem
1359 2596 1598 2665 possidet
1617 2596 1860 2664 gloriam,

287 2688 431 2756 quod
474 2703 594 2741 cum
642 2688 783 2742 Deus
830 2688 900 2742 sit
945 2697 1138 2741 natura
1165 2687 1261 2740 Dei
1303 2686 1562 2752 Verbum,
1586 2685 1760 2741 factus
1784 2695 1867 2741 est

288 2793 436 2843 caro,
459 2780 570 2832 sive
612 2780 773 2833 homo
809 2779 1077 2849 perfectus
1103 2797 1115 2831 :
1148 2779 1440 2832 animatum
1462 2779 1604 2832 enim
1626 2786 1681 2832 et
1700 2779 1867 2831 ratio-

288 2871 465 2923 nabile
485 2884 621 2933 esse,
654 2872 799 2939 quod
827 2872 1120 2926 adunatum
1154 2880 1236 2926 est
1258 2871 1327 2933 ei,
1361 2871 1628 2925 credimus
1648 2885 1862 2939 corpus,

286 2970 344 3015 et
373 2979 496 3017 vera
520 2961 723 3035 [Baluz.
756 2961 905 3032 vere]
930 2964 1260 3018 omninoest
1281 2962 1557 3017 adunatio.

854 3097 1079 3154 CAPUT
1120 3099 1281 3154 XXV.

289 3188 554 3254 Quomodo
575 3200 771 3261 Oportet
796 3192 1112 3260 intelligere:
1140 3191 1368 3244 Verbum
1391 3207 1517 3245 caro
1540 3190 1734 3246 factum
1756 3200 1856 3259 est,

360 3270 413 3335 et
442 3262 699 3314 habitavit
729 3263 779 3314 in
822 3263 1007 3327 nobis;
1039 3270 1086 3313 et
1106 3261 1355 3331 quomodo
1397 3263 1661 3331 proprium
1701 3264 1861 3335 ipsius

361 3332 560 3384 dicatur
580 3348 778 3401 corpus.

359 3420 554 3476 Semen
582 3422 806 3476 Abrahae
831 3421 1246 3492 apprehendisse
1268 3421 1500 3478 Verbum
1542 3425 1635 3479 Dei
1674 3425 1861 3494 unige-

287 3516 477 3580 nitum,
497 3516 685 3570 beatus
707 3514 899 3570 Paulus
919 3524 1305 3569 commemorat
1336 3514 1492 3584 (Heb.
1526 3533 1581 3580 ιι,
1606 3515 1728 3586 16);
1766 3534 1865 3571 nec

284 3622 397 3660 non
448 3608 637 3669 etiam,
677 3607 821 3676 quod
858 3607 1243 3676 propemodum
1282 3622 1345 3660 ac
1390 3622 1490 3661 nos
1525 3608 1865 3677 participavit

281 3698 437 3752 carni
477 3706 531 3751 et
558 3698 799 3769 sanguini
828 3696 991 3768 (Ibid.
1020 3697 1126 3769 Η).
1160 3698 1421 3753 Memores
1468 3706 1648 3752 autem
1682 3715 1863 3754 sumus

282 3787 451 3840 etiam
477 3785 723 3852 Joannis;
748 3788 823 3840 ait
843 3787 985 3840 enim
1018 3804 1031 3839 :
1077 3786 1291 3841 Verbum
1321 3802 1442 3840 caro
1483 3789 1675 3857 factum
1698 3798 1792 3851 est,
1814 3797 1865 3840 et

282 3876 535 3931 habitavit
559 3878 613 3929 in
640 3876 783 3930 nobis
808 3876 985 3946 (Joan.
1009 3875 1049 3939 ι,
1079 3875 1189 3947 14).
1214 3875 1339 3931 Idne
1365 3877 1525 3945 igitur
1544 3876 1641 3930 fuit
1661 3891 1857 3946 propo-

280 3969 448 4025 situm
474 3969 601 4023 viris
645 3969 1001 4038 spiritalibus,
1030 3968 1267 4033 docere,
1298 3968 1440 4038 quod
1488 3968 1583 4022 Dei
1628 3967 1861 4023 Verbum

280 4062 655 4117 conversionis
675 4063 744 4116 sit
770 4061 1010 4131 patiens;
1043 4068 1137 4114 aut
1153 4060 1295 4129 quod
1324 4060 1495 4129 ipsum
1522 4058 1601 4114 fas
1620 4059 1690 4113 sit
1710 4074 1859 4114 com-

280 4154 658 4221 mutationem,
675 4166 793 4220 qua:
802 4151 968 4219 magis
981 4159 1241 4205 creaturae
1250 4151 1553 4217 conveniat,
1567 4151 1830 4205 sustinere
1846 4168 1859 4203 :

281 4242 426 4296 adeo
447 4250 506 4296 ut
525 4243 597 4308 id,
613 4242 755 4309 quod
773 4257 880 4296 non
901 4252 1035 4305 erat,
1059 4242 1279 4296 forsitan
1300 4241 1355 4295 in
1376 4241 1429 4295 id
1449 4256 1543 4295 sua
1567 4247 1759 4310 sponte
1778 4242 1867 4296 de-

282 4332 499 4399 veniat;
522 4340 614 4386 aut
643 4332 846 4406 [Belua
875 4333 998 4385 add.
1024 4332 1102 4403 ut]
1126 4333 1259 4385 alius
1287 4339 1473 4386 contra
1494 4332 1657 4401 ipsius
1676 4331 1861 4386 volun-

281 4432 453 4479 tatem
482 4425 549 4478 ad
570 4425 727 4479 aliam
748 4433 991 4479 naturam
1020 4424 1256 4494 impellat
1281 4423 1484 4497 [Belua
1507 4422 1860 4494 impellatur];

2033 1869 2141 1924 Sed
2167 1871 2212 1924 si
2241 1879 2457 1941 oportet
2488 1880 2758 1940 tamquam
2786 1872 2839 1926 in
2862 1874 3137 1943 speculum
3167 1876 3434 1930 intuentes
3461 1876 3541 1930 di-

1962 1974 2107 2026 cere,
2130 1963 2398 2031 conjectat
2419 1965 2599 2033 aliquo
2627 1965 2788 2019 modo
2813 1981 3002 2019 sensus
3026 1967 3308 2033 humanus,
3341 1968 3543 2022 aduna-

1963 2060 2076 2105 tum
2104 2052 2265 2107 fuisse
2285 2053 2517 2107 Verbum
2547 2056 2759 2124 corpori
2798 2055 3013 2109 habenti
3042 2057 3272 2110 animam
3302 2060 3536 2113 rationa-

1962 2142 2125 2197 bilem
2150 2144 2381 2213 qualiter
2417 2145 2580 2198 etiam
2610 2146 2840 2199 hominis
2882 2147 3113 2200 animam
3164 2164 3262 2202 suo
3308 2152 3543 2218 corpori,

1965 2233 2135 2302 ipsam
2163 2234 2379 2303 quidem
2407 2234 2630 2288 diversa:
2654 2244 2886 2300 naturaz,
2918 2239 3162 2290 sortitam
3193 2246 3368 2292 tamen
3397 2255 3543 2293 com-

1963 2323 2277 2377 munionem
2317 2323 2802 2392 adunationemque
2848 2339 2970 2379 cum
3016 2340 3271 2394 corpore;
3305 2336 3362 2380 ut
3407 2342 3546 2395 pene

1965 2414 2211 2467 videatur
2249 2430 2356 2468 non
2386 2430 2504 2469 esse
2543 2415 2648 2469 alia
2674 2423 2871 2484 praeter
2897 2431 3111 2485 corpus,
3154 2431 3220 2470 eo
3259 2417 3401 2485 quod
3450 2434 3547 2486 per

1964 2504 2410 2572 compositionem
2448 2518 2515 2558 ex
2564 2512 2793 2573 utroque
2830 2506 3027 2559 animal
3065 2521 3230 2559 unum
3282 2506 3547 2560 eﬂiciatur

1967 2591 2172 2664 [Bolus
2198 2592 2532 2663 elliciamurj,
2564 2601 2815 2647 manente
2838 2602 3013 2647 tamen
3045 2594 3178 2663 ipsa,
3201 2603 3259 2648 ut
3286 2604 3410 2649 ante
3435 2612 3547 2649 me-

1967 2683 2193 2749 moravi,
2221 2684 2274 2737 in
2295 2699 2389 2738 sua
2419 2693 2629 2739 natura.
2656 2684 2797 2753 Ergo
2824 2701 2930 2740 non
2952 2701 3048 2756 per
3074 2688 3547 2743 commutationem

1967 2784 2061 2828 aut
2082 2777 2506 2841 conversionem,
2532 2776 2803 2832 hominem
2824 2777 3022 2832 factum
3052 2780 3145 2833 Dei
3167 2780 3391 2834 dicimus
3413 2780 3547 2835 Ver-

1964 2868 2133 2933 bum;
2175 2883 2275 2922 nec
2321 2883 2560 2938 prorsus,
2611 2869 2756 2937 quod
2803 2870 2943 2924 Deus
2991 2886 3109 2924 esse
3157 2871 3405 2935 desierit;
3454 2870 3548 2925 sed

1968 2956 2111 3025 quod
2157 2972 2370 3011 carnem
2420 2958 2691 3026 accipiens
2711 2972 2777 3012 ex
2807 2960 3059 3021 muliere,
3093 2968 3147 3013 et
3193 2960 3240 3013 ei
3284 2974 3349 3013 ex
3394 2970 3549 3013 utero

1968 3047 2251 3110 adunatus,
2278 3049 2408 3102 exiit
2427 3049 2591 3103 homo
2612 3050 2751 3103 idem
2776 3050 2933 3103 simul
2955 3058 3010 3103 et
3033 3050 3172 3103 Deus
3197 3067 3210 3115 ;
3252 3064 3426 3118 neque
3453 3050 3547 3104 Dei

1892 3154 1937 3215 ρ
1970 3146 2025 3192 ct
2066 3137 2241 3193 Patris
2269 3140 2670 3207 generationem
2710 3147 2964 3194 aeternam
2994 3139 3199 3211 [Baluz.
3247 3157 3349 3194 om.
3389 3149 3549 3195 aiter.-

1968 3231 2112 3301 uamj
2142 3232 2447 3301 projiciens,
2480 3233 2731 3287 sustinuit
2776 3233 3128 3302 temporalem
3158 3231 3365 3305 [Βαιαι.
3398 3248 3549 3287 arca-

1968 3321 2134 3392 nam],
2165 3336 2231 3376 ex
2272 3323 2495 3377 muliere
2542 3323 2663 3376 inde
2711 3323 2937 3387 initium,
2967 3331 3027 3376 ut
3052 3331 3223 3386 esset,
3257 3323 3545 3392 accipiens.

1966 3404 2317 3468 Permittebﬁt
2354 3421 2532 3467 autem
2569 3414 2717 3468 carni
2754 3413 2984 3482 propria:
3022 3428 3133 3467 sua:
3171 3412 3377 3485 [Βαίας.
3420 3412 3546 3467 add.

1966 3504 2190 3576 naturaa]
2233 3506 2438 3575 legibus
2466 3506 2640 3569 nasci,
2673 3506 2964 3561 nativitatis
2990 3506 3200 3559 ratione
3248 3504 3546 3559 dumtaxat.

1962 3597 2227 3651 Caeterum
2248 3598 2409 3650 habet
2433 3598 2485 3649 in
2506 3612 2563 3650 se
2591 3596 2789 3664 aliquid
2816 3597 2883 3651 ab
2911 3597 3142 3650 humana
3173 3603 3365 3650 natura
3393 3597 3546 3649 dissi-

1963 3689 2089 3742 mile
2114 3706 2125 3740 :
2153 3695 2308 3742 natus
2328 3698 2407 3741 est
2434 3689 2574 3741 enim
2598 3703 2664 3740 ex
2693 3687 2926 3755 Virgine,
2952 3695 3006 3740 et
3027 3685 3173 3741 solus
3200 3687 3363 3740 habet
3392 3686 3416 3728 δ
3441 3702 3548 3740 ma-

1964 3789 2100 3833 trem
2132 3780 2440 3848 innuptam;
2470 3777 2667 3832 factum
2697 3786 2875 3831 autem
2916 3778 3088 3845 ipsum
3118 3778 3280 3830 etiam
3309 3791 3545 3841 carnem,

1964 3879 2019 3924 et
2040 3869 2092 3923 in
2115 3868 2269 3923 nobis
2291 3868 2636 3931 inhabitasse,
2660 3865 2997 3934 Evangelista
3021 3866 3227 3938 [Baluz.
3253 3884 3353 3919 om.
3380 3867 3550 3921 Evan-

1963 3958 2173 4029 gelista]
2202 3965 2606 4022 commemorat,
2639 3965 2697 4011 ut
2724 3964 2949 4025 utroque
2970 3957 3366 4024 comprobaret,
3388 3965 3444 4010 et
3464 3956 3545 4010 fa-

1964 4062 2109 4107 ctum
2131 4053 2294 4107 fuisse
2322 4052 2613 4117 hominem,
2639 4058 2694 4105 et
2720 4065 2873 4104 suum
2901 4064 3010 4103 non
3034 4047 3327 4119 perdidisse
3353 4066 3366 4102 :
3394 4064 3548 4102 mau-

1964 4147 2035 4201 sit
2061 4147 2201 4201 enim
2231 4144 2374 4214 quod
2404 4150 2539 4199 erat.

2035 4238 2351 4305 lntelligitur
2371 4249 2600 4304 namque
2620 4241 2767 4289 certe
2792 4241 3063 4301 tamquam
3083 4228 3226 4284 aliud
3256 4230 3310 4284 in
3335 4230 3442 4285 alio
3465 4230 3548 4283 in-

1965 4330 2225 4392 habitare,
2258 4327 2311 4381 id
2357 4333 2458 4391 est,
2491 4325 2670 4378 divina
2698 4331 2887 4378 natura
2925 4323 2979 4376 in
3027 4320 3391 4385 humanitate,
3438 4336 3546 4375 non

1967 4433 2218 4490 perpessa
2245 4416 2701 4480 commixtionem,
2727 4422 2820 4467 aut
2844 4412 3210 4468 confusionem
3229 4451 3243 4476 ,
3267 4417 3359 4465 aut
3400 4426 3548 4465 com-

282 4517 449 4571 absit.
482 4516 658 4571 Manet
694 4531 924 4585 namque
965 4516 1126 4579 idem,
1156 4530 1186 4568 a
1216 4530 1312 4569 sua
1341 4522 1530 4569 natura
1564 4523 1864 4569 commuta—
1898 4524 1943 4581 ι)
1970 4512 2339 4573 mutationem,
2373 4517 2432 4562 ut
2458 4515 2621 4573 esset,
2650 4506 2792 4577 quod
2814 4522 2923 4560 non
2953 4512 3089 4559 erat.
3111 4502 3376 4572 Quidquid
3403 4505 3547 4557 enim

282 4610 495 4663 tionem
524 4624 738 4664 omnem
771 4609 1078 4672 excludens,
1108 4606 1474 4662 conversionis
1495 4607 1737 4661 umbram
1769 4622 1865 4661 ne-

188 4770 197 4775 ,
282 4698 467 4753 sciens
492 4698 601 4767 pati
632 4716 645 4750 :
678 4698 782 4750 lixa
810 4706 892 4751 est
920 4698 1061 4752 enim
1082 4710 1294 4767 semper
1314 4697 1367 4751 in
1393 4696 1504 4751 suis
1521 4711 1751 4766 superna
1777 4697 1867 4751 illa

282 4787 626 4856 omlestisque
651 4795 860 4841 natura.

364 4877 642 4944 Quomodo
654 4879 813 4948 igitur
832 4876 1064 4932 Verbum
1086 4892 1209 4933 caro
1226 4876 1423 4932 factum
1443 4877 1531 4943 sit,
1561 4876 1744 4931 videre
1763 4892 1862 4931 ne-

284 4983 443 5023 cesse
462 4967 666 5041 [Baluz.
684 4985 785 5021 om.
803 4965 1042 5037 necesse]
1065 4974 1165 5021 est.
1190 4964 1425 5020 Primum
1446 4967 1662 5035 quidem
1684 4967 1864 5022 divina

284 5058 565 5129 Scriptura
577 5074 792 5113 carnem
802 5059 1113 5128 plerumque
1124 5058 1364 5112 nominat
1378 5058 1647 5112 hominem
1661 5058 1864 5131 [Batus.

287 5168 397 5206 om.
428 5152 741 5222 hominem],
764 5160 819 5207 et
838 5152 991 5221 quasi
1015 5167 1083 5206 ex
1102 5158 1253 5221 parte
1269 5151 1511 5205 animalis
1526 5151 1689 5205 totius
1708 5152 1871 5220 signi-

286 5246 596 5303 ficationem
618 5244 763 5311 facit,
794 5261 893 5300 nec
913 5260 1019 5300 non
1040 5246 1202 5300 etiam
1225 5258 1257 5297 a
1279 5243 1392 5300 sola
1415 5244 1590 5298 anima
1609 5243 1874 5301 interdum

1969 4606 2023 4660 in
2050 4603 2156 4657 alio
2182 4602 2426 4657 habitare
2452 4601 2665 4666 dicitur,
2698 4615 2804 4655 non
2833 4600 3007 4668 ipsum
3036 4595 3095 4649 ﬁt
3123 4596 3247 4660 tale,
3279 4594 3438 4663 quale
3467 4602 3547 4647 est

1968 4698 2040 4762 id,
2063 4697 2117 4751 in
2145 4711 2252 4765 quo
2280 4695 2514 4760 habitat;
2545 4692 2638 4749 sed
2666 4692 2809 4747 aliud
2837 4692 2892 4745 in
2938 4690 3044 4744 alio
3086 4687 3256 4754 magis
3293 4685 3546 4752 intelligi-

1966 4796 2073 4844 tur.
2107 4787 2176 4841 At
2220 4802 2350 4842 vero
2398 4786 2452 4840 in
2479 4784 2639 4838 Verbi
2668 4789 2858 4837 natura
2886 4787 2942 4835 et
2980 4775 3343 4839 humanitatis,
3376 4775 3548 4828 solam

1967 4880 2123 4936 nobis
2177 4876 2531 4933 dill‘erentiam
2577 4874 2823 4941 designat
2876 4870 3160 4925 diversitas
3200 4874 3543 4920 naturarum.

1971 4969 2122 5025 Unus
2147 4968 2289 5022 enim
2317 4981 2385 5021 ex
2405 4972 2633 5032 utroque
2672 4960 2981 5026 intelligitur
3006 4957 3267 5011 Christus.
3292 4952 3433 5020 Ergo
3462 4954 3547 5006 in-

1972 5063 2303 5123 conlusione,
2327 5066 2385 5113 ut
2412 5065 2535 5112 ante
2563 5056 2694 5118 dixi,
2715 5060 2944 5116 servata,
2969 5050 3294 5104 inhabitasse
3312 5046 3549 5102 Verbum

1976 5158 2051 5212 ait
2071 5158 2122 5210 in
2146 5154 2298 5209 nobis
2327 5170 2339 5204 :
2371 5151 2470 5205 scit
2493 5148 2633 5203 enim
2654 5160 2818 5201 unum
2846 5159 2964 5199 esse
2999 5142 3190 5197 Filium
3217 5140 3548 5209 unigenitum

1979 5261 2195 5304 carnem
2221 5243 2438 5309 factum,
2467 5248 2523 5294 et
2546 5238 2836 5293 hominem.

1454 5378 1992 5436 CASTIGATIONES
2032 5380 2116 5434 ET
2154 5375 2380 5433 NOT/E.

366 5499 610 5563 'Baluz.,
644 5508 719 5552 est
764 5516 866 5551 non
914 5498 1096 5551 similis
1136 5497 1357 5551 aliorum
1384 5507 1676 5551 sanctorum
1712 5500 1861 5553 homo

290 5573 618 5640 theophorus,
643 5568 753 5633 sed,
784 5577 889 5622 etc.
915 5567 1067 5640 Eutr.

365 5642 389 5679 δ
410 5638 473 5693 ‘ld
501 5649 599 5703 est,
623 5654 741 5707 qua:
761 5640 856 5692 viri
878 5638 1206 5708 amplexibus
1233 5638 1505 5705 inquinata
1528 5655 1633 5694 non
1659 5640 1860 5693 fuisset.

291 5712 535 5769 Nubendi
556 5711 699 5766 enim
726 5710 1041 5764 vocabulum
1058 5723 1197 5777 saepe
1226 5708 1491 5778 reperitur
1516 5710 1571 5765 in
1597 5711 1861 5767 obscenis.

1969 5499 2106 5554 llinc
2130 5497 2256 5553 illud
2288 5512 2353 5551 ex
2385 5495 2674 5565 Evangelio
2694 5494 2757 5548 D.
2784 5492 2947 5565 Marci
2973 5510 2984 5543 :
3018 5490 3198 5565 Neque
3226 5492 3432 5565 nubent,
3457 5508 3547 5565 νιςτ

1966 5588 2061 5640 que
2087 5568 2358 5622 nubentur.
2409 5567 2476 5620 Et
2516 5560 2605 5621 lib.
2635 5582 2711 5640 vi,
2736 5560 3126 5634 Capitularium
3153 5578 3272 5640 cap.
3303 5561 3405 5640 209
3436 5578 3447 5611 :
3482 5560 3542 5613 Si

1966 5632 2075 5710 ipse
2101 5650 2266 5693 tamen
2296 5640 2540 5709 innuptas
2568 5637 2644 5692 uel
2673 5632 2888 5705 innupta
2920 5635 3274 5709 permanserit.
3307 5632 3505 5684 Bswz.
