3978 6188
481 306 503 357 1
515 300 615 354 (‘27

998 289 1188 347 MaRll
1228 282 1662 341 MERCATORIS
1698 274 2265 335 TRANSLATIONES
2306 270 2660 329 VARIORUM
2700 268 3223 326 Ol'USCULORUll.

3597 276 3722 327 i023

553 425 575 447 -
606 410 780 462 Carne
826 410 1005 459 autem
1048 400 1179 455 mihi
1220 398 1429 452 videtur
1456 395 1666 449 divinus
1704 395 2056 458 Evangelista,
2091 395 2137 449 Α
2166 387 2296 441 nihil
2315 395 2513 449 autem,
2546 394 2606 439 ut
2634 393 2759 438 ante
2784 385 3047 445 diximus.
3076 383 3365 438 absurdum
3395 394 3493 447 est.
3525 388 3569 441 si
3599 389 3731 445 Deus

482 512 649 558 totam
689 498 959 567 sapienter
995 500 1241 547 naturam
1281 488 1559 542 hominum
1607 484 1886 538 nominare
1929 498 1941 532 :
1986 478 2062 532 ait

480 594 625 649 enim
654 589 885 644 Verbum
924 585 1251 638 inhabitasse
1288 580 1341 632 in
1382 578 1553 639 nobis,
1585 592 1691 629 non
1730 573 1971 635 alterius,
2005 577 2063 623 ut

481 700 582 752 ego
610 682 819 751 opinor,
848 678 1037 745 gratia,
1070 672 1493 728 incarnationem
1517 668 1677 722 Verbi
1703 666 1901 719 factam
1922 678 2062 724 esse,

481 786 940 833 commemorans;
973 767 1072 821 nisi
1099 774 1158 820 ut
1192 766 1351 819 etiam
1382 778 1507 826 nos,
1538 759 1857 831 participatu
1898 756 2064 825 ipsius

485 881 581 935 per
609 863 867 931 Spiritum
902 867 1144 913 sanctum
1174 854 1501 923 locupletati,
1535 848 1839 918 adoptionis
1860 842 2065 900 beneﬁ-

483 960 624 1013 cium
643 955 990 1007 lucraremur.
1019 949 1182 1016 [gitur
1202 948 1254 1000 in
1280 944 1498 997 Christo
1520 942 1784 996 unitatem
1805 951 2064 991 summam

484 1059 775 1111 veramque
803 1042 1067 1097 credimus
1087 1038 1300 1093 factam.
1334 1036 1428 1089 Sin
1458 1044 1637 1087 autem
1660 1032 1712 1084 in
1741 1030 1894 1083 nobis
1914 1027 2068 1081 Chri-

484 1148 599 1192 stus
626 1136 923 1190 inhabitare
949 1133 1173 1194 dicatur,
1205 1133 1447 1198 σχετικὴν
1478 1126 1591 1195 ipse
1623 1123 1781 1177 faciet
1806 1120 2071 1174 inhabita-

487 1230 709 1283 tioncm.
736 1225 850 1277 Non
880 1231 1060 1275 autem
1089 1236 1209 1274 cum
1234 1220 1375 1271 Deus
1416 1218 1609 1270 dicitur
1652 1213 1979 1266 inhabitasse
2017 1210 2071 1261 in

486 1317 702 1371 Christo
728 1333 739 1367 :
764 1313 1089 1367 .Inltabitavit
1110 1325 1326 1378 namque
1352 1308 1407 1360 in
1432 1324 1489 1359 eo
1511 1305 1678 1359 omnis
1702 1299 1965 1370 plenitudo
1989 1298 2073 1350 di-

487 1407 713 1461 uinitatis
745 1402 1079 1472 corporaliter
1106 1397 1238 1469 (Col.
1291 1414 1346 1459 ιι,
1380 1396 1470 1465 9);
1503 1409 1611 1448 non
1646 1407 1740 1461 per
1779 1389 2073 1459 participa-

491 1509 622 1563 tum,
656 1498 739 1551 vel
767 1499 953 1567 σχέσιν
978 1494 1274 1561 simplicem
1293 1531 1306 1552 ,
1341 1489 1493 1556 quasi
1523 1487 1638 1540 sole
1668 1485 1951 1547 illucente,
1984 1489 2077 1535 aut

492 1590 598 1657 igni
631 1589 845 1640 insitum
867 1585 964 1638 sibi
994 1584 1228 1637 calorem
1251 1581 1367 1633 aliis
1394 1578 1740 1638 immittente;
1773 1572 1886 1636 sed,
1919 1580 1977 1625 ut
2002 1571 2076 1625 ita

489 1682 687 1742 dicam,
715 1679 827 1747 ipsa
868 1677 1045 1730 divina
1075 1675 1388 1740 sinceraque
1418 1677 1627 1728 natura,
1648 1666 1800 1734 juxta
1830 1673 2000 1719 totum
2025 1662 2078 1716 id

491 1771 638 1839 quod
668 1778 767 1833 est,
801 1767 1243 1822 inbabitationem
1272 1763 1371 1816 sibi
1401 1760 1646 1822 faciente,
1674 1772 1771 1826 per
1789 1770 1990 1817 veram,
2016 1760 2075 1807 ut
2107 1750 2152 1809 Β

492 1870 619 1914 ante
645 1860 893 1920 diximus,
919 1858 1197 1916 unitatem,
1222 1854 1275 1907 in
1299 1851 1499 1919 templo
1519 1849 1660 1917 quod
1691 1856 1772 1902 est
1802 1854 1985 1901 natum
2008 1859 2076 1897 ex

494 1952 697 2019 virgine
722 1967 736 2003 :
759 1951 833 2003 ita
862 1948 1005 2002 enim
1026 1962 1180 2011 unus,
1212 1952 1386 2009 etest,
1418 1950 1472 1996 et
1497 1940 1809 2007 intelligitur
1830 1936 2075 1992 Christus

494 2040 667 2096 Iesus.

566 2127 722 2195 Quod
750 2143 877 2182 vero
907 2128 959 2180 in
987 2124 1394 2194 expressionum
1421 2136 1628 2177 summa
1672 2126 1856 2174 noster
1899 2129 2078 2172 sermo

494 2222 759 2284 vincatur,
789 2235 897 2273 non
938 2219 1177 2285 negabo;
1227 2216 1323 2270 sed
1361 2231 1468 2270 non
1513 2214 1709 2268 idcirco
1736 2210 1935 2266 Christi
1972 2224 2083 2280 my-

494 2309 716 2363 sterium
745 2323 853 2361 non
893 2306 1174 2369 credatur;
1200 2303 1295 2359 sed
1321 2304 1492 2371 magis
1528 2303 1597 2357 sit
1642 2301 1836 2356 merito
1866 2297 2083 2352 mirabi-

496 2401 616 2453 lius.
658 2398 870 2464 Quanto
899 2397 1041 2452 enim
1079 2395 1227 2449 omni
1270 2401 1352 2449 est
1380 2402 1559 2448 mente
1601 2392 1846 2461 superius
1874 2396 1927 2443 et
1964 2402 2080 2442 ser-

495 2505 677 2553 mone,
691 2496 843 2544 tanto
865 2489 1033 2555 magis
1053 2488 1191 2542 ultra
1212 2502 1427 2543 omnem
1447 2484 1856 2539 admirationem
1873 2494 2082 2550 ponen-

494 2581 625 2635 dum
651 2588 754 2635 est.

565 2672 799 2726 Carnem
843 2686 971 2725 vero
1018 2668 1217 2723 factum
1244 2669 1499 2732 Verbum,
1553 2667 1605 2721 id
1654 2673 1755 2731 est,
1807 2663 2086 2719 hominem

498 2762 814 2832 perfectum,
846 2776 953 2814 non
1004 2760 1248 2822 dicimus,
1277 2773 1525 2812 mensura
1569 2756 1814 2824 corporis
1840 2769 2087 2822 compre-

497 2851 681 2916 hendi,
707 2851 759 2905 id
780 2850 923 2904 enim
945 2849 1334 2917 ineptissimum
1356 2856 1470 2912 est;
1495 2846 1588 2901 sed
1611 2847 1833 2915 implere
1854 2846 1931 2899 sic
1951 2860 2087 2913 quo-

496 2956 604 3009 que
633 2940 916 3003 credimus,
960 2938 1098 2993 sicut
1123 2938 1279 3001 solet,
1325 2938 1519 2992 cmlum
1548 2946 1604 2991 et
1631 2945 1849 3001 terram,
1890 2942 1944 2989 et
1971 2949 2089 3001 qua:

500 3028 723 3085 inferius
750 3028 926 3097 posita
953 3035 1079 3081 sunt
1110 3044 1123 3079 :
1156 3027 1336 3081 omnia
1365 3028 1563 3081 etenim
1596 3027 1753 3095 plena
1782 3035 1907 3079 sunt
1947 3025 2085 3089 Deo,

2165 479 2394 533 Verbum
2420 478 2559 531 mitti
2588 478 2750 531 etiam
2779 477 2991 531 dicatur
3018 493 3048 530 a
3076 477 3266 541 Patre;
3298 478 3481 547 implet
3510 495 3727 549 namque

2160 570 2459 624 certissime
2501 568 2680 622 omnia
2705 609 2719 633 ,
2751 576 2807 621 et
2835 568 2967 621 nulli
3013 568 3134 621 loco
3160 568 3377 637 penitus
3418 568 3603 623 deest:
3634 588 3726 627 nos

2163 677 2291 716 vero
2320 660 2565 714 humanis
2592 660 2811 713 vocibus
2851 658 3030 713 divina
3063 659 3505 727 interpretantes,
3540 660 3726 727 (igura-

2166 753 2397 806 tionibus
2425 752 2668 820 corporis
2696 751 3017 806 immortalis
3045 758 3253 805 natura:
3289 751 3728 820 dispensationem

2165 844 2399 898 solemus
2427 844 2745 911 intelligere.

2239 936 2477 1004 Denique
2496 952 2618 989 cum
2639 941 2855 989 sanctus
2881 934 3111 1005 Spiritus
3137 936 3314 990 omnia
3343 935 3587 1005 impleat,
3614 937 3731 990 scri-

2171 1027 2250 1081 bit
2276 1028 2465 1081 beatus
2488 1024 2682 1080 Paulus
2698 1068 2713 1091 ,
2744 1036 2799 1081 et
2820 1027 2947 1082 dicit
2972 1044 2983 1079 :
3013 1026 3270 1090 Quoniam
3291 1036 3461 1079 autem
3487 1028 3606 1079 estis
3625 1028 3729 1095 filii,

2169 1120 2309 1172 misit
2336 1117 2475 1171 Deus
2510 1116 2765 1187 Spiritum
2796 1117 2923 1171 Filii
2945 1119 3025 1171 sui
3054 1120 3107 1170 in
3130 1118 3287 1171 corda
3318 1126 3499 1171 nostra
3524 1158 3537 1179 ,
3568 1118 3620 1169 in
3646 1134 3733 1187 quo

2171 1212 2482 1263 clamamus:
2512 1208 2656 1262 Abba
2684 1209 2847 1263 Pater
2870 1208 3010 1279 (Cal.
3042 1226 3112 1275 tv,
3140 1210 3216 1278 6).
3248 1210 3337 1261 Ait
3363 1215 3544 1262 autem
3564 1218 3615 1261 et
3637 1209 3737 1277 ipse

2173 1300 2456 1354 Salvator:
2504 1299 2731 1369 Expedit
2776 1301 2952 1365 vobis,
3002 1310 3058 1353 ut
3104 1317 3197 1371 ego
3243 1316 3389 1363 eam;
3429 1315 3553 1351 nam
3584 1300 3738 1350 sinon

2174 1392 2367 1457 abiero,
2416 1391 2719 1446 Paracletus
2767 1409 2871 1446 non
2909 1394 3072 1446 veniet
3100 1393 3170 1445 ad
3196 1408 3283 1447 vos
3313 1391 3493 1462 (Joan.
3533 1407 3641 1451 xvi,
3674 1391 3740 1458 7).

2176 1482 2399 1554 Oportet
2424 1485 2583 1551 igitur
2604 1485 2670 1537 ad
2700 1486 2964 1538 rationem
2992 1485 3206 1554 pietatis
3227 1484 3407 1538 omnia
3437 1482 3742 1545 referentes,

2177 1586 2323 1631 certa
2367 1578 2693 1645 cogitatione
2738 1577 2969 1631 sectari:
3020 1577 3072 1629 id
3110 1577 3252 1631 enim
3280 1576 3541 1630 facientes
3573 1573 3742 1627 nobis-

2178 1669 2422 1738 metipsis
2446 1668 2679 1722 maxime
2705 1669 3081 1737 profuerimus.

2741 1801 2966 1855 CAPUT
2992 1801 3179 1855 XXVI.

2323 1916 2588 1981 Quomodo
2616 1916 2920 1987 intelligitur
2944 1917 3183 1977 Θεοτόκος
3220 1915 3378 1985 Virgo
3400 1926 3607 1969 sancta.

2252 2028 2442 2082 Natum
2464 2035 2545 2081 est
2576 2026 2792 2096 quidem
2820 2027 3259 2081 intestimabiliter
3298 2026 3540 2080 Verbum
3591 2026 3679 2080 Dei
3702 2035 3746 2079 et

2182 2120 2388 2185 Patris;
2432 2127 2488 2173 et
2526 2120 2640 2173 haec
2681 2118 2957 2187 generatio
2986 2133 3201 2172 omnem
3228 2132 3447 2171 sensum
3475 2118 3750 2185 cogitatio-

2182 2226 2412 2280 nemque
2440 2210 2800 2275 transcendit,
2843 2218 2898 2263 et
2924 2217 3007 2263 est
3045 2208 3368 2278 incorporali
3397 2215 3607 2262 natura:
3631 2225 3751 2263 con-

2183 2304 2421 2357 veniens.
2472 2302 2854 2355 Verumtamen
2894 2300 2944 2353 id
2983 2299 3127 2367 quod
3153 2306 3338 2352 natum
3370 2306 3487 2361 est,
3515 2299 3751 2367 proprius

2183 2401 2369 2463 partus
2394 2392 2704 2459 intelligitur
2730 2391 2987 2459 genitoris
3004 2429 3018 2452 ,
3054 2398 3109 2444 et
3133 2390 3375 2458 ejusdem
3403 2405 3525 2445 cum
3548 2405 3615 2444 eo
3641 2388 3754 2442 sub-

2185 2486 2427 2549 stantiae;
2477 2484 2704 2551 ideoque
2750 2483 2912 2536 etiam
2973 2480 3111 2535 filius
3158 2482 3489 2544 nominatur,
3552 2481 3755 2533 nomine

2186 2577 2389 2631 scilicet
2435 2576 2701 2630 indicante
2748 2574 2963 2645 [Baluz.
2995 2573 3117 2626 add.
3156 2573 3310 2641 quasi
3336 2572 3344 2641 |
3371 2588 3559 2626 veram
3598 2573 3757 2625 since-

2188 2682 2409 2739 ramque
2450 2666 2790 2735 progeniem;
2838 2665 2934 2718 sed
2974 2680 3096 2719 cum
3134 2665 3203 2717 sit
3233 2666 3387 2718 vivus
3426 2664 3479 2716 in
3507 2674 3755 2717 mter-num

2192 2758 2369 2825 Pater,
2402 2774 2621 2813 necesse
2648 2766 2761 2823 est,
2800 2774 2921 2812 eum
2952 2772 3167 2825 quoque
3198 2757 3379 2811 vivere
3408 2757 3462 2809 in
3486 2765 3755 2816 aeternum.

2190 2860 2413 2921 propter
2437 2865 2595 2917 quem
2624 2858 2706 2903 est
2735 2848 2913 2902 Pater.
2938 2848 3103 2917 igitur
3129 2846 3194 2900 In
3217 2848 3472 2917 principio
3501 2856 3619 2899 erat
3645 2845 3759 2898 Ver-

2193 2941 2328 3005 bum,
2361 2951 2409 2994 et
2430 2941 2569 2995 Deus
2596 2950 2708 2994 erat
2740 2940 2977 3005 Verbum,
3001 2949 3052 2993 et
3073 2950 3183 2994 erat
3207 2941 3360 2993 etiam
3390 2938 3616 2993 Verbum
3636 2938 3760 3008 apud

2196 3031 2360 3085 Deum
2409 3030 2597 3100 (Joan.
2649 3047 2683 3095 ι,
2720 3030 2743 3082 1
2774 3029 2813 3098 ),
2868 3041 2926 3084 ut
2965 3030 3389 3100 sapientissimus
3431 3028 3758 3097 Evangelista

500 3130 557 3175 ct
583 3120 761 3175 omnia
793 3119 893 3188 ipsi
917 3119 1133 3187 parvula
1162 3127 1306 3173 sunt.
1340 3117 1700 3187 Atquomodo
1725 3126 1779 3171 et
1818 3119 1870 3171 in
1912 3118 2093 3184 singu-
2120 3119 2163 3179 C
2196 3129 2599 3174 commemorat.
2644 3120 2700 3172 ιη
2748 3121 3210 3173 consummatione
3238 3129 3417 3173 autem
3447 3128 3757 3191 temporum.

501 3213 587 3275 lis,
627 3220 681 3266 et
711 3212 763 3264 in
789 3211 1037 3266 omnibus
1069 3218 1214 3265 totus
1235 3212 1325 3275 sit,
1358 3212 1635 3266 intellectu
1664 3210 1918 3277 dictuque
1948 3206 2090 3263 dim-

502 3302 606 3357 cile
644 3309 759 3365 est,
782 3301 944 3353 immo
975 3317 1103 3354 vero
1132 3301 1294 3354 etiam
1325 3299 1673 3369 impossibile.
1708 3298 1763 3352 ld
1793 3306 2003 3361 autem,
2036 3303 2094 3349 ut

503 3396 717 3463 opinor,
739 3410 805 3449 eo
830 3394 1088 3463 possidet,
1117 3394 1261 3463 quod
1287 3395 1637 3463 incorporeus
1662 3392 1732 3446 sit
1753 3401 1809 3446 et
1827 3390 2092 3460 indisper-

505 3485 691 3538 tibilis.

576 3573 859 3643 Proprium
886 3581 1066 3628 autem
1088 3572 1249 3627 Verbi
1270 3588 1467 3642 corpus
1494 3572 1688 3627 dicitur
1715 3587 1745 3626 a
1768 3573 1957 3627 nobis:
1986 3586 2095 3625 non

505 3667 959 3735 quemadmodum
999 3666 1247 3735 proprius
1275 3673 1357 3719 est
1393 3665 1624 3719 hominis
1653 3666 1792 3720 risus
1814 3703 1830 3730 ,
1860 3665 1945 3719 vel
1971 3663 2095 3733 equi

504 3759 776 3822 hinnitus;
806 3758 901 3811 sed
941 3757 1113 3825 quod,
1143 3758 1338 3811 factum
1370 3758 1536 3825 ipsius
1579 3772 1677 3827 per
1714 3757 2094 3811 adunationem

506 3866 710 3914 veram,
737 3849 1077 3903 instrumenti
1099 3848 1147 3902 ei
1175 3848 1410 3917 prazbeat
1430 3848 1686 3913 officium,
1709 3848 1777 3901 ad
1797 3862 2096 3915 exsequen-

505 3942 632 3995 dum
677 3956 740 3994 ea
786 3956 906 4009 quae
928 3955 1077 3994 more
1110 3940 1269 3995 solito
1300 3948 1572 4009 operatur,
1605 3940 1806 4008 absque
1833 3939 1951 3994 solo
1977 3955 2097 4009 pec-

512 4041 659 4088 cato.

576 4122 670 4175 Sin
691 4136 820 4177 vero
850 4121 991 4176 Deus
1025 4120 1261 4176 Verbum
1297 4122 1459 4175 etiam
1492 4122 1717 4177 missum
1758 4121 1922 4177 fuisse
1957 4121 2096 4178 forte

504 4215 734 4278 dicatur,
788 4229 855 4268 ne
880 4214 1000 4282 quis
1044 4221 1283 4269 vestrum
1327 4221 1611 4277 terreatur,
1663 4214 1791 4268 illud
1831 4216 2093 4283 cogitans,

504 4321 614 4374 quo
636 4316 826 4376 perget
854 4306 1251 4375 incorporeum,
1286 4306 1368 4359 vel
1393 4320 1504 4373 quo
1530 4304 1686 4360 cedet
1710 4305 1774 4370 is,
1804 4320 1912 4373 quo
1934 4307 2095 4375 plena

505 4408 631 4454 sunt
674 4400 886 4452 omnia?
916 4398 1063 4453 Sciat
1102 4408 1283 4454 autem
1324 4400 1531 4467 magis,
1579 4400 1726 4467 quod
1767 4402 1836 4455 sit
1876 4410 1930 4456 et
1956 4403 2096 4458 alius

2194 3218 2415 3281 propter
2436 3227 2534 3265 nos
2554 3211 2816 3276 homines,
2844 3210 3049 3283 [Baluz.
3075 3211 3197 3263 add.
3222 3219 3278 3264 et
3298 3219 3520 3281 propter
3537 3220 3760 3265 nostram

2194 3301 2443 3373 salutem]
2473 3302 2805 3355 incarnatum
2849 3310 2961 3365 est,
3007 3310 3061 3355 et
3089 3302 3252 3355 homo
3283 3310 3367 3356 est
3404 3301 3638 3363 factum;
3667 3316 3761 3353 non

2195 3394 2448 3447 amittens
2488 3392 2632 3460 quod
2678 3400 2831 3456 erat,
2890 3392 2984 3446 sed
3031 3393 3270 3446 retinens
3312 3391 3763 3446 inconvertibin

2195 3500 2345 3538 suam
2375 3490 2621 3538 naturam
2639 3524 2653 3548 ,
2686 3492 2741 3537 et
2778 3499 2990 3552 semper
3018 3484 3071 3537 in
3098 3483 3392 3538 divinitatis
3416 3483 3635 3553 fastigio
3661 3484 3763 3538 col-

2194 3577 2453 3641 locatam;
2494 3576 2789 3644 suscipiens
2818 3575 3023 3647 [Baluz.
3053 3575 3299 3647 subiens]
3343 3585 3524 3630 tamen
3557 3584 3766 3646 propter

2195 3684 2295 3724 nos
2323 3668 2715 3737 dispensatorie
2743 3667 3161 3732 exinanitatem;
3193 3683 3293 3722 nec
3328 3668 3664 3722 inhonorans
3688 3665 3767 3737 [Id

2194 3769 2287 3824 est,
2317 3775 2426 3815 non
2452 3757 2773 3828 despiciens]
2801 3758 3128 3827 pauperiem,
3160 3773 3281 3827 qua
3301 3758 3553 3812 humanae
3578 3767 3767 3812 natura:

2194 3852 2448 3907 convenit
2472 3869 2484 3903 :
2511 3866 2633 3903 nam
2656 3867 2768 3905 cum
2789 3859 2919 3904 esset
2940 3850 3095 3913 dives,
3120 3867 3312 3921 pauper
3330 3860 3405 3904 est
3427 3852 3622 3921 facws,
3644 3851 3769 3905 sicut

2195 3944 2452 4011 scriptum
2482 3950 2599 3997 est:
2632 3951 2687 3995 ut
2726 3958 2819 3997 nos
2860 3951 3161 4012 paupertate
3199 3944 3310 4013 ejus
3340 3942 3521 3996 divites
3555 3958 3768 3997 essemus

2198 4034 2263 4106 (ll
2285 4033 2403 4088 Cor.
2432 4050 2546 4096 vm,
2579 4032 2653 4098 9).
2695 4032 2915 4087 Factum
2945 4040 3027 4088 est
3053 4032 3215 4100 igitur
3240 4033 3435 4096 homo,
3466 4042 3524 4087 et
3549 4048 3767 4102 genera-

2196 4125 2397 4180 tionem
2424 4139 2492 4178 ex
2529 4123 2752 4178 muliere
2790 4138 3001 4191 passum
3031 4122 3243 4177 dicitur.
3294 4122 3463 4191 Igitur
3491 4130 3769 4193 propterea

2195 4215 2341 4284 quod
2369 4231 2439 4269 ex
2482 4223 2666 4269 sancta
2716 4214 2930 4282 Virgine
2958 4229 3086 4269 vere
3124 4214 3228 4267 sibi
3257 4213 3553 4267 adunatum
3581 4227 3769 4282 corpus

2196 4307 2496 4376 acceperit;
2529 4305 2651 4359 inde
2673 4306 2910 4361 Θιοτὸκον
2944 4320 3063 4359 esse
3092 4304 3319 4359 dicimus
3347 4304 3625 4371 Virginem
3652 4318 3767 4357 san-

2196 4405 2355 4462 ctam,
2387 4396 2512 4465 quia
2536 4396 2586 4450 id
2616 4396 2865 4460 humane,
2891 4395 3005 4449 sive
3032 4395 3328 4450 secundum
3357 4410 3580 4449 carnem
3609 4409 3766 4464 pepe-

508 4492 781 4546 missionis
801 4491 1011 4545 modus.
1051 4492 1166 4546 Non
1199 4499 1256 4546 ut
1277 4493 1454 4546 locum
1474 4492 1542 4546 de
1563 4492 1702 4557 loco,
1730 4494 1820 4562 qui
1843 4494 2085 4561 mittitur,
2120 4488 2164 4547 υ
2194 4489 2279 4552 rit,
2311 4487 2437 4542 licet
2457 4487 2677 4541 haberet
2701 4494 2825 4541 ante
2852 4486 3046 4541 smcula
3074 4486 3478 4554 generationem
3500 4501 3571 4540 ex
3594 4486 3761 4538 Patre

506 4590 709 4647 mutet;
755 4581 851 4635 sed
889 4588 948 4635 ut
980 4581 1332 4635 ministerium
1375 4582 1544 4648 magis
1577 4598 1786 4637 sacrum
1814 4585 2086 4654 suscipiat,

505 4673 649 4741 quod
693 4673 857 4727 etiam
914 4672 1188 4742 discipulis
1235 4670 1534 4739 injunctum
1584 4688 1706 4729 esse
1751 4674 2004 4730 discimus
2058 4690 2088 4730 a

505 4763 720 4819 Christo
747 4765 984 4819 omnium
1016 4764 1303 4817 salvatore.

580 4855 819 4924 Denique
839 4855 999 4909 etiam
1020 4854 1231 4908 divinus
1253 4851 1447 4906 Paulus
1467 4852 1543 4907 ait
1561 4853 1628 4908 de
1652 4852 1892 4910 Christo:
1924 4854 2086 4928 Ergo,

510 4946 694 5017 fratres
731 4948 923 5010 sancti,
957 4945 1236 4997 vocationis
1266 4943 1481 4996 cwlestis
1511 4945 1817 5013 participes,
1850 4946 2088 5001 conside-

507 5047 621 5089 rate
639 5037 925 5107 apostolum
944 5046 993 5091 et
1020 5036 1311 5105 ponti/irem
1332 5034 1668 5105 confessionis
1696 5046 1889 5090 nostrae
1909 5036 2089 5092 Iesum

510 5126 698 5197 (Hebr.
730 5146 807 5193 ιιι,
838 5129 911 5197 1).
954 5127 1332 5181 Animadverte
1362 5134 1539 5180 autem
1580 5127 1743 5195 quod,
1802 5142 1923 5182 cum
1963 5144 2089 5184 eum

508 5218 898 5271 ministrantem
928 5217 1202 5271 hominum
1243 5233 1393 5272 more
1422 5217 1692 5282 ostendit,
1734 5217 1858 5271 licet
1894 5227 2085 5273 natura

506 5309 577 5365 sit
599 5309 754 5374 Deus,
784 5317 908 5363 tunc
926 5309 974 5363 ei
1005 5309 1166 5361 etiam
1193 5308 1424 5364 ofﬁcium
1446 5310 1779 5378 apostolatus
1802 5310 2044 5365 attribuit
2070 5327 2081 5363 :

2267 4579 2484 4649 Opinari
2505 4587 2682 4634 autem
2706 4578 2991 4634 nonnullos
3003 4577 3235 4633 Verbum
3250 4578 3376 4632 hinc
3392 4578 3605 4631 initium
3623 4578 3769 4632 fuisse

2195 4672 2463 4736 sortitum,
2495 4686 2617 4725 cum
2647 4671 2808 4725 homo
2836 4671 2906 4724 sit
2925 4668 3139 4733 factum,
3170 4670 3462 4739 impietatis
3499 4678 3586 4725 est
3632 4669 3744 4723 furo

2196 4765 2375 4832 risque
2395 4762 2776 4833 plenissimum.
2804 4761 2908 4816 Eos
2928 4765 3126 4817 etenim
3154 4763 3620 4832 insipientissimos
3640 4776 3769 4824 esse.

2196 4858 2514 4913 monstravit
2544 4858 2656 4927 ipse
2681 4856 2926 4910 Salvator
2951 4856 3017 4910 de
3037 4872 3096 4910 se
3114 4856 3299 4911 dicens
3322 4874 3335 4909 :
3366 4857 3527 4909 Amen
3552 4858 3667 4910 dico
3697 4872 3772 4907 ro-

2195 4950 2290 5012 bis,
2324 4959 2596 5020 antequam
2624 4948 2885 5001 Abraham
2904 4957 3053 5012 esset,
3076 4965 3169 5018 ego
3189 4964 3299 5001 sum
3324 4946 3503 5007 (Icari.
3528 4964 3639 5010 vm,
3666 4945 3770 5011 58).

2196 5041 2478 5109 Quomodo
2507 5042 2649 5095 enim
2678 5041 2833 5095 aliter
2858 5048 2981 5095 ante
3010 5040 3279 5094 Abraham
3309 5047 3444 5104 erat,
3477 5040 3569 5107 qui
3598 5038 3772 5091 multis

2194 5140 2319 5203 post
2359 5132 2691 5201 temporibus
2736 5132 3028 5187 secundum
3056 5147 3276 5186 carnem
3305 5140 3465 5185 natus
3489 5133 3608 5185 est?
3638 5129 3776 5184 Satis

2195 5231 2376 5277 autem
2425 5222 2587 5291 ipsos,
2639 5228 2697 5275 ut
2744 5223 2953 5291 opinor,
2986 5222 3270 5289 redarguet
3296 5221 3508 5276 divinus
3544 5220 3775 5274 Joannes

2194 5312 2377 5368 dicens
2404 5331 2415 5365 :
2444 5311 2546 5366 llic
2570 5323 2700 5377 erat,
2727 5314 2788 5367 de
2815 5330 2912 5384 quo
2943 5331 3035 5384 ego
3063 5314 3174 5367 dixi
3201 5332 3211 5366 :
3246 5312 3374 5367 Post
3401 5330 3482 5367 me
3519 5314 3654 5367 venit
3680 5312 3773 5371 vir.

1679 5444 1919 5500 CASTIG
1931 5446 2215 5503 ATIONES
2258 5448 2342 5501 ET
2383 5447 2612 5501 NOTdi.

579 5566 601 5592 ³
643 5555 771 5622 Qum
817 5563 1131 5624 sequuntur,
1182 5571 1350 5625 usque
1398 5556 1463 5609 ad
1510 5557 1703 5611 lnctam
1739 5555 1921 5610 Jacobi
1960 5573 2084 5611 cum

508 5630 698 5695 angelo
726 5642 895 5696 eaque
917 5628 1096 5689 verba,
1129 5644 1242 5697 cap.
1268 5627 1353 5690 5|,
1380 5626 1702 5680 latitudinem
1724 5629 1929 5698 femoris
1951 5629 2080 5698 ejus,

508 5644 698 5695 angelo
726 5644 895 5696 eaque
917 5644 1096 5689 verna,
1129 5644 1242 5697 cap.
1268 5644 1353 5690 οι,
1380 5644 1702 5680 mutuamem
1724 5644 1929 5698 [emorts
1951 5644 1978 5679 e
2017 5644 2057 5680 is

508 5700 700 5755 desunt
729 5700 783 5753 in
807 5698 1130 5753 editionibus
1149 5698 1395 5768 vulgatis,
1420 5704 1475 5752 et
1500 5713 1640 5751 nunc
1668 5700 1895 5769 primum
1920 5644 2057 5752 ed’dn

2191 5568 2294 5611 tur.
2316 5589 2386 5597 —
2407 5557 2584 5611 Baluz.
2613 5600 2625 5623 ,
2667 5558 2828 5612 Cerne
2866 5570 3032 5612 autem
3075 5560 3204 5613 mihi
3235 5560 3464 5613 divinum
3497 5559 3773 5629 Evangeli-

2188 5638 2320 5681 stam
2331 5638 2504 5701 _totam
2524 5631 2780 5701 sapienter
2806 5640 3047 5684 naturam
3069 5632 3334 5685 hominum
3364 5646 3628 5687 coronare.
3666 5630 3771 5693 Ait,

2062 5727 2084 5737 -
2191 5706 2292 5751 etc.
2328 5697 2482 5752 Εοιτ.
