3978 6188
281 320 418 374 10⁴Ξ9

1017 318 1073 373 S.
1113 315 1382 370 CYRILLI
1424 314 1711 371 SCIIOLIA
1767 316 1853 369 DF.
1896 311 2397 369 lNCARNATiONE
2436 311 2803 367 UNIGICNITI.

3411 315 3542 365 10ῧῦ

274 436 356 505 qui
379 440 500 486 ante
518 448 597 484 me
614 433 779 502 facnts
803 440 895 493 est,
922 433 1041 501 quia
1065 433 1208 501 prior
1229 448 1308 483 me
1330 440 1439 483 erat
1463 429 1640 498 (.Ioau.
1675 446 1711 487 ι,
1743 428 1854 495 30).
1890 435 1933 486 Α
1965 435 2081 480 tura
2136 433 2357 495 propter
2402 440 2617 479 carnem
2651 423 2813 476 fuisse
2843 421 3096 483 Verbmn,
3131 420 3271 488 quod
3303 432 3382 474 est
3409 424 3545 479 Deus

345 522 821 578 Prmtermittentes
849 523 1008 588 igitur
1038 523 1090 575 in
1112 538 1169 575 re
1194 531 1302 575 tam
1333 521 1520 574 frivola
1551 520 1667 573 sine
1695 534 1855 573 causa

271 630 501 680 certare,
535 616 599 670 ad
646 616 774 669 illud
803 615 971 683 magis
1004 616 1296 677 veniamus,
1341 614 1485 682 quod
1512 614 1674 667 etiam
1703 627 1855 666 emo-

271 711 495 765 lumenti
528 708 725 777 aliquid
754 708 922 777 possit
952 706 1161 771 all'erre,
1195 722 1261 760 ne
1283 707 1506 760 moleste
1530 704 1703 759 lerant
1724 718 1858 758 ncnc

272 802 407 856 nulli
436 800 731 861 audientes,
760 814 878 854 esse
906 805 1145 852 sanctam
1174 797 1445 865 Virginem
1474 798 1729 860 Θεοτόκον,
1760 811 1853 849 net

272 891 660 947 incredulitatis
687 889 920 943 Judaicaz
949 905 1072 943 suas
1111 889 1365 958 oppleant
1418 896 1642 952 mentes,
1691 889 1856 940 immo

270 998 405 1037 vero
434 982 593 1036 etiam
616 980 887 1049 paganica:
910 980 1218 1049 impietatis.
1249 977 1415 1031 Judaei
1446 978 1640 1033 etenim
1672 991 1858 1045 aggre-

270 1073 557 1127 diebantur
576 1070 843 1124 Christum
873 1071 1147 1125 dicentes:
1182 1068 1261 1122 De
1306 1070 1436 1122 bono
1464 1085 1615 1139 opere
1640 1086 1743 1122 non
1774 1068 1856 1121 la-

269 1163 510 1233 pidamus
542 1170 620 1225 te;
651 1160 741 1215 sed
788 1158 851 1214 de
895 1159 1233 1227 blasphemia,
1264 1158 1399 1231 quod
1428 1175 1542 1211 cum
1579 1161 1651 1213 sis
1683 1159 1853 1223 homo,

270 1254 407 1323 facis
439 1262 484 1305 te
513 1252 676 1305 Deum
706 1251 883 1323 (Joan.
916 1267 971 1315 Χ,
1007 1248 1117 1321 55),
1152 1250 1220 1303 At
1251 1266 1377 1304 vero
1407 1249 1499 1302 lilii
1529 1264 1858 1318 paganorum

272 1342 527 1397 Ecclesize
577 1343 827 1410 dogmata
875 1338 1138 1405 derident,
1191 1340 1466 1393 audientes
1514 1354 1580 1393 ex
1636 1340 1859 1394 muliere

270 1435 443 1489 Deum
473 1449 589 1488 esse
619 1433 981 1503 progenitum;
1004 1432 1098 1486 sed
1122 1432 1196 1485 illi
1216 1432 1432 1500 quidem
1449 1446 1559 1485 sua:
1578 1431 1858 1485 dementia:

269 1527 505 1581 exedent
547 1526 768 1590 fructus,
820 1534 875 1579 et
911 1525 1133 1579 audient
1168 1539 1198 1578 a
1226 1522 1418 1577 nobis:
1462 1523 1660 1578 Stultus
1709 1524 1863 1577 stulte

270 1618 516 1687 loquitur,
542 1627 590 1670 et
612 1633 698 1670 cor
725 1618 884 1686 ipsius
913 1632 1045 1668 vana
1066 1615 1334 1686 intelliget.
1367 1613 1547 1668 Nostri
1577 1614 1720 1667 enim
1744 1630 1859 1684 my-

270 1710 425 1763 sterii
454 1709 591 1763 ratio
642 1707 850 1780 [Baluz.
885 1704 1102 1775 oratio],
1158 1707 1283 1761 licet
1309 1704 1505 1759 Judmis
1533 1706 1603 1759 sit
1631 1705 1858 1759 scanda-

1960 532 2117 571 verus
2144 517 2211 570 de
2242 517 2354 571 Deo
2374 530 2502 569 vero
2524 514 2732 587 [Baluz.
2760 530 2862 567 om.
2890 511 3039 582 vero]
3057 514 3078 564 ?
3101 512 3205 565 Sed
3253 511 3427 564 factus
3465 522 3543 565 est

1960 608 2314 663 Emmanuel:
2366 606 2659 660 exinanivit
2711 604 2852 658 enim
2887 619 2965 665 se,
3016 603 3421 671 generationem
3453 620 3540 655 no-

1956 707 2124 755 stram
2173 707 2228 753 et
2281 698 2511 753 similem
2565 711 2773 765 passus,
2824 711 2886 749 ac
2912 694 3294 749 sicnobiseum
3317 708 3544 748 conver-

1958 801 2106 846 satus
2135 798 2235 845 est.
2288 789 2429 857 Ergo
2469 796 2523 843 et
2577 787 2718 841 Deus
2774 787 2825 839 in
2854 800 3034 850 carne,
3076 793 3129 839 et
3159 786 3391 845 Θεοτὸκος
3420 801 3547 837 vere

1959 893 2041 936 est
2069 898 2187 951 qum
2227 897 2351 936 eum
2380 880 2689 945 carnaliter,
2718 880 2831 933 sive
2862 878 3154 932 secundum
3190 893 3407 933 carnem
3451 891 3547 946 ge-

1960 976 2185 1031 neravit.

2506 1101 2735 1157 CAPUT
2764 1100 2997 1155 XXVIII.

2658 1262 2833 1315 Aliud.

2035 1442 2289 1507 Quoniam
2319 1460 2492 1498 omnes
2521 1444 2706 1497 stolam
2736 1443 2854 1496 dolo
2885 1453 3269 1514 congregatam,
3303 1454 3351 1496 et
3396 1445 3551 1499 vesti—

1962 1544 2185 1587 mentum
2209 1552 2319 1588 cum
2344 1536 2738 1588 commutatione
2765 1544 3031 1603 reponcnt,
3056 1546 3102 1586 et
3134 1535 3322 1599 volent,
3347 1553 3390 1589 st
3425 1538 3553 1607 [uis-

1960 1637 2071 1679 sent
2100 1628 2185 1679 isii
2208 1627 2485 1689 combusti;
2523 1627 2764 1695 quoniam
2804 1625 3049 1695 parvulus
3087 1636 3239 1677 natus
3274 1638 3346 1679 est
3385 1626 3550 1690 nobis,

1960 1728 2008 1771 et
2034 1718 2171 1788 ﬁlius
2194 1718 2261 1769 da
2286 1735 2343 1771 us
2369 1728 2443 1771 est
2474 1716 2640 1780 nobis,
2682 1716 2829 1786 cujus
2860 1717 3175 1785 principatus
3205 1720 3370 1787 {actus
3400 1729 3473 1771 est
3501 1720 3552 1770 in

270 1798 405 1861 lum,
437 1798 683 1865 gentibus
708 1805 884 1849 autem
906 1796 1162 1861 stultitia;
1186 1796 1339 1850 nobis
1363 1804 1560 1860 tamen,
1587 1795 1729 1864 quod
1760 1797 1863 1851 sci-

1972 1809 2175 1862 liumero
2200 1809 2329 1878 ejus,
2360 1821 2405 1861 et
2431 1819 2640 1861 vocatur
2661 1822 2843 1859 nomen
2868 1805 2977 1875 ejus
3001 1806 3178 1875 magni
3203 1806 3403 1858 consilii
3428 1823 3555 1858 nuu-

268 1906 414 1955 mus,
439 1906 565 1944 vere
587 1898 669 1944 est
696 1888 1026 1952 admirabile,
1060 1895 1113 1942 et
1133 1888 1386 1954 salutare,
1418 1895 1472 1941 et
1493 1888 1862 1955 dignissimum

267 1982 464 2036 credi:
520 1988 574 2035 et
618 1981 663 2035 si
693 1986 834 2035 esset
862 1980 1082 2033 omnino
1109 1980 1408 2048 quisquam,
1441 1981 1528 2049 qui
1559 1962 1738 2034 dicere
1764 1996 1862 2035 au-

269 2070 449 2132 deret,
476 2071 613 2123 hanc
636 2084 854 2123 carnem
896 2076 1164 2122 terrenam
1197 2069 1349 2122 nudae
1377 2069 1671 2123 divinitatis
1700 2070 1863 2124 fuisse

270 2161 609 2230 genitricem,
635 2168 689 2214 et
710 2176 776 2214 ex
799 2176 861 2214 ea
882 2169 1127 2214 creatura
1154 2162 1298 2215 omni
1322 2163 1653 2230 superiorem
1684 2172 1863 2216 natam

276 2252 444 2305 fuisse
473 2259 735 2315 naturam,
766 2251 972 2303 insania
1002 2250 1053 2305 id
1083 2259 1224 2305 esset
1253 2259 1307 2305 et
1328 2254 1491 2307 furor.
1518 2252 1701 2321 Neque
1722 2254 1862 2308 enim

281 2356 351 2396 ex
380 2351 518 2396 terra
546 2341 722 2395 divina
753 2350 835 2395 est
863 2340 999 2397 facta
1033 2351 1252 2407 natura;
1287 2359 1386 2397 nec
1414 2345 1761 2414 corruptibile
1784 2347 1865 2399 in-

280 2433 642 2504 corruptionis
664 2434 815 2488 radix
836 2449 1087 2503 umquam
1111 2433 1228 2500 lict;
1253 2450 1354 2489 nec
1374 2435 1671 2490 mortalitas
1695 2436 1865 2505 pariet

279 2528 480 2592 vitam;
512 2542 611 2581 nec
637 2527 879 2596 corporis
923 2526 1216 2581 tractabilis
1244 2527 1582 2596 incorporale
1613 2524 1702 2581 liet
1740 2542 1864 2596 ger-

281 2633 439 2683 men;
496 2633 596 2672 nec
645 2618 941 2671 increatum
981 2632 1012 2670 a
1059 2624 1242 2671 creato
1283 2626 1563 2682 nascetur;
1598 2633 1695 2673 nec
1721 2618 1865 2687 quod

282 2708 484 2776 absque
506 2708 676 2773 initio,
711 2707 777 2760 ab
797 2722 863 2760 eo
891 2705 1035 2774 quod
1066 2706 1227 2760 habet
1256 2706 1484 2761 initium.

353 2800 551 2855 Verum
574 2800 827 2868 quoniam
857 2798 951 2853 Dei
980 2798 1213 2853 Verbum
1232 2799 1383 2867 juxta
1408 2814 1505 2853 nos
1527 2799 1722 2854 factum
1748 2813 1865 2854 esse

282 2891 630 2957 allirmamus,
663 2900 717 2946 et
747 2891 942 2945 nostris
986 2891 1303 2958 corporibus
1350 2906 1547 2960 corpus
1574 2892 1865 2959 sumpsisse

282 2984 582 3047 consimile,
608 2983 768 3051 idque
789 2981 889 3036 sibi
918 2981 1193 3035 verissime
1222 2980 1503 3045 adunasse,
1531 2996 1723 3035 arcana
1748 2981 1866 3035 ine-

282 3076 645 3144 narrabilique
694 3075 921 3137 ratione,
966 3081 1021 3127 et
1049 3073 1125 3128 sic
1153 3073 1424 3128 hominem
1455 3072 1649 3127 factum
1676 3088 1869 3128 carna-

1966 1903 2063 1954 tius
2096 1898 2249 1971 (Isai.
2284 1916 2355 1965 ιι,
2391 1898 2440 1965 5,
2459 1900 2615 1969 juxta
2644 1897 2839 1965 LXX).
2875 1897 3058 1961 Audis,
3093 1897 3236 1965 quod
3272 1912 3407 1966 puer
3456 1914 3553 1950 no-

1962 1989 2198 2043 minatus
2227 1990 2316 2055 sit,
2354 1990 2603 2058 quodque
2632 1989 3036 2056 generationem
3064 1988 3132 2041 sit
3162 1996 3358 2041 nostrm
3404 1989 3553 2043 simi-

1965 2081 2070 2135 lem
2100 2096 2306 2149 passus.
2335 2080 2403 2133 At
2432 2096 2553 2134 eum
2582 2095 2807 2149 puerum
2835 2079 3027 2133 cmlum
3059 2094 3158 2148 per
3198 2080 3409 2133 stellam
3440 2080 3553 2133 cla-

1963 2172 2229 2226 rissimam
2286 2170 2568 2235 indicavit;
2618 2170 2759 2237 magi
2800 2169 3163 2223 adoraverunt
3222 2185 3287 2223 ex
3354 2171 3556 2229 ultimis

1964 2270 2123 2316 terra:
2152 2261 2409 2315 limitibus
2431 2261 2816 2324 adventantes;
2850 2258 3022 2325 angeli
3052 2260 3356 2326 pastoribus
3386 2275 3553 2315 evan-

1964 2352 2289 2421 gelizabant,
2311 2350 2643 2405 Salvatnrem
2667 2366 2785 2405 esse
2808 2359 2991 2403 natum
3014 2349 3254 2403 dicentes
3275 2358 3346 2416 et,
3372 2368 3556 2421 pacem

1968 2458 2065 2497 nec
2106 2458 2214 2497 non
2270 2442 2433 2496 etiam
2485 2440 2658 2496 Patris
2705 2440 2902 2494 bonam
2956 2440 3292 2493 voluntatem
3350 2456 3556 2495 annun-

1965 2533 2200 2587 tiantes:
2236 2531 2330 2585 Est
2357 2533 2531 2603 magni
2561 2530 2763 2585 consilii
2802 2529 3032 2582 nuntius.
3069 2528 3429 2583 Manifestavit
3470 2539 3554 2585 et-

1966 2624 2109 2678 enim
2136 2624 2288 2679 nobis
2300 2622 2474 2678 Patris
2496 2622 2849 2681 voluntatem,
2871 2620 2962 2687 qui
2989 2621 3040 2672 in
3068 2636 3126 2673 eo
3149 2620 3453 2689 complacuit
3475 2637 3556 2674 or-

1969 2715 2077 2769 bem
2098 2717 2300 2770 salvare
2322 2725 2574 2769 terrarum
2599 2712 2731 2784 (Col.
2758 2730 2813 2777 ιι,
2855 2711 2967 2782 20),
3000 2720 3054 2765 et
3081 2727 3179 2781 per
3209 2712 3382 2781 ipsum
3427 2713 3557 2767 etin

1967 2808 2086 2878 ipso
2117 2807 2371 2861 mundum
2397 2807 2496 2861 sibi
2521 2805 2876 2860 reconciliare
2903 2821 2915 2855 :
2944 2802 3158 2857 Christo
3193 2804 3333 2856 enim
3364 2818 3559 2858 recon-

1968 2899 2152 2963 ciliati,
2212 2897 2324 2952 Deo
2373 2912 2555 2952 sumus
2596 2896 2947 2959 reconciliati,
2982 2893 3123 2948 Deus
3154 2902 3235 2947 est
3264 2895 3405 2947 enim
3435 2910 3560 2950 vere

1969 2989 2133 3043 Filius
2156 2990 2249 3044 Dei
2280 2998 2334 3045 et
2367 2987 2558 3043 Patris.
2590 2988 2869 3054 Quodnam
2895 2988 3054 3055 igitur
3083 2987 3151 3041 sit
3175 2984 3349 3040 Patris
3378 2987 3560 3041 consi-

1970 3082 2119 3146 lium,
2146 3082 2297 3149 cujus
2326 3082 2481 3136 nobis
2512 3079 2668 3133 fuerit
2696 3080 2933 3144 nuntius,
2967 3080 3080 3148 ipse
3110 3078 3323 3134 docebit
3345 3081 3557 3134 dicens:

283 3170 409 3224 Ῑίιθι·
437 3176 618 3221 natum
647 3182 785 3231 esse.
808 3164 935 3234 (ιυίά
966 3164 1252 3218 absurdum
1278 3150 1383 3229 ,δεῖν
1415 3165 1496 3219 vel
1526 3165 1670 3234 (ιιιοά
1718 3165 1865 3220 credi
1893 3152 1935 3211 Ο
1971 3172 2057 3225 Ita
2077 3173 2211 3225 enim
2234 3172 2412 3224 dilexit
2438 3170 2577 3223 Deus
2599 3168 2866 3233 mundum,
2898 3178 2953 3221 ut
2990 3166 3185 3221 Filium
3212 3185 3357 3221 suum
3385 3170 3563 3239 unige-

281 3274 393 3312 non
418 3257 520 3311 deb
542 3257 643 3310 at?
671 3255 805 3309 Cum
835 3255 1131 3325 pnnsertim
1177 3255 1410 3310 hominis
1435 3256 1633 3318 anima,
1684 3265 1742 3310 ut
1762 3271 1865 3311 saa-

282 3350 504 3421 pissime
525 3348 775 3411 diximus,
807 3362 928 3402 cum
949 3348 1019 3402 sit
1049 3354 1254 3401 natura:
1283 3348 1501 3402 alterius
1530 3357 1728 3418 praeter
1755 3364 1868 3404 cor-

280 3456 405 3513 pus,
435 3448 686 3495 nascatur
713 3448 891 3493 tamen
918 3455 1038 3493 cum
1069 3439 1204 3508 ipso,
1227 3454 1345 3494 cum
1393 3441 1462 3495 sit
1513 3442 1562 3495 ei
1609 3443 1866 3508 adunata,

280 3549 388 3589 nec
430 3534 711 3603 quisquam
767 3532 1056 3586 arbitretur
1111 3540 1357 3585 naturam
1405 3536 1647 3604 corporis
1677 3537 1869 3591 animm

280 3625 494 3680 initium
520 3624 757 3693 pnebere
780 3622 1120 3687 substantizc;
1153 3621 1245 3675 sed
1268 3622 1505 3676 immittit
1533 3624 1747 3692 quidem
1790 3626 1870 3694 ip-

279 3731 402 3773 sam
454 3713 891 3770 inaestimabiliter
945 3713 1087 3767 Deus
1140 3713 1193 3766 in
1239 3728 1454 3783 corpus,
1496 3722 1551 3768 et
1604 3731 1725 3769 cum
1755 3717 1869 3786 ipso

280 3807 451 3861 etiam
480 3806 715 3859 nascitur
742 3821 753 3856 :
786 3818 951 3857 unum
971 3809 1151 3856 tamen
1180 3818 1246 3857 ex
1276 3811 1504 3871 utroque
1532 3804 1729 3858 animal
1777 3805 1871 3859 de-

282 3896 519 3960 ﬁnimus,
560 3895 833 3949 hominem
886 3893 1107 3946 scilicet.
1158 3892 1324 3959 Igitur
1373 3892 1609 3947 Verbum
1656 3893 1871 3962 quidem

282 3988 431 4041 Deus
457 3994 589 4049 erat,
621 3983 817 4039 factum
844 3990 925 4037 est
953 3991 1133 4036 autem
1159 3990 1215 4036 et
1241 3982 1427 4048 homo,
1457 3991 1513 4037 et
1538 3983 1661 4051 quia
1689 3991 1872 4037 natum

280 4087 371 4136 est
397 4078 687 4132 secundum
716 4092 951 4141 carnem,
986 4082 1207 4146 propter
1245 4076 1632 4131 humanitatem
1688 4091 1875 4132 neces-

280 4171 487 4226 sarium
517 4177 614 4234 est,
644 4178 703 4223 ut
724 4185 842 4238 qua:
872 4171 1044 4240 ipsum
1072 4169 1300 4239 peperit,
1326 4169 1395 4221 sit
1441 4169 1680 4230 Θεοτόκος·
1705 4186 1717 4221 :
1750 4184 1873 4222 nam

280 4264 330 4319 si
364 4278 470 4317 non
498 4264 706 4333 peperit
733 4263 921 4328 Deum,
949 4271 1095 4317 certe
1127 4278 1225 4316 nec
1250 4261 1459 4315 dicetur
1488 4261 1648 4326 Deus,
1676 4262 1766 4329 qui
1793 4269 1875 4315 est

280 4356 357 4409 ab
378 4356 489 4424 ipsa
517 4355 855 4425 progenitus;
875 4356 955 4408 sin
982 4369 1108 4408 vero
1130 4354 1298 4408 Deum
1326 4353 1496 4423 ipsum
1519 4352 1712 4407 divina:
1739 4351 1877 4407 Scri-

278 4455 459 4518 ptura:
480 4448 774 4510 nominant,
807 4447 1015 4517 peperit
1036 4447 1147 4515 ipsa
1172 4445 1337 4500 Deum
1352 4445 1625 4500 hominem
1653 4444 1871 4510 factum,

276 4538 550 4607 siquidem
579 4540 741 4593 homo
771 4539 927 4591 aliter
954 4535 1070 4592 ﬁeri
1100 4553 1206 4591 non
1226 4544 1428 4607 posset,
1460 4537 1561 4591 nisi
1588 4551 1686 4606 per
1712 4551 1874 4605 gene-

276 4630 554 4684 rationem
590 4644 657 4684 ex
702 4629 946 4683 muliere.
1000 4628 1282 4695 Quomodo
1310 4629 1471 4697 igitur
1499 4644 1607 4682 non
1634 4628 1723 4693 sit,
1756 4643 1873 4697 qua:

276 4721 461 4789 ipsum
487 4721 714 4789 peperit,
739 4720 1001 4781 Θεοτὸκος.
1035 4719 1187 4785 Quod
1219 4726 1399 4774 autem
1426 4719 1566 4773 Deus
1592 4718 1661 4773 sit
1693 4734 1868 4786 verus,

276 4812 379 4883 qui
404 4822 560 4869 natus
586 4812 709 4868 inde
733 4820 835 4876 est,
861 4828 928 4867 ex
956 4813 1133 4867 divina
1160 4812 1436 4882 Scriptura
1465 4812 1742 4869 discimus.

825 4940 1053 4997 CAPUT
1080 4941 1292 4997 XXVII.

813 5055 970 5109 Dicta
1009 5055 1070 5108 de
1111 5054 1332 5108 Christo.

358 5164 496 5220 Ecce
549 5165 706 5237 Virgo
750 5166 803 5218 in
823 5176 967 5218 utero
1020 5165 1262 5235 accipiet,
1304 5173 1352 5216 et
1385 5165 1552 5235 pariet
1579 5164 1778 5234 ﬁlium,
1821 5173 1870 5219 et

275 5254 537 5312 vocabunt
558 5273 743 5310 nomen
770 5257 881 5327 ejus
910 5255 1219 5309 Emmanuel
1262 5253 1417 5322 (Isai.
1454 5271 1543 5320 vn,
1593 5254 1678 5320 I4,
1713 5257 1869 5327 juxta

278 5346 481 5402 Matth.
534 5357 582 5400 et
627 5346 807 5417 Cyrilli
843 5347 1153 5414 lectionem).
1187 5344 1469 5411 Quomodo
1490 5360 1617 5414 ergo
1648 5347 1701 5401 id
1728 5348 1873 5416 quod

278 5446 471 5493 natum
501 5447 584 5492 est
616 5453 683 5493 ex
713 5447 896 5494 sancta
925 5438 1163 5507 Virgine,
1193 5439 1511 5493 Emmanuel
1543 5441 1869 5508 nominatur,

276 5543 411 5586 cum
435 5526 768 5595 Emmanuel,
792 5537 849 5583 ut
870 5538 994 5585 ante
1017 5532 1146 5597 dixi,
1175 5529 1439 5600 signiticet
1460 5532 1512 5586 in
1559 5540 1743 5588 nostra
1775 5550 1873 5588 na-

1967 3265 2132 3317 nitum
2162 3263 2327 3328 daret,
2350 3271 2405 3316 ut
2433 3263 2598 3315 omnis
2620 3262 2704 3333 qui
2734 3262 2898 3314 credit
2926 3262 2978 3314 in
3008 3262 3193 3331 ipsum,
3228 3277 3329 3315 non
3355 3270 3561 3331 pereat,

1968 3355 2059 3408 sed
2078 3355 2263 3407 habeat
2290 3355 2445 3407 vitam
2467 3362 2715 3407 aeternam
2742 3351 2920 3423 (Joan.
2946 3368 3023 3419 ιιι,
3052 3350 3162 3421 16).
3188 3350 3351 3405 Filius
3380 3359 3561 3406 autem

1969 3447 2275 3516 unigenitus
2331 3447 2420 3501 ille
2471 3453 2553 3500 est
2594 3445 2686 3515 qui
2735 3453 2818 3500 est
2865 3461 2932 3499 ex
2962 3451 3145 3499 sancta
3185 3443 3405 3511 Virgine
3436 3460 3566 3514 pro-

1969 3546 2223 3593 creatus:
2272 3538 2444 3607 ipsum
2492 3539 2635 3592 enim
2676 3536 2912 3591 Verbum
2959 3536 3121 3591 homo
3154 3535 3373 3599 factum,
3422 3535 3566 3604 quod

1972 3629 2071 3683 l‘uit
2091 3630 2232 3683 Deus
2261 3630 2315 3682 in
2344 3644 2523 3691 carne,
2558 3644 2621 3683 ac
2652 3629 2729 3683 sic
2752 3627 2980 3682 terrenis
3009 3628 3275 3696 apparuit.
3328 3626 3568 3694 Denique

1971 3718 2183 3771 dicebat
2208 3736 2221 3769 :
2257 3716 2356 3780 Qui
2379 3717 2541 3770 credit
2569 3718 2623 3769 in
2645 3733 2742 3780 me,
2770 3717 2920 3768 habet
2944 3717 3100 3768 vitam
3124 3726 3365 3769 a‘ternam
3385 3715 3565 3785 (Joan.

1970 3825 2044 3874 vi,
2077 3807 2191 3879 Π).
2227 3807 2381 3873 Quod
2414 3823 2541 3862 vero
2565 3823 2663 3876 per
2693 3808 2866 3876 ipsum
2909 3815 2964 3861 et
3013 3808 3064 3859 in
3123 3808 3241 3875 ipso
3286 3808 3569 3862 credamus

1974 3897 2139 3963 Patri,
2192 3898 2501 3967 explanavit
2543 3896 2769 3951 dicens:
2806 3895 2905 3959 Qui
2949 3896 3111 3949 credit
3152 3897 3205 3949 in
3236 3914 3331 3961 me,
3359 3897 3563 3969 [Baluz.

1974 3991 2097 4045 add.
2127 4008 2230 4044 non
2260 3990 2421 4044 credit
2442 3992 2493 4044 in
2519 3988 2643 4060 me,']
2673 3988 2763 4042 sed
2790 3992 2843 4043 in
2857 4006 2968 4041 eum
2990 3990 3074 4059 qui
3099 3990 3238 4042 misit
3268 4006 3347 4042 me
3378 3987 3559 4060 (Joan.

1977 4099 2070 4148 xu,
2095 4081 2220 4151 Li);
2271 4090 2372 4136 et:
2415 4091 2441 4118 ι
2486 4079 2586 4146 Qui
2635 4081 2759 4135 vidit
2796 4098 2911 4134 eum
2962 4081 3048 4152 qui
3099 4082 3237 4133 misit
3275 4097 3356 4133 me
3387 4079 3565 4151 (Ibid.

1976 4190 2023 4227 υ.
2051 4170 2173 4242 45).
2764 4176 2773 4183 ’

2045 4263 2231 4316 Audite
2258 4280 2357 4327 me,
2386 4263 2590 4327 insula},
2610 4271 2659 4315 et
2682 4261 2946 4326 attendite,
2972 4269 3165 4332 gentes.
3194 4259 3325 4315 Post
3350 4263 3566 4315 multum

1978 4356 2222 4423 temporis
2255 4353 2430 4418 stabit,
2465 4354 2589 4406 dicit
2622 4350 2910 4416 Dominus;
2952 4369 3016 4405 ex
3038 4362 3181 4405 utero
3205 4355 3386 4407 matris
3426 4370 3570 4407 voca~

1978 4446 2101 4499 bunt
2128 4463 2313 4501 nomen
2343 4463 2510 4499 meum
2565 4443 2719 4515 (Isai.
2752 4460 2899 4506 XLIX,
2924 4446 2971 4508 l,
3020 4445 3177 4516 juxta
3207 4443 3405 4515 LXX).
3429 4444 3566 4499 Cum

1901 4514 1950 4574 θ
1978 4536 2208 4591 Verbum
2237 4540 2306 4592 sit
2336 4538 2497 4600 Deus,
2532 4553 2637 4591 non
2669 4536 2932 4606 ignoravit
2975 4514 3118 4606 quod
3159 4514 3568 4606 generationem

1974 4628 2227 4698 patietur,
2250 4644 2316 4684 ex
2341 4629 2566 4683 muliere
2596 4629 2932 4683 incarnatum
2957 4637 3178 4699 propter
3200 4644 3318 4683 nos.
3350 4628 3569 4681 Sciebat

1975 4724 2154 4771 autem
2173 4718 2319 4787 quod
2347 4718 2629 4773 vocabitur
2648 4715 2893 4772 Christus
2914 4716 3070 4772 Jesus
3091 4732 3120 4770 a
3153 4716 3262 4770 Deo
3292 4723 3347 4769 et
3376 4714 3566 4781 Patre;

1974 4809 2222 4864 omnibus
2245 4810 2401 4865 nobis
2425 4822 2620 4864 novum
2645 4808 2737 4862 lilii
2760 4816 2953 4864 nomen
2982 4808 3298 4879 prmdicans,
3322 4808 3463 4877 quod
3488 4817 3570 4863 est

1972 4898 2315 4955 benedictum
2357 4901 2412 4954 in
2455 4906 2616 4954 terra.
2649 4898 2886 4954 Observa
2917 4909 3096 4953 autem
3125 4899 3269 4967 qtod
3297 4900 3569 4970 propriam

1977 4990 2219 5044 nominet
2247 4997 2491 5055 matrem,
2518 5005 2636 5061 qua:
2662 5005 2817 5045 suum
2848 4990 3057 5060 peperit
3085 5005 3298 5059 corpus.
3334 4989 3472 5057 Ergo
3520 4992 3567 5047 si

1977 5082 2143 5137 Deum
2168 5081 2377 5157 [Baluz.
2403 5084 2530 5138 add.
2550 5080 2762 5155 verum]
2791 5099 2848 5138 se
2878 5098 2996 5137 esse
3017 5082 3311 5152 cognoscit,
3338 5082 3426 5135 illa
3449 5098 3571 5151 quae

1978 5188 2101 5230 eum
2150 5177 2440 5231 carnaliter
2477 5177 2705 5247 peperit,
2748 5176 2989 5238 Θεοτὸκος
3033 5175 3244 5238 dicitur,
3281 5174 3569 5243 etquidem

1978 5274 2126 5322 recte
2163 5285 2176 5319 :
2214 5267 2296 5321 sin
2335 5282 2466 5322 vero
2510 5283 2616 5322 non
2665 5274 2749 5321 est
2800 5266 2959 5329 Deus,
3012 5264 3065 5319 id
3102 5264 3244 5334 quod
3293 5264 3577 5324 audacter,

1980 5356 2145 5411 immo
2168 5357 2348 5427 potius
2368 5358 2626 5413 scelerate
2650 5357 2890 5412 nonnulli
2906 5357 3171 5420 sentiunt,
3197 5357 3391 5426 privari
3416 5372 3583 5425 Opor-

1981 5455 2057 5502 tet
2104 5448 2276 5518 ipsam
2325 5448 2599 5517 Virginem
2628 5456 2869 5505 sanctam
2898 5449 3000 5503 hoc
3029 5447 3267 5512 nomine,
3295 5462 3403 5516 quo
3451 5455 3576 5501 eto—

1977 5540 2128 5601 τὸκος
2150 5555 2271 5595 esse
2300 5539 2527 5594 dicatur.

1458 5648 2001 5709 CASTIGATIONES
2042 5652 2130 5709 ET
2169 5652 2399 5709 ΝΟΤᾹΞ.

360 5747 387 5777 ι
427 5736 631 5804 Baluz.,
665 5734 763 5802 Qui
792 5736 915 5791 vidit
936 5754 1033 5803 me,
1062 5738 1186 5792 vidit
1211 5754 1323 5793 eum
1354 5738 1461 5810 qui,
1489 5747 1593 5794 etc.
1626 5737 1785 5794 Ευιτ.
