3980 6182
438 252 563 307 ’031
954 248 1143 303 MAllll
1184 248 1227 300 Μ
1239 244 1619 301 ERC.\TOR|S
1656 243 2015 301 TRANSLAT

2114 242 2219 299 lES
2260 240 2619 299 VARIORUM
2668 237 3198 297 OI‘USCCLOEUM.
3564 239 3702 294 1032

991 357 1217 411 CAPUT
1256 355 1442 409 XXIX.
2037 363 2084 416 Α
2113 355 2187 407 ait
2205 354 2394 408 beatus
2416 351 2631 416 Paulus,
2662 371 2752 423 per
2774 370 2919 405 suum
2942 368 3125 420 corpus
3153 367 3246 421 pro
3267 350 3501 404 omnibus
3524 362 3704 420 gusta~

2114 447 2180 498 vit
2199 456 2413 499 mortem
2463 444 2624 515 (Heb.
2657 462 2712 508 ιι,
2745 445 2831 514 9).
2877 445 2982 499 Sed
3032 445 3289 513 quoniam
3339 454 3533 499 natura
3590 456 3707 500 erat

2114 534 2272 598 Deus,
2286 535 2579 588 resurrexit
2593 534 2768 589 denuo
2786 535 2835 587 in
2852 535 3231 603 sempiternam
3250 534 3430 587 vitam.
3445 533 3707 603 Cognitus

510 632 763 685 Salomon
789 629 863 681 ait
883 642 1043 679 orans
1069 644 1080 676 :
1115 624 1183 677 Et
1212 641 1363 688 nunc,
1394 623 1611 677 Domine
1640 622 1778 677 Deus
1825 622 2012 686 Israel,
2113 630 2194 676 est
2216 623 2491 689 igiturhic,
2506 623 2597 689 qui
2618 639 2716 692 pro
2732 624 2885 677 nobis
2906 624 3198 693 pretiosam
3216 625 3469 678 sustinuit
3491 642 3706 679 crucem

439 719 678 774 credibile
719 720 811 787 fiat
849 715 1049 770 verbum
1084 724 1245 779 tuum,
1284 714 1418 786 quod
1444 714 1641 768 locutus
1663 731 1715 767 es
1745 731 1900 783 puero
1931 724 2015 766 tuo
2114 712 2166 764 in
2191 713 2367 767 medio
2406 713 2633 767 duorum
2656 714 2987 769 animalium.
3020 714 3151 767 Nam
3182 715 3294 784 ipse
3314 715 3511 769 alicubi
3538 718 3615 769 ait
3641 716 3709 769 ad

443 811 629 866 David.
678 810 885 879 Ergone
913 806 1156 860 credibile
1177 816 1251 860 cst
1276 806 1411 876 quod
1435 806 1686 859 habitavit
1733 805 1872 859 Deus
1902 821 2016 857 cum
2113 802 2325 859 Judznos
2357 822 2369 856 :
2398 803 2523 857 Cum
2551 805 2898 858 exaltaveritis
2920 805 3086 873 ﬁlium
3114 805 3355 871 hominis,
3378 816 3485 859 tum
3508 823 3705 876 cogno-

439 901 725 955 hominibus
754 901 809 952 in
849 907 985 951 terra
1038 898 1102 967 (ll
1124 897 1361 965 Paralip.
1408 912 1477 958 vr,
1510 895 1595 959 Π,
1613 897 1769 966 juxta
1798 894 2015 963 LXX)?
2115 897 2263 948 scetis
2284 896 2402 965 quia
2431 913 2521 966 ego
2544 913 2655 949 sum
2680 895 2865 966 (Joan.
2894 913 3003 962 vui,
3027 896 3145 967 ‘28).
3179 896 3311 951 Vide
3340 899 3502 951 etiam
3521 938 3535 962 ,
3568 915 3707 967 quo-

441 991 839 1051 Animadverte,
872 989 1014 1057 quod
1063 989 1285 1041 miretur
1333 986 1493 1040 Verbi
1546 986 1968 1041 incarnationem
2000 1005 2011 1039 :
2117 984 2278 1038 modo
2301 985 2468 1038 Deum
2491 986 2665 1053 ipsum
2695 986 2996 1046 nominans,
3030 1002 3098 1040 ex
3128 986 3364 1040 Theman
3395 995 3705 1055 venturum,

440 1083 697 1135 habitavit
722 1095 950 1149 namque
966 1095 1085 1133 cum
1112 1078 1416 1132 hominibus
1447 1078 1497 1130 in
1526 1086 1687 1139 terra,
1713 1093 1833 1132 cum
1854 1078 2016 1131 homo
2118 1083 2171 1128 et
2199 1092 2265 1129 ex
2294 1076 2502 1128 Pharan
2526 1084 2708 1130 monte
2737 1078 3046 1145 pronuntiat
3085 1078 3493 1148 (interpretatur
3525 1089 3708 1134 autem

438 1184 520 1229 est
549 1174 761 1237 factum,
788 1188 874 1227 res
903 1172 1045 1226 enim
1074 1170 1404 1224 incredibilis
1428 1170 1726 1223 videbatur.
1766 1168 2017 1238 Alioquin
2119 1165 2356 1221 Theman
2380 1168 2627 1237 Auster):
2652 1168 3328 1237 appamitenimChristus,
3354 1187 3459 1226 non
3476 1188 3506 1225 a
3530 1175 3713 1240 regio—

438 1266 710 1335 quomodo
732 1265 781 1319 id
810 1265 1133 1335 praecipuum
1161 1262 1413 1330 quiddam
1436 1262 1524 1328 sit,
1558 1262 1641 1315 vel
1670 1262 1942 1329 quomodo
1964 1260 2017 1315 id
2119 1259 2274 1313 nibus
2297 1259 2592 1327 Aquilonis,
2625 1260 2720 1314 sed
2750 1261 2817 1313 ab
2847 1261 3063 1314 australi
3092 1260 3293 1327 Iudaea,
3319 1262 3372 1315 in
3399 1278 3505 1331 qua
3539 1264 3712 1316 etiam

440 1358 723 1412 miratione
742 1357 978 1425 dignum,
1010 1370 1131 1409 cum
1157 1355 1295 1409 Deus
1317 1354 1383 1407 ab
1420 1354 1519 1416 his,
1559 1368 1677 1422 qua:
1721 1354 1835 1421 ipse
1868 1368 2019 1407 crea—
2118 1350 2393 1405 Bethleem
2439 1359 2537 1405 est.
2582 1349 2717 1406 Cum
2746 1353 2906 1419 igitur
2934 1353 2996 1416 is,
3040 1354 3130 1421 qui
3160 1353 3417 1407 Dominus
3459 1364 3513 1408 et
3565 1356 3714 1409 Deus

438 1453 595 1515 verit,
626 1467 732 1504 non
764 1450 1020 1514 discedat,
1055 1447 1240 1501 fovens
1268 1462 1332 1499 ea
1362 1446 1587 1509 scilicet,
1618 1452 1672 1498 et
1712 1459 1773 1498 ea
1803 1444 2019 1512 quidem
2120 1443 2426 1497 nominatus
2450 1451 2550 1509 est,
2583 1459 2650 1497 ex
2684 1443 2866 1497 Iudma
2905 1445 3113 1499 venerit
3153 1445 3406 1509 australi,
3438 1454 3597 1499 natus
3623 1454 3715 1500 est

438 1543 736 1604 continens,
762 1556 879 1608 quae
902 1539 1011 1607 jam
1039 1541 1174 1592 facta
1196 1544 1347 1601 sunt;
1379 1550 1443 1589 ea
1473 1550 1601 1589 vero
1627 1549 1746 1603 quae
1783 1534 2018 1587 nondum
2119 1533 2261 1586 enim
2307 1534 2359 1587 in
2403 1534 2712 1601 Bethleem;
2743 1536 3013 1604 quomodo
3052 1552 3161 1591 non
3208 1537 3277 1592 sit
3312 1546 3497 1593 sancta
3544 1539 3713 1607 Virgo

437 1634 579 1687 facta
596 1641 736 1697 sunt,
756 1647 961 1685 creans.
981 1628 1293 1683 Miraculum
1314 1635 1493 1681 autem
1518 1641 1646 1680 vere
1671 1626 2014 1696 prmcipuum,
2119 1626 2396 1687 Θωτόκοςῖ

439 497 590 563 Quod
626 496 762 550 Deus
800 494 1095 547 nominatur
1123 499 1172 543 et
1198 489 1347 542 homo
1387 504 1644 558 apparens
1687 487 2007 558 Unigenitus.

438 1724 581 1792 quod
616 1724 667 1776 in
699 1695 839 1775 terra
870 1735 991 1775 cum
1019 1717 1323 1773 hominibus
1359 1716 1616 1771 habitarit
1652 1695 1813 1768 homo
1849 1715 2018 1769 factus
2052 1725 2093 1783 ιι
2679 1695 2905 1792 CAPUT
2942 1696 3130 1792 XXXI.

438 1789 597 1877 Deus,
624 1815 775 1881 juxta
803 1810 1187 1881 promissiones
1203 1807 1312 1876 jam
1337 1816 1493 1861 antea
1516 1808 1666 1861 datas
1697 1807 1877 1861 divino
1906 1806 2012 1859 Da-
2814 1789 2990 1843 Aliud.

437 1905 552 1970 vid;
578 1905 835 1972 scriptum
856 1913 937 1956 est
959 1902 1098 1954 enim
1125 1919 1136 1952 :
1167 1899 1376 1953 Iuravit
1398 1898 1651 1953 Dominus
1676 1898 1844 1952 Dat-id
1882 1900 2014 1952 veri-
2184 1894 2240 1949 In
2267 1893 2463 1951 Genesi
2493 1896 2750 1966 scriptum
2780 1907 2897 1951 est:
2930 1897 3291 1955 Subremansit
3327 1911 3492 1956 autem
3538 1902 3715 1957 Iacob

440 2006 614 2059 tatem,
637 2004 685 2046 et
713 2010 815 2046 non
836 1990 1171 2062 frustrabitur
1193 2007 1306 2043 eam
1331 1989 1501 2061 (Psal.
1527 2006 1706 2054 cxxxr,
1731 1988 1841 2059 11).
1880 1988 2018 2054 Quid
2115 1985 2274 2047 solus,
2306 1996 2354 2038 et
2382 1985 2674 2040 luctabatur
2695 1987 2845 2041 homo
2876 2005 2989 2042 cum
3010 1992 3120 2059 ipso
3149 2009 3305 2063 usque
3332 1995 3401 2046 ad
3419 2011 3602 2048 mane:
3624 1997 3719 2047 ei-

440 2096 617 2141 autem
641 2082 963 2153 juravit?De
983 2085 1150 2154 fructu
1171 2083 1358 2136 ventris
1382 2084 1454 2135 tui
1477 2100 1665 2152 ponam
1682 2098 1833 2152 super
1846 2081 2016 2135 sedem
2117 2076 2191 2129 dit
2220 2087 2386 2130 autem
2418 2077 2553 2149 quod
2573 2095 2675 2132 non
2704 2082 2999 2149 prwvaleret
3028 2083 3096 2135 ad
3115 2084 3299 2153 ipsum,
3330 2096 3379 2138 et
3401 2089 3557 2158 tetigit
3577 2088 3723 2140 lati-

440 2185 599 2229 tuam.
648 2174 715 2227 Et
762 2190 889 2229 vero
919 2174 1025 2238 ille,
1055 2173 1299 2242 quamvis
1324 2172 1655 2237 credidisset,
1687 2172 1832 2241 quod
1859 2187 2015 2225 num-
2117 2165 2343 2219 tudinem
2374 2177 2396 2201 ³·
2420 2169 2628 2238 femoris
2655 2169 2784 2238 ejus,
2817 2186 2930 2223 cum
2958 2172 3237 2226 luctaretur
3258 2192 3372 2228 cum
3400 2194 3475 2241 eo,
3498 2188 3550 2229 et
3570 2178 3725 2231 dixit

438 2284 600 2336 quam
621 2268 848 2335 abneget
868 2265 1277 2335 promissionem
1298 2264 1439 2319 Deus
1459 2265 1819 2335 omnipotens,
1840 2272 2016 2318 tamen
2116 2258 2195 2311 ei:
2221 2257 2437 2312 Dimitte
2456 2277 2554 2322 me.
2580 2261 2811 2314 ascendit
2847 2264 2983 2315 enim
3022 2273 3181 2317 ortus.
3216 2264 3315 2319 Ille
3343 2276 3504 2320 mitem
3533 2269 3680 2321 dixit
3698 2284 3722 2322 :

438 2361 610 2430 ipsum
630 2358 995 2427 generationis
1023 2358 1202 2413 locum
1230 2358 1492 2412 curiosius
1522 2357 1842 2425 inquirebat,
1872 2357 2015 2411 ideo-

2118 2348 2241 2403 Non
2282 2360 2328 2403 te
2356 2350 2573 2416 dimitto,
2623 2353 2723 2405 nisi
2762 2351 3078 2408 benedixeris
3124 2357 3269 2409 mihi.
3296 2356 3363 2410 Et
3404 2366 3520 2427 post
3547 2361 3665 2413 alia
3703 2380 3718 2413 :

437 2467 543 2520 que
581 2450 790 2504 dicebat
815 2466 827 2501 :
861 2449 922 2503 Si
953 2449 1232 2503 ascendere
1260 2465 1415 2519 super
1435 2448 1619 2501 lectum
1647 2449 1796 2501 strati
1825 2449 1943 2512 mei,
1971 2449 2017 2501 si
2119 2440 2389 2495 Benedixit
2415 2452 2582 2495 autem
2612 2460 2724 2496 eum
2746 2444 2835 2506 ibi.
2867 2454 2915 2497 et
2962 2449 3158 2500 vocavit
3188 2464 3371 2501 nomen
3400 2450 3494 2503 loci
3526 2452 3722 2516 illius,

440 2544 625 2597 dedero
672 2559 906 2597 somnum
947 2542 1107 2595 oculis
1136 2542 1283 2603 meis,
1328 2550 1415 2592 aut
1444 2537 1702 2609 palpebris
1730 2540 1855 2591 meis
1897 2539 2018 2591 dor-
2119 2535 2304 2604 faciem
2325 2531 2422 2586 Dei
2453 2550 2469 2586 :
2500 2535 2603 2587 vidi
2631 2535 2785 2597 enim,
2818 2535 3009 2603 inquit,
3059 2535 3222 2590 Deum
3245 2540 3375 2609 facie
3399 2541 3465 2592 ad
3493 2542 3723 2611 faciem.

439 2635 776 2698 mitationem,
828 2640 919 2685 aut
972 2633 1195 2703 requiem
1237 2631 1545 2701 temporibus
1585 2632 1730 2695 meis,
1757 2630 1915 2683 donec
1937 2632 2018 2683 in-
2116 2632 2166 2676 et
2183 2624 2381 2676 saluata
2400 2632 2476 2678 est
2502 2626 2675 2678 anima
2696 2641 2843 2679 mea:
2866 2627 3098 2680 ascendit
3120 2637 3288 2681 autem
3308 2630 3402 2691 sol,
3425 2640 3471 2683 et
3495 2636 3728 2686 transiit

439 2729 639 2780 ueniam
662 2726 828 2780 locum
853 2725 1092 2788 Domino,
1125 2724 1519 2778 tabernaculum
1532 2724 1642 2778 Deo
1664 2724 1827 2779 Iacob
1853 2724 2013 2795 (Ibid.

2120 2715 2279 2784 facies
2300 2713 2397 2768 Dei
2420 2732 2438 2780 ;
2456 2716 2566 2785 ipse
2585 2725 2753 2769 autem
2778 2718 3025 2772 titubabat
3047 2721 3241 2789 femore
3263 2738 3353 2776 suo
3368 2720 3514 2793 (Gen.
3531 2740 3725 2789 nx“.

440 2834 484 2870 υ.
516 2817 590 2884 5).
626 2815 827 2869 Deinde
855 2830 974 2868 cum
1008 2814 1060 2867 id
1091 2829 1309 2883 quoque
1330 2830 1426 2883 per
1449 2814 1694 2884 spiritum
1711 2816 2014 2885 reperissct,

2116 2804 2228 2879 24).
2260 2807 2510 2879 Mysticus
2530 2810 2745 2878 quidem
2773 2819 2855 2865 est
2882 2811 3280 2883 Scripturarum
3309 2832 3492 2871 sensus
3524 2836 3537 2869 :
3571 2820 3727 2873 sub-

439 2914 494 2959 et
513 2906 740 2959 carnalis
754 2904 1116 2971 generationis
1145 2902 1413 2971 Unigeniti
1445 2905 1621 2958 locum
1658 2907 2012 2973 cognovisset,

2119 2898 2354 2953 indicare
2388 2901 2529 2954 enim
2558 2900 2769 2955 videtur
2796 2901 3101 2957 Judreorum
3130 2905 3571 2972 obluctationem,
3593 2924 3731 2977 qua
3800 2925 3814 2935 ’

439 2995 832 3063 evangelizabal
867 3002 922 3048 et
942 2994 1506 3049 dicebatzAudivimus
1528 3013 1640 3049 eam
1676 2998 1731 3050 in
1758 2995 2011 3067 Ephrata,
2119 2991 2405 3045 utebantur
2431 3008 2551 3046 cum
2604 2992 3073 3068 Christo[Batuz.
3124 3014 3226 3051 om.
3273 3013 3394 3052 cum
3440 2997 3729 3072 Christo].

440 3087 493 3141 id
523 3096 624 3149 est,
655 3086 705 3139 in
747 3085 1058 3149 Bethleem;
1090 3087 1375 3140 invenimus
1401 3105 1513 3140 eam
1542 3089 1595 3141 in
1626 3089 1819 3158 campis
1848 3089 2009 3142 silvae.
2042 3084 2086 3146 C
2118 3096 2254 3150 Ρθηθ
2274 3098 2395 3137 cum
2427 3083 2542 3152 ίρεο
2572 3084 2865 3150 Ιυειίιηιθες
2888 3087 2979 3155 qui
3010 3096 3190 3142 tamen
3203 3090 3445 3158 .Supel'ali
3474 3099 3631 3156 sunt.
3663 3101 3733 3146 et

438 3177 591 3244 Quod
622 3194 749 3231 vero
777 3176 960 3232 dicens
987 3176 1241 3247 prrata,
1278 3177 1540 3246 signiﬁcet
1572 3179 1869 3245 Bethleem,
1902 3196 2023 3250 pro-
2123 3173 2225 3242 ipsi
2243 3174 2403 3227 etiam
2426 3175 2762 3244 impetraturi
2790 3176 3218 3232 benedictionem
3244 3179 3424 3249 ipsius,
3450 3181 3495 3234 si
3516 3195 3628 3248 per
3656 3180 3731 3233 ﬁ-

438 3270 599 3338 pheta
628 3270 997 3339 comprobavit
1029 3287 1041 3321 :
1077 3268 1142 3322 Et
1183 3278 1235 3321 tu
1265 3268 1525 3324 Bethleem
1565 3270 1745 3324 domus
1785 3271 2022 3341 Ephrata
2120 3265 2241 3319 dem
2270 3266 2336 3320 ad
2356 3282 2476 3320 eum
2518 3268 2823 3322 novissimis
2852 3269 3183 3337 temporibus
3204 3285 3262 3324 se
3290 3272 3728 3327 convertissent.

442 3360 624 3428 (Mich.
656 3377 707 3425 v,
741 3358 818 3429 2).
868 3359 1103 3413 Observa
1145 3369 1322 3413 autem
1368 3361 1638 3428 quomodo
1668 3376 1820 3428 eum,
1859 3377 2021 3430 quem
2123 3358 2372 3411 Attamen
2404 3357 2493 3411 ille
2515 3366 2661 3413 certe
2690 3358 2912 3431 [Baluz.
2956 3360 3085 3414 illud
3111 3376 3273 3415 cerne
3300 3379 3311 3413 :
3338 3358 3533 3431 ]homo
3560 3373 3733 3428 erat,

439 3447 736 3502 crediderat
756 3454 996 3502 creatum
1018 3447 1171 3515 juxta
1194 3463 1294 3501 nos
1314 3448 1366 3502 in
1395 3447 1649 3518 Ephrata,
1672 3449 1837 3505 Deum
1856 3450 2022 3505 Iacob
2123 3450 2215 3519 qui
2243 3449 2568 3513 luctabatur,
2595 3458 2649 3503 et
2669 3465 2791 3504 eum
2821 3459 2996 3505 tamen
3021 3448 3187 3506 Iacob
3212 3451 3307 3506 Dei
3326 3450 3508 3507 faciem
3529 3456 3737 3507 nomi-

440 3540 701 3603 nominet,
753 3539 907 3608 cujus
958 3540 1276 3594 inhabitatio
1324 3539 1423 3595 fuit
1452 3541 1505 3594 in
1536 3541 1880 3597 taber..aculo
1906 3560 1918 3595 :
1950 3542 2023 3597 ibi
2124 3540 2319 3605 nabat;
2358 3555 2535 3608 neque
2565 3540 2615 3594 id
2642 3541 2843 3604 solum,
2877 3542 2969 3596 sed
3010 3543 3213 3598 sciebat
3240 3559 3361 3600 eum
3393 3544 3557 3598 Deum
3584 3560 3737 3600 esse

440 3632 584 3686 enim
612 3632 822 3700 peperit
850 3630 1035 3685 Iesum
1056 3639 1241 3685 sancta
1268 3630 1449 3698 Virgo.
2123 3631 2418 3685 secundum
2446 3633 2728 3686 veritatem
2764 3650 2775 3683 :
2818 3632 2936 3686 Vidi
2956 3637 3112 3700 enim,
3138 3636 3339 3703 inquit,
3376 3634 3538 3688 Deum
3571 3637 3738 3705 facie

510 3720 952 3774 Nominatautem
974 3735 1096 3775 eum
1110 3726 1163 3774 et
1180 3720 1305 3774 alibi
1321 3720 1489 3775 Deum
1511 3720 1780 3776 Abraham
1809 3722 2019 3779 dicens:
2129 3722 2198 3774 ad
2223 3724 2429 3793 faciem,
2454 3730 2501 3775 et
2521 3722 2807 3775 salvataest
2835 3725 3010 3777 anima
3024 3742 3137 3778 mea
3160 3724 3320 3795 (Ibid.
3345 3742 3390 3778 υ.
3414 3723 3531 3793 50).
3562 3724 3737 3781 Deus

442 3809 714 3881 Principes
736 3810 1038 3881 populorum
1066 3812 1360 3882 congregati
1382 3822 1627 3866 suntcum
1641 3811 1750 3867 Deo
1767 3814 2023 3868 Abraham
2125 3827 2355 3881 namque
2393 3821 2476 3867 est
2503 3821 2694 3868 natura
2733 3814 3067 3869 Emmanuel.
3096 3815 3299 3869 Dicitur
3327 3823 3502 3868 autem
3540 3816 3738 3872 etiam

444 3902 613 3970 (Psal.
632 3918 776 3965 XLVI,
809 3901 917 3972 10).
945 3899 1089 3957 Pene
1118 3903 1260 3957 enim
1282 3904 1476 3958 mentis
1492 3920 1598 3958 sua:
1628 3906 1816 3971 oculis,
1846 3922 1941 3976 per
1970 3908 2026 3961 il-
2124 3900 2284 3957 facies
2312 3901 2427 3956 Dei.
2458 3903 2590 3957 Nam
2619 3911 2700 3958 est
2726 3905 2897 3975 ﬁgura
2932 3904 3234 3958 substantia
3261 3902 3432 3956 Patris
3464 3901 3645 3970 (Heb.
3684 3922 3732 3967 ι.

440 3993 843 4047 luminationem
866 3990 1094 4061 Spiritus
1121 3992 1310 4057 sancti,
1335 3991 1632 4047 futurorum
1661 3996 1881 4049 scientia
1903 4010 2026 4049 eru-
2124 3992 2201 4059 ὅ),
2225 4001 2279 4046 et
2302 3993 2376 4046 ita
2402 4008 2459 4047 se
2479 3995 2709 4048 vocabat
2730 3994 2874 4063 apud
2893 3993 3125 4059 Judazos,
3146 4010 3267 4049 cum
3288 3994 3488 4048 diceret
3507 3992 3579 4047 de
3606 3994 3739 4049 Deo

441 4081 603 4144 ditus,
630 4082 896 4151 principes
923 4082 1263 4151 populorum,
1296 4082 1347 4135 id
1375 4091 1475 4147 est,
1506 4092 1719 4140 sanctos
1752 4087 2027 4154 apostolos
2123 4092 2180 4137 et
2208 4083 2402 4138 Patre:
2436 4083 2614 4155 Neque
2644 4087 2829 4157 faciem
2870 4087 2979 4157 ejus
3019 4087 3233 4151 tidistis,
3256 4096 3305 4139 et
3352 4084 3570 4138 Verbum
3607 4088 3740 4158 ejus

444 4174 496 4227 in
520 4172 729 4226 Domini
758 4174 926 4227 nostri
946 4172 1073 4227 Iesu
1093 4172 1288 4227 Christi
1309 4174 1565 4229 cernebat
1591 4176 1865 4245 obsequio.
1890 4176 2025 4232 Cum
2125 4189 2227 4225 non
2258 4172 2451 4226 habetis
2479 4175 2533 4227 in
2568 4175 2706 4229 vobis
2727 4192 2959 4241 manens,
2982 4178 3101 4248 quia
3128 4194 3275 4249 quem
3303 4177 3436 4230 misit
3454 4177 3561 4241 ille.
3600 4180 3740 4233 huic

443 4262 604 4329 igitur
632 4260 769 4316 Deus
794 4262 1055 4317 Abraham
1077 4272 1131 4317 et
1158 4262 1297 4318 Deus
1324 4263 1486 4318 Iacob
1504 4304 1519 4329 ,
1546 4267 1637 4335 qui
1667 4276 1748 4321 est
1777 4276 1932 4324 natus
1959 4284 2027 4323 ex
2125 4280 2209 4317 1'08
2233 4279 2333 4315 non
2363 4263 2567 4318 creditis
2593 4264 2772 4335 (Joan.
2808 4284 2856 4331 ν,
2890 4266 3002 4337 58).

443 4354 691 4418 muliere,
726 4356 1031 4410 nominatus
1077 4356 1177 4422 sit,
1208 4372 1374 4426 quare
1414 4374 1519 4412 non
1548 4359 1615 4412 sit
1654 4358 1813 4427 Virgo
1842 4370 2025 4414 sancta
2199 4351 2352 4417 QUOd
2383 4367 2510 4407 vero
2536 4353 2676 4409 Deus
2708 4356 2778 4412 sil
2810 4372 2968 4411 verus
2988 4356 3149 4412 homo
3178 4357 3267 4412 ille
3291 4358 3381 4426 Qui
3408 4357 3741 4414 luctabatur

444 4443 722 4504 Θεοτὸκοςῖ
2055 4440 2102 4499 D
2128 4456 2247 4495 cum
2286 4440 2472 4509 Iacob,
2503 4459 2655 4499 sacra
2705 4446 2897 4500 iterum
2938 4447 3117 4502 littera
3160 4447 3321 4503 faciet
3366 4448 3550 4511 iidem;
3584 4450 3739 4503 dixit

1021 4512 1248 4610 CAPUT
1286 4517 1453 4610 xxx-
1474 4599 1485 4610 .
2130 4536 2303 4590 enim:
2328 4536 2505 4608 Inquit
2535 4538 2785 4594 Dominus
2807 4539 2875 4593 ad
2899 4539 3062 4594 Iacob
3086 4557 3102 4593 :
3126 4540 3312 4610 Surge,
3333 4541 3547 4593 ascende
3574 4542 3630 4593 in
3659 4544 3741 4595 lo-

1153 4608 1324 4661 Atiud.
1476 4608 1483 4610 '
2130 4643 2243 4680 cum
2304 4628 2506 4695 Bethel,
2564 4630 2739 4685 habita
2766 4630 2854 4695 ibi,
2886 4640 2935 4683 et
2964 4632 3048 4701 fac
3068 4630 3136 4683 ibi
3157 4608 3324 4684 αιιξπε
3352 4629 3598 4699 Deo,qui
3631 4649 3745 4701 ορ-

520 4716 787 4787 Propheta
810 4716 1059 4772 llabacuc
1093 4717 1366 4783 :Domine,
1399 4718 1585 4787 inquit,
1617 4722 1843 4777 inaudivi
1872 4723 2024 4777 audi-
2129 4718 2302 4786 Paruit
2333 4718 2420 4772 tibi
2448 4734 2562 4772 cum
2593 4721 2790 4791 fugeres
2821 4738 2852 4773 a
2879 4721 3011 4791 facie
3057 4721 3232 4791 fratris
3265 4722 3334 4773 tui
3368 4718 3505 4772 Esau
3544 4719 3733 4788 (Gen.

446 4820 549 4864 tum
570 4820 726 4874 tuum,
750 4818 799 4861 et
820 4810 982 4862 timui.
1008 4808 1335 4863 Consideravi
1365 4827 1519 4880 opera
1536 4821 1640 4877 tua,
1664 4824 1711 4866 et
1739 4818 1937 4884 expari.
1960 4813 2024 4867 In
2133 4823 2293 4871 “XV.
2324 4806 2407 4879 1)-
2434 4806 2729 4863 Revertens
2758 4810 2900 4863 enim
2930 4824 2997 4864 ex
3028 4809 3413 4879 Mesopotamia
3444 4808 3536 4862 Dei
3563 4807 3740 4875 jussu

448 4902 612 4955 medio
657 4902 872 4955 duorum
919 4903 1219 4957 animalium
1258 4906 1575 4973 cegnosceris
1618 4922 1634 4959 :
1682 4908 1734 4959 in
1757 4906 2015 4961 adventum

2133 4899 2339 4971 [Baluz.
2372 4917 2473 4954 om.
2504 4900 2601 4956 Dei
2624 4900 2819 4972 jussu],
2842 4910 2895 4956 et
2924 4904 3117 4957 timens
3142 4900 3301 4966 Esau,
3324 4899 3741 4969 trajecitJacob

449 4995 687 5061 temporis
717 4992 998 5046 ostenderis
1026 4995 1076 5047 in
1106 5010 1203 5047 eo:
1232 4993 1353 5046 dum
1373 4994 1673 5048 conturbata
1687 4997 2030 5073 fueritanima
2132 5007 2329 5061 pueros
2371 5002 2425 5047 et
2450 4994 2627 5048 omnia
2649 5010 2776 5049 vasa
2797 5010 2892 5050 sua
2926 5013 2937 5047 :
2983 4995 3342 5050 Subremansit
3366 5005 3532 5047 autem
3548 4995 3738 5059 solus,

447 5100 577 5147 mea,
602 5086 653 5136 in
684 5086 763 5136 ira
783 5085 1146 5139 misericordiie
1170 5102 1363 5139 memor
1386 5088 1508 5139 eris.
1542 5084 1679 5142 Deus
1708 5088 1770 5143 de
1804 5088 2031 5145 Theman
2131 5092 2179 5135 ει
2200 5083 2488 5139 inﬂabant?
2503 5085 2653 5139 Ιιοηιο
2683 5103 2796 5140 cum
2824 5104 2883 5140 εο
2909 5085 3071 5157 (Cen.
3102 5103 3269 5152 ιιιιιν
3299 5085 3411 5157 εθο

447 5178 628 5241 veniet,
672 5188 719 5231 et
747 5187 952 5232 sanctus
1001 5177 1064 5231 de
1092 5188 1262 5231 monte
1307 5178 1519 5232 Pharan
1555 5179 1804 5252 (Habac.
1843 5198 1916 5248 ιιι,
1951 5183 2024 5252 1).

454 5238 623 5331 Vide,
642 5266 913 5335 quomodo
941 5268 993 5320 in
1027 5267 1205 5322 medio
1239 5268 1468 5323 duorum
1496 5238 1801 5326 animalium
1830 5238 2032 5341 cogno-
2672 5238 2901 5295 CAPUT
2940 5240 3151 5294 xxxn'

449 5363 629 5410 scetur
661 5378 673 5411 ;
699 5373 821 5411 nam
850 5374 971 5412 cum
1001 5366 1158 5414 natus
1192 5369 1333 5414 esset
1353 5375 1421 5414 ex
1449 5362 1692 5427 muliere,
1722 5372 1776 5417 et
1814 5365 2031 5419 vixisset
2833 5356 3007 5408 Αίὶυά-

426 5461 618 5515 usque
665 5447 731 5501 ad
778 5457 987 5519 tempus
1028 5451 1275 5519 pretiosa:
1311 5452 1514 5518 crucis;
1545 5457 1714 5524 gratia
1745 5454 1859 5521 Dei,
1892 5457 2030 5511 sicut
2201 5460 2395 5516 Beatus
2418 5462 2933 5521 Damelborribilem
2949 5465 3208 5522 visionem
3227 5464 3379 5521 nobis
3399 5476 3733 5534 exponens:

1611 5565 2149 5627 CASTIGATIONES
2188 5570 2275 5627 ET
2315 5572 2539 5629 NUT/E.

523 5659 547 5687 ⁸
587 5649 713 5717 Qua:
743 5661 1056 5721 sequuntur,
1087 5652 1277 5707 desunt
1299 5654 1351 5708 in
1375 5654 1697 5713 editionihus
1718 5660 1971 5729 vulgatis.
