3980 6182
203 379 343 434 1033

937 368 995 424 S.
1034 366 1301 421 CVRILLI
1340 363 1627 420 SCIIOLIA
1671 360 1757 415 DE
1799 355 2305 413 INCARNATIONE
2348 351 2715 409 UNIGENITI.

3320 346 3452 400 ιοδι

207 486 478 547 Videbam,
510 480 697 550 inquit,
720 480 772 531 in
804 478 995 531 visione
1024 478 1205 540 noctis,
1248 484 1295 528 et
1325 490 1458 537 ecce,
1486 487 1597 524 cum
1627 468 1777 521 nubi-
1807 469 1853 526 Λ
1951 463 2134 531 Itaque
2190 464 2327 517 Deus
2377 462 2716 531 omnipotens
2770 459 3008 529 prodigia
3064 457 3457 526 sapientissimo

200 580 293 631 bus
317 576 426 629 τοδιὶ
447 574 593 645 quasi
622 571 760 640 [ilius
789 569 1008 621 hominis
1038 568 1258 630 veniens,
1283 576 1332 619 et
1350 582 1505 636 usque
1533 562 1600 615 ad
1630 561 1785 613 Vetu-

199 679 338 721 stum
362 668 558 720 dierum
581 662 825 733 pervenit,
846 670 895 712 et
914 662 967 712 in
995 669 1315 730 conspectum
1336 659 1445 728 ejus
1466 656 1790 708 adduxerunt

203 777 343 825 eum,
360 768 408 812 et
428 758 523 828 ipsi
542 756 690 807 datus
712 763 785 807 est
807 753 989 818 honor,
1014 762 1061 805 et
1080 759 1382 821 regnum:et
1402 764 1573 802 omnes
1595 742 1783 815 populi,

207 852 388 915 tribus,
412 860 461 904 et
483 849 674 919 lingua:
697 849 796 918 ipsi
823 847 1041 900 servient
1071 853 1332 914 :potestas
1353 842 1462 911 ejus
1489 846 1713 910 potestas
1736 836 1789 887 in

208 952 479 1005 atomum,
500 955 614 1011 qua:
646 954 747 992 non
779 934 1196 1006 transgredietur,
1224 943 1273 987 et
1314 947 1521 1003 regnum
1543 930 1650 999 ejus
1688 941 1791 978 non

208 1042 564 1103 corrumpetur
594 1030 755 1101 (Dan.
779 1046 873 1095 vu,
894 1027 1005 1099 l5).
1034 1026 1193 1080 Audis
1213 1022 1657 1093 quemadmodum
1685 1033 1792 1071 non

209 1125 487 1181 hominem
506 1121 817 1191 simpliciter
836 1134 894 1173 se
918 1118 1113 1172 vidisse
1140 1120 1544 1176 commemoret,
1570 1126 1634 1164 ne
1656 1122 1794 1162 unus

211 1233 286 1272 ex
312 1216 485 1279 nobis,
515 1222 569 1268 et
591 1214 740 1282 juxta
772 1227 868 1266 nos
891 1208 1208 1264 Emmanuel
1236 1223 1355 1262 esse
1384 1205 1666 1267 credatur;
1697 1200 1793 1255 sed

211 1310 369 1379 quasi
399 1307 564 1361 ﬁlium
595 1305 857 1368 hominis;
898 1302 920 1375 [
946 1312 971 1339 ι
1010 1301 1144 1356 Cum
1171 1300 1312 1355 enim
1340 1297 1574 1352 Verbum
1602 1301 1794 1347 natura

212 1401 287 1454 sit
308 1398 480 1462 Deus;
506 1397 557 1448 in
584 1392 921 1447 similitudine
950 1400 1118 1443 tamen
1162 1388 1423 1442 hominum
1453 1385 1643 1453 factum
1677 1382 1794 1452 fuit,

213 1499 267 1544 et
287 1491 543 1542 inventum
577 1494 652 1539 est
683 1482 859 1537 habitu
888 1492 943 1535 ut
979 1482 1129 1535 homo
1163 1478 1416 1549 (Philipp.
1448 1492 1505 1540 ιι,
1546 1473 1634 1545 7),
1659 1472 1796 1527 utin

217 1580 415 1635 eodem
436 1586 720 1645 utrumque
744 1574 1087 1642 intelligatur,
1117 1570 1167 1625 id
1183 1578 1290 1635 est,
1316 1582 1487 1636 neque
1512 1567 1674 1621 homo
1702 1580 1799 1617 nu-

221 1670 343 1736 dus,
378 1683 555 1738 neque
580 1666 814 1721 Verbum
836 1666 1038 1733 absque
1062 1660 1392 1716 humanitate
1413 1665 1466 1712 et
1493 1655 1695 1726 carne]
1720 1663 1800 1709 ta-

219 1775 347 1814 men
376 1759 426 1813 ei
454 1756 813 1827 principatum
843 1761 899 1809 et
926 1754 1213 1814 honorem,
1250 1764 1367 1818 qua:
1394 1761 1606 1816 semper
1633 1745 1799 1798 babe-

221 1850 316 1904 hat
343 1848 549 1919 [Baluz.
571 1845 808 1917 habeat],
831 1845 956 1899 data
972 1848 1089 1897 esse
1116 1847 1502 1897 commemorat
1526 1856 1537 1890 :
1563 1838 1637 1891 ait
1657 1836 1799 1890 enim
1831 1838 1876 1897 Β

222 1938 369 2008 quod
391 1954 564 1991 omnes
585 1936 778 2007 populi,
810 1934 1052 1997 tribus,et
1079 1931 1268 2001 linguae
1288 1929 1388 1999 ipsi
1409 1928 1645 1981 servient.
1669 1924 1803 1978 Cum

224 2028 391 2094 igitur
421 2026 585 2080 etiam
633 2025 687 2078 in
729 2022 1061 2077 humanitate
1095 2022 1326 2090 positum
1353 2017 1685 2084 unigenitum
1711 2014 1805 2067 Dei

228 2119 462 2174 Verbum
490 2116 815 2172 serviean
836 2115 1031 2168 habeat
1053 2119 1373 2175 creaturam,
1396 2116 1451 2163 et
1471 2106 1644 2162 Patris
1668 2107 1808 2175 prin-

224 2212 465 2281 cipatum
494 2217 551 2264 et
578 2223 753 2272 suum,
778 2205 1048 2277 pepererit
1070 2211 1246 2258 autem
1271 2200 1563 2257 secundum
1592 2211 1807 2251 carnem

227 2303 405 2372 ipsum
470 2309 657 2357 sancta
722 2298 926 2368 Virgo;
992 2296 1264 2366 quomodo
1325 2308 1434 2349 non
1498 2290 1811 2358 intelligitur

226 2394 471 2453 Θεοτόκος
486 2393 510 2443 ?

750 2474 1000 2531 'CAPUT
1037 2472 1272 2527 XXXIII.

138 2596 147 2599 ⁷
228 2591 312 2645 De
339 2589 529 2643 Christi
560 2589 826 2659 passione;
856 2597 905 2641 et
924 2586 1058 2659 quod
1084 2585 1348 2659 qutileusit,
1378 2582 1512 2653 quod
1537 2580 1812 2659 secundum

303 2660 449 2714 aliud
472 2669 521 2712 et
546 2651 689 2711 aliud
712 2658 774 2710 de
794 2674 896 2712 uno
921 2651 969 2711 et
996 2656 1172 2710 eodem
1194 2651 1400 2719 dicitur,
1430 2668 1523 2705 nec
1545 2651 1813 2705 dividimus

301 2732 359 2784 in
380 2730 504 2783 duo.

302 2841 534 2896 Sanctus
560 2838 752 2893 Paulus
771 2838 1060 2892 salutarem
1081 2837 1381 2907 passionem
1401 2834 1555 2889 nobis
1576 2831 1815 2902 exponit,

226 2934 310 2989 ait
338 2946 569 3000 namque
600 2948 615 2984 τ
647 2929 804 2984 Nunc
831 2931 1001 3001 gratia
1042 2928 1138 2982 Dei
1179 2945 1272 2999 pro
1314 2926 1546 2980 omnibus
1597 2924 1817 2995 gustavit

227 3033 451 3078 mortem
466 3020 622 3093 (Πρὸ.
637 3036 692 3083 ιι,
719 3019 796 3088 9);
820 3034 919 3073 nec
940 3033 1049 3073 non
1076 3018 1269 3071 etiam:
1296 3015 1509 3070 Tradidi
1525 3017 1659 3068 enim
1680 3010 1816 3066 vobis

230 3116 513 3185 imprimis,
533 3112 667 3183 quod
681 3121 730 3165 et
747 3112 960 3181 accepi:
984 3110 1224 3181 quoniam
1247 3106 1475 3161 Christus
1496 3115 1723 3159 mortuus
1744 3113 1817 3157 est

1889 555 2054 626 Moysi
2088 555 2310 623 jubebat
2350 554 2591 619 elﬁcere,
2630 564 2688 607 ut
2728 553 2969 607 crederet
3005 552 3053 605 ei
3082 550 3273 612 Israel,
3315 550 3457 617 quod

1888 647 2092 720 [Balnz.
2118 648 2238 699 add.
2284 645 2413 715 non]
2442 656 2583 700 esset
2606 647 2797 700 missus
2818 662 2847 698 a
2877 646 3008 708 Deo,
3039 652 3091 696 et
3120 651 3175 695 ut
3205 657 3233 695 a
3256 642 3461 694 violen-

1890 739 1959 791 tia
1984 738 2329 802 liberaretur;
2358 740 2431 791 ait
2460 745 2638 792 autem
2668 756 2679 790 :
2704 736 2773 789 Et
2801 738 3021 806 accipies
3059 751 3241 805 aquam
3281 733 3344 786 de
3363 734 3462 801 [ln-

1889 828 2043 892 mine,
2074 838 2123 881 et
2148 830 2376 896 eﬁundes
2397 847 2547 899 super
2569 838 2771 892 terram,
2796 838 2844 879 et
2863 829 2957 881 erit
2985 844 3115 898 aqua
3139 842 3290 896 quam
3321 825 3461 876 acci-

1891 920 1998 989 pies
2027 936 2059 971 a
2078 920 2305 987 ﬂumine,
2323 923 2531 991 sanguis
2560 937 2711 989 super
2728 930 2911 972 terram
2945 917 3135 989 (Exod.
3169 932 3219 971 IV
3238 958 3251 981 ,
3278 916 3353 982 9).
3379 915 3463 967 In-

1892 1013 2125 1081 quimus,
2151 1012 2293 1080 quod
2317 1027 2453 1080 aqua
2484 1012 2698 1080 quidem
2740 1010 2904 1078 ﬁgura
2934 1010 3003 1063 sit
3046 1012 3187 1073 vit-.r,
3230 1015 3283 1061 et
3320 1005 3464 1075 quod

1894 1103 1963 1157 sit
1989 1118 2087 1173 per
2110 1110 2355 1156 naturam
2385 1103 2491 1155 vita
2522 1102 2657 1155 ﬁlius
2694 1116 2761 1154 ex
2792 1099 2949 1153 Patre
2977 1107 3245 1169 tamquam
3276 1112 3341 1150 ex
3368 1097 3466 1149 ﬁu-

1894 1195 2039 1248 mine
2063 1194 2264 1260 exiens,
2296 1192 2535 1261 ejusdem
2556 1192 2865 1247 substantia:
2889 1192 3125 1254 ratione;
3158 1190 3337 1257 itaque
3352 1203 3465 1241 om-

1896 1287 1984 1340 nia
2020 1286 2279 1340 viviﬁcat:
2309 1286 2416 1340 Sed
2444 1303 2556 1338 cum
2594 1302 2799 1355 aquam,
2832 1284 3020 1351 inquit,
3047 1282 3290 1350 eﬂ'uderis
3319 1298 3470 1351 super

1899 1388 2106 1444 terram,
2127 1379 2223 1433 erit
2236 1379 2464 1449 sanguis.
2491 1377 2744 1441 Verbum,
2766 1392 2886 1431 cum
2909 1376 3105 1430 factum
3132 1382 3216 1428 est
3249 1388 3375 1427 caro
3404 1372 3471 1426 de

1899 1478 2061 1533 terra,
2084 1468 2136 1524 id
2156 1476 2256 1535 est,
2274 1469 2488 1539 quando
2517 1484 2546 1521 a
2576 1476 2715 1522 terra
2742 1481 2958 1522 carnem
2974 1466 3072 1520 sibi
3103 1461 3468 1525 circumdedit,

1900 1567 2025 1614 tunc
2061 1561 2115 1614 in
2156 1576 2219 1615 ea
2248 1568 2476 1614 mortem
2512 1566 2707 1613 nostrae
2742 1558 2970 1613 similem
3006 1557 3199 1612 dicitur
3235 1570 3469 1626 passum,

1900 1650 2024 1705 licet
2048 1666 2145 1720 per
2176 1659 2417 1705 naturam
2455 1650 2525 1704 sit
2562 1649 2686 1703 vita.

2433 1782 2659 1839 CAPUT
2697 1783 2932 1839 XXXIV.

2590 1898 2764 1951 Aliud.

1975 2006 2034 2061 In
2072 2006 2309 2062 Levitico
2344 2007 2606 2077 pollutum
2646 2009 2788 2063 Deus
2823 2008 3027 2079 [Baluz.
3074 2024 3175 2062 om.
3212 2005 3371 2077 Deus]
3420 2015 3475 2061 et

1907 2099 2236 2154 immundum
2272 2099 2538 2169 leprosum
2576 2114 2693 2155 esse
2725 2100 2987 2169 signiﬁcat
3010 2098 3192 2169 (Levit.
3225 2115 3337 2165 xm,
3369 2099 3393 2150 I
3428 2109 3477 2152 et

1908 2191 2060 2262 ιαμ),
2091 2199 2251 2260 atque
2281 2192 2353 2244 ita
2393 2205 2514 2245 eum
2540 2191 2606 2248 de
2648 2192 2838 2246 castris
2880 2191 3000 2259 ejici
3045 2191 3283 2260 praecipit
3310 2207 3475 2260 opor-

1912 2290 2057 2347 tere;
2086 2288 2141 2335 et
2185 2282 2229 2335 si
2270 2288 2491 2336 sanatus
2518 2282 2677 2336 fuerit
2721 2283 2958 2345 morbus,
3009 2282 3114 2337 hoc
3160 2296 3282 2335 eum
3322 2293 3479 2352 pacto

1910 2373 2143 2442 purgari.
2176 2372 2246 2425 Ei
2286 2376 2538 2443 accipiens
2571 2374 2696 2427 duos
2733 2374 2899 2443 pullos
2932 2375 3176 2440 mundos,
3208 2384 3257 2428 et
3284 2376 3479 2447 lignum

1912 2464 2195 2529 cedrinum,
2227 2474 2277 2517 et
2303 2466 2561 2518 coccinum
2598 2476 2646 2519 et
2686 2466 2978 2536 hyssopum,
3009 2477 3058 2520 et
3093 2469 3356 2538 prcecipiet
3397 2485 3482 2522 sa—

1914 2554 2110 2619 cerdos,
2141 2564 2190 2607 et
2218 2555 2452 2608 occidens
2472 2556 2663 2625 pullum
2682 2573 2836 2609 unum
2858 2560 2910 2610 in
2936 2574 3053 2611 vase
3078 2560 3245 2628 ﬁctili,
3268 2561 3319 2612 in
3350 2576 3483 2630 aqua

1913 2648 2043 2713 viva,
2086 2657 2136 2700 et
2162 2648 2355 2717 pullum
2395 2650 2479 2719 qui
2517 2650 2633 2702 vivit
2670 2650 2913 2718 accipiet,
2943 2660 2992 2701 et
3030 2650 3218 2703 lavabit
3256 2651 3401 2705 illum
3429 2654 3481 2705 in

1914 2740 2167 2811 sanguine
2195 2739 2320 2809 pulli
2349 2742 2504 2792 occisi
2543 2742 2596 2793 in
2636 2757 2767 2809 aqua
2795 2742 2937 2805 viva,
2969 2752 3017 2794 et
3054 2752 3294 2813 aspergat
3334 2761 3487 2814 super

1916 2847 2030 2883 eum
2060 2832 2143 2901 qui
2177 2841 2423 2901 purgatus
2456 2840 2531 2885 est
2559 2849 2589 2883 a
2622 2832 2762 2901 lepra
2804 2835 3015 2902 septies,
3044 2844 3094 2886 et
3119 2836 3337 2888 mundus
3367 2838 3483 2889 erit.

1919 2920 2113 2974 Reddit
2147 2920 2360 2989 quidem
2402 2935 2500 2974 nos
2538 2922 2796 2984 mundos,
2830 2930 2882 2975 et
2912 2924 3265 2991 pollutionum
3304 2926 3490 2980 sordes

1918 3010 2104 3075 abluit,
2136 3019 2191 3064 et
2230 3012 2461 3066 carnalis
2498 3012 2943 3080 concupiscentia:
2980 3016 3359 3070 mortalitatem
3400 3033 3489 3071 re-

1918 3104 2071 3172 pellit
2094 3105 2310 3171 sanguis
2336 3103 2752 3173 pretiosissimus
2790 3104 3007 3172 Christi,
3039 3116 3094 3161 et
3121 3110 3365 3177 purgatio
3390 3110 3489 3163 ha-

230 3223 334 3278 pro
356 3205 573 3275 peccatis
594 3202 810 3265 nostris,
840 3200 1116 3255 secundum
1147 3199 1441 3269 Scripturas
1466 3213 1482 3251 :
1514 3208 1561 3251 et
1592 3198 1709 3269 quia
1740 3211 1819 3249 se-
1846 3202 1893 3263 c
1923 3195 2187 3263 ptismatis
2229 3195 2572 3249 sacrosancti.
2604 3195 2866 3250 Caeterum
2905 3198 3033 3251 illud
3072 3200 3251 3269 aspice
3284 3219 3296 3253 :
3329 3203 3489 3255 omit-

231 3298 406 3369 pultus
428 3304 521 3361 est,
543 3304 590 3349 et
605 3296 723 3366 quia
745 3295 1021 3346 resurrexit
1041 3293 1192 3345 tertia
1216 3292 1298 3344 die
1314 3290 1355 3362 (Ι
1377 3288 1497 3343 Cor.
1522 3304 1610 3350 xv,
1635 3287 1710 3357 5).
1739 3285 1820 3339 Ad

233 3389 345 3442 hoc
385 3387 550 3440 etiam
600 3384 1028 3453 sapientissimus
1073 3383 1307 3437 Petrus:
1341 3382 1564 3448 Christo,
1624 3380 1816 3449 inquit,

231 3494 393 3549 passo
420 3492 515 3547 pro
540 3474 686 3528 nobis
714 3489 870 3527 carne
902 3474 988 3543 ((I
1015 3472 1131 3526 Pet.
1164 3489 1236 3535 ιν,
1266 3472 1341 3542 I).
1365 3473 1499 3526 Cum
1528 3487 1693 3526 unum
1720 3471 1819 3539 igi-

233 3578 327 3624 tur
355 3567 624 3622 credimus
644 3565 931 3619 Dominum
970 3572 1209 3619 nostrum
1243 3561 1422 3617 Jesum
1449 3562 1739 3627 Christum,
1770 3562 1822 3615 id

231 3670 342 3725 est,
368 3661 421 3713 in
459 3660 693 3712 humana
723 3657 893 3710 forma
914 3663 1282 3725 conspectum,
1314 3654 1427 3707 sive
1453 3653 1724 3706 hominem
1746 3651 1823 3704 fa-

231 3761 386 3809 ctum
426 3750 577 3819 juxta
606 3764 725 3812 nos,
757 3747 924 3802 Deum
953 3746 1205 3810 Verbum,
1236 3743 1505 3813 quomodo
1535 3751 1588 3797 et
1615 3743 1822 3812 passio-

232 3859 366 3900 nem
391 3843 492 3912 ipsi
512 3842 848 3911 deptttemus,
875 3847 930 3894 et
968 3837 1292 3908 impassibile
1323 3844 1497 3891 tamen
1526 3849 1822 3898 servemus,

234 3945 301 3989 ut
328 3934 535 3989 Deum?

313 4025 460 4092 Ergo
505 4024 686 4093 passio
724 4021 1135 4092 dispensationis
1178 4029 1314 4085 erat,
1345 4036 1441 4075 sua
1469 4019 1683 4089 quidem
1729 4016 1826 4071 du-

232 4124 403 4174 cente
446 4116 558 4170 Deo
585 4114 765 4169 Verbo
808 4129 891 4178 ea,
924 4128 1041 4181 quae
1069 4123 1193 4167 sunt
1227 4112 1444 4182 propria
1474 4111 1669 4173 carnis,
1701 4124 1827 4179 pro-

234 4219 370 4280 pter
420 4206 831 4261 inenarrabilem
862 4205 1151 4267 unitatem;
1196 4211 1447 4256 manente
1494 4216 1624 4255 vero
1676 4210 1823 4255 extra

238 4300 575 4372 passionem,
621 4304 880 4367 quantum
922 4296 987 4349 ad
1040 4297 1206 4365 ipsius
1254 4303 1503 4348 naturam
1552 4296 1822 4364 pertinet:

239 4390 596 4461 impassibilis
624 4390 767 4443 enim
788 4388 931 4445 Deus
950 4395 1050 4441 est.
1083 4387 1266 4455 Neque
1295 4386 1347 4439 id
1374 4386 1568 4439 mirum
1586 4426 1600 4449 ,
1630 4399 1748 4437 cum
1776 4392 1829 4436 et

242 4486 423 4554 ipsam
451 4481 681 4536 hominis
711 4480 943 4534 animam
970 4480 1264 4541 videamus,
1292 4478 1467 4546 siquid
1494 4492 1688 4545 corpus
1708 4491 1830 4544 pas-

1923 3296 2094 3343 tentes
2113 3288 2253 3342 enim
2276 3289 2592 3357 scriptorum
2607 3290 2711 3342 vim
2735 3290 3059 3355 examinare,
3078 3293 3218 3359 quod
3240 3295 3494 3363 mysterio

1920 3379 2187 3447 expediat,
2222 3379 2272 3432 in
2300 3380 2579 3449 pncsentia
2620 3381 3053 3435 memorabimus.
3084 3379 3250 3436 Pullis
3287 3382 3495 3437 duobus

1920 3479 2262 3540 comparatur
2301 3470 2562 3536 Christus,
2609 3487 2716 3525 non
2764 3472 2909 3540 quod
2948 3472 3054 3526 duo
3096 3474 3203 3526 sint
3244 3472 3355 3539 ﬁlii,
3402 3474 3495 3527 sed

1920 3564 2063 3632 quod
2092 3580 2229 3618 unus
2248 3564 2425 3634 potius
2454 3580 2520 3617 ex
2541 3564 2767 3629 duobus,
2792 3564 3069 3618 divinitate
3098 3572 3150 3617 et
3170 3565 3499 3620 humanitate

1923 3655 1975 3707 in
2006 3655 2262 3709 unitatem
2292 3654 2518 3709 collatis.
2550 3654 2731 3708 Mundi
2757 3662 2934 3708 autem
2962 3656 3091 3724 pulli
3118 3675 3129 3708 :
3155 3672 3327 3725 neque
3356 3658 3498 3711 enim

1923 3746 2048 3799 fecit
2073 3754 2349 3815 peccatum
2381 3747 2520 3799 Deus
2560 3754 2744 3799 noster
2770 3745 2924 3800 Iesus
2961 3746 3233 3812 Christus;
3262 3749 3356 3802 Sed
3385 3760 3501 3803 erat

1925 3837 2157 3890 Verbum
2203 3844 2468 3897 sanctum,
2500 3843 2555 3890 et
2582 3836 2904 3898 divinitatis,
2940 3844 2994 3890 et
3030 3839 3376 3891 humanitatis
3414 3855 3505 3892 ra-

1927 3931 2071 3985 tione
2096 3930 2299 4003 [Baluz.
2332 3946 2432 3982 om.
2467 3926 2718 3999 ratione].
2750 3928 3071 3983 Volucribus
3112 3946 3243 3984 vero
3280 3946 3501 4000 compa-

1924 4029 2093 4087 ratur,
2125 4020 2268 4089 quod
2313 4020 2464 4088 quasi
2505 4021 2556 4073 in
2601 4020 2814 4074 sublimi
2837 4021 2905 4074 sit
2943 4036 3103 4089 supra
3134 4029 3359 4086 terram,
3392 4032 3446 4076 et
3474 4039 3504 4077 e

1927 4114 2064 4167 cmlo
2092 4112 2322 4182 desuper
2354 4130 2365 4163 :
2396 4127 2425 4165 e
2454 4112 2591 4165 cmlo
2618 4112 2952 4166 enim.homo
2975 4120 3056 4166 est
3078 4110 3348 4177 Christus,
3380 4114 3506 4167 licet

1927 4222 2144 4259 carnem
2169 4214 2353 4260 sancta
2382 4205 2541 4273 Virgo
2564 4206 2858 4275 pepererit;
2892 4221 2958 4259 eo
2989 4206 3148 4259 modo
3180 4207 3338 4273 igitur
3358 4208 3509 4261 desu-

1928 4313 2023 4366 per
2052 4306 2105 4351 et
2132 4298 2197 4351 de
2220 4297 2376 4352 cmlo.
2404 4296 2544 4349 Deus
2573 4298 2712 4350 enim
2734 4296 2988 4359 Verbum,
3014 4297 3156 4365 quod
3178 4307 3260 4351 est
3280 4298 3509 4369 desuper

1928 4400 1983 4444 et
2011 4406 2077 4443 ex
2107 4389 2284 4453 Patre,
2317 4404 2530 4443 carnem
2562 4404 2628 4441 ex
2658 4388 2873 4455 Virgine
2900 4398 3084 4442 sancta
3129 4392 3413 4461 accipiens,
3456 4403 3510 4446 et

1932 4497 2048 4534 eam
2078 4496 2228 4533 suam
2250 4480 2628 4549 propriamque
2653 4479 2990 4541 existimans,
3025 4489 3293 4550 tamquam
3316 4484 3360 4536 si
3391 4500 3507 4537 cam

240 4591 369 4633 sum
392 4574 566 4637 fuerit,
591 4581 743 4627 extra
768 4574 1071 4642 passionem
1093 4570 1306 4639 quidem
1333 4578 1836 4637 manentem,quan-
1866 4573 1911 4631 ι)
1943 4574 2167 4641 desuper
2194 4579 2249 4625 et
2275 4570 2340 4623 de
2368 4571 2505 4625 cmlo
2535 4570 2832 4632 detulisset,
2864 4571 3074 4625 diccbat
3099 4591 3110 4623 :
3142 4572 3306 4627 Nemo
3333 4591 3481 4627 ascen
3500 4603 3514 4613 -

246 4678 365 4721 tum
394 4666 626 4736 pertinet
653 4664 719 4717 ad
749 4672 1027 4727 naturam;
1059 4669 1293 4715 attamen
1321 4674 1428 4713 non
1459 4667 1608 4713 extra
1634 4658 1835 4727 passio-

248 4774 378 4814 nem
397 4771 516 4811 esse
537 4755 780 4822 intelligi,
795 4769 860 4807 eo
881 4752 1023 4821 quod
1039 4752 1312 4821 proprium
1335 4752 1401 4805 sit
1424 4765 1617 4819 corpus
1648 4750 1832 4818 ipsius,

246 4852 397 4921 quod
426 4851 645 4919 patitur.
670 4848 697 4887 δ
719 4848 784 4900 Et
805 4849 929 4902 licet
953 4848 1256 4915 incontigua
1278 4848 1365 4913 sit,
1389 4855 1444 4901 et
1465 4848 1715 4916 simplex;
1750 4855 1833 4900 ta-

246 4959 379 5001 men
410 4943 461 4996 id
500 4942 641 5010 quod
678 4942 898 5010 patitur,
932 4956 1036 4995 non
1066 4948 1147 4993 est
1175 4941 1426 4995 alienum.
1457 4939 1546 4994 Sic
1575 4940 1835 5008 intelliges

245 5036 421 5089 etiam
474 5031 541 5086 de
592 5031 806 5085 Christo
861 5032 1099 5083 omnium
1140 5020 1423 5085 salvatore.
1483 5029 1610 5084 Utar
1657 5039 1834 5085 autem

244 5127 536 5195 exemplis,
553 5140 692 5193 qum,
715 5125 864 5192 quasi
880 5141 976 5193 per
994 5126 1237 5192 aenigma,
1262 5124 1415 5179 nobis
1434 5125 1638 5194 possint
1660 5133 1839 5179 osten-

243 5221 406 5282 dere,
435 5217 579 5286 quod
608 5216 1018 5271 communicarit
1058 5216 1271 5285 quidem
1316 5218 1552 5286 passioni
1584 5215 1829 5284 Unigeni-

243 5320 362 5371 tus,
388 5315 643 5375 quantum
665 5306 931 5375 pertineat
951 5306 1015 5359 ad
1038 5304 1449 5360 familiaritatem
1471 5308 1711 5378 corporis
1724 5307 1836 5372 sui;

244 5398 516 5455 manserit
540 5406 718 5452 autem
742 5398 1005 5468 passionis
1033 5413 1243 5467 expers,
1273 5407 1331 5452 ut
1354 5399 1510 5453 Deus.

1934 4664 2010 4717 dit
2034 4664 2087 4715 in
2115 4664 2312 4726 caelum,
2337 4663 2436 4714 nisi
2458 4663 2541 4732 qui
2572 4662 2633 4714 de
2659 4663 2781 4715 cwlo
2811 4662 3073 4715 descendit
3100 4665 3238 4733 ﬁlius
3269 4666 3510 4727 hominis,

1934 4757 2017 4824 qui
2044 4764 2118 4808 est
2142 4757 2195 4808 in
2219 4758 2342 4808 calo
2372 4754 2549 4825 (Joan.
2580 4772 2655 4819 ιιι,
2687 4754 2795 4821 15).
2824 4754 2896 4809 Ea
2928 4757 3069 4808 enim
3098 4771 3215 4823 que
3244 4773 3338 4809 sua
3366 4767 3509 4820 sunt,

1935 4849 2165 4917 propria:
2206 4849 2353 4902 carni
2391 4863 2603 4917 semper
2632 4848 2902 4913 attribuit;
2942 4848 3228 4902 adunatum
3275 4867 3399 4905 vero
3428 4868 3514 4907 se-

1936 4939 2060 5000 mel,
2083 4938 2194 5006 jam
2216 4954 2336 4993 cum
2366 4939 2478 5007 ipsa
2508 4954 2671 4991 unum
2698 4939 2899 4993 scilicet
2924 4940 3237 4994 :estimatur.

2005 5032 2268 5086 Catterum
2316 5032 2458 5095 vide,
2497 5031 2675 5085 occiso
2722 5046 2830 5083 uno
2878 5031 3040 5100 pullo,
3086 5032 3251 5087 lavari
3300 5036 3514 5103 quidem

1941 5128 2165 5182 alterum
2215 5125 2330 5194 ejus
2370 5124 2647 5191 sanguine,
2690 5132 2868 5178 tamen
2917 5141 3021 5177 non
3063 5128 3264 5192 emori;
3297 5136 3351 5181 et
3392 5131 3517 5197 quid

1943 5223 2045 5275 hoc
2069 5220 2173 5272 sit?
2202 5218 2429 5271 Vivebat
2447 5216 2698 5279 Verbum,
2733 5216 2856 5269 licet
2885 5232 2977 5269 sua
3000 5232 3125 5270 caro
3149 5216 3333 5273 fuisset
3353 5236 3523 5274 emor-

1946 5321 2054 5375 tua,
2087 5318 2142 5364 et
2169 5324 2507 5364 communem
2538 5310 2840 5377 passionem
2887 5324 3005 5364 esse
3034 5309 3265 5372 dicebat,
3304 5323 3524 5382 propter

1946 5403 2323 5457 adunationem
2370 5409 2425 5454 et
2466 5399 2877 5455 familiaritatem
2924 5416 3083 5469 quam
3126 5402 3357 5456 habebat
3403 5420 3522 5457 cum

1385 5533 1925 5593 CASTIGATIONES
1964 5537 2053 5592 ET
2091 5536 2319 5591 ΝΟΤᾹΣ.

334 5664 360 5684 ι
416 5664 510 5703 mc
559 5664 977 5729 locushauetnr
1018 5664 1315 5715 descriptus
1352 5664 1417 5726 ,ιιι
1469 5664 1602 5699 nuro
1658 5664 1832 5731 primo

249 5717 471 5844 ἓῖῗὲἒὶἰ
521 5718 793 5805 Byzantini
840 5720 1094 5773 adversus
1141 5716 1500 5789 Eutychtanos
1529 5718 1626 5773 sub
1650 5720 1831 5773 linem.

308 5804 461 5843 ALUZ.
718 5798 724 5805 ’

552 5884 820 5943 ΡΑι-ιιοι..
868 5880 1149 5943 XLVIII.

334 5656 360 5684 ³
416 5647 510 5703 Hic
558 5649 706 5701 locus
747 5648 977 5701 habetur
1018 5646 1417 5715 descriptus'in
1468 5646 1602 5699 libro

2008 5647 2035 5685 δ
2077 5647 2283 5719 Baluz.,
2325 5648 2442 5701 licet
2496 5651 2792 5719 incontigua
2850 5651 2917 5704 sit
2971 5654 3195 5705 omnimn
3257 5649 3522 5704 salvatoris

1942 5717 2090 5784 Utar,
2112 5727 2214 5771 etc.
2247 5717 2399 5771 Enn.

3168 5871 3245 5931 33
