3980 6182
478 339 611 392 10Ἓῦ

985 333 1174 388 MAR"
1217 327 1644 386 MliRCATORlS
1682 319 2244 378 1’R.\NSI.\TIONES
2287 317 2636 373 VARIORUM
2679 314 3198 372 OPUSCI'L‘HlUM.

3597 316 3734 369 i036

472 465 650 506 carne.
685 448 845 518 Igitur
885 449 1054 515 ipsum
1097 443 1313 512 quidem
1355 440 1502 503 vivit,
1548 447 1604 491 ut
1655 437 1819 495 Deus;
1851 450 2044 499 corpus
2079 436 2123 493 Α
2153 448 2272 487 nem
2303 449 2534 496 seorsus,
2569 444 2624 486 et
2666 447 2882 485 seorsus
2911 432 2963 484 in
2993 431 3161 483 Deum
3190 447 3202 493 ;
3235 443 3405 497 neque
3435 444 3565 482 vero
3600 439 3730 483 tarn-

475 560 604 598 vero
630 538 1202 609 tamquamproprium
1233 534 1477 596 faciebat,
1511 539 1565 586 et
1607 530 1684 584 sic
1714 529 1766 582 in
1805 543 1864 582 se
1893 528 2050 579 fami-

477 635 679 690 liariter
725 629 1020 698 accipiebat
1071 626 1313 696 corporis
1354 624 1652 693 passiones,
1703 635 1824 673 cum
1874 619 2048 686 ipsum

475 724 606 778 nihil
635 723 687 775 in
719 727 906 774 natura
948 719 1162 788 propria
1201 723 1490 787 pateretur.
1527 711 1750 766 Prodest
1790 709 1949 777 igitur
1992 715 2047 760 ct

477 812 835 868 necessarium
877 819 977 872 est,
1021 809 1067 862 si
1103 809 1156 862 in
1202 823 1307 861 uno
1361 805 1573 859 Christo
1621 801 1673 856 id
1727 799 2054 868 accipiamus

474 907 621 977 quod
642 905 933 961 secundum
957 903 1098 958 aliud
1119 909 1173 956 et
1199 900 1340 955 aliud
1365 900 1431 954 de
1460 914 1566 952 uno
1601 897 1896 962 eodemque
1920 907 2052 946 con-

476 1001 746 1064 stituatur,
797 1006 852 1052 et
884 997 1026 1066 quod
1073 996 1127 1049 in
1174 995 1282 1049 duo
1321 992 1484 1047 dividi
1532 1006 1639 1045 non
1677 988 2048 1059 permittatur,

479 1091 604 1144 licet
629 1090 839 1144 diversa
876 1089 1016 1142 inter
1043 1102 1130 1151 se,
1162 1092 1216 1138 et
1244 1084 1460 1138 minime
1488 1078 1856 1137 convenientia
1875 1119 1889 1142 ,
1923 1085 2044 1130 actu

482 1196 599 1234 esse
639 1179 902 1235 dicantur.

552 1271 646 1327 Est
684 1277 863 1325 autem
894 1270 998 1324 tale
1034 1267 1176 1338 quod
1204 1267 1342 1321 dico.
1376 1265 1569 1319 Natum
1597 1277 1715 1318 esse
1753 1258 2052 1314 secundum

482 1378 696 1418 carnem
725 1377 793 1415 ex
819 1361 1041 1414 muliere
1077 1359 1243 1412 Deum
1275 1356 1498 1409 dicimus
1528 1353 1778 1415 Verbum,
1811 1346 2056 1418 quamvis

483 1453 730 1507 omnibus
771 1453 942 1521 ipsum
985 1448 1189 1522 [Bolus
1223 1443 1358 1516 ipse]
1407 1444 1643 1514 prmbeat
1689 1440 1854 1502 nasci,
1903 1446 1958 1492 et
1988 1437 2054 1490 ad

484 1545 832 1609 nativitatem,
877 1557 996 1611 quae
1039 1540 1276 1594 nondum
1306 1544 1429 1590 nata
1467 1543 1610 1598 sunt,
1641 1539 1813 1587 vocet.
1851 1531 2055 1586 Secun-

483 1638 608 1693 dum
638 1635 779 1690 aliud
808 1643 863 1689 et
903 1632 1046 1686 aliud
1074 1630 1278 1704 (Batus.
1311 1646 1412 1683 om.
1443 1635 1498 1682 et
1526 1624 1690 1693 aliud]
1729 1631 1913 1677 natum
1954 1627 2061 1686 est,

485 1745 552 1784 eo
579 1726 722 1798 quod
753 1727 916 1779 homo
939 1723 1108 1777 nostri
1147 1720 1334 1775 similis
1375 1717 1732 1785 intelligatur;
1763 1719 1920 1768 vocat
1956 1725 2055 1764 au-

2154 540 2314 593 quam
2345 524 2455 577 Deo
2483 524 2822 589 conjunctum
2865 522 3167 589 :eqnalitate
3215 521 3520 587 dignitatis,
3552 520 3738 575 divisis

2155 615 2483 679 substantiis,
2515 629 2635 668 cum
2686 613 2801 681 ipso
2833 613 3044 667 adorari
3093 612 3318 665 dicimus
3350 611 3626 665 hominem
3658 613 3732 681 (id

2155 707 2296 760 enim
2313 714 2565 760 extremm
2588 705 2877 774 impietatis
2897 703 3263 774 plenissimum
3281 702 3386 766 est)
3412 721 3423 755 :
3448 703 3543 757 sed
3573 719 3734 756 unum

2155 796 2484 851 adorandum
2508 796 2777 850 hominem
2807 795 3025 860 factum,
3053 804 3110 849 et
3134 795 3466 848 inearnatum
3488 792 3586 846 Dei
3607 793 3736 848 Ver-

2155 887 2313 951 bum;
2345 887 2418 940 ita
2446 895 2644 951 tamen,
2684 893 2743 939 ut
2788 886 3068 940 credamus
3109 901 3307 954 corpus
3347 885 3397 938 ei
3445 885 3737 938 adunatum

2156 977 2390 1030 animam
2439 975 2594 1044 juxta
2650 991 2748 1030 nos
2793 976 3048 1030 habuisse
3103 975 3502 1030 rationabilem.
3557 973 3741 1042 Neque

2157 1066 2297 1122 enim
2326 1065 2468 1120 Deus
2497 1065 2832 1134 omnipotens
2873 1065 3008 1119 duos
3053 1064 3442 1134 primogenitos
3487 1065 3743 1133 prmcepit

2157 1163 2425 1224 oportere,
2459 1166 2566 1208 tam
2593 1171 2623 1209 a
2663 1157 2814 1210 nobis
2849 1171 3007 1224 quam
3041 1171 3070 1209 a
3105 1157 3304 1209 sanctis
3331 1156 3567 1223 angelis,
3599 1157 3732 1210 ado-

2157 1243 2282 1297 rari.
2315 1243 2463 1299 Unus
2501 1252 2582 1298 est
2609 1245 2772 1308 enim,
2803 1246 2894 1312 qui
2943 1254 3025 1298 est
3072 1245 3410 1299 introductus
3448 1246 3502 1298 in
3551 1247 3740 1299 orbem

2161 1342 2422 1388 terrarum
2471 1333 2629 1405 (Ileb.
2662 1351 2709 1398 ι,
2754 1333 2839 1403 6);
2883 1345 2939 1388 et
2976 1335 3022 1389 si
3060 1334 3478 1390 iutroduclionis
3522 1335 3743 1390 modum

2159 1425 2420 1479 curiosius
2463 1432 2876 1494 perscrutemur,
2909 1425 3138 1479 carnalis
3177 1424 3598 1494 dispensationis
3624 1441 3746 1495 my—

2159 1516 2381 1571 sterium
2405 1516 2754 1570 inveniemus.
2775 1515 3126 1573 Introductus
3151 1523 3232 1571 est
3263 1525 3447 1570 autem
3473 1516 3527 1569 in
3548 1517 3748 1570 orbem

2161 1612 2444 1669 terrarum,
2472 1611 2597 1658 tunc
2618 1619 2737 1659 cum
2767 1603 2934 1658 lactus
2957 1613 3042 1658 est
3069 1605 3250 1668 homo,
3279 1604 3404 1659 licet
3434 1613 3624 1658 natura
3648 1618 3752 1657 sua

2161 1697 2360 1752 distare
2389 1697 2458 1751 ab
2497 1698 2630 1751 orbe
2657 1696 2969 1765 longissime
2996 1696 3264 1760 videatur,
3287 1704 3342 1751 et
3373 1697 3426 1750 in
3455 1696 3758 1751 divinitatis

485 1784 688 1874 tem.ad
717 1815 1047 1870 nativitatem
1075 1811 1273 1871 omnia,
1307 1825 1373 1864 eo
1395 1805 1538 1876 quod
1559 1784 1765 1859 natura
1793 1803 1862 1857 sit
1892 1802 2053 1856 Deus.
2091 1784 2138 1845 Β
2166 1785 2454 1840 eminentia
2481 1801 2608 1841 vere
2634 1801 2754 1841 esse
2781 1786 3033 1841 credatur
3057 1804 3072 1840 :
3103 1787 3240 1841 alius
3267 1795 3351 1842 est
3376 1787 3522 1843 enim
3548 1795 3760 1864 preter

555 1909 824 1976 Scriptum
852 1912 934 1960 est
961 1904 1122 1958 etiam
1162 1901 1376 1970 deipso
1418 1917 1430 1952 :
1463 1897 1602 1952 Puer
1639 1895 1968 1968 proﬁciebat,
2010 1903 2059 1948 et

487 1997 890 2071 confortabalur,
920 2004 970 2049 et
1005 1991 1310 2063 implebatur
1340 1990 1594 2061 sapient-ia
1621 1998 1670 2042 et
1697 1987 1866 2058 gratia
1905 1983 2055 2056 (Luc.

486 2109 542 2158 ιι,
572 2088 679 2159 52).
709 2086 844 2142 Cum
871 2093 1061 2139 natura
1085 2082 1154 2136 sit
1179 2079 1493 2152 perfectum,
1521 2088 1580 2133 ut
1608 2077 1768 2142 Deus,
1799 2082 1854 2130 et
1878 2089 1947 2128 ex
1967 2089 2062 2127 sua

488 2181 820 2254 plenitudine
857 2176 1114 2248 spiritalia
1160 2173 1357 2229 sanctis
1402 2169 1704 2241 impertiat;
1741 2181 1860 2222 cum
1889 2165 2062 2234 ipsum

490 2277 558 2330 sit
583 2273 854 2344 sapientim
875 2270 1030 2324 dator
1057 2274 1112 2322 et
1137 2265 1339 2335 gratim,
1369 2261 1639 2335 quomodo
1667 2257 1880 2330 prolicit
1905 2272 2058 2327 puer,

489 2362 544 2422 et
571 2364 831 2435 sapientia
880 2359 1128 2429 impletur
1172 2363 1226 2412 et
1268 2354 1474 2424 gratia?
1501 2351 1805 2407 Secundum
1845 2346 1988 2402 aliud
2013 2352 2069 2400 et

491 2456 669 2512 aliud:
695 2469 816 2510 cum
843 2452 911 2507 sit
939 2449 1081 2504 enim
1106 2448 1219 2517 ipse
1257 2445 1394 2500 idem
1419 2445 1584 2498 homo
1629 2440 1784 2496 simul
1814 2447 1868 2493 et
1896 2437 2059 2501 Deus,

491 2555 712 2620 propter
738 2544 999 2599 unitatem
1035 2539 1282 2609 quidem,
1324 2535 1540 2607 propria
1575 2533 1704 2589 dicit
1730 2531 1934 2620 (Batus.
1967 2529 2067 2584 du-

493 2619 586 2708 cit]
612 2638 875 2698 humana;
924 2639 1006 2686 est
1049 2636 1228 2684 autem
1266 2624 1557 2697 perfectus,
1597 2631 1653 2677 et
1691 2619 1967 2690 sapientia:
2013 2625 2070 2672 et

495 2728 679 2798 gratiae
700 2726 875 2789 dator,
906 2729 965 2776 ut
984 2721 1146 2775 Deus.

567 2821 908 2887 Nuncupatus
934 2822 1014 2869 est
1041 2812 1202 2866 etiam
1229 2817 1284 2865 et
1309 2806 1720 2880 primogenitus,
1745 2811 1801 2858 et
1822 2801 2067 2870 unigeni-

497 2922 614 2974 tus;
642 2909 736 2962 sed
774 2907 820 2960 si
848 2906 967 2974 quis
1007 2904 1114 2957 vim
1156 2903 1324 2970 ipsam
1351 2897 1576 2953 scrutari
1606 2894 1836 2948 voluerit
1873 2892 2070 2946 dictio-

498 3015 645 3060 num,
690 2993 1077 3066 primogenitus
1113 2998 1214 3053 est,
1257 2989 1350 3058 qui
1389 2987 1528 3042 inter
1574 2983 1766 3039 fratres
1809 2981 2074 3052 plurimos

497 3088 915 3161 primogenitus;
961 3083 1263 3152 unigenitus
1299 3095 1455 3144 vero,
1497 3085 1557 3132 ut
1596 3075 1919 3144 unigenitus,
1962 3088 2070 3127 non

2163 1877 2426 1931 elementa
2451 1884 2664 1931 creator
2690 1877 2949 1946 ipsorum.
2993 1875 3136 1946 Ergo
3163 1891 3326 1947 super
3352 1892 3416 1932 ea
3436 1916 3453 1940 ,
3487 1891 3609 1946 qm:
3633 1878 3764 1947 ipse

2163 1964 2426 2031 condidit,
2458 1965 2750 2021 secundum
2799 1972 3047 2020 naturam
3092 1974 3208 2030 est,
3255 1965 3403 2034 quod
3446 1974 3639 2019 natura
3684 1966 3765 2020 sit

2164 2057 2323 2112 Deus.
2359 2055 2503 2112 Unus
2523 2064 2722 2121 tamen,
2747 2064 2806 2110 ut
2833 2065 2960 2110 ante
2980 2055 3108 2120 dixi,
3134 2055 3439 2111 adorandus
3459 2064 3563 2122 est,
3585 2056 3765 2111 etiam

2165 2153 2291 2202 tunc
2316 2163 2438 2202 cum
2464 2147 2520 2201 in
2545 2147 2725 2201 multis
2753 2145 2914 2202 fuerit
2951 2145 3206 2202 fratribus
3241 2163 3255 2199 :
3288 2153 3412 2202 tunc
3447 2148 3594 2202 extim
3624 2162 3769 2217 pro-

2165 2249 2352 2308 pterea
2378 2237 2552 2294 dictus
2573 2246 2656 2293 est
2683 2237 3092 2307 primogenitus.

2238 2327 2410 2382 Unum
2439 2327 2630 2381 Filium
2657 2328 2904 2382 adoravit
2931 2342 3105 2382 caecus
3127 2342 3158 2380 a
3185 2327 3472 2381 nativitate
3491 2343 3609 2392 sua,
3627 2339 3770 2382 cum

2166 2417 2436 2486 prmcipuo
2477 2416 2814 2487 mirabilique
2859 2417 3023 2472 modo
3066 2424 3288 2470 sanatus
3333 2424 3437 2471 est.
3469 2416 3602 2471 Nam
3638 2435 3771 2470 cm

2166 2506 2437 2560 invenisset
2475 2523 2588 2559 eum
2633 2507 2688 2559 in
2730 2509 2917 2577 templo
2947 2505 3127 2570 Iesus,
3171 2507 3302 2560 dixit
3333 2522 3351 2560 :
3384 2505 3461 2559 Tu
3498 2507 3668 2561 credis
3713 2510 3772 2561 in

2168 2594 2364 2650 Filium
2389 2594 2525 2650 Dei?
2558 2594 2656 2648 Ille
2696 2606 2865 2649 autem
2911 2597 3042 2650 dixit
3071 2612 3089 2649 :
3109 2593 3239 2659 Qui:
3267 2605 3374 2658 est,
3411 2594 3658 2661 Domine,
3709 2608 3773 2650 ut

2170 2687 2375 2740 credam
2414 2689 2468 2740 in
2497 2703 2608 2740 eum
2636 2685 3374 2758 (Joau.tx,35,36)?Christus
3400 2703 3532 2742 vero
3571 2689 3621 2743 ei
3674 2705 3772 2744 se-

2171 2777 2346 2848 ipsum
2380 2791 2501 2830 cum
2541 2790 2770 2846 corpore
2801 2775 3208 2841 demonstrans,
3236 2777 3455 2831 aiebat:
3481 2776 3552 2831 Et
3587 2779 3777 2832 vidixi

2171 2866 2373 2939 quidem
2394 2882 2529 2931 eum,
2558 2874 2608 2920 et
2633 2866 2718 2938 qui
2737 2867 2960 2938 loquitur
2989 2873 3172 2932 tecum,
3198 2867 3310 2937 ipse
3341 2875 3419 2920 est
3453 2865 3618 2938 (Ibid.
3643 2866 3775 2937 33).

2172 2959 2331 3014 Vides
2351 2957 2495 3029 quod
2531 2958 2787 3026 singulari
2813 2972 3041 3012 numero
3067 2965 3273 3022 utatur,
3303 2973 3414 3014 non
3441 2959 3782 3028 permittens

2177 3050 2345 3105 Deum
2371 3057 2426 3105 et
2463 3049 2736 3104 hominem
2775 3062 2991 3103 seorsus
3036 3047 3298 3116 intelligi;
3331 3048 3495 3103 immo
3535 3064 3674 3104 vero
3715 3059 3790 3128 et.

495 3139 605 3250 iam
632 3139 1038 3248 piimogenitus,
1069 3187 1169 3227 nec
1191 3172 1330 3226 inter
1354 3169 1614 3239 plurimos
1651 3164 1861 3219 fratres.
1895 3163 1964 3217 At
1991 3170 2077 3216 est
2100 3139 2149 3202 θ
2178 3144 2344 3250 Siq'u‘is
2397 3143 2667 3198 hominem
2716 3141 3076 3250 ηοξηίηίξνθτίι
3131 3139 3482 3250 Emmanuel.
3539 3141 3785 3250 miili'l‘llo

500 3272 646 3340 ipse,
694 3269 908 3332 ethoc,
938 3275 993 3321 et
1037 3263 1197 3328 illud;
1247 3259 1518 3330 quomodo
1563 3257 1724 3325 ergo?
1765 3254 2072 3310 Secundum

501 3358 640 3414 aliud
662 3367 716 3412 et
742 3355 886 3410 aliud
915 3373 927 3408 :
961 3352 1344 3424 primogenitus
1371 3349 1536 3410 enim,
1569 3355 1626 3400 ut
1655 3347 1794 3399 inter
1820 3345 2080 3415 plurimos

503 3449 711 3512 fratres,
735 3453 956 3515 propter
974 3441 1390 3505 humanitatem;
1408 3436 1712 3505 unigenitus
1726 3450 1889 3504 porro
1910 3433 2072 3497 idem,

503 3547 562 3593 ut
583 3537 730 3591 solus
757 3550 822 3590 ex
851 3533 968 3589 solo
990 3531 1149 3586 Patre
1169 3539 1344 3594 natus,
1373 3537 1507 3584 etut
1534 3527 1694 3582 Deus.

571 3624 945 3684 Sanctiﬁcatus
973 3623 1134 3678 fuisse
1162 3621 1354 3677 dicitur
1379 3635 1475 3691 per
1503 3617 1781 3689 Spiritum,
1813 3631 1935 3673 cum
1965 3617 2080 3686 ipse

503 3719 837 3777 sanctilicare
865 3715 1037 3770 soleat
1081 3712 1429 3776 accedentes;
1460 3708 1761 3778 baptizatus
1785 3705 2080 3762 secundum

2179 3234 2393 3304 quidem
2421 3246 2760 3288 communem
2784 3231 3058 3285 hominem
3099 3227 3511 3299 significaverit;
3539 3229 3642 3284 sed
3671 3229 3782 3285 Dei

2180 3326 2413 3382 Verbum
2441 3326 2732 3380 adunatum
2759 3333 2958 3381 nostra:
2983 3334 3208 3380 naturae.
3234 3323 3391 3379 Hune
3413 3325 3550 3378 sicut
3568 3339 3782 3388 unum,

2180 3416 2453 3472 hominem
2479 3415 2773 3470 adoravere
2801 3416 2948 3471 beati
2975 3415 3241 3485 discipuli,
3271 3429 3396 3470 cum
3422 3428 3542 3468 cum
3571 3413 3786 3468 viden-

2182 3516 2264 3564 tes
2289 3508 2437 3563 miris
2465 3507 2640 3562 modis
2668 3507 2807 3562 inter
2833 3521 3000 3576 aquas
3027 3506 3321 3570 ambulare,
3353 3504 3677 3570 adoraverc,
3706 3505 3791 3560 di-

2183 3606 2367 3653 centes
2398 3615 2411 3650 :
2453 3596 2582 3651 Vere
2608 3595 2706 3651 Dei
2733 3595 2904 3651 Filius
2932 3612 2986 3650 es
3017 3593 3229 3666 (Matth.
3255 3610 3361 3660 xlv,
3391 3593 3507 3661 55).

2207 3747 2212 3752 _
2255 3690 2310 3744 Si
2337 3705 2466 3746 vero
2511 3689 2782 3745 hominem
2829 3703 2953 3744 cum
2988 3687 3101 3742 Deo
3139 3685 3420 3742 coadorari
3452 3684 3792 3751 dixerimus,

2186 3783 2500 3840 divisionem
2556 3781 3000 3853 spatiosissimam
3053 3779 3364 3834 inducemus
3415 3796 3428 3830 :
3475 3780 3571 3834 σὺν
3627 3779 3796 3831 etaim

2187 3891 2398 3946 semper
2425 3874 2588 3946 (quod
2616 3881 2699 3929 est
2727 3872 2933 3934 Latine,
2964 3872 3121 3942 cum),
3152 3871 3254 3925 nisi
3288 3871 3341 3924 in
3376 3868 3797 3939 signiﬁcatione

2188 3967 2426 4032 unitatis,
2455 3980 2574 4036 quae
2619 3971 2701 4020 est
2738 3979 2836 4034 per
2872 3963 3346 4036 compositionem,
3376 3966 3634 4029 ponatur,
3669 3959 3795 4014 duo

2189 4057 2408 4112 omnino
2453 4033 2610 4125 coget
2649 4033 2892 4124 intelligi.
2923 4051 3383 4119 Quemadmodum
3418 4049 3559 4104 enim
3607 4065 3800 4104 nexum

2188 4148 2288 4204 sibi
2317 4147 2603 4202 convenire
2633 4144 2862 4208 dicatur,
2894 4157 3068 4212 neque
3088 4154 3425 4205 concmnare,
3447 4144 3539 4192 aut
3561 4139 3800 4194 coado-

573 4263 709 4318 Cum
755 4262 868 4333 ipse
898 4261 1118 4315 suscitet
1164 4265 1425 4324 mortuos,
1457 4257 1750 4312 resurrexit
1779 4270 1809 4309 a
1838 4255 2060 4309 mortuis

2189 4253 2330 4304 rare,
2361 4245 2453 4291 aut
2477 4236 2849 4301 coambulare;
2879 4233 3104 4290 duarum
3131 4233 3273 4288 enim
3316 4244 3688 4302 personarum
3719 4232 3803 4286 si—

507 4366 561 4411 et
594 4371 714 4410 cum
745 4355 813 4408 sit
857 4368 954 4422 per
983 4360 1225 4406 naturam
1267 4350 1394 4413 vita,
1427 4346 1684 4402 vivificari
1730 4345 1953 4410 dicitur;
1983 4346 2066 4399 hoc

2190 4329 2588 4400 gnificationem
2633 4328 2835 4383 inducit
2878 4327 3190 4397 praepositio
3229 4325 3394 4380 verbo
3429 4322 3746 4393 praeposita
3783 4341 3796 4376 :

506 4459 741 4514 quonam
787 4411 979 4495 modo?
1025 4440 1330 4496 Secundum
1379 4411 1521 4492 aliud
1562 4451 1753 4507 nempe
1798 4444 1852 4492 et
1893 4435 2035 4489 aliud
2069 4453 2080 4487 ε
2193 4424 2262 4476 ila
2287 4422 2449 4476 81mm
2474 4420 2640 4489 Siquis
2666 4418 2946 4474 coadorari
2972 4416 3244 4472 hominem
3271 4430 3393 4471 cum
3417 4411 3800 4477 θεοάίιεῑίιν

509 4536 625 4605 ipse
655 4533 798 4588 enim
837 4532 1128 4585 resurrexit
1167 4530 1381 4598 quidem
1407 4544 1439 4582 a
1469 4528 1712 4591 mortuis,
1744 4534 1800 4581 et
1826 4524 2064 4580 vivificar

2189 4513 2323 4567 duos
2361 4511 2518 4581 plane
2551 4510 2687 4565 lilios
2719 4509 2866 4575 dicit,
2899 4514 2954 4562 et
2993 4522 3025 4561 a
3053 4522 3170 4562 sese
3196 4505 3515 4574 disjudctos;
3543 4504 3804 4558 unitatis

507 4627 700 4682 dicitur
726 4621 1017 4678 secundum
1043 4635 1286 4685 carnem;
1313 4617 1543 4673 vivificat
1572 4626 1750 4673 autem
1777 4625 1834 4671 et
1859 4617 2066 4672 suscita:

2191 4606 2332 4659 enim
2372 4605 2530 4668 ratio,
2564 4604 2610 4657 si
2634 4603 2688 4657 in
2716 4601 2830 4656 sola
2871 4599 3145 4669 dignitatis
3169 4598 3494 4668 mqualitate,
3534 4596 3668 4651 sive
3694 4612 3801 4652 an-

507 4735 537 4772 a
564 4716 804 4780 mortuis,
849 4720 1036 4783 utpote
1059 4711 1217 4766 Deus.
1251 4709 1475 4771 Patitur,
1508 4716 1561 4762 et
1608 4724 1714 4763 non
1743 4707 1962 4778 patitur,
1991 4723 2079 4762 se-
2189 4697 2452 4752 ctoritatis
2482 4695 2825 4764 intelligatur,
2854 4707 2962 4746 non
2991 4706 3108 4746 esse
3140 4705 3264 4745 vera
3299 4687 3669 4752 convincitur,
3707 4689 3802 4743 id.

506 4811 737 4866 cundum
767 4807 910 4863 aliud
942 4813 997 4861 et
1015 4804 1157 4859 aliud
1182 4821 1194 4856 :
1229 4801 1429 4873 patitur
1459 4800 1675 4870 quidem
1703 4801 1934 4856 humane
1959 4816 2080 4856 car-
2189 4805 2294 4858 que
2323 4805 2353 4843 a
2383 4789 2536 4843 nobis
2561 4788 2670 4857 jam
2701 4787 2942 4858 pluribus
2970 4793 3094 4839 ante
3125 4783 3406 4854 probatum
3433 4788 3538 4835 est.

507 4922 594 4969 ne,
626 4919 692 4958 eo
739 4900 883 4971 quod
930 4900 1092 4954 homo
1141 4899 1242 4963 sit;
1291 4894 1628 4966 impassibilis
1673 4902 1871 4949 autem.
1899 4893 2078 4948 divine

508 5005 705 5060 manet,
741 5003 796 5047 ut
817 4992 977 5047 Deus.
1471 4991 1475 4993 ’

579 5085 830 5140 Adoravit
862 5086 974 5154 ipse
1003 5082 1277 5136 nobiscum
1304 5098 1315 5132 :
1350 5078 1450 5133 Vos
1478 5080 1635 5142 enim,
1680 5078 1868 5147 inquit,
1901 5077 2086 5130 adora-

506 5181 570 5231 tis
597 5177 730 5248 quod
777 5175 1013 5237 nescitis;
1045 5190 1136 5227 nos
1169 5171 1446 5225 adoramus
1491 5170 1628 5240 quod
1668 5171 1855 5223 scimus
1895 5166 2072 5237 (Joan.

507 5285 574 5332 IV,
607 5266 728 5335 Q2);
761 5272 916 5320 etest
953 5264 1115 5318 etiam
1141 5261 1441 5317 adorandus
1474 5279 1485 5312 :
1519 5259 1773 5314 Flectitur
1808 5259 1945 5312 enim
1981 5260 2081 5328 ipsi

506 5376 654 5414 omne
697 5374 826 5429 genu
858 5355 1076 5429 (Philip.
1123 5371 1186 5418 ιι,
1221 5353 1326 5423 10).
1378 5352 1492 5408 Hoc
1530 5366 1745 5420 quoque
1787 5348 2080 5404 secundum

507 5453 650 5508 aliud
675 5461 730 5508 et
753 5451 914 5506 aliud.
947 5450 1148 5504 Aderat
1175 5449 1336 5513 enim,
1361 5447 1487 5516 quia
1508 5454 1751 5498 naturam
1774 5443 2080 5513 assumpsit,

507 5559 624 5614 qua:
663 5543 855 5598 debeat
902 5540 1154 5604 adorare;
1187 5537 1441 5593 adoratur
1479 5544 1658 5590 autem
1700 5549 1860 5604 porro
1909 5532 2072 5596 idem,

508 5636 658 5705 quasi
703 5634 874 5704 major
912 5633 1168 5689 adorante
1211 5638 1420 5694 natura,
1463 5643 1530 5682 eo
1576 5627 1722 5696 quod
1767 5626 2081 5693 intelligitur

509 5726 663 5781 Deus.
697 5725 1024 5780 Adoratione
1052 5737 1179 5776 vero
1208 5735 1314 5774 non
1344 5726 1425 5773 cst
1463 5716 1801 5771 dividendum
1829 5717 1881 5770 in
1909 5717 2077 5771 horni-

503 3824 736 3874 carnem,
764 3807 854 3876 qui
895 3805 947 3860 in
988 3811 1174 3858 sancto
1202 3801 1402 3872 Spiritu
1439 3798 1763 3870 baptizabat.
1797 3795 2079 3863 Quomodo

504 3902 663 3971 igitur
689 3898 859 3962 idem,
906 3903 960 3950 et
983 3892 1281 3950 sanctiﬁcat
1309 3900 1363 3946 et
1406 3887 1800 3952 sanctificatur;
1847 3885 2082 3955 baptizat

504 4001 560 4047 et
587 3988 920 4061 baptizatur?
949 3983 1255 4040 Secundum
1294 3982 1437 4035 aliud
1465 3990 1518 4034 et
1547 3979 1692 4034 aliud
1730 3998 1742 4031 :
1774 3975 2081 4034 sanetilica~

505 4094 592 4137 tur
614 4081 756 4137 enim
785 4080 1036 4144 humane,
1067 4077 1206 4130 sicut
1233 4073 1395 4128 etiam
1419 4072 1756 4142 baptizatur;
1784 4071 2081 4126 sanctiﬁcat

506 4183 683 4229 autem
712 4171 909 4235 divine,
932 4177 986 4223 et
1012 4169 1248 4239 baptizat
1272 4166 1324 4220 in
1353 4164 1553 4235 Spiritu
1583 4170 1788 4219 sancto.

2721 4937 2949 4993 CAPUT
2997 4935 3217 4990 XXXV.

2191 5073 2443 5127 Adversus
2489 5071 2606 5125 illos
2644 5073 2729 5139 qui
2767 5071 2938 5131 aiunt,
2982 5068 3122 5139 quod
3157 5067 3270 5120 sola
3313 5067 3559 5118 relatione
3617 5063 3808 5118 Deum

2673 5139 2846 5193 orbum
2875 5138 3086 5192 deceant
3107 5138 3352 5189 humana.

2263 5256 2513 5311 Garriunt
2541 5253 2779 5307 nonnulli
2807 5252 2874 5307 de
2901 5250 3102 5306 carnali
3145 5247 3544 5318 dispensatione
3581 5245 3810 5315 linige-

2193 5347 2310 5411 niti,
2342 5354 2396 5400 et
2422 5344 2746 5408 venerabile,
2778 5359 2842 5397 ac
2861 5356 3133 5410 magnum,
3159 5348 3215 5394 et
3237 5339 3487 5409 supernis
3505 5337 3818 5407 spiritibus

2192 5435 2629 5490 amabilissimum
2664 5432 2995 5503 mysterium,
3040 5446 3139 5500 per
3185 5429 3328 5499 quod
3376 5429 3538 5483 etiam
3589 5429 3814 5482 salvati

2185 5545 2386 5594 sumus,
2418 5528 2485 5582 ad
2509 5542 2700 5582 sensus
2729 5525 2941 5594 fragiles
2969 5521 3293 5585 deferentes,
3317 5519 3483 5575 decus
3515 5519 3818 5572 contamio

2189 5627 2316 5673 nant
2335 5615 2890 5687 pulchritudinemque
2917 5611 3198 5672 veritatis;
3227 5626 3348 5664 cum
3379 5623 3473 5663 eos
3503 5615 3816 5675 oporteat,

2188 5729 2295 5767 non
2325 5709 2498 5780 siquid
2536 5709 2665 5782 ipsis
2688 5717 2832 5762 recte
2862 5707 3058 5761 habere
3092 5704 3361 5767 videatur,
3397 5703 3668 5756 roborare
3707 5718 3816 5753 co-
