3980 6182
286 297 420 353 10⁵37

1013 292 1067 348 8.
1106 290 1370 346 CYlllLLl
1412 288 1696 346 SCHOLIA
1739 291 1823 345 DE
1864 289 2367 347 INCARNATIONE
2411 289 2780 346 UNIGENITI.

3390 295 3413 347 Ι
3423 294 3527 349 038

278 408 430 471 nari;
479 403 573 459 sed
615 403 874 472 inspicere
919 404 1105 471 magis,
1134 402 1313 456 subtili
1353 410 1613 471 acutoque
1657 402 1850 456 mentis
1878 413 1927 469 Α
2026 402 2330 458 Patiebatur
2358 411 2538 457 autem
2585 402 2999 472 impassibiliter,
3042 405 3165 473 quia
3192 420 3299 460 non
3328 406 3529 464 idcirco

278 498 459 557 oculo,
514 508 789 549 sacrarum
832 494 1165 563 propositum
1215 494 1529 555 litterarum,
1559 500 1719 560 atque
1764 507 1850 546 re-

275 598 427 642 ctum
464 588 537 644 ita
567 586 669 639 iter
696 584 918 653 ingredi,
959 592 1227 637 sectantes
1268 598 1332 638 ea
1359 599 1476 653 quze
1503 580 1690 637 Patres
1724 598 1853 638 san-~

279 678 502 733 etissimi
533 676 924 739 examinarunt,
949 675 1040 744 qui
1068 674 1238 729 sancti
1266 674 1493 744 Spiritus
1514 674 1854 729 illuminatio-

281 774 440 828 nibus
469 772 680 836 eruditi,
711 785 936 825 sanxere
962 770 1119 824 nobis
1158 769 1457 840 symbolum
1505 768 1648 833 ﬁdei,
1678 769 1848 837 ipsum

276 863 535 925 dicentes,
567 862 710 931 quod
738 877 803 914 ex
846 859 1019 915 Patris
1064 860 1361 914 substantia
1410 859 1853 915 inaestimabiliter

274 963 465 1009 natum
510 961 610 1017 est,
641 952 806 1006 Deum
853 950 1103 1014 Verbum,
1154 966 1249 1020 per
1295 950 1440 1018 quod
1486 950 1667 1005 omnia
1713 949 1849 1005 facta

275 1055 422 1111 sunt,
452 1060 570 1114 qum
598 1044 652 1097 in
678 1042 835 1108 coelo,
863 1056 918 1096 et
946 1056 1064 1110 qua:
1093 1042 1144 1094 in
1177 1049 1351 1105 terra;
1382 1047 1602 1109 propter
1634 1056 1732 1095 nos
1756 1041 1853 1097 ho-

273 1139 468 1201 mines,
500 1143 554 1191 et
597 1142 793 1190 nostra:
831 1133 1019 1188 salutis
1056 1146 1216 1187 causa
1256 1130 1614 1196 descendisse,
1644 1131 1846 1203 [Baluz.

272 1229 399 1282 add.
433 1240 649 1281 carnem
688 1221 909 1293 factum]
944 1223 1215 1277 hominem
1244 1221 1463 1288 factum,
1506 1237 1847 1291 passumque,

271 1318 580 1375 ascendisse
622 1316 676 1370 in
723 1314 936 1378 cmlum,
987 1323 1271 1368 venturum
1314 1320 1439 1382 post
1481 1311 1685 1383 [Baluz.
1732 1310 1851 1382 per]

270 1423 518 1481 tempora
540 1407 782 1479 judicare
812 1406 960 1460 vivos
988 1414 1043 1460 et
1069 1411 1328 1459 mortuos.

346 1501 545 1556 Verum
574 1498 814 1553 nonnulli
853 1506 997 1561 sunt,
1028 1496 1215 1550 doctos
1260 1510 1319 1549 se
1354 1510 1474 1550 esse
1515 1496 1851 1563 scientesque

268 1593 495 1663 Opinati,
525 1599 580 1645 et
606 1590 914 1660 supercilio,
952 1599 1007 1643 et
1047 1596 1260 1642 tumore
1285 1588 1500 1653 suﬂlati,
1531 1588 1623 1657 qui
1662 1588 1707 1642 si
1737 1588 1851 1643 haec

269 1681 434 1736 verba
474 1679 757 1742 audierint,
789 1678 1067 1741 derident;
1098 1685 1152 1733 et
1178 1692 1239 1731 ea
1268 1692 1387 1745 quae
1407 1685 1516 1731 tam
1554 1685 1703 1733 recte
1728 1687 1850 1732 sunt

1955 513 2013 552 se
2043 498 2355 562 bumiliavit,
2404 507 2463 551 ut
2500 507 2643 551 esset
2690 506 2895 552 tantum
2942 500 3131 554 similis
3181 503 3384 569 nostri;
3435 505 3531 558 sed

1953 588 2098 656 quia,
2113 596 2172 641 ut
2193 597 2317 642 ante
2331 587 2460 653 dixi,
2480 588 2530 641 id
2546 595 2746 641 naturae
2772 603 2901 653 sum,
2918 589 2992 641 uti
3011 589 3077 643 sit
3098 590 3346 645 omnibus
3364 606 3527 661 supe-

1952 680 2083 741 rior,
2130 686 2446 734 reservarat.
2494 676 2564 733 At
2590 680 2634 735 si
2662 678 2980 745 diceremus,
3008 679 3149 749 quod
3178 696 3275 750 per
3303 698 3531 738 conver-

1952 771 2157 829 sionem
2186 771 2269 827 vel
2307 771 2780 827 commutationem
2811 778 3013 826 natura:
3042 788 3152 826 sua:
3198 772 3252 825 in
3281 782 3528 828 naturam

1953 859 2220 912 transierit
2247 860 2441 925 carnis,
2492 875 2709 913 necesse
2757 868 2873 913 erat
2911 862 3157 916 omnibus
3204 862 3377 916 modis
3406 879 3524 929 nos,

1954 951 2148 1006 invitos
2162 951 2341 1016 etiam,
2362 951 2624 1016 conﬁteri,
2648 966 2899 1005 arcanam
2916 937 3257 1021 divinam'que
3279 962 3529 1008 naturam

1952 1043 2113 1099 fuisse
2150 1042 2470 1113 passibilem.
2523 1043 2617 1097 Sin
2670 1050 2867 1105 autem,
2901 1043 3027 1097 licet
3058 1043 3210 1111 juxta
3237 1061 3335 1100 nos
3365 1047 3528 1100 homo

1951 1135 2019 1191 sit
2042 1134 2235 1199 factus,
2279 1134 2535 1187 manserit
2563 1134 2877 1189 immutatus
2932 1132 3136 1204 [Belua
3170 1135 3528 1189 incommuta-

1952 1227 2080 1299 tus],
2108 1234 2189 1282 est
2217 1226 2359 1281 enim
2388 1227 2660 1295 proprium
2699 1227 2902 1281 cmlesti
2931 1235 3151 1289 naturae,
3184 1236 3242 1282 ut
3269 1230 3380 1298 pati
3419 1245 3525 1299 non

1950 1319 2151 1389 possit;
2181 1318 2373 1373 deinde
2394 1332 2491 1387 per
2518 1317 2899 1372 adunatiouem
2926 1319 3095 1387 ipsius
3129 1318 3328 1374 factum
3368 1319 3529 1374 fuerit

1950 1424 2146 1478 corpus
2174 1408 2424 1478 passibile
2467 1425 2479 1459 :
2513 1414 2726 1476 oportet
2765 1417 2824 1461 ut
2874 1410 3128 1476 patiatur,
3171 1423 3398 1477 corpore
3426 1424 3525 1478 pa-

1951 1500 2137 1564 tiente,
2164 1514 2231 1554 eo
2256 1498 2401 1568 quod
2427 1514 2623 1568 corpus
2644 1498 2810 1567 ipsius
2832 1497 2993 1553 fuisse
3014 1499 3209 1554 dicitur
3225 1500 3521 1570 proprium;

1950 1596 2131 1642 manet
2154 1602 2284 1642 vero
2313 1588 2427 1657 ipse
2458 1587 2813 1656 impassibilis,
2842 1602 2907 1642 eo
2935 1589 3078 1657 quod
3102 1589 3265 1658 ipsius
3291 1598 3374 1645 est
3397 1605 3526 1660 pro-

1948 1679 2121 1749 prium
2149 1688 2208 1733 ut
2232 1680 2343 1750 pati
2373 1694 2477 1734 non
2500 1679 2684 1749 possit.

266 1772 433 1835 dicta,
457 1770 808 1825 deliramenta
830 1769 999 1838 magis
1026 1769 1333 1825 existimant
1363 1786 1376 1821 :
1408 1785 1529 1824 cum
1549 1770 1843 1838 pnnsertim
1881 1773 1920 1830 Β
2017 1770 2170 1836 Quod
2196 1770 2240 1825 si
2269 1769 2595 1838 gloriﬁcatus
2622 1754 2703 1824 est
2730 1767 3045 1824 Emmanuel
3074 1784 3171 1839 per
3194 1771 3521 1840 passionem,

267 1863 549 1920 credamus
578 1861 966 1916 illuminatione
986 1860 1217 1930 Spiritus
1235 1862 1403 1915 sancti
1430 1862 1663 1931 patuisse
1691 1877 1848 1916 sane.

265 1956 338 2010 tis
365 1953 612 2008 Patribus
648 1953 929 2007 scientiam
958 1953 1219 2006 veritatis.
1272 1951 1340 2005 At
1385 1952 1479 2017 illi,
1512 1961 1782 2020 tamquam
1806 1952 1851 2006 si

265 2045 370 2099 soli
397 2043 605 2113 possint
631 2042 855 2097 meliora
911 2041 1129 2107 sentire,
1165 2057 1269 2096 non
1312 2042 1483 2109 ipsum
1523 2041 1847 2105 existimant,

264 2136 597 2206 unigenitum
642 2135 738 2189 Dei
768 2133 979 2200 Filium,
1012 2134 1104 2203 qui
1132 2140 1214 2188 est
1261 2148 1328 2188 ex
1367 2135 1661 2188 substantia
1713 2133 1847 2203 ejus,

261 2225 436 2280 Deum
464 2224 699 2280 Verbum
730 2239 946 2294 passum
986 2239 1106 2278 esse
1134 2239 1229 2278 sua
1250 2239 1413 2278 carne
1441 2240 1539 2293 pro
1569 2224 1723 2279 nobis
1750 2224 1851 2277 hu-

260 2329 443 2377 mane,
474 2313 599 2368 licet
632 2328 698 2367 eo
727 2312 872 2381 quod
915 2312 1057 2367 Deus
1086 2313 1417 2381 intelligitur,
1449 2314 1502 2367 in
1528 2329 1621 2367 sua
1660 2323 1847 2369 natura

262 2404 481 2468 habeat,
510 2412 570 2459 ut
598 2405 708 2474 pati
738 2420 846 2460 non
888 2405 1086 2474 possit;
1116 2405 1388 2460 hominem
1429 2414 1603 2459 autem
1635 2421 1850 2460 seorsus

263 2504 319 2549 et
345 2496 633 2565 separatim
657 2510 777 2549 eum
802 2502 1089 2565 ponentes,
1112 2495 1205 2564 qui
1234 2504 1318 2549 est
1342 2512 1409 2550 ex
1430 2505 1610 2550 sancta
1635 2496 1848 2563 Virgine

260 2591 596 2654 procreatus.
622 2583 826 2639 Deinde
852 2585 923 2648 ei,
949 2593 1206 2653 quantum
1231 2585 1359 2654 ipsis
1379 2585 1606 2649 videtur,
1629 2586 1845 2639 modum

257 2676 445 2743 gloria:
477 2676 789 2741 tribuentes,
816 2675 1107 2729 adunatum
1148 2674 1311 2730 fuisse
1335 2676 1517 2729 dicunt
1544 2676 1723 2731 Verbo
1753 2676 1846 2731 Dei

256 2762 467 2831 Patris;
517 2773 570 2821 et
612 2767 877 2820 rationem
926 2766 1270 2821 adunationis
1294 2774 1643 2835 exponentes,
1675 2766 1844 2820 dona-

255 2862 372 2909 tam
393 2870 511 2909 essc
534 2855 634 2924 ipsi
649 2855 834 2911 dicunt
857 2872 887 2909 a
909 2856 1022 2911 Deo
1042 2856 1400 2925 mqualitatem
1417 2856 1710 2933 dignitatis,
1734 2858 1846 2913 sive

255 2946 614 3012 auctoritatis,
660 2954 715 3001 et
743 2955 802 3001 ut
829 2948 989 3002 simili
1014 2948 1395 3018 appellatione,
1428 2956 1482 3003 et
1499 2947 1759 3016 Christus,
1791 2958 1847 3005 et

254 3034 426 3089 Filius
470 3035 699 3102 dicatur,
733 3045 787 3092 et
817 3038 1094 3093 Dominus.
1144 3038 1236 3093 Sin
1275 3055 1405 3094 vero
1453 3040 1615 3094 etiam
1656 3056 1843 3110 passus

1952 1867 2011 1913 ut
2038 1861 2152 1929 ipse
2177 1859 2330 1923 dixit,
2357 1875 2478 1914 cum
2507 1876 2605 1929 pro
2635 1860 2789 1915 nobis
2811 1860 3103 1929 pretiosam
3144 1876 3354 1917 crucem
3382 1871 3522 1919 esset

1951 1964 2238 2018 passurus:
2272 1947 2428 2003 Nunc
2456 1950 2771 2020 gloriﬁcatus
2811 1958 2887 2005 est
2924 1951 3064 2019 ﬁlius
3090 1951 3311 2006 hominis
3340 1952 3521 2023 (Ιοαιι.

1952 2047 2054 2097 xu,
2091 2032 2224 2102 24);
2288 2053 2401 2103 cur,
2443 2038 2707 2109 passionis
2743 2038 2969 2106 gloriam
2996 2039 3200 2093 homini
3232 2043 3524 2097 tribuentes

1950 2128 2120 2184 solam
2163 2128 2380 2187 habenti
2407 2127 2840 2196 conjunctionem
2881 2144 3004 2182 cum
3033 2130 3180 2184 eoin
3219 2132 3524 2200 :equalitate

1949 2217 2239 2285 dignitatis,
2264 2233 2372 2272 non
2416 2218 2774 2272 erubescunt?
2812 2216 2965 2285 Nam,
3013 2218 3152 2273 sicut
3206 2220 3305 2289 ipsi
3336 2221 3523 2275 existi-

1950 2316 2117 2376 mant,
2147 2308 2425 2378 conjunxit
2449 2309 2548 2364 sibi
2578 2307 2867 2363 secundum
2907 2309 3239 2364 voluntatem
3270 2311 3443 2365 Patris
3471 2318 3525 2365 ct

1949 2400 2326 2469 complacitum
2351 2401 2619 2459 hominem
2649 2400 2978 2469 simpliciter,
3014 2408 3069 2455 et
3097 2416 3219 2455 eum
3257 2417 3368 2455 sua:
3404 2402 3524 2471 glo—

1949 2489 2041 2542 rire
2070 2504 2253 2558 parem
2282 2486 2476 2555 effecit,
2508 2497 2562 2544 et
2581 2490 2866 2551 concessit,
2896 2498 2955 2543 ut
2977 2490 3134 2544 simili
3164 2492 3524 2561 appellatione

1946 2577 2209 2644 Christus,
2232 2588 2285 2633 et
2304 2579 2488 2644 Filius,
2508 2580 2712 2634 etDeus
2734 2581 3040 2637 nominatus
3060 2582 3149 2643 sit,
3168 2590 3223 2636 et
3242 2583 3519 2637 Dominus.

2018 2669 2158 2739 Ergo
2205 2686 2380 2741 neque
2425 2672 2759 2727 incarnatum
2815 2680 2897 2725 est
2949 2687 3076 2728 vere
3126 2672 3378 2739 Verbum,
3424 2688 3524 2729 nec

1948 2778 2168 2833 prorsus
2188 2764 2349 2818 homo
2369 2762 2687 2817 estfactum.
2713 2764 2793 2816 An
2818 2763 2973 2829 forte,
2998 2765 3157 2818 etiam
3182 2763 3343 2818 falsos
3368 2780 3523 2819 men-

1895 2888 1903 2900 .
1944 2855 2211 2923 dacesque
2249 2854 2428 2910 dicere
2455 2854 2706 2909 doctores
2732 2863 2949 2910 sanctos
2977 2855 3163 2909 mundi
3193 2856 3377 2922 totius,
3406 2857 3525 2911 nul-

1943 2947 2053 3001 lum
2101 2946 2274 3015 pariat
2320 2946 2737 3000 detrimentum?
2784 2945 2889 3000 Aut
2935 2947 3079 3000 enim
3130 2946 3329 3013 dicant,
3360 2949 3524 3003 immo

1944 3037 2114 3105 magis
2134 3036 2429 3105 procedant
2449 3035 2504 3090 in
2529 3034 2760 3089 medium
2781 3036 3077 3105 probaturi,
3106 3038 3370 3106 quod-qui
3391 3053 3523 3093 con-

252 3140 378 3181 esse
406 3125 606 3195 aliquid
633 3128 843 3183 dicatur
870 3129 1051 3194 homo,
1083 3129 1175 3197 qui
1219 3130 1285 3184 ab
1317 3130 1445 3198 ipsis
1484 3132 1836 3198 excogitatur,
1866 3128 1911 3188 (ἰ
1940 3128 2233 3196 junctionis
2271 3128 2339 3182 ab
2394 3128 2522 3197 ipsis
2569 3128 2836 3183 inducitur
2881 3129 3092 3196 modus,
3145 3132 3525 3188 incarnationis

253 3226 512 3287 oportere
541 3218 711 3284 aiunt,
755 3218 807 3272 in
856 3219 1031 3288 ipsum
1072 3219 1242 3274 Deum
1269 3218 1504 3273 Verbum
1546 3218 1750 3285 referri,
1775 3235 1841 3274 eo

249 3307 402 3376 quod
424 3308 772 3377 conjunctum
812 3310 881 3362 sit
904 3309 1005 3378 ipsi
1032 3310 1337 3378 aequalitate
1366 3310 1658 3377 dignitatis,
1696 3326 1836 3375 cum,

259 3398 471 3453 naturis
490 3398 694 3463 divisis,
727 3398 1093 3466 unusquisque
1122 3400 1174 3453 id
1194 3400 1283 3465 sit,
1304 3401 1447 3468 quod
1488 3410 1589 3455 est.

327 3488 642 3560 Explanabo
669 3498 849 3543 autem
878 3490 986 3543 vim
1010 3490 1415 3556 sententiarum,
1445 3501 1705 3559 quantum
1726 3492 1840 3561 ipse

245 3579 497 3645 valuere,
546 3594 821 3635 sacrarum
865 3579 1164 3634 litterarum
1211 3580 1454 3649 exempla
1509 3596 1835 3650 proponens.

249 3671 458 3725 Esuriit
492 3668 756 3737 Christus,
807 3669 1000 3725 itinere
1024 3669 1279 3738 fatigatus
1316 3677 1418 3737 est,
1458 3671 1729 3737 dormivit,
1756 3674 1839 3726 in-

246 3778 470 3832 gressus
491 3770 572 3816 est
592 3762 645 3815 in
666 3762 986 3839 naviculam,
1009 3763 1255 3833 pulsatus
1281 3772 1364 3820 est
1391 3780 1421 3819 a
1446 3765 1704 3820 ministris
1728 3782 1843 3820 ver-

244 3853 494 3918 beribus,
524 3867 555 3905 a
585 3850 755 3907 Pilato
793 3850 1091 3922 ﬂagellatus
1135 3864 1237 3919 est,
1270 3857 1575 3926 sputamina
1610 3857 1839 3912 militum

247 3944 490 4013 excepit,
522 3944 613 4013 qui
642 3944 828 3999 lancea
872 3944 1012 4000 latus
1039 3954 1358 4015 pungentes,
1382 3956 1592 4002 acetum
1611 3948 1834 4003 mixtum

247 4036 382 4091 felle
422 4036 502 4088 ori
528 4034 643 4103 ejus
673 4034 1007 4101 obtulerunt;
1035 4037 1268 4109 gustavit
1294 4046 1472 4092 autem
1503 4045 1558 4092 et
1585 4047 1834 4105 mortem,

224 4140 470 4191 ,crucem
508 4140 713 4195 passus,
740 4134 796 4180 et
823 4126 925 4179 alia
951 4128 1193 4183 convicia
1218 4127 1543 4185 Judmorum.
1573 4128 1699 4184 Haec
1719 4145 1837 4183 om-

249 4217 346 4271 nia
376 4216 576 4271 homini
609 4216 823 4285 quidem
855 4218 1141 4285 contigisse
1169 4227 1627 4283 commemorant;
1650 4218 1837 4273 referri

245 4323 385 4364 vero
410 4307 462 4362 in
495 4306 616 4361 Filii
645 4308 755 4362 veri
793 4322 1097 4378 personam.
1150 4312 1218 4364 At
1248 4325 1347 4364 nos
1387 4309 1671 4375 credimus,
1702 4309 1838 4363 sicut

249 4401 308 4455 in
340 4413 502 4452 unum
526 4398 693 4453 Deum
729 4399 963 4465 Patrem,
994 4400 1437 4470 omnipotentem,
1469 4400 1706 4455 omnium
1757 4400 1837 4453 vi-

1944 3218 2139 3273 habeat
2168 3218 2294 3281 vim,
2326 3225 2381 3272 et
2406 3217 2459 3271 id
2488 3217 2576 3281 sit,
2600 3218 2832 3272 Verbum
2862 3233 2980 3272 esse
3000 3219 3271 3274 hominem
3301 3220 3519 3275 factum.

1941 3307 2047 3361 Aut
2093 3308 2137 3364 si
2166 3324 2229 3363 ea
2259 3323 2366 3363 non
2410 3308 2481 3365 ita
2524 3307 2720 3361 habere
2749 3307 3074 3372 existimant,
3107 3324 3272 3377 quare
3300 3307 3523 3379 conjun-

1940 3398 2136 3453 ctionis
2176 3398 2329 3452 nobis
2372 3397 2727 3466 ineonjunctae
2775 3397 2993 3451 modum
3028 3399 3354 3468 excogitant,
3382 3401 3526 3455 veri-

1940 3498 2052 3544 tate
2106 3490 2383 3558 neglecta?
2440 3504 2561 3543 cum
2606 3488 2797 3544 deceat
2842 3504 2937 3543 eos
2965 3489 3161 3556 dicere,
3206 3491 3520 3547 humanitati

1941 3588 2137 3633 nostra:
2160 3579 2451 3633 adunatum
2494 3564 2659 3633 tuisse
2703 3580 2798 3633 Dei
2828 3578 3059 3634 Verbum
3096 3588 3151 3635 et
3191 3580 3365 3638 Patris
3405 3602 3418 3636 :
3450 3584 3522 3639 ita

1940 3670 2084 3724 enim
2130 3686 2291 3725 carne
2327 3670 2543 3737 quidem
2585 3672 2802 3739 propria
2838 3671 3161 3740 intelligetur
3188 3672 3394 3744 [Baluz.
3436 3677 3521 3731 in-

1943 3759 2231 3830 telligatur]
2278 3774 2469 3827 passus
2510 3759 2763 3813 humana.
2798 3759 3069 3824 Quantum
3114 3777 3246 3816 vero
3290 3766 3525 3833 pertinet

1941 3850 2007 3903 ad
2018 3849 2584 3911 divinitatisnaturam,
2601 3849 2860 3903 molestia:
2872 3850 3044 3904 omnis
3059 3866 3269 3919 expers,
3284 3862 3346 3906 ut
3361 3854 3516 3910 Deus.

2012 3937 2163 4004 Quod
2212 3951 2342 3991 vero
2382 3936 2701 3991 relationem
2761 3937 3119 4000 nominantes,
3170 3954 3289 4007 quae
3340 3943 3523 3997 nescio

1940 4028 2210 4099 quomodo
2234 4029 2300 4082 ab
2330 4027 2458 4097 ipsis
2486 4034 2699 4096 reperta
2728 4035 2830 4093 est,
2867 4026 3048 4095 gloriae
3086 4028 3369 4084 detrahant
3400 4031 3520 4085 Em~

1939 4120 2237 4185 manuelis;
2268 4118 2519 4187 quodque
2548 4133 2671 4174 eum
2720 4118 2810 4171 vix
2836 4134 2999 4172 unum
3045 4127 3353 4174 sanctorum
3403 4123 3523 4177 elli-

1940 4211 2084 4265 ciant
2124 4210 2537 4279 prophetarum;
2579 4209 2805 4276 etquod
2835 4210 2974 4271 inter
3001 4224 3279 4265 mensuras
3324 4214 3524 4267 consti-

1940 4308 2093 4354 tuant
2120 4301 2494 4370 plurimorum,
2518 4301 2569 4352 in
2601 4314 2774 4367 eoque
2800 4300 2989 4369 procul
3027 4300 3190 4355 dubio
3219 4303 3519 4371 capiantur,

1942 4391 2182 4459 probabo
2226 4405 2408 4459 porro,
2454 4388 2646 4442 divinae
2677 4387 2964 4458 Scriptum
3019 4405 3225 4458 ponens
3254 4397 3519 4464 exempla.

248 4490 487 4546 sibilium
516 4498 571 4544 et
600 4489 943 4544 invisibilium
973 4489 1264 4555 factorem;
1297 4492 1369 4545 ita
1400 4491 1561 4546 etiam
1588 4491 1641 4544 in
1674 4507 1837 4545 unum
1865 4489 1919 4548 D
2012 4481 2372 4536 Μυΐῐηυνθῧθι
2421 4480 2708 4548 aliquando
2758 4480 2807 4534 ίη
2847 4481 3062 4535 deserto
3092 4483 3347 4540 adversus
3377 4486 3525 4558 Moy-

248 4581 537 4635 Dominum
602 4579 781 4635 Jesum
850 4580 1165 4647 Christum,
1236 4582 1427 4635 Filium
1487 4582 1621 4651 ejus.
1683 4581 1829 4635 Divi-

246 4673 381 4727 dere
416 4686 543 4726 vero
579 4686 795 4725 seorsus
831 4672 883 4725 in
920 4672 1194 4727 hominem
1216 4672 1547 4735 Emmanuel,
1593 4681 1648 4727 et
1680 4687 1831 4727 seor-

243 4779 340 4818 sus
366 4763 417 4816 in
439 4762 693 4827 Verbum,
721 4777 1048 4816 recusamus.
1074 4762 1317 4818 Scientes
1351 4772 1528 4818 autem
1548 4764 1692 4832 quod
1724 4763 1830 4817 fac-

247 4863 365 4908 tum
393 4855 463 4908 sit
486 4854 638 4923 juxta
672 4869 769 4907 nos
796 4852 1029 4907 Verbum
1068 4855 1252 4918 homo.
1298 4871 1422 4909 vere
1463 4857 1633 4923 ipsum
1673 4870 1828 4909 eum-

244 4946 478 5014 demque
506 4946 729 5000 dicimus
760 4945 927 4999 Deum
956 4944 1024 4999 de
1051 4945 1193 5010 Deo;
1231 4947 1459 5000 humane
1487 4961 1615 4999 vero
1657 4944 1829 4997 homi-

249 5054 375 5093 nem
396 5038 549 5107 juxta
580 5053 676 5092 nos
701 5053 765 5091 ex
797 5037 1037 5091 muliere.
1087 5036 1427 5091 Afﬁrmamus
1464 5045 1640 5089 autem
1668 5052 1830 5105 porro

242 5136 469 5198 propter
516 5128 950 5193 familiaritatem,
993 5127 1169 5181 carnis
1206 5128 1420 5195 quidem
1447 5143 1568 5181 eum
1610 5128 1831 5180 inlirmi-

244 5229 388 5275 tates
436 5220 597 5275 fuisse
647 5233 991 5291 perpessum;
1040 5232 1282 5271 servasse
1331 5232 1460 5271 vero
1490 5226 1692 5271 natum
1721 5233 1831 5271 sua:

246 5311 748 5381 impassibilitatem,
779 5324 844 5362 eo
870 5307 1014 5377 quod
1044 5322 1148 5360 non
1176 5307 1337 5360 homo
1368 5314 1483 5359 erat
1511 5307 1703 5371 solum,
1737 5306 1832 5359 sed

245 5403 389 5456 idem
418 5402 579 5456 etiam
600 5401 739 5456 Deus
760 5408 980 5463 natura;
1009 5406 1065 5452 et
1085 5397 1534 5466 quemadmodum
1553 5396 1829 5466 proprium

245 5504 361 5548 erat
389 5508 584 5561 corpus
630 5492 813 5563 ipsius,
859 5490 932 5542 ita
962 5489 1125 5543 etiam
1172 5488 1449 5542 naturales
1474 5488 1734 5556 corporis,
1778 5494 1833 5540 et

247 5583 598 5651 inculpabiles
629 5581 936 5651 passiones,
970 5593 1181 5633 necnon
1231 5578 1391 5633 etiam
1421 5594 1482 5633 ea
1512 5594 1631 5648 qua:
1671 5578 1721 5633 ei
1766 5578 1829 5632 il-

243 5675 353 5729 lata
392 5683 534 5739 sunt,
568 5673 861 5743 petulantia
895 5670 1294 5726 nonnullorum.

1934 4590 2027 4628 sen
2057 4581 2112 4626 et
2138 4572 2315 4625 Aaron
2338 4571 2569 4639 populus
2598 4570 2780 4635 Israel,
2813 4571 2996 4625 (licens
3029 4590 3040 4623 :
3080 4571 3290 4625 Utinam
3331 4580 3520 4629 mortui

1933 4680 2175 4727 essemus,
2208 4663 2435 4732 percussi
2468 4677 2498 4713 α
2535 4660 2758 4714 Domino
2797 4663 2850 4714 in
2880 4660 3133 4733 Egypto,
3163 4681 3278 4717 cum
3306 4666 3521 4720 sedeba-

1934 4775 2046 4812 mus
2069 4757 2137 4810 ad
2163 4757 2294 4810 ollas
2342 4757 2594 4819 carnium,
2629 4764 2679 4808 et
2705 4752 2975 4807 edebumus
3014 4771 3171 4825 usque
3209 4756 3278 4808 ad
3306 4759 3521 4810 satieta-

1939 4862 2035 4905 tem
2062 4849 2254 4918 (Exod.
2289 4866 2397 4914 xvi,
2425 4848 2501 4918 ὅ).
2532 4848 2668 4901 Dicit
2696 4845 2889 4901 deinde
2917 4847 3344 4915 sapientissimus
3374 4848 3521 4920 Moy-

1938 4959 2023 4998 ses
2072 4945 2207 5013 (erat
2238 4942 2377 4995 enim
2419 4954 2755 5007 consequens
2796 4947 2903 4991 tam
2944 4946 3149 4992 temere
3179 4940 3521 5008 impatientes

1935 5035 2232 5102 confutare)
2262 5053 2273 5086 :
2303 5032 2414 5086 Nos
2454 5041 2623 5084 autem
2664 5032 2785 5102 quid
2812 5032 3021 5085 sumus?
3052 5030 3232 5102 Neque
3269 5034 3405 5086 enim
3433 5033 3522 5084 ad-

1934 5144 2105 5181 versus
2139 5143 2230 5179 nos
2258 5134 2333 5177 est
2361 5125 2699 5184 murmuratio
2740 5132 2925 5185 vestra,
2967 5122 3056 5174 sed
3085 5122 3327 5178 adversus
3359 5122 3518 5176 Deum

1938 5217 2152 5289 (Ibid.8
2190 5218 2229 5285 ).
2265 5215 2540 5283 Regnabat
2584 5213 2726 5267 enim
2776 5228 2871 5282 per
2918 5214 3007 5267 illa
3063 5222 3326 5283 tempora,
3358 5216 3516 5269 etiam

1938 5311 2077 5364 Deus
2107 5309 2465 5377 omnipotens,
2502 5321 2599 5375 per
2626 5314 2841 5361 sanctos
2881 5307 3187 5375 prophetas,
3221 5308 3274 5360 in
3320 5308 3518 5377 populo

1966 5400 2117 5451 srael.

1966 5419 1981 5426 τ
2071 5401 2117 5451 ,1.

1935 5401 2172 5541 Ιδῗῖάεεί
2210 5486 2413 5558 [Βαιιιι.
2446 5483 2547 5555 illi]
2579 5493 2758 5540 autem
2797 5486 2849 5539 in
2897 5486 3001 5540 hoc
3049 5486 3210 5539 etiam
3241 5486 3518 5556 pusillani-

1938 5594 2070 5644 mes,
2095 5577 2422 5632 accedebant
2451 5576 2517 5630 ad
2541 5577 2777 5630 divinum
2807 5575 3042 5642 Samuel,
3065 5577 3302 5632 dicentes
3336 5594 3348 5628 ε
3381 5575 3517 5628 Ecce

1937 5680 1985 5720 tu
2008 5669 2241 5733 senuisli,
2262 5676 2310 5721 et
2327 5668 2425 5738 ﬁlii
2449 5669 2519 5720 tui
2544 5684 2645 5721 non
2676 5666 2943 5722 ambulant
2963 5670 3016 5721 in
3050 5670 3138 5723 viis
3162 5668 3281 5733 tuis,
3302 5675 3351 5719 et
3374 5681 3514 5721 nunc
