3978 6188
520 265 669 338 ιοδθ’

1030 278 1218 333 MARII
1255 276 1691 334 MERCATORIS
1729 278 2285 339 TRANSLATIONES
2327 282 2678 340 VARIORUM
2717 283 3244 342 OPUSCULORUM.

3598 291 3719 352 l0l0

513 400 764 453 constitue
791 415 940 470 super
967 414 1058 478 nos
1089 414 1276 469 regem,
1305 399 1390 468 qui
1415 398 1610 468 judicet
1630 415 1747 461 nos,
1770 400 1903 452 sicut
1931 412 2086 455 crete-
2118 406 2165 462 Α
2191 411 2454 470 quatenus
2481 404 2529 458 ei
2558 403 2734 457 carnis
2758 403 3005 457 attribuis
3033 405 3331 472 passiones,
3363 401 3488 456 licet
3527 404 3736 476 impassi-

513 507 587 545 ηε
613 490 800 544 habent
837 499 1009 559 gentes
1041 490 1099 561 (Ι
1135 489 1258 560 Reg.
1292 506 1399 554 vni,
1441 488 1516 558 5).
1549 490 1768 545 Moleste
1797 492 1850 545 id
1875 493 2087 560 quidem

514 582 670 635 nimis
693 581 895 634 terebat
915 581 1194 651 propheta.
1228 581 1313 633 Ait
1334 590 1512 635 autem
1539 581 1680 635 Dens
1709 583 2049 653 omnipotens
2075 603 2086 637 :

512 672 644 724 Audi
665 686 833 723 vocem
860 671 1054 741 populi,
1085 673 1215 724 sicut
1243 671 1438 723 locutus
1459 680 1535 724 est
1574 672 1642 724 ad
1665 681 1738 736 te;
1763 675 1882 743 quia
1912 690 2016 726 non
2040 685 2088 727 te

508 768 823 829 spreverunt,
851 760 943 812 sed
969 777 1050 813 me
1075 769 1388 830 spreverunt,
1437 770 1493 813 ut
1538 778 1640 815 non
1680 779 1881 832 regnem
1927 780 2088 833 super

509 866 593 902 eos
618 847 778 914 (Ibid.
809 865 854 902 υ.
883 849 956 918 7).
997 854 1000 856 ’

578 939 720 992 Dixit
765 947 941 992 autem
990 939 1183 993 alicubi
1229 941 1388 993 etiam
1437 939 1680 995 Christus
1725 941 1924 996 sanctis
1951 958 2084 1011 apo-

507 1031 659 1085 stolis
689 1049 701 1083 :
734 1029 833 1094 Qui
860 1032 1038 1100 recipit
1071 1047 1174 1094 vos,
1207 1047 1285 1083 me
1313 1032 1490 1100 recipit
1517 1030 1665 1100 (Luc.
1700 1049 1774 1094 Ix,
1800 1033 1915 1102 48).
1947 1033 2089 1088 Nec-

509 1138 615 1176 non
672 1119 833 1176 etiam
881 1120 1250 1175 misericordes
1280 1136 1375 1190 pro
1407 1121 1654 1174 tribunali
1699 1136 1798 1176 suo
1827 1123 2088 1178 allocutu-

512 1223 625 1266 rum
649 1227 706 1265 se
735 1211 1016 1279 pollicetur
1045 1228 1056 1262 :
1100 1209 1293 1273 Venite,
1335 1209 1580 1264 benedicti
1609 1210 1783 1264 Patris
1811 1215 1932 1276 mei,
1973 1231 2093 1282 per-

509 1302 659 1370 cipile
687 1310 922 1370 paratum
971 1298 1105 1352 vobis
1157 1316 1368 1369 regnum
1417 1317 1450 1352 a
1495 1301 1857 1354 constitutione
1893 1302 2076 1356 mundi

512 1390 724 1459 (Matth.
776 1405 897 1454 xxv,
947 1388 1056 1458 5i).
1110 1386 1398 1443 Probitatis
1447 1404 1574 1443 vero
1629 1389 1867 1459 ipsorum
1915 1407 2092 1448 mores

512 1481 842 1556 familiariter
869 1498 1164 1551 agnoscens
1189 1482 1255 1536 de
1285 1483 1365 1546 iis,
1397 1483 1590 1551 quibus
1620 1483 1758 1538 bene
1791 1485 2091 1540 consultum

513 1570 682 1625 fuerat
710 1574 776 1627 ab
805 1574 932 1641 ipsis
964 1591 976 1625 :
1011 1571 1266 1636 Quamdiu
1302 1574 1543 1643 feceritis,
1572 1573 1761 1642 inquit,
1791 1575 1880 1628 uni
1907 1576 2088 1628 Iterum

511 1664 856 1726 minimarum,
887 1665 1012 1718 milii
1036 1665 1229 1736 fecistis
1262 1663 1424 1734 (Ibid.
1460 1681 1507 1717 υ.
1542 1662 1660 1734 40).

2190 494 2350 547 bilem
2378 509 2558 548 serves
2588 503 2647 546 ut
2674 493 2862 546 Deum.
2895 493 2962 547 At
2986 509 3103 558 nos,
3133 493 3217 547 vir
3238 493 3458 562 optime,
3481 509 3596 549 cum
3615 500 3738 566 prius

2190 582 2602 638 adunaverimus
2643 583 2880 638 Verbum
2929 591 2985 637 et
3029 583 3525 648 hominem,-carni
3561 588 3739 655 quidem

2190 673 2466 742 passiones
2497 673 2800 737 tribuimus,
2826 672 3206 742 impassibilem
3227 672 3358 727 vero
3379 679 3440 726 ut
3465 672 3621 728 Deum
3645 692 3739 732 ser-

2191 765 2449 819 vavimus.
2478 764 2609 818 Nam
2636 765 2764 821 licet
2802 765 2978 820 factus
3005 765 3076 818 sit
3104 764 3295 818 similis
3324 764 3514 828 nostri,
3541 773 3738 823 attamen

2101 893 2104 895 -
2190 855 2328 910 scire
2376 855 2633 910 debemus
2661 855 2961 910 caelestium
2991 855 3311 924 dignitatum
3359 864 3417 910 et
3448 855 3630 911 divinae
3650 860 3742 928 ejus

2192 946 2495 1001 eminentia:
2522 946 2887 1016 majestatem.

2262 1039 2538 1094 Pmmissa
2579 1041 2738 1108 igitur
2779 1040 2988 1094 unitate
3048 1054 3132 1105 ea,
3183 1040 3341 1109 quasi
3377 1039 3558 1108 aliquo
3589 1041 3742 1098 funda-

2191 1136 2373 1184 mento
2402 1128 2519 1183 ﬁdei
2549 1128 2820 1199 pnejacto,
2846 1144 3008 1183 carne
3032 1144 3248 1198 passum
3279 1144 3402 1184 esse
3423 1129 3742 1199 conﬁtemur;

2191 1216 2450 1271 mansisse
2473 1231 2601 1271 vero
2629 1224 2780 1270 extra
2807 1216 3107 1285 passiones,
3137 1216 3337 1284 quippe
3365 1231 3487 1270 cum
3529 1216 3580 1269 in
3603 1233 3653 1271 se
3670 1220 3747 1273 ha-

2192 1307 2336 1370 beat,
2368 1313 2426 1359 ut
2453 1307 2562 1375 pati
2593 1321 2700 1359 non
2729 1306 2901 1375 possit
2935 1323 2947 1358 :
2979 1305 3062 1360 sin
3090 1319 3220 1360 vero
3247 1305 3302 1359 in
3341 1312 3496 1374 parte
3521 1321 3749 1375 ponamus

2193 1394 2359 1449 Deum
2385 1403 2440 1449 et
2479 1395 2773 1459 hominem,
2807 1402 3031 1449 naturas
3053 1409 3084 1448 a
3107 1409 3226 1449 sese
3267 1394 3586 1460 dividentes,
3611 1402 3660 1450 et
3679 1411 3749 1450 se-

2193 1485 2423 1540 cundum
2443 1486 2613 1540 solam
2634 1485 2955 1540 relationem
2975 1484 3217 1540 dicamus
3236 1483 3471 1538 Verbum
3489 1499 3584 1538 sua
3594 1485 3748 1539 duris-

2192 1593 2251 1632 se
2297 1593 2380 1642 ca,
2412 1592 2531 1646 qua:
2578 1577 2796 1646 corpori
2839 1576 3198 1644 contigerunt,
3236 1574 3434 1646 Moysis
3484 1590 3666 1646 nempe
3703 1585 3749 1631 et

2195 1669 2374 1724 Aaron
2395 1669 2612 1724 modum
2635 1669 2796 1723 habet
2821 1668 2886 1732 is,
2915 1667 3006 1737 qui
3031 1673 3115 1722 est
3142 1682 3210 1722 ex
3235 1681 3386 1722 sacra
3407 1666 3622 1735 Virgine
3641 1682 3748 1736 pro-

530 1781 539 1802 .
582 1745 825 1815 Ecce,i'n
854 1752 934 1806 his
961 1752 1234 1806 relationis
1263 1753 1453 1807 modus
1480 1755 1654 1822 qualis
1691 1755 1778 1819 sit,
1811 1757 2090 1824 cognosci-
2126 1769 2166 1827 Β
2195 1768 2406 1814 creatus
2426 1758 2763 1824 Emmanuel,
2786 1756 2933 1827 quod
2949 1764 3033 1812 est
3054 1757 3484 1826 interpretatum,
3500 1755 3750 1811 nobiscum

517 1842 601 1895 tur
628 1841 920 1896 eVidenter.
953 1841 1316 1896 Murmurabat
1344 1841 1598 1897 adversus
1637 1843 1856 1915 Moysen
1896 1851 1952 1898 et
1990 1844 2097 1898 Aa-

515 1949 612 1987 ron
641 1922 867 2002 populus
895 1931 1076 1998 Israel,
1108 1941 1162 1987 et
1181 1947 1268 1988 res
1287 1933 1500 2002 quidem
1527 1936 1757 1990 habebat
1783 1938 2096 1992 relationem

517 2025 570 2078 in
601 2024 796 2088 Deum;
828 2032 982 2079 erant
1020 2032 1196 2078 tamen
1221 2026 1465 2082 homines
1489 2027 1703 2098 Moyses
1727 2038 1782 2083 et
1820 2029 1999 2084 Aaron
2023 2031 2097 2086 si-

518 2115 671 2169 miles
709 2115 896 2169 nostri.
930 2114 1131 2169 Eodem
1173 2124 1330 2185 pacto
1368 2118 1528 2171 etiam
1569 2119 1620 2172 in
1660 2119 1778 2174 aliis
1807 2120 2091 2190 intelliges,

517 2222 744 2276 quorum
797 2222 966 2276 nuper
1006 2206 1225 2262 fecimus
1269 2209 1595 2264 mentionem
1627 2229 1639 2262 :
1672 2211 1767 2266 sed
1794 2222 1950 2267 erant
1976 2215 2093 2284 qui—

516 2297 658 2361 dem,
708 2305 766 2352 ut
811 2307 935 2352 ante
964 2298 1093 2364 dixi,
1147 2301 1318 2354 sancti
1359 2309 1414 2356 et
1457 2297 1798 2359 admirabiles
1825 2305 2091 2370 homines,

516 2388 760 2443 homines
775 2395 954 2442 tamen
975 2388 1175 2444 similes
1196 2389 1384 2443 nostri.
1409 2389 1558 2447 Eone
1579 2392 1739 2460 igitur
1753 2394 1915 2449 modo
1930 2396 2091 2450 etiam

515 2478 678 2534 homo
705 2479 814 2534 Deo
835 2479 1014 2534 Verbo
1041 2479 1376 2549 conjunctus,
1405 2481 1541 2536 sicut
1570 2483 1645 2537 illi
1673 2484 1838 2551 aiunt,
1874 2486 2092 2540 relatio--

515 2586 638 2625 nem
686 2568 743 2625 iri
769 2571 820 2625 id
848 2586 1063 2625 suarum
1108 2571 1304 2626 habeat
1357 2573 1698 2641 passionum?
1727 2573 1794 2628 Et
1821 2575 2092 2643 quomodo

509 2659 620 2729 jam
669 2677 775 2714 non
812 2661 882 2714 sit
908 2661 1071 2716 homo
1099 2662 1416 2728 communis,
1471 2670 1527 2717 et
1563 2677 1796 2727 seorsus,
1848 2671 1903 2718 et
1950 2663 2092 2719 aliud

514 2752 689 2806 nihil?
718 2751 856 2820 Ergo
884 2767 990 2806 non
1021 2759 1103 2806 est
1131 2766 1256 2806 vere
1299 2753 1438 2807 Deus
1467 2752 1802 2815 Emmanuel,
1833 2768 1939 2807 non
1969 2755 2090 2809 tuti-

513 2845 724 2912 genitus
751 2843 906 2908 ﬁlius,
938 2858 1045 2898 non
1081 2843 1223 2898 Deus
1251 2843 1540 2910 secundum
1574 2853 1841 2899 naturam.

585 2932 785 2988 Deinde
811 2949 972 3002 quam
1000 2935 1070 2988 ob
1091 2949 1306 2989 causam
1335 2950 1494 2990 nemo
1524 2935 1753 2989 aliorum
1781 2951 1810 2988 a
1835 2935 1945 2991 Deo
1969 2935 2093 2991 Ver-

511 3024 582 3079 bo
612 3025 906 3078 honoratus
944 3034 1026 3079 est
1052 3026 1351 3093 mqualitate
1392 3025 1684 3095 dignitatis,
1715 3026 1827 3082 sive
1857 3027 2091 3081 auctori-

2201 1849 2360 1904 Deus.

2269 1937 2408 2006 Ergo
2455 1936 2556 1992 etsi
2601 1950 2699 2006 per
2744 1935 3038 2005 prophetas
3081 1943 3297 1989 sanctos
3346 1934 3527 1988 dicat:
3560 1933 3750 1988 Donum

2196 2044 2361 2082 meum
2387 2028 2532 2098 posui
2558 2027 2611 2079 in
2647 2025 2888 2096 ﬂagella;
2913 2024 3154 2077 maxillas
3193 2032 3362 2076 autem
3400 2039 3542 2076 meas
3571 2024 3621 2075 in
3655 2025 3751 2092 pat-

2195 2135 2339 2182 mas;
2361 2118 2544 2188 faciem
2565 2130 2730 2168 meam
2758 2122 2926 2166 autem
2955 2129 3057 2166 non
3083 2113 3239 2166 averti
3268 2129 3300 2164 a
3321 2113 3621 2182 confusione
3652 2129 3750 2182 spu-

2197 2219 2361 2263 torum
2384 2206 2537 2277 (Isai.
2563 2223 2614 2269 ι,
2647 2204 2724 2272 6).
2758 2203 2927 2258 Porro
2961 2221 2972 2256 :
3013 2201 3328 2274 Infoderunt
3360 2219 3550 2255 manus
3577 2219 3699 2256 meas
3716 2212 3755 2256 et

2195 2299 2345 2368 pedes
2393 2313 2551 2359 meos,
2595 2295 3048 2348 dinumeraverunt
3088 2293 3263 2345 omnia
3308 2307 3427 2344 ossa
3469 2307 3584 2344 mea
3607 2290 3738 2360 (Psal

2196 2404 2304 2452 xxx,
2331 2386 2438 2456 l8).
2465 2385 2532 2438 Et
2552 2399 2716 2454 porro
2749 2401 2762 2436 :
2789 2381 2988 2436 Dedere
3024 2383 3077 2435 in
3100 2379 3267 2434 cibum
3295 2395 3460 2432 meum
3481 2379 3756 2448 hyssopum,

2193 2487 2242 2532 et
2266 2479 2321 2530 in
2346 2477 2485 2530 sitim
2512 2490 2675 2528 meam
2697 2472 2990 2526 obtulerunt
3029 2471 3156 2524 mihi
3197 2480 3418 2522 acetum.
3468 2467 3576 2538 Ipsi
3603 2469 3758 2523 omnia

2195 2569 2307 2624 haec
2337 2567 2620 2635 Unigenito
2662 2565 3021 2628 attribuimus,
3070 2577 3190 2631 qua:
3222 2576 3321 2631 pro
3368 2559 3526 2615 nobis
3566 2559 3758 2638 dispen-

2190 2658 2388 2714 satorie
2414 2671 2575 2712 carne
2619 2669 2804 2726 passus
2833 2662 2933 2718 est,
2963 2651 3251 2708 secundum
3301 2648 3611 2718 Scripturas
3641 2665 3653 2699 :
3690 2645 3760 2699 Vi-

2193 2752 2299 2806 bice
2326 2751 2460 2805 enim
2481 2750 2591 2820 ejus
2615 2765 2706 2802 nos
2745 2747 2920 2800 sanati
2947 2761 3140 2810 sumus,
3165 2753 3213 2797 et
3241 2744 3351 2813 ipse
3378 2741 3670 2811 infirmatus
3698 2750 3760 2791 est

2191 2850 2398 2912 propter
2425 2849 2636 2910 peccata
2665 2847 2844 2892 nostra
2903 2833 2925 2907 (
2950 2833 3023 2892 Is.
3055 2849 3154 2891 [ιιι
3178 2874 3193 2899 ,
3221 2831 3315 2902 5).
3389 2828 3763 2899 lmpassibilem

2191 2947 2319 2985 vero
2339 2945 2463 2986 eum
2486 2937 2675 2983 natura
2697 2941 2816 2981 esse
2837 2923 3242 2992 cognoscimus:
3266 2936 3390 2975 nam
3411 2919 3479 2986 si,
3501 2927 3567 2972 ut
3586 2917 3759 2971 dudum

2193 3023 2321 3087 dixi,
2367 3022 2507 3077 idem
2537 3022 2700 3076 homo
2728 3025 2811 3074 est
2853 3015 3013 3071 simul
3065 3022 3119 3069 et
3148 3014 3309 3077 Deus,
3338 3018 3463 3066 sunt
3499 3015 3649 3064 certe
3674 3007 3759 3060 bu—

507 3115 670 3169 tatis?
691 3115 874 3170 Solum
904 3125 1082 3169 autem
1105 3117 1249 3170 hunc
1273 3117 1421 3186 paria
1449 3118 1628 3171 omnia
1657 3117 1903 3171 sortitum
1932 3117 2091 3172 fuisse
2119 3131 2164 3194 ρ
2193 3115 2467 3169 manitatis
2507 3113 2624 3182 ejus
2674 3110 2972 3181 passiones,
3022 3106 3118 3161 Dei
3171 3117 3335 3174 porro
3389 3098 3683 3171 proprium.
3712 3105 3760 3149 ιιι

512 3201 870 3272 crmt'endunt;
922 3209 1154 3261 maxime
1190 3223 1312 3262 cum
1360 3207 1499 3262 Deus
1549 3207 1782 3262 salvator
1828 3209 2084 3271 omnium,

514 3283 622 3350 non
638 3297 838 3365 judicet
865 3297 932 3350 ad
960 3312 1266 3366 personam,
1297 3296 1391 3349 sed
1414 3296 1618 3364 justum
1646 3295 1926 3363 judicium,
1955 3297 2092 3351 sicut

515 3386 626 3454 ipse
655 3394 1060 3440 commemorat.
1093 3386 1270 3452 Quare
1296 3399 1424 3453 ergo
1460 3384 1701 3440 considet
1737 3385 1916 3440 solus?
1943 3385 2088 3452 Quo-

515 3475 675 3530 modo
723 3476 903 3529 veniet
938 3475 1122 3544 judex,
1175 3476 1594 3544 obsequentibus
1640 3477 1877 3545 angelis?
1915 3475 2090 3543 Quare

514 3575 691 3620 autem
719 3567 866 3621 solus
894 3575 1002 3620 tam
1031 3582 1060 3620 a
1091 3567 1244 3622 nobis
1271 3581 1430 3636 quam
1477 3583 1507 3621 a
1533 3569 1779 3638 supernis
1821 3569 2090 3638 spiritibus

515 3658 799 3712 adoratur?
849 3657 956 3713 Sed
995 3658 1168 3722 valde,
1218 3659 1390 3727 inquit
1437 3675 1448 3711 :
1493 3667 1546 3714 te
1592 3660 1734 3714 enim
1774 3674 1987 3728 quoque
2034 3660 2087 3714 id

513 3763 672 3818 agere
727 3749 1051 3815 invenimus;
1101 3764 1314 3819 passum
1361 3750 1505 3804 enim
1558 3750 1731 3820 ipsum
1794 3748 2084 3815 conﬁteris,

2194 3205 2534 3275 impassi‘o‘ilis
2562 3202 2907 3270 intelligatur.

2267 3295 2391 3351 Haec
2435 3297 2508 3350 ita
2551 3293 2845 3349 sentientes
2889 3287 3237 3346 servabimus
3270 3283 3553 3352 pietatem,
3603 3286 3655 3331 et
3681 3291 3763 3346 per

2194 3397 2370 3444 rectas
2394 3386 2748 3455 cogitationes
2775 3390 2964 3436 euntes
3003 3387 3057 3434 et
3083 3390 3292 3437 sensus,
3325 3371 3394 3426 ad
3422 3369 3659 3426 caelestis
3678 3382 3761 3419 vo-

2194 3479 2421 3533 cationis
2449 3475 2684 3546 palmam
2708 3471 3083 3543 perveniemus
3112 3468 3163 3520 in
3203 3463 3436 3525 Christo,
3468 3475 3572 3530 per
3597 3471 3760 3527 quem,

2191 3575 2246 3622 et
2270 3584 2390 3622 cum
2429 3581 2556 3635 quo,
2609 3565 2720 3618 Deo
2749 3571 2804 3617 et
2832 3560 2979 3614 Patri
3007 3558 3176 3628 gloria
3204 3569 3326 3610 cum
3356 3550 3566 3621 Spiritu
3594 3551 3762 3603 sancto

2192 3661 2244 3714 in
2273 3659 2464 3714 ssecula
2497 3655 2833 3713 saeculorum.
2867 3652 3057 3706 Amen.

535 3871 3766 3944 Μ

1159 4001 1900 4304 LIBER
2027 4079 3122 4265 TERTIUS,

578 4375 651 4433 In
690 4393 807 4453 quo
857 4372 1256 4453 continentur
1306 4366 1727 4453 ExcsnPra_a
1777 4363 2436 4453 ΜΑιιιοΜΜειιοΑτριιε
2484 4380 2563 4453 ex
2611 4361 2790 4421 libris
2844 4359 3176 4453 Tricorios}!
3223 4357 3711 4453 Morsunes'ram,

762 4453 1173 4513 Tuuonouu'n
1209 4448 1513 4510 CYBENSIS
1550 4449 1611 4504 et
1646 4443 1952 4502 Eurum"
1999 4443 2391 4513 Turrensis,
2429 4442 2860 4520 episcoporum
2894 4436 3284 4499 Nestorianae
3309 4436 3544 4514 partis.

1825 4690 2469 4763 ADMONI’I‘IO.

586 4855 736 4910 Nulla
767 4853 864 4910 fuit
892 4865 1142 4920 umquam
1174 4844 1394 4902 haeresis
1425 4843 1690 4912 dogmatis
1718 4843 1799 4896 sui
1822 4843 2138 4920 _in_populos
2158 4839 2440 4920 spargendi
2461 4837 2752 4920 studiosior
2777 4852 2950 4920 quam
2968 4837 3302 4920 Nestnoriana:
3335 4835 3542 4918 Credas
3569 4835 3767 4920 dmino-

517 4907 917 4984 nemjomnium
948 4907 1221 4976 hmreseon
1249 4907 1636 4982 satoremfpme
1656 4913 1864 4984 ueteris
1890 4907 2044 4984 istafm
2077 4907 2392 4984 excoluisse,
2430 4917 2488 4963 ut
2516 4923 2668 4964 suam
2695 4909 2749 4961 in
2775 4908 3050 4962 Christum
3081 4908 3563 4963 Deumshominem
3597 4907 3768 4959 homi-

515 4969 1220 5067 ggga’ug'aﬁagiiggignaa
1246 4969 1554 5067 redemptos
1573 4982 1920 5067 invidentiam
1951 4982 2157 5067 plenius
2179 4969 2540 5067 explcrét;_‘__
2575 5047 2721 5067 "LL
2747 5065 2756 5067 ἓ
2970 5032 3156 5067 ___A__.'
3386 5045 3648 5067 ,μω-ε,
3692 5046 3704 5067 ε

586 5045 1158 5123 ἓῖιῖιῖηψίῙι-ίίέωᾱίιῆη,
1195 5073 1300 5111 ηοιι
1332 5045 1450 5108 tam.
1469 5052 1818 5107 concionibus
1846 5045 2114 5123 promovit
2139 5045 2296 5118 quam
2333 5048 2546 5118 scriptis
2575 5047 2724 5123 libris
2738 5065 2768 5109 ,“·
2783 5047 2942 5123 idque
2970 5047 3159 5123 procul
3188 5047 3352 5102 dubio
3378 5045 3652 5123 daemonis
3692 5046 3769 5098 in-

515 5116 748 5198 stinctui
767 5116 888 5187 nam
922 5116 1464 5198 impietas,adgquam
1491 5116 1875 5198 cohorrescunt
1899 5116 2214 5198 Christiana:
2243 5136 2417 5198 aures,
2447 5116 2570 5198 cum
2593 5117 2766 5198 palam
2787 5119 3025 5198 ellertur,
3060 5118 3322 5198 toleratur
3343 5116 3646 5198 aliquando
3679 5130 3772 5184 pa-

517 5187 752 5266 tie-otius,
783 5219 815 5257 a
842 5187 1067 5257 curiosis
1093 5187 1260 5252 oculis
1288 5187 1342 5249 in
1361 5208 1596 5258 recessu,
1629 5193 1774 5255 dum,
1811 5192 2148 5247 lenocinante
2181 5191 2444 5246 sermonis
2472 5190 2803 5260 eloquentia,
2831 5197 2886 5242 et
2916 5187 3094 5256 placet
3116 5187 3293 5242 alieno
3323 5199 3558 5249 veneno,
3588 5196 3648 5240 et
3677 5201 3772 5239 suo

519 5283 758 5398 “iis.
791 5349 1032 5421 tempore
1059 5353 1165 5408 quo
1183 5335 1467 5421 ,uestorius
1486 5339 1750 5421 ,aperua'p
1779 5329 2264 5421 ﬂammeum?
2295 5329 2501 5421 indixit
2534 5328 2600 5381 ad
2642 5335 2875 5421 πηοτιθξξι
2907 5325 3298 5421 aspect!“
3328 5341 3447 5394 qm“
3481 5321 3776 5421 “MP-1‘“

517 5395 758 5482 contigit,
791 5395 919 5466 libri
923 5419 1041 5482 tres
1063 5395 1812 5482 prodierunt,velutntotidem
1839 5399 2352 5482 factionlssy‘mbqla
2372 5399 2652 5482 {alterque
2686 5413 2751 5453 ex
2782 5395 3010 5482 alterius!
3029 5395 3244 5482 interitu
3275 5395 3774 5482 renascens-[tribus

519 5464 891 5538 forin—i‘snunam
919 5464 1245 5549 impietatem
1274 5464 1532 5549 exhibuit.
1561 5471 1768 5549 Primus
1796 5464 2252 5549 complectebatur
2280 5468 2508 5549 Sesto-[ii
2541 5464 2834 5549 sertngnes,
2873 5465 3163 5549 artiﬁcioso
3197 5465 3434 5549 quodam
3464 5465 3665 5549 ordine
3705 5464 3774 5543 ad

517 5533 1145 5609 erroremiusinuandum
1168 5546 1452 5617 dispositos
1467 5541 1774 5617 {secundus
1793 5533 2044 5617 excerpta
2067 5555 2134 5617 es
2154 5537 2414 5617 Operibus
2439 5536 2660 5617 Diodori.
2675 5535 2969 5617 Tarsensis,
2993 5534 3339 5617 et_'.l‘heodori
3361 5533 3776 5617 Moopsuesteni.

515 5603 1038 5694 «iliaiiiié'ﬁaiﬁinibus
1057 5620 1142 5673 vix
1168 5603 1334 5694 ullum
1365 5603 1934 5694 fuit'-l'i.ac_.t_einpestate
1957 5603 2216 5694 nobiliusi
2242 5609 2428 5662 tertius
2455 5605 3186 5694 mvraléyiv‘Theodoretiet
3199 5603 3772 5694 Eutheriisermonels:

517 5670 1407 5766 Riiiiié'éiiiiﬁ'iiﬁaisu'idialogos.
1436 5684 1534 5738 Alii
1560 5683 1678 5738 aliis
1698 5670 2085 5745 successerunt,
2112 5689 2166 5734 ut
2187 5670 2306 5733 cum
2340 5694 2474 5732 unus
2504 5670 2830 5748 proscriptus
2855 5674 3062 5739 fuisset,
3095 5684 3189 5730 aut
3216 5685 3365 5729 certe
3396 5675 3499 5729 vim
3523 5670 3778 5726 nocendi
