3978 6188
496 404 634 462 1045

994 400 1183 456 MAR"
1227 397 1668 455 MERCATORIS
1706 396 2271 454 τιιΑΝειΑτιοΝΕε
2315 397 2663 452 νΑιιιυιιυιι
2703 396 3202 453 υιιιεευωιιυιι

3605 403 3737 458 ιςιι

489 513 804 585 pensatione
832 511 1127 576 Dominica,
1151 518 1206 563 et
1236 523 1265 562 a
1295 509 1397 563 ﬁde
1425 509 1688 563 catholica
1721 508 1974 572 alienum,
2000 523 2062 562 ac
2090 514 2140 572 Α
2236 508 2286 561 3.
2307 506 2574 576 Agnoscat
2595 508 3100 577 igitursupradictus
3112 509 3354 564 Julianus
3370 526 3432 565 ex
3449 512 3551 567 hac
3572 524 3741 570 ιι-ιιιιεο

490 605 619 661 satis
645 612 916 658 extorrem
946 616 1180 662 sensum,
1206 616 1311 668 quo
1336 600 1639 654 Nestorium
1674 597 2057 653 Constantino-

489 694 737 763 politanzn
766 691 910 744 urbis
938 690 1206 758 quondam
1237 690 1546 758 episcopum
1575 704 1759 743 secum
1794 689 1933 743 male
1964 688 2061 743 de-

487 783 649 852 cepit,
691 780 894 835 Latinis
936 780 1120 835 volens
1160 780 1377 835 auribus
1416 780 1717 845 insinuare,
1761 777 2058 835 cavendum

485 872 661 926 modis
683 872 947 936 omnibus,
973 886 1078 924 non
1100 870 1454 938 sequendum.

555 960 609 1015 2.
635 960 805 1016 Simul
832 961 1121 1014 admonere
1160 960 1346 1013 volens
1372 959 1661 1025 lulianum,
1704 974 1771 1013 ex
1798 959 2055 1028 episcopo

483 1052 669 1122 oppidi
689 1051 997 1107 Eclanensis
1024 1050 1331 1104 hmreticum
1360 1048 1703 1119 Pelagianum
1724 1065 1819 1103 seu
1846 1047 2056 1103 Caeles-

486 1144 708 1206 tianum,
746 1144 888 1196 hunc
926 1149 1168 1195 secutum
1213 1155 1332 1195 esse
1370 1140 1730 1203 Theodorum,
1767 1140 1833 1193 ad
1868 1154 2054 1207 quem,

483 1235 781 1304 peragratis
813 1233 992 1295 terris,
1024 1238 1078 1285 et
1107 1239 1328 1286 exarato
1357 1233 1511 1296 mari,
1541 1242 1699 1299 atque
1726 1228 1943 1284 Oriente
1972 1230 2055 1283 lu-

483 1330 672 1387 strato,
687 1338 806 1378 eum
818 1322 977 1377 sociis
990 1330 1043 1375 et
1054 1321 1399 1389 participibus
1410 1321 1910 1396 εισυνταλαιπώροις
1922 1319 2052 1385 suis,

483 1428 679 1483 magno
704 1416 843 1481 nisu,
880 1423 1153 1484 tamquam
1191 1418 1257 1472 ad
1286 1417 1710 1473 Christianorum
1742 1416 2053 1483 dogmatum

482 1505 830 1575 pmdicatum
865 1508 1199 1574 magistrum,
1227 1508 1470 1573 tetendit,
1503 1516 1561 1561 ut
1588 1507 1655 1561 de
1681 1505 1869 1560 haeresi
1898 1503 2057 1559 Pela-

482 1595 659 1664 giana,
678 1611 778 1651 seu
794 1594 1134 1662 C(elestiana,
1160 1614 1319 1668 quam
1341 1598 1727 1654 defendendam
1751 1604 1806 1651 et
1832 1609 2057 1663 sequen-

2162 600 2381 664 latione,
2425 600 2467 653 si
2500 601 2674 668 legere
2698 617 2801 655 non
2834 600 3133 664 fastidierit,
3171 614 3422 657 manente
3456 606 3596 673 apud
3626 623 3736 660 me-

2159 702 2424 748 moratum
2444 694 2785 749 Theodorum
2816 697 2901 749 illa
2928 712 3032 765 qua
3058 712 3181 751 eum
3208 698 3440 752 diximus
3465 700 3603 754 mala
3635 702 3734 756 lide

2158 802 2340 841 secum
2364 788 2668 842 Nestorium
2689 787 2984 858 decepisse,
3010 790 3171 844 etiam
3203 791 3305 844 sibi
3334 792 3505 859 magis
3532 804 3733 861 suoque

2158 878 2411 946 dogmati,
2448 878 2515 933 de
2555 894 2662 948 quo
2692 880 2831 934 male
2872 881 3110 949 turgidus
3138 889 3192 935 et
3220 881 3527 937 malesanus
3572 884 3733 937 libros

2158 976 2408 1043 confecit,
2437 991 2554 1032 esse
2592 979 2937 1045 contrarium,
2972 994 3138 1048 seque
3166 980 3328 1034 etiam
3358 990 3482 1050 post
3507 981 3575 1036 de
3603 981 3731 1038 Cili-

2154 1077 2239 1131 cia
2268 1076 2591 1143 abscessum,
2617 1077 2684 1132 ab
2714 1079 2855 1132 eoin
2884 1080 3260 1149 cpiscOporum
3289 1082 3588 1151 provincia
3624 1096 3730 1138 sua:

2156 1184 2424 1231 conventu
2451 1177 2795 1232 anathemate
2823 1192 2942 1232 esse
2973 1178 3304 1234 damnatum.

2227 1272 2279 1325 4.
2311 1272 2427 1327 Non
2456 1274 2637 1342 itaque
2664 1274 2944 1335 irascatur,
2989 1276 3074 1331 vel
3118 1286 3437 1332 succenseat
3475 1278 3649 1345 nobis,
3688 1281 3733 1335 si

2155 1385 2279 1427 eum
2306 1386 2426 1426 cum
2446 1366 2751 1437 Theodoro,
2775 1372 2925 1440 cujus
2954 1372 3006 1427 iu
3037 1374 3188 1430 libris
3215 1376 3327 1431 suis
3356 1376 3594 1432 inﬁnitas
3620 1378 3729 1432 lau-

2155 1472 2250 1527 des
2273 1472 2600 1540 exsequitur,
2624 1471 2849 1542 ejusque
2882 1487 2940 1528 se
2968 1473 3067 1528 niti
3102 1475 3427 1531 auctoritate
3453 1478 3731 1533 sententia:

2154 1570 2209 1625 in
2229 1586 2328 1626 suo
2350 1586 2534 1625 errore
2556 1570 2837 1639 gloriatur,
2862 1571 3099 1627 alienum
3120 1590 3149 1628 a
3174 1572 3277 1629 ﬁde
3296 1575 3565 1631 catholica
3594 1591 3729 1642 esse,

483 1686 607 1742 dam
636 1688 890 1757 suscepit,
917 1689 992 1743 ab
1014 1676 1130 1758 ipso
1159 1688 1593 1753 conﬁrmaretur,
1624 1695 1785 1755 atque
1814 1685 1937 1739 inde
1957 1699 2053 1739 νε-
2149 1668 2400 1740 justeque
2434 1670 2746 1725 damnatum
2784 1670 3103 1740 detegimus,
3140 1675 3531 1743 convincimus,
3576 1685 3737 1746 atque

482 1778 563 1833 lut
584 1778 913 1845 instructior,
943 1788 1087 1846 octo,
1118 1789 1305 1835 contra
1348 1779 1507 1833 ﬁdem
1535 1777 1852 1833 catholicam
1874 1775 2061 1845 potius

2155 1768 2438 1837 deﬂemus;
2468 1771 2593 1840 quia
2633 1771 2803 1838 magis
2829 1770 3105 1828 deﬁendus
3130 1780 3234 1840 est,
3265 1789 3427 1844 quam
3456 1776 3568 1831 ullo
3604 1776 3727 1832 odio

482 1885 643 1940 quam
665 1877 852 1926 contra
874 1881 1073 1927 sanctae
1092 1873 1365 1927 memoriae
1386 1871 1758 1939 Augustinum,
1782 1867 2053 1922 volumina
2085 1874 2130 1936 Β
2156 1868 2573 1940 persequendus.

484 1962 594 2025 illa,
618 1969 676 2016 ut
694 1970 864 2031 putat,
888 1963 1301 2033 prudentissima
1320 1962 1593 2018 conderet.

996 2145 1623 2231 EXPOSITIO
1696 2143 2112 2226 PRAVfE
2186 2144 2498 2225 FIDEI
2570 2147 3223 2237 THEODORI.

554 2326 606 2380 l.
650 2324 755 2392 Qui
800 2339 942 2381 nunc
967 2326 1198 2394 primum
1241 2325 1293 2378 in
1332 2325 1708 2381 ecclesiasticis
1744 2325 2063 2380 erudiuntur

486 2416 824 2488 dogmatibus
842 2418 1046 2488 liquido
1067 2419 1469 2487 cognoscendis,
1494 2430 1585 2475 aut
1612 2421 1679 2475 ab
1700 2422 1952 2475 hacretico
1973 2436 2059 2475 er-

486 2524 611 2564 rore
635 2509 877 2564 converti
928 2508 1263 2563 decreverint
1308 2506 1377 2564 ad
1423 2511 1728 2575 veritatem,
1750 2509 1932 2564 doceri
1971 2525 2065 2565 eos

487 2607 707 2671 oportet
748 2601 1005 2668 quoniam
1041 2601 1312 2655 credimus
1340 2601 1395 2655 in
1441 2616 1603 2654 unum
1632 2600 1801 2653 Deum
1850 2597 2062 2653 Patrem

486 2693 889 2764 sempiternum,
923 2704 1030 2746 non
1061 2693 1148 2760 qui
1180 2690 1521 2762 postmodum
1547 2691 1771 2761 coeperit
1814 2698 1874 2745 ut
1902 2698 2061 2757 esset,

489 2787 585 2842 sed
607 2789 702 2857 qui
740 2788 807 2843 ab
852 2795 1058 2841 :ctemo
1106 2787 1175 2841 sit
1214 2788 1576 2857 sempiternus
1615 2787 1789 2852 Deus;
1834 2800 1937 2841 nec
1974 2784 2067 2855 qui

489 2886 678 2946 postea
705 2877 877 2931 factus
922 2877 993 2931 sit
1022 2875 1202 2943 Pater,
1231 2877 1486 2946 quoniam
1513 2892 1727 2947 semper
1758 2886 1874 2931 erat
1893 2876 2064 2943 Deus,

490 2983 705 3038 semper
731 2974 847 3022 erat
866 2960 1047 3021 Pater.

558 3057 612 3112 2.
643 3056 925 3113 Credimus
954 3065 1009 3113 et
1047 3058 1104 3113 in
1132 3074 1295 3114 unum
1332 3057 1527 3114 Filium
1564 3059 1660 3114 Dei
1701 3058 2065 3127 unigenitum,

490 3152 582 3221 qui
606 3159 693 3209 est
720 3152 786 3207 de
813 3152 1109 3207 substantia
1156 3152 1241 3207 vel
1270 3153 1501 3207 essentia
1548 3150 1752 3215 Patris,
1798 3160 2067 3219 tamquam

491 3261 616 3300 vere
636 3242 820 3308 Filius,
840 3244 1151 3313 etejusdem
1169 3244 1417 3298 essentia:
1439 3258 1561 3298 cum
1588 3243 1698 3309 illo,
1717 3242 1868 3310 cujus
1891 3240 2062 3314 [σει-ὸ.

492 3351 611 3390 cum
634 3350 721 3401 eo,
746 3334 919 3404 cujus;
952 3333 1133 3387 Baluz.
1161 3333 1215 3386 in
1256 3332 1309 3388 id
1331 3332 1476 3401 quod
1510 3329 1613 3402 εει]
1642 3339 1724 3386 εει
1752 3340 1806 3387 et
1834 3330 2070 3385 creditur

490 3438 610 3479 esse
629 3423 816 3478 Filius.

562 3515 615 3569 5.
645 3513 713 3567 Ει
736 3515 791 3568 in
818 3509 1076 3583 Spirimm
1097 3520 1361 3578 sanetum,
1390 3514 1483 3581 qui
1511 3513 1582 3568 sit
1606 3513 1674 3568 de
1701 3512 1795 3567 Dei
1821 3513 2068 3567 substan-

2161 2342 2228 2380 εχ
2249 2328 2481 2394 semine;
2512 2328 2785 2384 hominem
2806 2337 2997 2385 natura
3017 2330 3336 2402 perfectum,
3366 2349 3434 2390 ex
3457 2336 3628 2391 anima
3651 2354 3742 2392 ra-

2163 2418 2352 2472 tionali
2378 2428 2432 2473 et
2459 2434 2620 2475 carne
2658 2421 2889 2476 humana
2927 2425 3311 2493 constitutum;
3340 2441 3607 2498 quemque
3634 2431 3740 2485 ho-

2163 2508 2362 2562 minem
2390 2510 2681 2565 secundum
2724 2526 2821 2566 nos
2856 2515 3203 2581 naturaliter,
3232 2516 3434 2572 virtute
3466 2527 3522 2571 et
3548 2528 3748 2588 poten-

2164 2602 2237 2656 tia
2260 2602 2487 2674 Spiritus
2514 2605 2686 2659 sancti
2712 2604 2765 2658 in
2790 2604 3023 2672 Virginis
3047 2616 3201 2661 utero
3226 2606 3533 2677 ﬁguratum,
3552 2612 3747 2679 factum

2165 2711 2231 2749 ea:
2258 2696 2487 2761 muliere,
2519 2698 2714 2767 factum
2734 2698 2824 2751 sub
2842 2698 2971 2769 lege,
2997 2708 3053 2750 ut
3081 2715 3254 2754 omnes
3274 2716 3369 2755 nos
3389 2718 3453 2755 ea;
3473 2702 3749 2756 maledicto

2168 2786 2293 2857 legis
2321 2794 2370 2840 et
2396 2787 2637 2841 servitute
2674 2788 2979 2852 redimeret,
3009 2786 3340 2858 adoptionem
3365 2791 3595 2861 ﬁliorum
3620 2793 3749 2845 olim

2166 2877 2584 2948 prwdestinatam
2598 2879 2901 2949 recipientes
2924 2877 3047 2949 (Cat
3084 2895 3160 2945 ιιι,
3178 2879 3291 2952 15),
3318 2880 3752 2937 inenarrabiliter

2168 2969 2441 3039 copulavit
2456 2970 2578 3035 sibi,
2602 2979 2762 3039 atque
2782 2970 3093 3041 conjunxit;
3118 2980 3347 3027 mortem
3368 2973 3581 3042 quidem
3598 2989 3745 3037 eum,

2166 3059 2459 3115 secundum
2487 3060 2762 3114 hominum
2792 3060 2985 3128 legem,
3017 3076 3325 3131 praeparans
3351 3063 3613 3132 experiri;
3639 3080 3753 3116 sus-

2168 3153 2336 3206 citam
2362 3169 2481 3206 vero
2504 3169 2538 3205 a
2557 3154 2796 3218 mortuis,
2817 3162 2866 3206 et
2891 3156 2945 3205 in
2968 3142 3147 3208 italum
3175 3152 3464 3217 subierunt,
3484 3154 3655 3208 sedere
3674 3158 3752 3224 fe-

2168 3244 2239 3295 cit
2281 3244 2350 3295 ad
2396 3243 2661 3297 dexteram
2707 3242 2846 3297 Dei:
2878 3252 3100 3313 propter
3126 3244 3271 3313 quod
3319 3245 3556 3300 existens
3595 3262 3756 3315 super

2168 3353 2369 3390 omnem
2409 3338 2774 3408 principatum,
2804 3347 2854 3391 et
2881 3346 3207 3407 potestatem,
3238 3348 3288 3392 et
3316 3338 3753 3402 dominationem,

2167 3434 2217 3480 et
2244 3428 2498 3492 virtutem,
2521 3436 2572 3481 et
2599 3444 2747 3481 omne
2775 3444 2981 3493 nomen,
3010 3427 3148 3499 quod
3174 3429 3497 3493 nominatur,
3528 3444 3628 3482 non
3654 3445 3746 3481 so-

2169 3514 2274 3569 lum
2298 3517 2353 3569 in
2378 3516 2474 3569 hoc
2494 3515 2702 3582 steculo,
2732 3516 2823 3570 sed
2842 3517 2996 3570 etiam
3017 3517 3070 3569 in
3094 3518 3265 3587 futuro
3291 3514 3446 3587 (Eph.
3476 3532 3513 3583 ι,
3536 3516 3646 3586 2i),
3680 3518 3755 3570 ab

492 3606 565 3660 tia
583 3642 598 3669 ,
625 3605 710 3661 vel
749 3604 1001 3670 essentia,
1038 3619 1144 3658 non
1170 3605 1261 3673 qui
1288 3603 1455 3658 Filius
1482 3604 1581 3670 sit;
1607 3603 1746 3677 Deus
1771 3612 1949 3658 autem
1977 3618 2065 3659 es-
2091 3603 2138 3666 C
2171 3605 2317 3659 omni
2332 3614 2579 3659 creatura
2607 3605 2896 3659 adorabilis
2918 3606 3152 3674 suscepit
3174 3605 3595 3671 venerationem,
3616 3614 3756 3658 tam-

490 3696 680 3761 sentia,
704 3702 977 3764 tamquam
1001 3695 1094 3764 qui
1114 3696 1183 3749 sit
1212 3695 1353 3749 illius
1381 3694 1629 3750 essentia:
1652 3694 1806 3763 cujus
1833 3703 1914 3750 est
1928 3694 2068 3750 Deus

490 3785 671 3853 Pater,
697 3802 765 3841 ex
793 3800 903 3856 quo
943 3786 1235 3841 secundum
1264 3786 1550 3839 essentiam
1603 3794 1721 3839 est:
1756 3784 1869 3840 Nos
1896 3787 2031 3839 enim
2052 3825 2067 3850 ,

489 3877 662 3947 inquit
680 3875 956 3946 Scriptura
972 3916 987 3942 ,
1010 3892 1113 3929 non
1134 3877 1371 3946 spiritum
1392 3875 1571 3928 mundi
1586 3876 2067 3946 hujus‘accepimus,

489 3969 580 4023 sed
609 3969 888 4039 Spiritum,
919 3968 1005 4038 qui
1025 3976 1101 4022 est
1137 3984 1202 4021 ea:
1230 3966 1340 4021 Deo
1366 3968 1407 4037 (ι
1439 3967 1555 4021 Cor.
1591 3983 1647 4031 ιι,
1680 3965 1797 4037 12);
1829 3967 1896 4021 ab
1924 3967 2069 4022 omni

490 4073 613 4117 eum
664 4065 909 4113 creatura
939 4058 1199 4121 alienans,
1236 4057 1348 4112 Deo
1377 4072 1507 4111 vero
1535 4056 1866 4125 conjungens
1899 4066 1954 4110 et
1980 4072 2072 4112 co-

490 4149 703 4218 pulans,
734 4164 801 4203 ex
829 4162 957 4217 quo,
989 4148 1074 4202 vel
1102 4147 1170 4202 de
1198 4162 1306 4216 quo
1335 4154 1418 4200 est
1440 4146 1733 4201 secundum
1761 4146 2067 4210 essentiam,

490 4239 712 4309 speciali
748 4240 994 4294 videlicet
1021 4239 1251 4305 ratione,
1285 4253 1447 4307 supra
1478 4253 1695 4293 omnem
1724 4238 1871 4292 omni
1909 4238 2070 4293 modo

490 4338 811 4394 creaturam,
840 4345 959 4400 quae
986 4344 1093 4384 non
1115 4329 1409 4385 secundum
1433 4329 1723 4383 essentiam
1746 4328 1861 4394 Dei,
1880 4328 1973 4382 sed
1994 4342 2074 4382 se-

492 4420 724 4474 cundum
764 4422 914 4489 quod
942 4422 1147 4476 factura
1194 4429 1296 4487 est,
1340 4436 1556 4476 causam
1584 4420 1788 4475 habens
1811 4459 1826 4486 ,
1863 4436 1934 4475 ex
1960 4419 2071 4475 Deo

492 4526 611 4565 esse
639 4519 858 4579 putatur
888 4527 899 4562 :
931 4523 1092 4578 quem
1120 4526 1295 4579 neque
1322 4510 1544 4577 Filium,
1566 4525 1742 4580 neque
1762 4525 1859 4580 per
1878 4509 2070 4564 Filium

492 4603 832 4659 cxisteutiam
855 4600 1127 4671 accepisse
1158 4610 1427 4670 putamus.

560 4693 613 4747 4.
640 4692 974 4747 Conﬁtemur
986 4700 1170 4745 autem
1187 4690 1403 4744 Patrem
1422 4691 1475 4744 in
1502 4705 1730 4760 persona
1750 4692 2066 4762 perfectum,

490 4793 545 4840 et
571 4784 765 4838 Filium
810 4783 1077 4846 similiter,
1107 4788 1355 4835 sanctum
1404 4795 1621 4850 quoque
1665 4782 1923 4852 Spiritum
1955 4784 2070 4853 pari

488 4877 671 4944 modo,
702 4876 849 4931 salva
873 4875 1026 4929 nobis
1050 4873 1261 4927 ratione
1290 4873 1523 4942 pietatis,
1549 4874 1602 4927 in
1631 4888 1735 4943 qua
1767 4874 1999 4940 Patrem,
2017 4885 2072 4930 et

2170 3713 2330 3767 quam
2360 3696 2769 3766 inseparabilem
2796 3712 2915 3751 cum
2950 3696 3130 3750 diviha
3168 3704 3361 3750 natura
3387 3696 3592 3751 habens
3616 3712 3756 3750 con-

2165 3784 2514 3853 junctionem,
2547 3792 2601 3840 et
2628 3794 2899 3856 tamquam
2950 3785 3060 3839 Déo
3101 3797 3260 3854 supra
3299 3800 3513 3840 omnem
3539 3786 3756 3853 cogita-

2170 3876 2371 3928 tionem
2400 3883 2455 3928 et
2483 3873 2831 3939 intellectum,
2861 3875 3105 3929 universa
3127 3874 3201 3928 illi
3226 3882 3474 3930 creatura
3498 3890 3756 3929 reveren-

2171 3964 2299 4018 tiam
2327 3964 2632 4019 exhibente.

2244 4054 2294 4107 6.
2327 4055 2394 4108 Et
2416 4072 2591 4125 neque
2610 4057 2745 4112 duos
2762 4057 2990 4112 dicimus
3012 4056 3166 4122 ﬁlios,
3187 4071 3289 4111 nec
3314 4056 3450 4112 duos
3476 4056 3758 4120 dominos,

2170 4147 2423 4216 quoniam
2471 4164 2607 4202 unus
2652 4147 2817 4203 Filius
2859 4149 3151 4203 secundum
3193 4147 3482 4202 essentiam
3514 4146 3756 4202 Verbum

2174 4236 2334 4301 Deus,
2363 4236 2665 4305 unigenitus
2710 4237 2876 4292 Filius
2923 4237 3123 4303 Patris,
3155 4237 3241 4293 cui
3279 4238 3381 4291 iste
3406 4236 3759 4305 eonjunctus.

2172 4327 2439 4397 particeps
2467 4328 2709 4393 Deitatis,
2739 4344 3077 4390 communem
3124 4330 3284 4383 habet
3312 4328 3432 4383 Filii
3468 4343 3759 4398 nuncupa-

2174 4418 2372 4471 tionem
2401 4419 2768 4485 ethonorcm;
2798 4420 3142 4474 nihilominus
3170 4419 3428 4474 Dominus
3456 4419 3762 4475 secundum

2172 4509 2459 4563 essentiam
2487 4509 2629 4564 Deus
2660 4509 2890 4566 Verbum
2937 4518 3038 4575 est,
3072 4511 3156 4565 cui
3185 4510 3507 4578 eonjunctus
3534 4510 3662 4575 iste,
3695 4519 3764 4566 et

2170 4599 2436 4665 sociatus,
2485 4601 2920 4655 communionem
2972 4600 3136 4655 habet
3186 4599 3411 4655 honoris
3458 4614 3581 4655 cum
3629 4600 3763 4655 illo.

2174 4689 2240 4743 Et
2281 4697 2568 4760 proritet-ea
2590 4706 2764 4760 neque
2799 4690 2934 4745 duos
2980 4690 3205 4745 dicimus
3232 4688 3389 4755 ﬁlios,
3435 4700 3610 4759 neque
3652 4690 3771 4744 do-

2173 4781 2347 4837 minos
2384 4781 2551 4847 duos,
2609 4783 2881 4850 quoniam,
2932 4782 2985 4836 in
3035 4780 3316 4836 manifesto
3361 4782 3625 4836 existente
3655 4782 3767 4851 qui

2173 4872 2462 4927 secundum
2513 4874 2798 4927 essentiam
2846 4873 3103 4927 Dominus
3144 4882 3197 4926 et
3236 4870 3402 4926 Filius
3447 4878 3563 4937 est,
3607 4870 3772 4925 inse—

488 4969 700 5032 Filium,
733 4974 788 5021 et
814 4966 1070 5037 Spiritum
1100 4971 1364 5028 sanctum,
1396 4980 1505 5017 non
1532 4972 1640 5019 tres
1668 4965 1872 5032 aliquas
1901 4965 2071 5020 divcr-
2094 4970 2146 5030 D
2171 4964 2464 5032 parabilem
2498 4964 2699 5018 habens
2721 4963 2787 5018 ad
2829 4979 2952 5018 eum
2977 4963 3413 5033 eonjunctionem
3442 4972 3497 5017 et
3520 4962 3775 5017 societa-

488 5077 575 5115 sas
601 5068 851 5129 putemus
878 5074 998 5113 esse
1026 5057 1304 5121 essentias,
1336 5059 1430 5110 sed
1460 5073 1648 5122 unam,
1674 5072 1835 5126 quam
1860 5058 1914 5111 in
1942 5058 2066 5111 Dei-

489 5152 614 5208 tatis
637 5151 839 5205 unitate
867 5158 921 5205 et
941 5150 1207 5220 parilitate
1234 5150 1633 5218 cognoscimus.

468 5230 477 5245 ’
557 5239 607 5295 5.
641 5239 865 5309 Oportet
894 5247 1073 5293 autem
1120 5246 1176 5293 et
1214 5238 1280 5293 de
1308 5239 1737 5308 dispensatione,
1780 5255 1940 5307 quam
1971 5255 2067 5295 se-

487 5331 720 5386 cundum
746 5330 1029 5384 Dominum
1065 5328 1246 5384 .lesum
1289 5330 1578 5396 Christum,
1613 5347 1710 5399 pro
1739 5330 1911 5385 salute
1944 5348 2069 5385 nos-

488 5429 588 5487 tra,
606 5422 994 5476 consummavit
1022 5420 1277 5476 Dominus
1299 5422 1458 5483 Deus,
1478 5436 1637 5473 nosse
1662 5436 1779 5484 nos,
1803 5420 2064 5486 quoniam

487 5511 628 5565 Deus
649 5509 853 5583 [Baluz.
876 5519 930 5563 ut
955 5520 1069 5564 vett.
1089 5509 1175 5563 lib.
1198 5509 1313 5579 Dei]
1339 5510 1570 5564 Verbum
1587 5509 1856 5563 hominem
1878 5525 2064 5563 susce-

487 5604 582 5675 pit,
613 5602 906 5672 perfectum
936 5617 1002 5654 ex
1030 5601 1233 5655 semine
1262 5601 1531 5655 Abraham
1569 5607 1624 5653 et
1652 5600 1836 5663 David,
1868 5616 2061 5654 secun-

486 5694 611 5747 dum
634 5692 1025 5761 Scripturarum
1053 5692 1351 5746 divinarum
1369 5691 1609 5758 eloquia;
1631 5690 1732 5742 hoc
1753 5696 2054 5745 exstantem

486 5787 779 5844 Secundum
808 5796 1071 5853 naturam,
1100 5785 1244 5857 quod
1291 5791 1439 5840 erant
1480 5782 1637 5837 etilli
1680 5797 1905 5851 quorum
1946 5791 2062 5837 erat

2173 5065 2279 5110 tem
2312 5055 2356 5109 is
2388 5055 2477 5123 qui
2501 5070 2599 5123 pro
2627 5062 2809 5108 nostra
2839 5055 3011 5108 salute
3038 5062 3341 5123 assumptus
3369 5062 3451 5107 est
3472 5050 3770 5107 courel‘er-

2173 5153 2278 5211 tur,
2310 5154 2419 5199 tam
2448 5146 2848 5214 nuncupatione
2890 5161 3050 5215 quam
3080 5145 3303 5210 honore,
3332 5152 3387 5198 et
3409 5144 3529 5197 Filii
3558 5152 3611 5197 ct
3641 5142 3779 5197 Do-

2171 5236 2302 5291 mini
2329 5254 2339 5287 :
2364 5251 2472 5289 non
2496 5235 2634 5289 sicut
2654 5235 3018 5302 unusquisque
3041 5242 3300 5296 nostrum,
3317 5248 3456 5286 exse
3477 5232 3735 5286 existens
3759 5275 3779 5288 .

2172 5326 2469 5396 appellatur
2488 5325 2653 5378 Filius
2666 5324 2783 5389 Dei,
2803 5322 2942 5378 unde
2971 5333 3026 5377 et
3052 5324 3231 5392 plures
3260 5322 3351 5375 ﬁlii
3380 5322 3475 5376 Dei
3500 5322 3782 5388 dicimur,

2172 5415 2461 5470 secundum
2502 5414 2719 5468 beatum
2749 5414 3051 5483 apostolum
3081 5412 3307 5466 Paulum
3339 5410 3479 5482 (Gal.
3516 5429 3591 5475 ιιι,
3620 5411 3735 5478 26)
3764 5433 3782 5476 ;

2169 5507 2264 5561 sed
2292 5509 2336 5561 is
2365 5506 2706 5574 singulariter
2731 5505 2835 5559 hoc
2854 5504 3078 5568 habens,
3108 5505 3159 5557 in
3185 5504 3238 5557 id
3265 5503 3409 5570 quod
3431 5502 3543 5556 Deo
3577 5500 3787 5557 Verbo

2169 5599 2485 5667 eonjunctus
2513 5605 2615 5661 est,
2646 5596 2918 5665 dignitatis
2947 5595 3067 5651 Filii
3097 5603 3152 5649 et
3179 5594 3559 5649 dominationis
3580 5596 3790 5662 parti-

2169 5704 2326 5757 ccps,
2355 5688 2530 5741 aufert
2553 5686 2770 5753 quidem
2810 5686 3029 5740 omnino
3068 5685 3298 5739 duorum
3329 5684 3683 5738 dominorum
3722 5699 3799 5743 et

2168 5780 2395 5835 ﬁliorum
2426 5778 2857 5848 intelligentiam;
2890 5782 3111 5847 praestat
3136 5783 3319 5830 autem
3345 5774 3503 5830 nobis
3538 5776 3589 5830 in
3618 5792 3797 5833 com-
