3978 6188
276 381 414 436 1015

999 380 1385 436 BEFUTATIO
1421 379 1886 435 TIIEODURIAN
1925 380 2215 434 SYMBOLI
2259 383 2300 434 Α
2342 379 2782 435 MERCATORE.

3389 359 3524 438 toto

271 493 549 564 iunctione
576 492 669 546 Dei
718 491 879 546 Verbi
908 508 1121 548 omnem
1151 494 1351 548 habere
1395 493 1571 557 ﬁdem,
1604 509 1837 547 omnem-
1879 500 1921 552 Α
1955 493 2234 562 passibilis,
2261 503 2314 548 et
2337 493 2481 562 pleni
2508 493 2792 546 multarunt
2816 493 3169 559 malorum,in
3191 510 3298 562 quo
3322 494 3386 548 ad
3403 511 3524 549 eum

273 598 383 652 que
412 581 742 637 intellectum
783 589 839 634 et
881 582 1390 651 contemplationem
1428 581 1497 635 ob
1525 581 1640 635 hare
1679 590 1734 636 et
1760 597 1847 636 ve-

276 671 611 727 nerationem
651 685 718 725 ex
760 669 856 724 Dei
884 670 1143 726 societate
1172 670 1239 726 ab
1262 670 1409 725 omni
1446 669 1673 740 percipit
1700 685 1852 725 crea-

278 772 419 816 ῑιιιοίι.

351 855 402 909 7.
428 852 603 909 Unum
631 853 791 924 igitur
819 853 988 908 Deum
1015 852 1240 908 dicimus
1268 858 1322 906 et
1345 849 1632 905 Dominum
1675 847 1856 903 Jesum

277 947 572 1011 Christum,
598 961 696 1016 per
731 961 892 1016 quem
938 944 1117 1000 omnia
1146 943 1284 999 facta
1313 951 1456 1008 sunt,
1490 940 1859 1011 principaliter

277 1037 494 1107 quidem
523 1036 691 1091 Deum
737 1036 970 1091 Verbum
1017 1035 1398 1103 intelligentes,
1427 1033 1519 1102 qui
1559 1032 1857 1088 secundum

280 1125 570 1180 essentiam
596 1123 762 1180 Filius
797 1123 895 1179 Dei
935 1131 1017 1180 est
1052 1131 1106 1178 et
1132 1123 1417 1187 Dominus;
1450 1122 1655 1191 pariter
1697 1120 1858 1175 etiam

280 1217 580 1284 cogitantes
607 1230 730 1270 eum
757 1215 847 1284 qui
867 1221 1146 1283 susceptus
1173 1221 1272 1278 est,
1295 1211 1470 1266 Jesum
1501 1227 1533 1264 a
1560 1208 1854 1275 Nazareth,

281 1322 429 1378 quem
449 1307 596 1359 unxit
621 1304 762 1359 Deus
785 1304 983 1375 Spiritu
1003 1314 1184 1358 sancto
1211 1313 1260 1357 et
1280 1284 1464 1358 virtute
1492 1300 1626 1372 (Act.
1657 1317 1708 1366 x,
1740 1299 1858 1370 '58),

283 1401 555 1462 tamquam
569 1393 634 1448 ad
651 1393 816 1448 Deum
839 1393 1074 1447 Verbum
1092 1393 1378 1446 habentem
1398 1389 1857 1460 conjunctionem,

285 1492 342 1539 et
360 1485 766 1554 participantem
793 1484 917 1539 Filii
946 1492 1000 1538 et
1025 1484 1237 1539 Domini
1265 1482 1528 1552 dignitati.

358 1574 411 1628 8.
443 1573 544 1640 Qui
573 1582 627 1630 et
662 1573 928 1630 secundus
954 1574 1124 1629 Adam
1151 1575 1481 1644 appellatur,
1511 1574 1648 1628 sicut
1674 1572 1865 1645 beatus

289 1662 565 1736 apostolus
585 1664 736 1729 testis
764 1672 846 1719 est
873 1662 1071 1719 Paulus
1099 1664 1142 1734 (Ι
1171 1662 1290 1718 Cor.
1324 1679 1420 1728 xv,
1451 1661 1572 1733 45);
1604 1663 1696 1732 qui
1727 1669 1863 1714 tam-

288 1771 454 1825 quam
479 1756 717 1826 ejusdem
746 1757 815 1810 sit
836 1763 1038 1809 natura:
1067 1754 1218 1824 cujus
1244 1763 1327 1809 est
1354 1755 1542 1818 Adam,
1565 1753 1868 1806 manifesta-

1955 583 2258 652 accepimus
2287 583 2708 648 similitudinem,
2739 583 2891 651 cujus
2915 592 3084 639 status
3114 585 3321 639 initium
3356 585 3529 640 factus

1961 671 2125 725 Adam
2170 680 2272 737 est,
2303 673 2595 726 secundum
2641 681 2840 728 statum
2886 675 3272 730 demonstravit
3295 676 3530 731 futurum

1957 761 2214 814 Dominus
2242 761 2483 815 Christus
2511 761 2577 816 de
2605 763 3061 838 cmlisapparens,
3090 766 3182 834 qui
3209 782 3396 821 omnes
3435 783 3532 822 nos

1959 851 2013 905 in
2035 866 2184 905 suam
2214 843 2443 906 adducet
2469 852 2782 908 familiarem
2811 857 3250 911 communitatem
3277 877 3288 909 ε
3322 858 3531 912 Primus

1959 943 2095 994 enim
2121 940 2292 1004 homo,
2325 940 2514 1009 inquit,
2547 941 2608 996 de
2629 951 2767 996 terra
2797 955 3045 1011 terrenus,
3070 947 3321 1001 secundus
3361 949 3529 1015 homo,

1961 1029 2211 1086 Dominus
2241 1031 2303 1083 de
2330 1031 2455 1085 caelo
2501 1031 2661 1103 (Ibid.
2696 1032 2821 1101 47);
2854 1034 2956 1089 hoc
2985 1043 3094 1098 est,
3119 1037 3241 1092 inde
3264 1039 3532 1100 visendus.

1961 1129 2019 1174 ut
2039 1137 2136 1174 nos
2158 1119 2224 1174 ad
2251 1121 2332 1174 sui
2361 1121 2713 1176 imitationem
2735 1121 2982 1177 adducat.
3009 1122 3161 1180 Unde
3181 1135 3236 1180 et
3257 1127 3493 1196 adjungit
3518 1144 3531 1180 :

1965 1209 2145 1274 Qualis
2176 1206 2424 1275 terrenus,
2451 1211 2578 1264 tales
2605 1221 2653 1264 et
2677 1214 2878 1278 terreni,
2908 1222 2956 1266 et
2976 1214 3139 1285 qualis
3159 1217 3391 1282 caelestis,
3413 1217 3535 1271 tales

1962 1310 2009 1354 et
2038 1300 2278 1354 cmlestes.
2305 1300 2452 1354 Sicut
2477 1302 2788 1370 portavimus
2816 1303 3091 1373 imaginem
3123 1307 3338 1369 terreni,
3370 1317 3539 1374 porte—

1963 1409 2074 1446 mus
2115 1400 2165 1445 et
2206 1392 2482 1462 imaginem
2513 1392 2724 1446 caelestis
2754 1392 2914 1463 (Ibid.
2949 1394 3060 1462 48).
3103 1394 3159 1447 In
3187 1395 3309 1460 isto,
3349 1397 3538 1464 inquit,

1964 1484 2055 1552 qui
2087 1491 2258 1552 paret,
2288 1491 2343 1538 et
2386 1483 2597 1538 videtur
2648 1484 2716 1539 ab
2757 1486 3035 1551 omnibus,
3069 1503 3252 1542 eorum
3282 1489 3373 1556 qui
3399 1489 3540 1558 judi-

1967 1571 2123 1627 candi
2150 1581 2274 1626 sunt
2319 1572 2598 1627 invisibilis
2627 1573 2786 1628 faciet
2809 1575 3066 1644 judicium
3112 1577 3287 1631 divina
3318 1587 3503 1632 natura
3523 1621 3537 1643 ,

1967 1650 2254 1718 secundum
2301 1663 2602 1732 apostolum
2653 1662 2903 1729 Paulum,
2934 1667 3022 1733 qui
3055 1668 3130 1720 ait
3162 1685 3174 1720 :
3211 1668 3275 1720 Et
3314 1679 3540 1737 tempora

1968 1753 2170 1823 quidem
2194 1755 2504 1822 ignorantia:
2530 1764 2719 1810 nostra:
2739 1755 3020 1826 despiciens
3049 1756 3205 1822 Dens,
3230 1774 3365 1810 nunc
3393 1775 3541 1811 man-

288 1842 369 1900 vit
387 1846 542 1901 nobis
569 1845 784 1915 quidem
805 1844 1040 1899 futurum
1070 1852 1290 1908 statum,
1312 1852 1366 1898 et
1392 1852 1595 1897 tantam
1621 1843 1687 1897 ad
1715 1843 1865 1898 illum
1895 1857 1941 1916 Β
1969 1846 2056 1898 dat
2081 1847 2264 1917 ubique
2291 1848 2523 1901 omnibus
2554 1846 2840 1902 hominibus
2863 1849 3209 1918 pwnitentiam
3238 1865 3406 1919 agere,
3423 1849 3541 1920 quia

293 1936 466 1991 Adam
487 1936 690 1991 habens
713 1934 1068 1991 dill‘erentiam
1096 1943 1350 2005 quantam
1377 1950 1494 1990 esse
1521 1936 1757 2005 oportuit
1783 1936 1864 1989 in-

289 2033 378 2084 ter
404 2042 528 2084 eum
549 2028 642 2096 qui
671 2027 893 2096 largitor
919 2035 972 2082 et
999 2026 1243 2082 minister
1267 2026 1373 2082 erit
1403 2033 1676 2081 tantorum
1698 2027 1870 2081 bono-

287 2135 414 2175 rum
441 2127 614 2175 status
642 2118 833 2183 futuri,
865 2127 920 2173 et
960 2134 1082 2173 eum
1122 2119 1213 2187 qui
1252 2120 1592 2188 praesentium
1641 2119 1869 2177 tristium

286 2209 451 2265 nobis
479 2209 687 2265 initium
728 2210 924 2265 intulit.
959 2209 1094 2265 Hinc
1123 2211 1282 2266 simili
1329 2212 1490 2266 modo
1526 2221 1580 2266 et
1607 2209 1872 2268 secundus

281 2298 464 2354 Adam
493 2300 814 2370 appellatur,
842 2311 1113 2370 tamquam
1143 2303 1236 2372 qui
1281 2302 1576 2357 secundum
1618 2302 1871 2357 enuntia-

285 2391 429 2446 verit
455 2399 673 2448 statum.
722 2393 792 2448 Et
815 2395 1069 2462 quoniam
1117 2395 1312 2464 prioris
1357 2394 1498 2450 illius
1544 2396 1787 2450 mortalis
1816 2403 1872 2450 et

1969 1937 2148 1990 statuit
2174 1937 2307 1991 diem
2335 1939 2386 1991 in
2415 1955 2516 2010 qua
2538 1939 2865 2008 judicaturus
2903 1951 2978 1994 est
3002 1940 3172 1994 orbem
3211 1949 3459 1994 terrarum
3487 1942 3540 1993 in

1967 2027 2190 2096 justitia,
2221 2028 2275 2080 in
2302 2028 2410 2082 viro
2437 2029 2491 2081 in
2519 2043 2616 2099 quo
2646 2027 2895 2097 deﬁnivit,
2924 2028 3079 2097 ﬁdem
3135 2038 3383 2100 prwstans
3409 2069 3422 2090 ,
3451 2045 3534 2082 su-

1971 2120 2162 2172 scitans
2191 2135 2306 2171 eum
2327 2137 2358 2171 a
2383 2121 2598 2173 mortuis
2623 2119 2756 2191 (Act.
2790 2137 2911 2187 xvn,
2936 2121 3046 2189 ‘50).

1999 2266 2002 2268 _
2045 2211 2096 2265 9.
2138 2211 2263 2266 llaec
2300 2213 2781 2268 ecclesiasticorum
2810 2214 3117 2282 dogmatum
3155 2216 3427 2280 doctrina;
3459 2224 3540 2268 at—

1974 2319 2078 2373 que
2107 2304 2240 2359 adeo
2268 2305 2441 2360 omnis
2459 2305 2550 2374 qui
2573 2313 2761 2360 contra
2789 2307 2903 2361 haec
2926 2308 3116 2375 sentit,
3148 2309 3428 2362 anathema
3452 2311 3540 2363 sit.

353 2605 1032 2688 BEFUTATIO
1107 2604 1932 2687 THEODORIANI
2009 2603 2510 2685 SYMBOLI
2584 2607 2655 2686 A
2729 2605 3486 2694 MERCATORE.

365 2841 416 2895 1.
456 2841 623 2898 lmmo
654 2856 751 2896 nos
789 2841 888 2896 tibi
926 2841 1176 2897 catholici
1205 2841 1462 2909 dicimus,
1506 2842 1598 2911 qui
1629 2842 1754 2896 talia
1776 2857 1872 2898 ore

284 2933 650 3003 impurissimo
680 2939 735 2988 et
759 2931 938 3001 lingua
965 2932 1339 2988 scelestissima
1371 2933 1675 3003 protulisti,
1700 2933 1872 2988 inces-

282 3026 531 3083 sabiliter
575 3026 898 3090 anathema,
948 3033 1004 3079 et
1049 3025 1298 3080 omnibus
1343 3024 1720 3080 consentaneis
1745 3025 1870 3080 tuis.

282 3119 428 3174 Vide
469 3118 610 3174 enim
633 3157 650 3184 ,
697 3118 740 3173 si
769 3118 1020 3187 evigilare
1049 3118 1312 3186 volueris,
1341 3118 1467 3186 quid
1497 3119 1625 3173 mali
1663 3119 1875 3174 coneris

285 3209 577 3276 inducere;
607 3210 891 3280 imperitia,
925 3225 991 3263 an
1021 3209 1242 3275 malitia,
1276 3217 1334 3265 tu
1361 3209 1580 3265 videris.

363 3299 418 3354 ‘2.
459 3298 678 3370 Perjura
706 3301 904 3370 quippe
933 3301 1097 3355 verba
1126 3308 1216 3354 tua
1245 3309 1370 3355 sunt
1398 3299 1530 3368 ista,
1569 3317 1691 3357 cum
1715 3319 1874 3358 sensu
1951 3309 1954 3312 ’

285 3389 614 3460 pravissimo
653 3395 708 3444 et
743 3389 962 3443 inimico
999 3389 1276 3444 catholica:
1303 3392 1582 3446 veritatis:
1612 3391 1710 3446 Dei
1741 3392 1872 3447 Ver-

284 3481 409 3534 bum
438 3480 695 3534 hominem
721 3479 1002 3548 suscepisse
1029 3495 1092 3532 ex
1120 3481 1311 3534 semine
1339 3479 1601 3536 Abraham
1622 3492 1672 3537 et
1703 3483 1874 3537 David

285 3571 609 3641 perfectum,
639 3584 705 3622 ea:
738 3569 916 3621 anima
950 3567 1194 3622 rationali
1217 3577 1267 3621 et
1290 3585 1500 3639 corpore
1520 3573 1868 3635 constitutum,

283 3673 534 3730 quemque
569 3656 856 3720 hominem,
888 3655 1063 3724 inquis
1081 3695 1096 3720 ,
1126 3655 1402 3710 secundum
1423 3674 1518 3712 nos
1546 3661 1868 3724 naturaliter,
1899 3651 1945 3710 C

287 3750 480 3803 virtute
527 3755 578 3801 et
624 3747 850 3818 potentia
891 3745 1118 3817 Spiritus
1164 3747 1329 3800 sancti
1371 3747 1424 3800 in
1470 3747 1678 3817 virginis
1726 3758 1868 3801 utero

289 3841 614 3912 ﬁguratum,
658 3839 854 3910 factum
895 3855 960 3892 ea:
999 3837 1241 3904 muliere,
1275 3841 1468 3910 factum
1509 3840 1601 3893 sub
1630 3839 1768 3910 lege,
1816 3848 1873 3892 ut

289 3947 471 3985 omnes
493 3947 587 3984 nos
609 3947 674 3984 ea:
718 3929 992 3984 maledicto
1030 3921 1155 4001 legis
1193 3939 1244 3984 et
1287 3933 1524 3985 servitute
1570 3932 1868 3998 redimeret,

292 4021 628 4091 adoptionem
665 4020 892 4091 ﬁliorum
937 4019 1060 4074 olim
1105 4019 1525 4090 prcedestinatam
1573 4022 1872 4090 recipientes

293 4109 461 4182 (Gal.
505 4127 581 4176 ιιι,
613 4109 753 4179 15),
803 4108 1218 4164 inenarrabiliter
1267 4110 1522 4180 copulavit
1570 4108 1667 4163 sibi
1725 4119 1874 4181 atque

293 4203 597 4273 conjunxit,
654 4209 872 4258 mortem
918 4217 1032 4254 eum
1085 4199 1360 4254 secundum
1402 4199 1561 4271 legem
1589 4200 1872 4265 hominum,

295 4309 598 4366 prwparans
645 4292 869 4362 experiri
895 4330 909 4355 ,
965 4292 1217 4346 suscitans
1264 4307 1380 4344 vero
1411 4307 1441 4342 a
1473 4291 1688 4343 mortuis
1727 4299 1778 4343 et
1819 4291 1875 4343 in

297 4383 480 4439 caelum
515 4383 689 4436 levans
714 4420 728 4445 ,
771 4379 946 4434 sedere
982 4381 1102 4451 fecit
1129 4379 1196 4433 ad
1234 4379 1495 4433 dexteram
1529 4378 1622 4432 Dei
1664 4377 1871 4449 (Ibid.).

296 4473 369 4528 Ει
389 4479 509 4542 post
535 4471 807 4541 paululum
832 4469 904 4524 ibi
929 4486 942 4521 :
973 4468 1050 4521 Ab
1083 4471 1221 4522 omni
1251 4477 1487 4522 creatura
1516 4484 1650 4521 nunc
1683 4468 1875 4522 adora-

297 4563 419 4619 bilis
462 4563 682 4633 suscepit
727 4561 1131 4623 venerationem,
1180 4570 1436 4631 tamquam
1483 4560 1877 4630 inseparabilem

299 4671 417 4708 eum
438 4653 610 4708 divina
636 4663 825 4706 natura
848 4651 1038 4706 habens
1060 4668 1152 4706 con
1151 4653 1490 4724 junctionem.

371 4744 426 4797 ‘5.
470 4743 561 4798 Vis
608 4743 770 4811 igitur
813 4742 917 4796 hoc
956 4757 1021 4796 ex
1069 4744 1172 4795 isto
1219 4757 1377 4796 sensu
1407 4741 1701 4807 conﬁcere,
1734 4741 1879 4810 quod

298 4854 433 4896 sane
464 4847 554 4892 tuo
583 4853 767 4892 assuas
795 4835 955 4905 capiti
979 4835 1146 4908 [Corn
1180 4836 1322 4903 quod
1350 4850 1479 4889 sane
1510 4844 1600 4889 tuo
1628 4837 1766 4889 scias
1785 4849 1877 4889 ca-

300 4931 416 5002 pite
442 4927 694 4999 dictum],
741 4933 923 4980 natum
967 4925 1078 4994 jam
1118 4923 1388 4979 Christum
1434 4941 1500 4980 ex
1535 4926 1752 4994 Virgine
1780 4941 1877 4994 per

1975 2844 2358 2906 sentientibus;
2387 2843 2532 2912 quod
2560 2843 2726 2909 absit,
2757 2852 2815 2898 ut
2846 2845 2962 2914 quis
2994 2846 3117 2911 hoc,
3151 2847 3234 2901 vel
3260 2847 3547 2904 dementis-

1977 2936 2163 3002 simus,
2191 2937 2330 2992 dicat
2360 2943 2416 2990 et
2435 2936 2650 2991 sentiat.
2693 2935 2884 2991 Factus
2905 2944 2985 2991 est
3011 2937 3152 2992 enim
3181 2940 3375 3006 homo,
3405 2943 3547 3009 quod

1977 3042 2084 3082 non
2114 3035 2269 3092 erat,
2312 3027 2477 3081 Filius
2525 3027 2622 3082 Dei
2671 3027 2810 3081 Deus
2857 3027 3109 3094 Verbum,
3141 3016 3246 3084 non
3275 3030 3550 3102 deponens

1976 3117 2118 3186 quod
2149 3124 2298 3181 erat,
2325 3117 2418 3171 sed
2447 3132 2668 3172 manens
2696 3119 2836 3172 Deus
2861 3119 2913 3173 in
2943 3113 3274 3185 Divinitatis,
3302 3138 3420 3177 cum
3451 3123 3550 3177 Pa-

1979 3215 2060 3262 tre
2088 3216 2143 3262 et
2165 3206 2368 3277 Spiritu
2391 3215 2599 3272 saneto,
2627 3209 2920 3262 substantia
2952 3209 3036 3264 vel
3061 3218 3270 3266 natura.

2048 3299 2100 3353 4.
2142 3299 2405 3370 Numquid
2435 3299 2577 3355 enim
2611 3299 2806 3366 anima,
2851 3300 3038 3354 saltem
3065 3302 3298 3358 hominis
3327 3303 3546 3372 cujusli-

1976 3391 2086 3458 bet,
2115 3391 2281 3445 mixta
2303 3398 2358 3445 et
2378 3406 2620 3446 connexa
2648 3391 2862 3460 corpori
2890 3393 3106 3460 amittit,
3129 3395 3215 3449 vel
3236 3395 3550 3449 immortali-

1977 3489 2140 3536 tatem
2170 3489 2375 3535 natura:
2401 3497 2540 3546 suae,
2569 3482 2654 3536 vel
2681 3481 2825 3551 quod
2854 3483 3160 3552 invisibilis,
3193 3487 3444 3556 quodque
3468 3487 3548 3540 in-

1975 3588 2236 3642 corporea
2261 3574 2378 3627 est?
2401 3572 2518 3627 Non
2547 3575 2748 3642 utique.

2048 3663 2097 3716 5.
2140 3663 2274 3718 Huic
2299 3665 2598 3718 vanissimte
2619 3674 2778 3734 atque
2808 3667 2956 3720 inani
2976 3669 3254 3723 calumnia:
3274 3685 3546 3738 opponen-

1973 3756 2039 3809 da
2070 3756 2234 3808 etiam
2261 3757 2422 3810 trium
2453 3758 2762 3823 angelorum
2792 3758 2844 3811 in
2874 3758 3231 3814 Sodomorum
3271 3761 3550 3816 eversiOne

1975 3846 2412 3901 descendentium
2439 3847 2529 3900 illa
2560 3845 2864 3908 fidelissima
2893 3859 2948 3904 et
2991 3853 3351 3906 sacratissima
3380 3853 3550 3905 histo-

1973 3939 2073 4002 ria,
2104 3951 2223 4006 quze
2249 3951 2342 3992 eos
2369 3947 2623 4007 exceptos
2647 3940 2713 3993 ab
2734 3937 3003 3993 Abraham
3033 3942 3181 4010 prius
3198 3983 3211 4008 ,
3244 3949 3299 3996 et
3326 3942 3549 3995 mandu-

1975 4043 2157 4091 casse,
2190 4034 2244 4082 et
2271 4027 2436 4097 pedes
2483 4028 2676 4083 lavisse
2703 4029 2940 4097 designat
2960 4030 3298 4103 (Gen.,xvtu.
3315 4032 3394 4104 4).
3413 4031 3549 4085 Νυιιι

1979 4119 2052 4173 illi
2081 4118 2133 4172 in
2164 4118 2532 4188 assumptione
2570 4119 2659 4172 illa
2701 4135 2990 4190 corporum
3035 4135 3103 4174 ex
3141 4121 3379 4189 angelica
3410 4122 3547 4174 versi

1977 4217 2032 4264 et
2058 4209 2369 4265 commutati
2411 4225 2529 4264 esse
2574 4210 2868 4264 substantia
2904 4211 2956 4264 in
2987 4226 3271 4279 corporum
3303 4219 3550 4264 naturam

1976 4299 2185 4354 dicendi
2231 4301 2392 4353 sunt?
2430 4300 2651 4354 Avertat
2686 4301 2826 4354 hanc
2864 4299 3187 4354 dementiam
3228 4300 3399 4364 Deus,
3441 4317 3549 4355 non

1978 4389 2184 4457 utique,
2215 4387 2338 4457 quia
2359 4395 2637 4442 manentes
2665 4389 2716 4441 in
2747 4389 3032 4442 immortali
3053 4397 3212 4460 atque
3233 4389 3549 4458 incorporea

1978 4494 2073 4532 sua
2106 4487 2294 4532 natura
2322 4485 2376 4531 et
2404 4477 2727 4544 substantia,
2760 4478 2811 4531 in
2835 4476 3149 4548 corporibus
3177 4477 3453 4533 constituti
3482 4477 3550 4531 ad

1980 4577 2214 4638 tempus,
2261 4568 2513 4623 divinitus
2549 4567 2867 4637 imperatum
2904 4569 3006 4623 sibi
3034 4567 3266 4624 ofﬁcium
3296 4568 3551 4636 impleve-
3579 4628 3583 4632 ,

1979 4665 2124 4712 runt.
3261 4675 3264 4678 -

2052 4748 2104 4801 6.
2147 4747 2276 4813 Quis
2305 4762 2433 4816 ergo
2462 4746 2597 4801 ferat
2627 4747 2728 4800 ista
2749 4746 3094 4814 garrientem,
3123 4752 3178 4799 et
3205 4743 3388 4797 audiat
3416 4743 3552 4796 duos

1980 4838 2076 4893 Dei
2116 4836 2253 4890 ﬁlios
2296 4852 2417 4890 eum
2459 4836 2635 4890 verbis
2682 4834 3070 4898 tantummodo,
3104 4833 3169 4886 ad
3209 4830 3554 4900 decipiendos

1981 4931 2282 5001 simplices,
2327 4929 2612 5000 protestari
2641 4943 2746 4982 non
2777 4927 2985 4992 dicere;
3030 4925 3228 4995 apertis
3267 4940 3396 4978 vero
3426 4938 3552 4977 sen-

301 5022 563 5093 Spiritum
589 5029 862 5084 sanctum,
909 5019 1223 5082 adlimsisse,
1257 5017 1339 5072 vel
1365 5018 1706 5085 conjunctum
1736 5033 1871 5084 esse,

1982 5022 2165 5077 tentiis
2191 5021 2325 5075 duos
2353 5019 2636 5074 ostendere
2663 5019 2858 5088 palam,
2883 5016 3081 5071 diversi
3107 5015 3306 5079 meriti,
3329 5014 3555 5070 diversa:

304 5120 365 5169 ut
392 5113 680 5182 smpissime
711 5111 906 5179 garris,
955 5108 1132 5163 Verbo
1162 5108 1257 5162 Dei
1287 5109 1418 5173 Deo,
1450 5117 1610 5176 atque
1639 5124 1706 5163 ex
1734 5109 1876 5164 illius

300 5203 562 5260 societate
602 5200 848 5255 meritum
884 5206 938 5253 et
961 5197 1278 5252 vocabulum
1313 5197 1676 5266 conquisisse;
1720 5212 1880 5252 voca-

298 5292 434 5349 bulo
473 5299 650 5345 autem
697 5296 931 5353 tantum,
972 5304 1079 5342 non
1106 5295 1316 5352 natura,
1361 5287 1734 5357 appellandum
1758 5304 1877 5344 esse

299 5382 498 5437 Filium
525 5380 639 5445 Dei,
665 5388 718 5434 et
745 5385 934 5433 caetera
955 5378 1148 5432 habere
1167 5377 1462 5447 privilegia,
1493 5394 1599 5431 non
1626 5378 1875 5446 genuina,

302 5471 400 5528 scd
429 5487 526 5541 per
552 5471 775 5538 gratiam
805 5469 1063 5537 praestita;
1095 5467 1430 5521 dissimulans
1457 5467 1599 5535 quod
1625 5469 1881 5538 scriptum

303 5571 428 5620 est:
489 5563 706 5617 Verbum
744 5577 864 5615 caro
894 5563 1083 5632 factum
1127 5567 1238 5624 est,
1282 5555 1347 5612 et"
1368 5559 1617 5614 habitavit
1643 5560 1697 5614 in
1727 5558 1871 5615 nobis

309 5657 490 5730 (Joan.
525 5673 560 5722 ι,
594 5655 701 5726 li).
743 5654 892 5720 Quod
933 5667 1052 5708 cum
1090 5651 1238 5706 audis
1267 5651 1332 5706 ab
1361 5651 1734 5719 objicientibus
1762 5653 1878 5717 tibi,

306 5746 650 5804 calumniaris
682 5755 950 5812 tamquam
979 5743 1146 5798 Deum
1179 5743 1232 5798 in
1263 5757 1479 5798 carnem
1521 5758 1731 5797 versum
1762 5758 1881 5798 esse

1980 5111 2272 5181 dignitatis,
2303 5109 2500 5165 diversi
2528 5116 2725 5173 status,
2748 5108 2972 5162 diversa:
2995 5106 3236 5161 naturae?

2053 5203 2105 5255 7.
2146 5201 2303 5255 Fallit
2331 5208 2510 5254 autem
2545 5214 2609 5253 ac
2647 5197 2862 5268 decipit,
2885 5206 2944 5253 ut
2971 5197 3221 5261 diximus,
3254 5194 3552 5264 imperitos.

1982 5290 2264 5358 Quomodo
2293 5289 2436 5344 enim
2465 5288 2594 5344 dicit
2621 5287 2756 5344 duos
2775 5303 2834 5344 se
2860 5304 2967 5343 non
2988 5288 3168 5343 dicere
3189 5285 3347 5351 lilios,
3379 5296 3556 5350 neque

1983 5382 2183 5437 sentire
2206 5421 2221 5445 ,
2270 5378 2516 5434 dividens
2562 5394 2726 5433 unum
2755 5379 2822 5433 ab
2851 5379 3053 5442 altero,
3085 5393 3250 5431 unum
3281 5384 3554 5444 tempora-

1984 5471 2086 5524 lem
2106 5510 2121 5535 ,
2153 5469 2382 5524 alterum
2420 5482 2550 5522 vero
2579 5467 2646 5522 ab
2673 5475 2876 5522 teterno
2895 5507 2910 5533 ,
2939 5467 3230 5522 secundum
3268 5463 3558 5520 essentiam

1987 5568 2041 5614 et
2064 5568 2336 5625 naturam;
2385 5566 2440 5614 et
2467 5559 2615 5612 illum
2660 5557 3010 5626 temporalem
3051 5555 3461 5627 participatione
3505 5555 3562 5604 et

1987 5661 2194 5705 tantum
2225 5651 2487 5706 vocabulo
2516 5649 2908 5716 honorandum,
2932 5665 3038 5704 non
3061 5655 3242 5703 autem
3271 5661 3338 5698 ex
3366 5649 3560 5697 natura

1987 5758 2103 5797 esse
2131 5742 2322 5798 Filium
2363 5744 2474 5810 Dei,
2517 5753 2571 5798 et
2613 5743 2813 5798 Deum?
2854 5757 2975 5796 nam
3005 5741 3336 5809 singulorqu
3387 5743 3562 5790 status
