3978 6188
503 316 634 375 1017

995 313 1183 367 MAR"
1225 311 1657 368 MERCATORIS
1696 312 2258 369 TRANSL\Tl0NES
2302 314 2656 369 VARIORUM
2698 316 3227 372 OPUSCULOllUM.

3619 324 3757 378 ιρις

495 438 552 483 et
580 429 767 482 merita
798 426 1001 490 dividit,
1031 427 1256 480 alterum
1301 435 1488 481 natura
1520 444 1639 482 esse
1678 430 1895 493 volens,
1936 430 2069 483 alte-
2099 434 2143 489 Α
2174 439 2319 484 certe
2347 431 2510 483 homo
2538 431 2840 484 communis
2867 446 2934 485 ex
2963 431 3140 484 anima
3182 440 3238 485 et
3281 446 3509 501 corpore
3553 439 3752 489 consti-

496 536 615 573 rum
644 518 1021 587 conjunctione
1068 526 1122 570 et
1166 518 1423 572 societate
1460 519 1599 571 illius
1644 520 1735 587 qui
1768 529 1957 573 natura
1987 528 2070 574 est

497 609 636 663 Deus
663 616 717 662 et
748 607 911 661 Filius
940 608 1055 661 Dei.

564 697 618 751 8.
657 695 790 750 Cum
839 698 1019 765 utique
1065 698 1330 752 recordari
1378 698 1649 752 debuisset
1689 697 1836 752 Pauli
1866 698 2065 753 dictum

492 787 745 857 apostoli,
778 802 884 856 quo
913 788 1021 840 ait:
1070 786 1320 857 Optabam
1342 806 1433 858 ego
1454 790 1561 858 ipse
1581 790 1854 841 anathema
1889 806 1998 842 esse
2036 807 2067 842 a

491 878 695 932 Christo
724 896 815 948 pro
840 878 1087 949 fratribus
1113 881 1238 931 meis
1267 879 1545 931 secundum
1567 896 1795 943 carnem,
1832 882 1915 950 qui
1948 889 2067 932 sunt

492 970 767 1033 Israelitte,
792 980 1088 1038 quorumest
1112 970 1318 1038 adoptio
1350 970 1575 1037 ﬁliorum
1596 1010 1609 1032 ,
1645 978 1693 1021 et
1736 978 2061 1033 testamenta,

488 1070 537 1113 et
556 1062 681 1130 legis
704 1061 1014 1123 constitutio,
1046 1069 1095 1111 et
1116 1058 1372 1129 obsequia,
1408 1069 1453 1111 et
1472 1060 1667 1129 gloria,
1693 1068 1739 1112 et
1769 1062 2021 1129 promissa
2044 1077 2061 1112 :

489 1170 700 1222 quorum
729 1162 919 1222 patres,
952 1161 999 1204 et
1031 1169 1094 1205 ea:
1133 1153 1310 1222 quibus
1352 1151 1613 1217 Christus,
1654 1152 1934 1205 secundum
1956 1170 2065 1205 car-

488 1263 603 1299 nem
642 1256 793 1298 natus
828 1256 928 1309 est,
960 1246 1043 1311 qui
1076 1256 1151 1297 est
1188 1262 1339 1314 super
1368 1246 1541 1297 omnia
1571 1245 1861 1297 benedictus
1884 1246 1935 1297 in
1965 1261 2062 1298 sa:-

486 1337 601 1388 cula
632 1334 806 1405 (Rom.
842 1351 911 1398 ix,
940 1335 1013 1402 5).
1079 1332 1270 1401 Utique
1318 1349 1477 1402 super
1523 1334 1700 1387 omnia
1751 1334 1927 1391 Deus,
1970 1336 2062 1402 qui

486 1426 775 1479 secundum
806 1439 1021 1478 carnem
1054 1438 1120 1477 ex
1155 1422 1437 1488 lsraelitis,
1470 1437 1536 1475 ex
1565 1422 1767 1475 semine
1798 1422 2061 1476 Abraham

486 1525 541 1570 et
569 1516 753 1578 David,
786 1532 881 1585 per
903 1516 1131 1583 Virginis
1154 1522 1385 1576 uterum,
1418 1515 1677 1582 originem
1704 1515 1891 1569 habet:
1935 1516 2060 1569 Ver-

485 1606 602 1660 bum
629 1608 763 1659 enim
786 1623 988 1659 carnem
1020 1609 1212 1677 factum
1234 1622 1362 1669 esse,
1395 1604 1685 1672 Evangelia
1716 1614 1851 1659 teste
1879 1606 2053 1675 (Joan.

481 1712 520 1762 ι,
542 1696 960 1766 M),didicimus.
994 1696 1073 1749 Ex
1093 1712 1198 1764 quo
1222 1705 1480 1765 tempore,
1513 1711 1684 1764 neque
1709 1711 1825 1763 qua:
1853 1697 2057 1752 inﬁrma

2173 528 2350 584 tutus,
2395 535 2463 574 ex
2501 520 2723 574 diversis
2771 521 2886 574 sine
2913 520 3074 574 dubio
3103 520 3413 575 substantiis
3443 532 3497 577 et
3524 529 3747 591 naturis,

2169 612 2435 680 corporali
2462 610 2705 665 videlicet
2731 619 2786 665 et
2813 611 3056 679 spiritali,
3089 627 3266 666 crassa
3295 622 3350 667 et
3379 614 3594 679 subtili,
3619 618 3745 670 visi-

2168 701 2260 755 bili
2288 709 2343 755 et
2370 701 2617 755 invisibili
2643 741 2656 766 ,
2708 702 2921 755 mortali
2950 711 3005 755 et
3032 701 3353 769 immortali,
3402 708 3654 759 convenit
3693 709 3741 760 in

2168 807 2330 846 unum
2350 832 2363 854 ,
2416 808 2521 845 non
2568 799 2753 845 contra
2784 799 3055 857 naturam,
3101 791 3195 845 sed
3223 794 3542 847 naturaliter
3570 805 3623 847 et
3652 796 3739 850 Dei

2167 882 2525 946 institutione,
2571 882 2663 949 qui
2692 881 2763 934 ita
2802 888 2861 935 ut
2900 890 3041 935 esset
3081 882 3246 935 semel
3288 890 3344 936 et
3374 884 3442 936 ab
3473 884 3643 948 initio,
3687 896 3738 939 et

2166 971 2217 1024 in
2246 978 2561 1041 perpetuum
2586 1010 2601 1035 ,
2650 972 2827 1025 sanxit
2868 979 3029 1038 atque
3076 971 3369 1040 disposuit;
3420 972 3584 1029 homo
3612 991 3734 1042 ergo

2164 1078 2284 1117 cum
2322 1071 2403 1117 est
2448 1071 2503 1116 et
2540 1064 2847 1117 enuntiatur
2883 1063 3066 1123 homo,
3095 1078 3197 1116 una
3227 1073 3417 1119 natura
3443 1074 3547 1128 e51,
3580 1076 3733 1135 atque

2164 1169 2267 1207 una
2295 1154 2607 1217 substantia,
2641 1168 2852 1221 unaque
2880 1168 3130 1223 persona.

2234 1242 2317 1295 14.
2360 1243 2467 1297 Nec
2493 1242 2689 1297 Paulus
2725 1244 3029 1313 apostolus,
3071 1258 3192 1298 cum
3227 1243 3431 1299 diceret
3473 1262 3484 1296 :
3530 1244 3728 1300 Primus

2161 1336 2311 1389 homo
2340 1336 2400 1388 de
2430 1344 2564 1388 terra
2595 1344 2852 1399 terrenus,
2895 1336 3142 1389 secundus
3187 1338 3336 1389 homo
3387 1335 3633 1391 Dominus
3670 1336 3729 1391 de

2160 1426 2282 1479 ccelo
2308 1425 2359 1495 (ι
2389 1424 2507 1478 Cor.
2532 1441 2617 1489 xv,
2642 1424 2751 1492 47),
2776 1435 2831 1479 et
2850 1434 3061 1488 caetera,
3087 1440 3205 1494 quae
3226 1425 3278 1479 in
3300 1424 3486 1480 eadem
3508 1428 3728 1481 circum-

2160 1517 2353 1571 stantia
2377 1516 2532 1570 latius
2561 1517 2889 1585 exsequitur,
2920 1517 3183 1587 duplicem
3206 1534 3347 1583 eum,
3372 1519 3457 1572 vel
3486 1519 3619 1573 duas
3638 1537 3728 1575 na-

2158 1616 2304 1661 turas
2332 1622 2449 1663 esse
2487 1605 2831 1674 signiﬁcavit;
2863 1623 2961 1662 nec
2989 1609 3079 1676 qni
3107 1608 3240 1662 dixit
3277 1628 3290 1661 :
3338 1608 3507 1663 Homo
3538 1628 3649 1664 cum
3675 1614 3725 1665 in

2158 1699 2350 1753 honore
2388 1709 2535 1763 esset,
2577 1715 2680 1752 non
2726 1699 3005 1763 intellexit,
3041 1708 3366 1767 comparatus
3392 1710 3466 1752 est
3485 1702 3727 1769 jumentis

482 1798 627 1854 sunt,
658 1798 711 1843 et
738 1788 942 1856 fragilia
971 1788 1333 1851 humanitatis,
1358 1802 1531 1854 neque
1559 1802 1676 1855 qua:
1698 1788 1871 1841 divina
1894 1796 2052 1857 atque
2087 1794 2123 1849 Β
2154 1790 2507 1858 insipientibus
2529 1830 2543 1853 ,
2590 1799 2639 1842 et
2666 1789 2849 1843 similis
2884 1792 3049 1861 factus
3080 1800 3157 1843 est
3188 1791 3289 1844 illis
3332 1790 3503 1859 (Psal.
3548 1809 3721 1857 sum,

481 1880 726 1935 sublimia
752 1888 805 1933 et
832 1888 1031 1932 aeterna
1072 1888 1224 1940 sunt,
1269 1879 1335 1931 ab
1374 1878 1479 1931 ulla
1523 1877 1743 1951 [Corrig
1780 1877 1905 1949 una]
1932 1888 2054 1932 sunt

482 1986 713 2045 persona
734 1970 819 2024 vel
846 1969 1139 2023 substantia
1167 1970 1482 2038 separanda.
1590 1964 1591 1967 “

552 2060 605 2113 9.
648 2059 912 2113 Debuerat
933 2058 1116 2113 audire
1136 2058 1325 2112 Isaiam
1355 2060 1732 2129 praedicantem
1758 2079 1769 2113 :
1796 2060 1934 2115 Puer
1954 2079 2052 2115 na-

483 2160 564 2204 tus
587 2160 662 2204 est
683 2148 845 2214 nobis,
871 2158 920 2203 et
940 2150 1079 2219 ﬁlius
1102 2149 1250 2203 datus
1272 2160 1347 2202 est
1372 2150 1535 2217 nobis,
1566 2153 1713 2222 cujus
1733 2155 2055 2223 principatus

481 2259 633 2312 super
661 2241 923 2293 humerum
949 2241 1093 2310 ejus;
1125 2240 1206 2292 hic
1228 2240 1488 2293 vocabitur
1508 2240 1849 2307 admirabilis,
1880 2244 2054 2313 magni

480 2334 683 2388 consilii
732 2334 974 2395 nuntius,
1024 2331 1183 2397 Deus,
1233 2334 1403 2403 fortis,
1452 2342 1601 2403 pater
1648 2336 1806 2404 futuri
1854 2336 2051 2403 saeculi,

482 2427 718 2495 princeps
760 2426 933 2493 pacis;
972 2421 1399 2492 multiplicabitur
1432 2441 1643 2495 regnum
1671 2426 1810 2494 ejus,
1839 2435 1887 2479 et
1912 2429 2053 2497 pacis

480 2535 583 2570 non
608 2519 703 2570 erit
727 2517 878 2585 ﬁnis;
929 2532 1080 2584 super
1108 2513 1279 2567 sedem
1312 2512 1477 2567 David
1506 2516 1669 2584 patris
1700 2517 1799 2581 sui,
1828 2526 1876 2569 et
1901 2533 2053 2587 super

480 2624 689 2678 regnum
714 2608 843 2677 ejus,
880 2615 935 2658 ut
958 2605 1225 2674 conﬁrmet
1255 2604 1415 2669 illud,
1448 2614 1497 2658 et
1518 2605 1807 2660 corroboret
1834 2609 1886 2660 in
1909 2608 2053 2678 judi-

479 2700 558 2751 cio
586 2707 633 2751 et
646 2698 874 2768 jnstitin,
908 2696 1092 2749 amodo
1122 2704 1171 2748 et
1198 2712 1354 2765 usque
1374 2697 1425 2749 in
1455 2705 1719 2749 a’tcrnum.
1759 2697 1913 2751 Zelus
1941 2698 2051 2751 Do-

478 2788 604 2841 mini
634 2788 946 2840 exercituum
976 2787 1132 2856 faciet
1163 2785 1269 2839 hwc
1293 2785 1448 2856 (Isai.
1482 2803 1553 2852 ιιι,
1586 2787 1658 2855 v).

550 2879 633 2931 10.
677 2878 774 2931 llic
802 2876 973 2936 Deus,
1010 2877 1195 2947 fortis,
1230 2877 1413 2944 utique
1441 2878 1531 2945 qui
1568 2894 1711 2947 puer,
1743 2877 1859 2931 sine
1887 2877 2050 2933 dubio

478 2971 569 3040 qui
599 2970 789 3039 pannis
835 2968 886 3021 in
936 2966 1209 3022 Bethleem
1257 2967 1557 3032 involutus,
1603 2974 1659 3020 et
1698 2967 1750 3021 in
1791 2967 2052 3039 pratsepio

477 3062 683 3137 positus
707 3067 808 3125 est,
834 3058 925 3126 qui
950 3058 1201 3111 adoratus
1230 3073 1258 3111 a
1289 3059 1487 3126 magis,
1517 3058 1607 3127 qui
1638 3057 1927 3129 Egyptum
1953 3075 2051 3129 po-

2156 1880 2273 1950 l3);
2304 1881 2527 1935 duarum
2551 1882 2603 1935 in
2632 1896 2697 1934 eo
2726 1880 2849 1934 fecit
2884 1888 3192 1937 naturarum
3217 1881 3567 1936 mentionem.

2227 1969 2311 2023 15.
2344 1970 2473 2025 lllud
2502 1986 2715 2039 quoque
2743 1970 3253 2039 prsetermittendum
3282 1986 3389 2023 non
3428 1981 3542 2035 est,
3584 1974 3724 2040 quod

2154 2063 2352 2117 dictum
2382 2071 2464 2117 est
2490 2062 2541 2115 in
2581 2060 2814 2115 Genesi:
2850 2058 3127 2113 Descendit
3152 2059 3314 2114 Iacob
3344 2062 3397 2114 in
3438 2060 3721 2132 Αῐςῃριιιπι

2154 2172 2266 2208 cum
2287 2155 2409 2225 ﬁliis
2429 2156 2553 2219 suis,
2580 2170 2751 2208 omnes
2772 2154 2959 2206 anima:
2978 2152 3300 2222 septuaginta
3324 2154 3545 2223 quinque
3572 2152 3719 2223 (Cen.

2154 2261 2294 2309 XLVI,
2336 2243 2445 2311 27).
2498 2242 2627 2297 Item
2667 2242 2971 2312 propheta:
3017 2240 3204 2295 Omnes
3232 2243 3420 2295 anima:
3439 2259 3566 2296 mea:
3584 2252 3716 2306 sunt,

2152 2339 2283 2391 sicut
2311 2339 2483 2391 anima
2515 2337 2697 2407 patris,
2719 2336 2793 2389 ita
2831 2335 3005 2388 anima
3032 2333 3148 2403 ﬁlii,
3176 2350 3288 2386 mea
3315 2342 3424 2399 est;
3464 2342 3513 2387 et
3550 2336 3722 2389 anima

2154 2444 2267 2498 quae
2292 2437 2496 2496 peccat,
2539 2427 2653 2495 ipsa
2690 2425 2802 2478 sola
2830 2426 3091 2478 morietur.
3126 2420 3190 2476 Et
3217 2424 3261 2477 is
3290 2424 3377 2495 qui
3399 2442 3549 2478 uram
3575 2443 3716 2479 acer-

2154 2518 2268 2569 bam
2311 2516 2660 2581 manducavit,
2692 2517 2850 2586 ipsius
2889 2516 3242 2585 obstupescent
3286 2518 3462 2571 dentes
3502 2516 3715 2585 (Ezech.

2156 2624 2299 2671 svnt,
2324 2606 2356 2659 4
2376 2617 2423 2661 et
2442 2606 2551 2676 20).
2570 2606 2702 2660 ltem
2718 2607 2853 2661 alius
2872 2608 3163 2676 propheta:
3187 2604 3386 2673 Lauda,
3406 2610 3717 2673 animamea,

2153 2697 2429 2752 Dominum
2471 2697 2639 2767 (Psal.
2670 2712 2824 2761 CXLV,
2868 2696 2942 2765 1),
2984 2705 3033 2749 et
3060 2699 3234 2750 omnia
3254 2714 3372 2751 ossa
3392 2714 3504 2750 mea
3526 2699 3723 2751 laudern

2155 2789 2322 2841 dicent
2358 2787 2445 2840 tibi
2488 2787 2670 2857 (Psal.
2696 2802 2874 2851 xxxxv,
2902 2784 3012 2855 10).
3040 2786 3172 2842 Item
3202 2802 3233 2840 a
3264 2795 3419 2856 parte
3443 2789 3679 2857 corporis
3702 2806 3717 2840 :

2156 2877 2279 2935 Non
2299 2877 2635 2949 permanebit,
2670 2877 2858 2945 inquit,
2884 2877 3110 2947 Spiritus
3132 2893 3273 2930 meus
3303 2893 3416 2930 cum
3438 2876 3722 2930 hominibus

2151 2971 2285 3032 istis,
2309 2970 2548 3040 quoniam
2567 2978 2685 3022 sunt
2715 2984 2831 3021 caro
2855 2966 3006 3038 (Gen.
3030 2983 3099 3033 vi,
3128 2967 3204 3037 5).
3235 2967 3366 3021 Item
3397 2965 3530 3020 alius
3555 2985 3567 3018 :
3593 2965 3722 3023 Caro

2153 3078 2266 3114 mea
2292 3059 2566 3115 exsultavit
2603 3059 2659 3112 in
2687 3075 2776 3127 spe
2805 3057 2976 3129 (Psal.
3000 3074 3087 3122 xv,
3110 3056 3198 3127 9);
3225 3066 3280 3111 et
3318 3056 3446 3111 alibi
3471 3075 3483 3109 :
3524 3056 3723 3110 Videbit

476 3160 589 3205 stea
620 3166 740 3205 eum
770 3148 1080 3221 parentibus
1107 3149 1278 3218 petiit,
1304 3157 1360 3201 ut
1385 3165 1452 3202 ex
1482 3148 1733 3219 tEgypto,
1761 3151 2048 3205 secundum
2079 3156 2123 3217 C
2155 3152 2317 3206 omnis
2338 3167 2457 3204 caro
2479 3150 2706 3205 salutare
2728 3148 2825 3202 Dei
2852 3147 2998 3218 (Luc.
3025 3165 3098 3211 ιιι,
3121 3147 3197 3217 6).
3221 3147 3485 3216 Numquid
3514 3149 3592 3203 eis
3612 3151 3725 3201 sine

475 3243 636 3297 alium
658 3241 973 3311 prophetam
997 3241 1393 3311 prmeinentem,
1419 3249 1720 3305 vocaretur,
1748 3240 2043 3296 dicentem:

474 3333 560 3395 Ea:
580 3332 811 3402 Egypto
832 3333 1003 3386 vocavi
1026 3330 1222 3382 Filium
1251 3347 1413 3383 meum
1440 3329 1593 3399 (Osee
1616 3347 1687 3395 Ix,
1719 3330 1795 3402 2).

545 3427 629 3478 11.
672 3426 1011 3494 Objiciendus
1041 3440 1257 3493 quoque
1286 3426 1335 3479 ei
1368 3426 1419 3478 in
1451 3425 1636 3480 faciem
1666 3425 1926 3483 Jeremias
1954 3443 2048 3482 vo-

471 3517 738 3572 ciferans:
788 3515 888 3569 Hic
927 3515 1067 3569 Deus
1107 3525 1298 3580 noster,
1340 3525 1389 3568 et
1420 3533 1521 3569 non
1551 3516 1887 3575 arstimabitur
1914 3517 2046 3575 alius

470 3618 656 3679 prwter
675 3624 789 3661 eum
818 3607 984 3673 Deus,
1019 3609 1104 3679 qui
1132 3608 1326 3660 invenit
1353 3624 1552 3661 omnem
1582 3609 1711 3661 viam
1727 3609 1967 3679 justitite,
1998 3617 2048 3662 et

470 3699 609 3751 dedit
655 3715 769 3751 eam
812 3696 975 3751 Jacob
1023 3714 1180 3767 puero
1228 3713 1342 3761 suo,
1388 3707 1437 3749 et
1486 3696 1653 3750 Israel
1700 3699 1884 3751 dilecto
1931 3715 2042 3753 suo.

468 3788 709 3843 Post/uec
737 3790 790 3841 in
822 3790 969 3841 terris
1000 3789 1138 3845 visus
1166 3796 1265 3853 est,
1290 3797 1338 3842 et
1366 3788 1499 3841 inter
1518 3790 1749 3843 homines
1777 3805 2046 3845 conversa-

470 3889 546 3932 tus
573 3888 649 3932 est
681 3877 928 3949 (Baruch.
963 3894 1039 3941 ιιι,
1070 3877 1182 3949 '58).

537 3968 623 4023 12.
667 3970 901 4033 Dicatur,
933 3984 1135 4041 quaeso,
1169 3969 1344 4036 nobis,
1378 3970 1498 4038 quis
1527 3970 1629 4025 iste
1655 3979 1756 4034 est,
1787 3972 1879 4039 qui
1905 3980 2047 4042 post-

464 4060 671 4114 modum
695 4061 748 4113 in
778 4061 923 4113 terris
955 4061 1089 4121 visus
1112 4068 1206 4123 est,
1231 4070 1279 4113 et
1306 4061 1441 4113 inter
1462 4061 1693 4114 homines
1719 4071 2046 4115 conversatus

463 4159 558 4203 est.
599 4148 794 4218 Utique
815 4149 1047 4203 Verbum
1074 4149 1201 4213 Dei,
1233 4149 1374 4204 Deus
1402 4150 1583 4215 homo,
1613 4159 1667 4204 et
1694 4151 1853 4204 homo
1882 4150 2041 4215 Deus,

462 4240 615 4296 Jesus
642 4240 914 4305 Christus,
947 4236 1111 4296 Filius
1141 4241 1444 4310 unigenitus
1472 4240 1647 4300 Patris
1669 4282 1684 4307 ,
1725 4243 1815 4310 qui
1842 4257 1961 4297 cum
1990 4243 2044 4297 in

462 4334 624 4394 terris
667 4334 720 4387 in
750 4350 913 4389 carne
941 4335 1262 4390 constitutus
1291 4343 1465 4400 esset,
1507 4344 1561 4390 et
1602 4336 1654 4390 in
1687 4336 1801 4406 ipsa
1826 4337 2045 4399 visibilis

462 4432 873 4483 conversaretur
925 4426 1067 4481 inter
1109 4427 1386 4492 homines,
1426 4428 1493 4482 ab
1523 4429 1825 4488 hominibus
1852 4430 1902 4484 in
1931 4431 2043 4500 ipsa

2152 3241 2342 3295 animis
2370 3241 2469 3295 ista
2488 3240 2833 3309 contingent?
2862 3238 2967 3293 Aut
2990 3240 3112 3313 quia
3134 3238 3378 3308 superius
3399 3238 3587 3292 animae
3609 3246 3723 3291 tan-

2152 3340 2264 3384 tum
2290 3330 2577 3385 nominatae
2604 3338 2754 3396 sunt,
2785 3329 3026 3400 corporis
3052 3328 3331 3394 societate,
3358 3328 3441 3384 vel
3470 3330 3523 3387 in
3550 3328 3722 3393 bonis,

2152 3423 2233 3477 vel
2264 3423 2317 3477 in
2346 3422 2501 3477 malis
2530 3423 2735 3477 meritis
2757 3429 3019 3492 separatae
3047 3420 3205 3475 sunt?
3234 3419 3365 3485 Quis
3384 3420 3489 3475 hoc
3508 3419 3728 3475 demeti.

2153 3514 2386 3568 tissimus
2414 3513 2645 3569 dixerit?
2674 3512 2789 3568 Non
2812 3512 3014 3581 utique,
3045 3510 3140 3565 sed
3169 3512 3504 3577 naturaliter,
3537 3525 3727 3579 quam—

2149 3606 2241 3661 diu
2268 3615 2552 3676 utrumque
2579 3605 2679 3660 sibi
2698 3618 2998 3660 connexum
3026 3612 3081 3657 et
3107 3602 3383 3657 cohterens
3410 3610 3513 3667 est,
3546 3602 3727 3656 nonin

2149 3698 2424 3771 dualitate,
2458 3696 2551 3749 sed
2590 3696 2642 3748 in
2688 3694 2893 3748 unitate
2922 3692 3263 3756 enuntiatur,
3318 3700 3374 3747 et
3400 3691 3729 3760 signiﬁcatur

2150 3797 2359 3850 natura,
2385 3786 2436 3840 id
2463 3792 2562 3851 est,
2591 3786 2841 3848 hominis,
2873 3799 2969 3839 seu
2996 3784 3228 3837 humana
3257 3791 3469 3838 natura.

2219 3879 2305 3933 16.
2338 3877 2505 3931 Nemo
2528 3877 2687 3945 igitur
2706 3892 2867 3931 sanus
2895 3883 3093 3937 mente,
3117 3890 3239 3929 cum
3261 3875 3424 3929 homo
3444 3871 3621 3937 vivus,
3642 3872 3729 3931 vel

2137 3968 2373 4048 ‘adversa
2412 3968 2659 4032 sustinet,
2688 3967 2773 4021 vel
2801 3966 2998 4036 Optatis
3035 3965 3287 4030 exsultat,
3329 3964 3492 4028 dicat,
3532 3978 3639 4018 non
3660 3978 3731 4023 ex

2148 4067 2372 4127 utraque
2400 4060 2764 4124 constitutum,
2815 4058 2901 4113 vel
2946 4057 3132 4112 dolore
3177 4055 3370 4125 aﬂligi,
3414 4056 3503 4111 vel
3548 4055 3731 4110 laetitia

2149 4149 2438 4214 exsultare,
2462 4165 2583 4206 cum
2612 4149 2843 4207 animam
2875 4148 3049 4207 nullus
3076 4147 3303 4213 dubitet,
3328 4147 3381 4200 in
3408 4162 3507 4201 sua
3539 4156 3729 4201 natura

2149 4249 2203 4293 et
2230 4240 2448 4310 propria
2487 4239 2783 4295 substantia
2812 4238 2999 4293 dolore
3039 4253 3146 4291 non
3186 4236 3360 4302 afﬁci;
3392 4237 3539 4306 quod
3564 4236 3728 4291 etiam

2149 4331 2422 4401 Scriptura
2468 4330 2646 4385 divina
2689 4344 2788 4385 nos
2839 4344 3002 4399 super
3048 4328 3152 4383 hoc
3198 4328 3501 4382 evidentius
3545 4327 3725 4389 docet,

2148 4424 2331 4483 dicens
2356 4442 2367 4476 :
2394 4421 2571 4477 Nolite
2593 4424 2769 4476 timere
2800 4437 2885 4475 eos
2908 4421 2991 4492 qui
3030 4421 3267 4474 occidunt
3298 4437 3505 4490 corpus,
3540 4422 3729 4472 anime

461 4530 655 4586 passus
680 4523 762 4573 est
784 4556 799 4581 ,
847 4516 900 4569 in
934 4516 1047 4586 ipsa
1089 4519 1375 4573 cruciﬁxus
1398 4560 1412 4582 ,
1457 4520 1510 4579 in
1539 4521 1651 4590 ipsa
1683 4529 1955 4587 mortuus,
1989 4522 2041 4577 in
2073 4515 2121 4574 D
2146 4524 2314 4573 autem
2344 4513 2466 4584 quid
2495 4515 2690 4585 faciant
2716 4528 2818 4566 non
2842 4512 3027 4564 habent
3051 4509 3264 4580 (Matth.
3288 4527 3340 4575 ι,
3362 4509 3478 4579 ‘28)-

462 4607 576 4675 ipsa
607 4607 902 4660 resurrexit
946 4608 1101 4661 tertia
1132 4608 1251 4675 die,
1295 4624 1413 4663 cum
1446 4610 1556 4679 ipsa
1592 4610 1758 4678 judex
1787 4621 2046 4667 venturus

456 4699 697 4767 judicare
744 4698 895 4754 vivos
940 4706 995 4752 et
1023 4708 1282 4752 mortuos.
1328 4698 1495 4752 Totus
1536 4701 1623 4755 hic
1651 4711 1838 4755 natura
1880 4702 2042 4757 Filius

459 4790 552 4843 Dei
584 4798 687 4855 est,
720 4805 787 4845 ex
811 4790 920 4844 Deo
954 4790 1126 4843 Verbo
1156 4797 1212 4842 et
1243 4790 1478 4852 homine,
1512 4806 1632 4843 cum
1673 4792 1847 4845 anima
1877 4793 2042 4849 ratio-

459 4882 583 4944 nali,
617 4887 671 4934 et
698 4896 859 4934 carne
883 4879 1053 4934 solida
1084 4888 1243 4951 atque
1293 4878 1556 4947 perfecta;
1589 4888 1643 4933 et
1671 4880 1751 4933 hat
1781 4888 1889 4935 tres
1918 4882 2043 4935 sub-

456 4974 665 5029 stantia:
713 4989 817 5033 una
858 4972 969 5041 jam
1009 4972 1304 5026 substantia
1330 5010 1344 5034 ,
1392 4987 1494 5025 una
1535 4987 1749 5043 quoque
1778 4988 2038 5042 persona;

456 5066 881 5125 substantialiter
908 5064 1052 5118 enim
1086 5064 1227 5116 Deus
1249 5063 1537 5125 hominem,
1572 5064 1693 5117 inde
1716 5065 2043 5119 mutabiliter

457 5170 583 5207 caro
614 5153 803 5215 factus,
836 5154 1071 5221 suscepit
1093 5161 1151 5205 ct
1181 5152 1361 5220 gessit,
1397 5168 1494 5206 nec
1523 5152 1787 5222 deposuit,
1822 5170 1921 5207 nec
1947 5155 2041 5208 de-

455 5244 726 5313 positurus
747 5252 829 5303 est
872 5258 1120 5313 umquam
1148 5283 1161 5309 ,
1196 5252 1611 5311 conregnantcm
1632 5283 1646 5308 ,
1677 5252 1732 5299 et
1760 5243 2039 5299 condomi-

456 5343 693 5395 nantem.

530 5427 613 5480 15.
657 5425 794 5490 Quid
837 5426 925 5480 hic
970 5425 1197 5483 dualitas
1240 5427 1584 5487 naturarum?
1632 5424 1766 5491 Quid
1796 5425 2041 5485 substan-

455 5519 651 5580 tiarum
680 5516 960 5570 diversitas
984 5558 996 5579 ,
1044 5517 1094 5570 in
1135 5533 1241 5575 uno
1272 5518 1496 5571 Domino
1525 5517 1740 5571 Christo
1772 5529 1962 5583 magna
1990 5524 2044 5568 et

457 5607 619 5677 impia
642 5607 965 5674 loquacitate
994 5607 1149 5661 nobis
1173 5604 1423 5660 aﬁertur?
1447 5622 1637 5675 nempe
1658 5615 1714 5661 ut
1738 5607 1872 5659 duos
1902 5603 2041 5658 chri-

459 5707 571 5765 ειυς
594 5742 609 5766 ,
658 5706 712 5761 et
758 5698 891 5752 duos
935 5698 1171 5753 diversos
1201 5713 1317 5752 esse
1341 5697 1434 5751 Dei
1466 5698 1602 5751 ﬁlios
1632 5696 1929 5754 audiamus.
1972 5692 2040 5751 Et

2219 4606 2304 4659 17.
2338 4606 2474 4671 Quid
2504 4620 2638 4674 opus
2666 4612 2748 4657 est
2776 4603 3081 4659 testimonia
3104 4602 3254 4670 plura
3276 4601 3601 4668 congerere?
3622 4599 3727 4651 Aut

2149 4700 2237 4767 qui
2264 4698 2383 4752 ﬁnis
2409 4698 2511 4751 erit
2539 4698 2591 4749 in
2615 4695 2694 4750 his
2724 4694 3097 4763 exquirendis?
3126 4692 3233 4749 Aut
3261 4692 3345 4747 cui
3367 4700 3479 4755 est,
3502 4691 3587 4744 vel
3608 4689 3722 4753 fuit,

2146 4790 2231 4843 vel
2252 4790 2354 4843 erit
2373 4787 2658 4856 aliquando
2681 4785 2933 4855 possibile
2955 4782 3279 4853 perscrutari
3307 4782 3505 4846 omnia,
3530 4788 3585 4835 et
3613 4796 3727 4833 om-

2149 4882 2233 4934 nia
2256 4892 2694 4939 commemorare,
2714 4877 2907 4944 quibus
2927 4875 3184 4945 probetur
3203 4890 3309 4927 non
3332 4873 3544 4927 novella
3564 4872 3724 4937 hunc,

2146 4971 2240 5026 sed
2261 4980 2462 5034 vetera,
2488 4968 2680 5038 partim
2702 4965 2853 5020 Pauli
2875 4966 3229 5030 Samosateni,
3262 4965 3455 5034 partim
3487 4963 3723 5016 Ebionis.

2147 5062 2340 5132 partim
2370 5058 2606 5117 Marcelli
2635 5056 2869 5121 Galataz,
2902 5064 2956 5110 et
2993 5054 3205 5113 Photini
3236 5071 3354 5110 esse
3382 5069 3506 5108 cum
3535 5053 3722 5122 impiv-

2148 5162 2256 5208 tate
2278 5152 2541 5207 locutum?
2563 5147 2737 5203 Unum
2762 5156 2938 5201 tamen
2960 5162 3058 5216 pro
3075 5145 3549 5201 innumerabilibus
3565 5159 3679 5197 eva:
3706 5173 3733 5186 -

2146 5242 2373 5310 gelicum
2402 5239 2709 5294 sibiaudiat
2728 5237 2988 5291 trabalem
3011 5236 3185 5290 locum
3214 5234 3388 5307 [ϐεγιν.
3414 5233 3597 5287 audiat
3621 5232 3731 5285 cla-

2148 5350 2327 5399 mare;
2363 5332 2541 5386 Batus.
2579 5331 2711 5385 delet
2740 5327 2971 5399 locum]:
3000 5327 3167 5381 Nemo
3190 5326 3423 5380 ascendit
3452 5327 3505 5378 in
3526 5326 3705 5381 calum

2149 5427 2249 5478 nisi
2278 5425 2361 5494 qui
2391 5422 2649 5477 descendit
2678 5422 2740 5475 de
2768 5422 2892 5474 cazlo
2921 5418 3093 5475 Filius
3141 5418 3382 5481 hominis,
3424 5417 3509 5487 qui
3552 5425 3630 5469 est
3672 5414 3730 5466 in

2145 5514 2267 5571 ca’lo
2298 5512 2488 5583 (Joan.
2522 5528 2609 5575 ιιι,
2657 5510 2779 5579 15).
2820 5509 2890 5569 Et
2930 5518 3077 5564 certe
3122 5508 3299 5565 adhuc
3337 5504 3735 5574 cruciﬁgendus

2145 5602 2389 5661 Christus
2419 5603 2521 5657 ista
2552 5602 2783 5665 dicebat,
2812 5601 2902 5669 qui
2945 5599 3222 5654 descendit
3249 5599 3317 5653 de
3344 5599 3503 5661 cutio,
3536 5596 3725 5664 inquit,

2146 5700 2198 5747 et
2219 5692 2311 5765 qui
2341 5701 2421 5747 est
2460 5694 2514 5754 in
2541 5692 2677 5749 coelo
2708 5690 2842 5745 ﬁlius
2898 5690 3148 5753 hominis.
3202 5690 3273 5744 Ita
3322 5702 3450 5759 ergo
3492 5687 3730 5747 Verbum
