3978 6188
334 311 476 369 1019
1069 314 1459 371 REFUTATIO
1498 313 1961 371 TIIEODORIANI
1998 315 2291 373 SYMBOLI
2333 318 2374 374 A
2418 317 2863 380 MERCATORE.
3454 328 3592 385 i050

334 425 669 479 Deus-homo
698 433 751 479 et
772 425 1106 481 homo-Deus
1131 427 1384 491 Verbum,
1417 436 1471 482 et
1496 429 1633 483 sicut
1654 428 1705 481 in
1735 429 1901 495 gloria
1933 435 1983 492 Α
2008 430 2250 486 Christus
2270 448 2336 489 ex
2359 440 2533 498 utero,
2557 437 2645 504 qui
2669 437 3093 493 substantialiter
3112 438 3277 495 Filius
3306 440 3399 495 Dei
3426 458 3588 496 unum

327 525 382 571 et
430 518 710 585 majestate
756 516 847 571 Dei
878 533 1071 581 unum,
1140 519 1211 572 ita
1260 527 1314 572 et
1360 520 1441 573 his
1484 534 1601 588 qua:
1645 519 1748 572 ima
1776 527 1901 573 sunt
2004 536 2124 576 cum
2154 521 2314 578 Patre
2340 532 2393 579 et
2422 526 2622 595 Spiritu
2650 536 2835 583 sancto
2860 547 2873 582 :
2898 530 3039 585 Deus
3060 548 3197 587 unus
3219 532 3272 587 in
3302 533 3583 600 Trinitate,

324 607 617 662 secundum
658 607 926 661 hominem
957 624 1137 661 unum.
1182 608 1247 661 Et
1271 626 1408 664 unus
1449 610 1706 664 Dominus
1746 608 1901 665 Jesus

2005 626 2218 681 semper
2245 614 2298 667 in
2327 615 2540 670 smcula.

331 747 3582 776 W

758 822 1406 913 OBSERVATIONES
1449 852 1554 911 AD
1596 851 2029 914 SYMBOLUM
2092 853 2195 912 ET
2249 852 2429 915 EJUS
2480 855 3124 921 REFUTATIONEM.

396 977 446 1029 l.
484 975 835 1029 Meminerant
860 970 1018 1039 hujus
1039 970 1263 1040 symboli
1292 970 1559 1040 generalia
1589 969 1695 1023 duo
1714 970 1896 1024 conci-

322 1048 413 1111 lia,
447 1046 771 1114 Ephesinum
798 1038 1010 1114 actione
1024 1038 1206 1114 _sexta,
1248 1048 1301 1093 et
1340 1038 1895 1114 Constantinopolita—

327 1109 453 1171 num
476 1109 509 1169 ii
532 1116 741 1167 actione
760 1120 969 1179 quarta.
994 1109 1525 1179 Memineruntctiam
1548 1110 1887 1179 eveteribus,

324 1176 912 1257 praterAMercatorehm,
944 1179 1172 1257 Cyrinus
1202 1181 1253 1257 in
1277 1178 1601 1257 epistolanad
1631 1176 1894 1257 Joannem

324 1247 719 1309 'Antiochenum
749 1259 803 1305 et
821 1247 1053 1303 Orientis
1081 1248 1361 1318 synodum,
1387 1247 1619 1318 rVigilius
1660 1263 1794 1318 papa
1837 1249 1889 1301 in

325 1325 637 1385 constituto,
654 1320 980 1375 Justinianus
1002 1317 1290 1387 imperator
1311 1319 1361 1370 in
1384 1317 1518 1370 libro
1539 1332 1636 1385 pro
1659 1317 1896 1387 Acepha-

321 1395 408 1459 lis,
432 1393 713 1447 Facundus
735 1386 1130 1459 Herniianens’is
1151 1388 1285 1459 libro
1310 1388 1486 1459 tertio,
1511 1386 1689 1459 capite
1710 1386 1896 1441 sceno-

320 1457 403 1519 do»
422 1472 475 1519 et
498 1462 703 1530 quinto,
734 1460 989 1514 Leontius
1021 1458 1390 1530 Scholasticus
1409 1457 1730 1530 lihro__tertio
1764 1472 1893 1511 con-

320 1542 403 1587 tra
458 1525 828 1592 Néstorianos,
882 1543 1101 1581 numero
1150 1527 1247 1591 18,
1280 1527 1493 1593 aliique.
1540 1525 1894 1581 Meminerunt

322 1604 525 1672 pariter
569 1618 599 1655 e
648 1599 1035 1672 recentioribus
1087 1596 1413 1672 Emmanuel
1459 1594 1697 1672 _Calecas
1734 1596 1892 1672 _lihro

321 1665 558 1726 secundo
585 1678 772 1725 contra
811 1667 1051 1727 Graecos;
1084 1666 1432 1720 Bellarminus
1459 1665 1596 1717 libro
1626 1665 1784 1718 tertio
1824 1668 1891 1722 de

318 1739 552 1804 Christo,
576 1740 751 1808 capite
770 1738 985 1808 quinto;
1018 1735 1267 1808 Petavius
1289 1734 1521 1808 tomo_ly
1551 1734 1886 1808 Dogmatum,

319 1810 455 1865 libro
475 1803 675 1880 primo;
706 1803 1036 1880 Christianus
1058 1804 1237 1880 Lupus
1258 1813 1402 1857 tomo
1479 1803 1814 1880 Scliolioruni
1837 1806 1888 1859 in

319 1872 557 1934 canones
600 1876 947 1933 conciliorum
977 1872 1337 1941 generalium,
1388 1872 1625 1942 pluribus
1677 1874 1889 1940 quidem

319 1948 472 2013 locis,
497 1948 592 2002 sed
613 1946 906 2015 praesertim
928 1958 1050 2015 pag.
1079 1942 1197 1995 774.

388 2010 653 2072 2.7Nem'o
679 2030 810 2068 vero
840 2010 1110 2073 meminit,
1142 2012 1267 2078 quin
1308 2010 1461 2063 simul
1502 2012 1885 2078 reprobaverit,

314 2088 404 2141 vel
433 2096 704 2153 tamquam
734 2083 861 2153 nihil
892 2098 1076 2153 sanum
1110 2082 1328 2153 habens,
1354 2088 1409 2133 ut
1430 2080 1684 2153 Cyrillns;
1720 2082 1801 2153 vel
1832 2091 1889 2134 ut

314 2156 540 2224 impium
562 2148 737 2221 atque
764 2152 1042 2224 iudaicum
1070 2159 1125 2203 et
1143 2148 1583 2224 sceleratumLut
1604 2148 1884 2224 Leontius;

314 2216 409 2281 vel
428 2216 693 2292 tamquam
716 2238 745 2275 a
766 2222 963 2276 Satana
995 2219 1365 2290 compositum,
1395 2226 1452 2271 ut
1484 2216 1665 2272 Patres
1690 2220 1888 2287 quinta:

312 2293 526 2348 svnodi.
556 2302 659 2346 etc.

343 2310 526 2365 ynooi,
556 2310 659 2346 etc.

386 2361 703 2431 Proscripsit
725 2361 877 2414 tertia
897 2359 1145 2431 synodus,
1163 2374 1258 2412 seu
1280 2356 1543 2431 Ephesina
1563 2357 1795 2431 (Actione
1806 2358 1885 2431 _6).

314 2431 377 2488 Si
405 2434 489 2503 qui
517 2426 941 2503 inv-entifuerint,
968 2430 1043 2483 vel
1069 2430 1289 2499 episwpi
1317 2426 1607 2503 velclerici,
1630 2427 1717 2503 Δι-ιἸ
1744 2428 1883 2503 laici,

309 2498 427 2555 sive
441 2502 646 2564 sentire,
678 2498 783 2552 sive
815 2500 1012 2561 docere,
1044 2516 1104 2551 ea
1137 2514 1247 2568 qua:
1274 2498 1599 2568 continentur
1625 2498 1687 2568 in
1713 2498 1887 2568 oblgta

311 2572 631 2640 expositione
650 2586 681 2621 a
703 2569 936 2622 Charisio
959 2564 1267 2640 presbytero,
1292 2565 1353 2617 de
1374 2566 1620 2640 unigeniti
1643 2564 1766 2640 Filii
1788 2566 1886 2640 Dei

308 2637 684 2700 incarnatione,
703 2647 845 2701 .ete.,
875 2637 1189 2708 subjaceant
1217 2637 1483 2690 sententia:
1519 2644 1712 2689 sancta:
1732 2637 1883 2706 hujus

307 2719 361 2763 et
384 2708 683 2762 universalis
716 2707 919 2776 synodi.

384 2776 697 2846 Proscripsit
727 2772 888 2830 etiam
926 2776 1109 2846 quinta
1147 2773 1397 2845 synodus.
1442 2772 1582 2846 Nam
1616 2783 1883 2846 postquam

302 2846 492 2901 lectum
512 2844 819 2915 estimpium
844 2844 1143 2915 symbolum,
1165 2844 1346 2897 sancta
1372 2844 1596 2915 synodus
1625 2844 1884 2915 eajclama-

302 2918 416 2970 vit:
452 2916 565 2970 Hoc
593 2913 884 2985 symbolum
918 2917 1146 2968 Satanas
1176 2914 1479 2985 composuit.
1500 2913 1806 2985 Anni/temo
1835 2916 1882 2968 ei

300 2987 394 3057 qui
415 2986 509 3040 hoc
537 2980 819 3056 symbolum
847 2986 1148 3053 composuit.
1174 2980 1881 3057 Hoc’symbolumEphesina

298 3052 476 3127 prima
526 3052 752 3127 synodus
792 3072 895 3109 una
942 3052 1055 3108 cum
1083 3062 1293 3110 auctore
1329 3054 1439 3125 ejus
1471 3052 1881 3107 anathematiza-

301 3126 397 3184 vit,
428 3134 532 3179 etc.

381 3194 603 3263 Cyrillus
624 3194 675 3247 in
698 3193 922 3263 epistola
944 3193 1010 3248 ad
1030 3191 1274 3246 Proclum
1298 3210 1308 3244 :
1336 3190 1480 3245 Sciat
1503 3201 1587 3244 tua
1609 3195 1878 3263 sanctitas,

294 3262 442 3334 quod
465 3265 667 3334 prolata
697 3262 835 3334 apud
864 3273 1097 3334 sanctam
1118 3262 1368 3334 synodum
1398 3263 1718 3334 expositione
1735 3262 1800 3315 ab
1820 3280 1879 3316 eo

294 3332 619 3401 composita,
647 3335 775 3401 sicut
804 3333 1036 3401 dicebant
1069 3335 1150 3401 qui
1174 3332 1517 3398 protulerunt,
1542 3333 1671 3401 nihil
1695 3348 1878 3386 sanum

297 3400 541 3461 habente,
572 3400 861 3471 reprobavit
880 3400 1089 3471 quidem
1102 3416 1214 3452 eam
1235 3410 1413 3471 sancta
1436 3400 1680 3470 synodus,
1705 3411 1878 3471 utpote

293 3474 554 3541 perversis
577 3466 779 3539 plenam
806 3466 1160 3532 intellectibus,
1183 3478 1230 3521 et
1253 3466 1617 3522 Nestorianam
1642 3466 1877 3540 impieta-

295 3542 569 3611 temAquasi
593 3541 943 3611 ιιινπνιογὰζουσοινῗ

308 3636 317 3639 ν
376 3604 809 3671 Μὸιεειιοτ,ὀωῐι
835 3609 1135 3673 accingeret
1172 3621 1229 3660 se
1264 3604 1330 3676 ad
1359 3604 1705 3660 refellendum
1730 3623 1873 3676 sym-
1900 3608 1947 3670 C

294 3678 506 3741 bolum,
530 3678 680 3745 cujus
698 3687 815 3731 erat
834 3677 946 3731 haec
966 3676 1201 3731 clausula
1227 3694 1239 3728 :
1264 3675 1391 3729 Ilwc
1420 3675 1873 3729 ecclesiasticarum

299 3747 599 3817 dogmatum
632 3747 887 3817 doctrina,
924 3756 1073 3816 atque
1086 3747 1222 3817 adeo
1250 3746 1413 3817 omnis
1436 3747 1518 3817 qui
1559 3753 1739 3817 contra
1767 3746 1876 3798 hwc

291 3813 457 3871 sentit
502 3817 775 3868 anathema
813 3816 910 3878 sit,
954 3813 1207 3869 continuo
1246 3813 1555 3881 sulijungit:
1588 3813 1753 3866 Immo
1780 3830 1876 3869 nos

295 3884 394 3939 tibi
422 3886 657 3939 catholici
685 3886 917 3950 dicimus,
943 3887 1029 3955 qui
1061 3886 1186 3937 talia
1214 3900 1303 3937 ore
1326 3885 1675 3955 impurissimo
1698 3892 1747 3937 et
1769 3884 1875 3937 lin-

294 3970 406 4026 gua
425 3955 785 4026 scelestissima
819 3952 1095 4026 protulisti,
1119 3952 1487 4007 incessabiliter
1506 3953 1804 4020 anathema,
1826 3965 1875 4007 et

291 4024 536 4085 omnibus
565 4026 914 4078 consentaneis
947 4025 1064 4076 tuis.

371 4093 702 4174 Justinianus
730 4094 1041 4174 imperator,
1065 4100 1158 4145 aut
1176 4091 1415 4174 q'nisquis
1435 4091 1570 4146 alius
1589 4091 1872 4174 {ustiiiiani

293 4164 520 4217 nomine
564 4164 756 4217 librum
805 4161 950 4215 illum
999 4177 1159 4231 quem
1205 4161 1483 4217 Facundus
1535 4162 1730 4231 refellit
1773 4177 1873 4229 pro

294 4232 589 4301 Acephalis
615 4231 828 4301 scripsit
867 4250 879 4284 :
915 4231 1274 4285 Verumtamen
1303 4241 1359 4284 ut
1387 4247 1561 4285 omnes
1589 4230 1872 4284 Christiani

298 4301 559 4355 Theodori
604 4302 861 4355 insaniam
908 4310 1266 4371 cognoscentes
1304 4318 1408 4355 non
1438 4302 1873 4371 circumferuntur

292 4372 471 4440 impiis
500 4372 637 4425 illius
664 4371 941 4440 doctrinis,
970 4370 1224 4440 provoca:
1258 4372 1367 4439 ejus
1395 4370 1870 4440 blasphemiiscon-

293 4438 504 4509 scriptis
530 4444 584 4493 in
612 4442 830 4509 conﬁcto
850 4438 913 4490 ab
932 4456 991 4492 eo
1017 4438 1243 4509 symbolo
1264 4438 1515 4508 prwsenti'
1531 4439 1869 4509 nostro_indi-_

296 4507 467 4579 (ﬁmus
511 4509 658 4573 libro,
689 4507 802 4579 qua:
828 4507 1063 4579 constant
1101 4511 1156 4562 in
1184 4507 1311 4579 ipsis
1350 4509 1666 4561 sermonibus
1698 4507 1871 4577 (Apud

296 4577 625 4642 Facundum,
659 4577 747 4632 lib.
773 4595 843 4639 In,
870 4594 983 4646 cap.
1016 4577 1089 4645 5).

373 4648 629 4707 Leontius
654 4666 665 4700 :
693 4648 884 4700 Contra
914 4644 1132 4716 primum
1161 4647 1423 4716 religionis
1451 4644 1760 4697 Christianw
1786 4646 1871 4698 in-

297 4719 661 4787 formationem
689 4726 811 4780 stat,
842 4725 889 4787 et
918 4717 1152 4784 deificum
1180 4716 1460 4787 symbolum
1489 4731 1661 4787 egrum
1681 4716 1766 4784 qui
1797 4731 1872 4766 re-

294 4784 607 4856 generantur
634 4787 783 4845 tollit,
814 4786 986 4854 ﬁdem,
1016 4784 1244 4856 inquam,
1275 4786 1454 4854 synodi
1485 4784 1735 4856 Nicianaz,
1766 4800 1869 4856 non

296 4854 464 4909 solum
490 4857 733 4909 mutilans
762 4858 955 4925 ipsum,
996 4855 1086 4907 sed
1109 4870 1319 4925 omnem,
1349 4856 1547 4922 penitus
1587 4854 1742 4925 fidem
1781 4854 1865 4925 de-

292 4936 519 4987 struens,
552 4937 600 4981 et
633 4922 791 4977 aliam
818 4934 1005 4993 prwter
1032 4924 1173 4976 illam
1204 4924 1432 4993 tradens,
1462 4939 1552 4991 pro
1583 4922 1741 4974 nihilo
1771 4922 1865 4973 du-

291 5011 418 5047 cens
448 4996 539 5048 illa
564 5004 708 5048 tanta
733 4992 947 5057 lumina,
978 5002 1266 5063 nequertam
1305 4992 1479 5063 audam
1520 4993 1724 5063 facinus
1747 5008 1864 5060 per-

291 5065 592 5117 horrescens
627 5080 644 5116 :
675 5064 817 5118 aliud
844 5064 1008 5127 enim,
1039 5061 1094 5115 ut
1122 5062 1250 5123 dixi,
1282 5062 1565 5131 symbolum
1605 5061 1726 5129 ﬁdei
1744 5098 1759 5122 ,
1787 5062 1863 5114 vel

291 5135 463 5204 potius
493 5136 660 5187 dicam
688 5134 937 5204 perﬁdia,
965 5132 1087 5186 edit.

366 5203 495 5269 Quae
512 5220 642 5258 vero
662 5198 888 5270 s'ymboli
909 5202 1155 5270 dogmata
1177 5200 1403 5270 primam
1428 5199 1696 5266 religionis
1710 5198 1864 5257 Chri-

293 5274 481 5327 stiana:
501 5272 657 5328 ﬁdem
678 5270 972 5335 destruant,
999 5270 1285 5332 ostendunt
1306 5270 1433 5324 satis
1463 5270 1659 5321 laudati
1681 5277 1866 5322 aucto-

296 5358 405 5397 res.
454 5344 583 5397 Nam
630 5360 751 5399 cum
792 5342 1029 5396 trinitate
1050 5356 1399 5411 personarum
1421 5339 1716 5411 divinarum
1736 5339 1863 5411 ,_in-

295 5416 609 5468 carnatione
654 5414 852 5475 Verbi,
890 5420 944 5465 et
988 5408 1156 5479 gratia
1208 5408 1430 5473 Christi,
1473 5408 1601 5461 lldes
1635 5409 1863 5479 inaxime

295 5492 527 5547 constet,
560 5484 650 5536 alii
672 5484 769 5536 tria
798 5483 937 5535 circa
963 5477 1254 5534 trinitatem
1283 5492 1627 5548 personarum
1652 5477 1858 5548 divina-

298 5569 413 5606 rum
436 5545 692 5620 arguunt;
718 5552 803 5605 alii
826 5551 1045 5605 totidem
1068 5551 1207 5603 circa
1231 5545 1648 5620 incarnationem
1671 5545 1857 5620 Yerbi;

296 5616 521 5675 tA-rtiuui
537 5622 800 5690 quoddam
829 5636 993 5689 genus
1015 5621 1213 5673 erroris
1240 5620 1305 5673 de
1334 5618 1499 5690 gratia
1521 5616 1733 5690 Christi,
1766 5631 1859 5690 seu

296 5692 403 5747 line
431 5709 493 5748 ac
519 5686 709 5748 allecto
749 5686 1129 5750 incarnationis
1165 5686 1609 5760 deprehendimus
1654 5687 1707 5741 in
1752 5686 1859 5744 dis-

1998 971 2289 1051 sertatione
2317 981 2586 1040 postrema
2609 975 2675 1027 ad
2702 976 2937 1044 priorem
2965 988 3170 1049 partem
3192 981 3421 1051 Operum
3443 985 3570 1041 Mer-

1998 1050 2214 1094 03101³15.
2900 1076 2907 1081 κ

2068 1110 2495 1191 Αινεωιρι-νυιεο
2533 1114 2859 1191 recentiores
2896 1116 3005 1172 fere
3043 1133 3230 1173 omnes
3259 1121 3421 1175 verba
3449 1138 3570 1191 qure

1997 1194 2219 1261 numero
2248 1180 2281 1233 5
2313 1180 2559 1247 leguntur
2588 1184 2885 1261 deﬁpiritu
2903 1197 3123 1261 sancto,
3148 1205 3294 1259 quem
3323 1180 3482 1259 neque
3502 1196 3569 1261 fi-

1996 1250 2121 1329 lium
2148 1266 2287 1329 esse,
2331 1267 2499 1329 neque
2522 1250 2801 1329 perfidum
2830 1250 3447 1329 etistentiam'accepisse
3466 1250 3566 1329 pu-

1996 1327 2181 1397 tamus.
2224 1318 2353 1384 Quae
2393 1318 2553 1374 verba
2590 1318 3059 1397 Mannel‘Calecas
3099 1318 3568 1384 trahere'cona'tur

1995 1388 2050 1440 in
2078 1388 2561 1463 ιιυιιιιιιιβθιιδιιιῐι-2
2608 1394 2759 1459 quasi
2808 1393 3038 1462 Spiritus
3085 1406 3297 1449 sanctus
3334 1397 3561 1463 dieatur,

1994 1472 2100 1509 non
2126 1459 2348 1532 perinde
2385 1476 2481 1527 per
2522 1460 2785 1532 Verbum,
2829 1459 2892 1518 ac
2931 1474 3109 1519 creata
3145 1467 3395 1532 qumlibet
3435 1459 3557 1531 alia,

1993 1529 2311 1597 _exstantiam
2359 1530 2658 1597 accepisse;
2709 1533 2803 1585 sed
2851 1534 2979 1587 nihil
3020 1529 3306 1588 admodum
3348 1552 3440 1588 sua
3474 1529 3562 1591 illa

1992 1595 2252 1717 penigoa,
2294 1598 2408 1653 sive
2449 1595 2921 1668 interpretatione,
2970 1605 3083 1658 sive
3112 1604 3364 1658 violentia
3390 1642 3404 1666 ,
3436 1621 3563 1673 pro-

2012 1677 2134 1717 eeit.
3420 1690 3425 1693 -

2012 1677 2134 1719 CCII.
3420 1690 3425 1693 -

2061 1736 2303 1809 Arguunt
2342 1738 2462 1809 alii,
2498 1753 2737 1809 quorum
2791 1757 2984 1795 nomen
3031 1741 3308 1797 Facundus
3350 1743 3557 1809 reticet,

1991 1805 2133 1871 quod
2172 1817 2361 1878 quarta
2403 1808 2452 1859 in
2496 1808 2752 1863 Trinitate
2795 1827 3021 1878 persona
3064 1812 3240 1864 induci
3280 1805 3553 1877 videaturi

1991 1890 2111 1947 cum
2141 1876 2506 1947 e_ni_m_drictum
2540 1887 2710 1931 esset:
2756 1876 3017 1933 Credimus
3046 1882 3099 1932 in
3133 1879 3295 1932 Deum
3324 1876 3553 1947 Patrem,

1990 1952 2038 1994 et
2058 1944 2112 1994 in
2142 1941 2238 1996 Dei
2262 1943 2455 2020 ilium
2488 1949 2831 2020 unigenitum,
2855 1959 3004 2020 atque
3031 1951 3280 2020 Spiritum
3301 1941 3551 2020 sanctum,

1990 2026 2213 2066 numero
2261 2011 2329 2078 5,
2363 2012 2419 2066 ﬁt
2456 2011 2631 2071 sermo
2677 2017 2744 2071 de
2791 2011 3015 2073 Domino
3058 2011 3183 2072 Jesu
3223 2018 3454 2083 Christo,
3500 2011 3553 2073 in

1990 2094 2149 2155 quem
2195 2097 2325 2155 sane
2371 2084 2591 2155 credere
2640 2102 2736 2155 nos
2773 2096 3015 2155 oportet,
3049 2097 3319 2155 tamquam
3349 2089 3415 2141 ab
3436 2088 3555 2143 aliis

1991 2149 2413 2223 tribusdiverso.
2453 2152 2649 2223 _Verum
2679 2149 2842 2208 futilis
2865 2164 2947 2209 est
2972 2149 3221 2223 objectio.
3530 2218 3531 2221 η

2065 2220 2117 2271 In
2148 2220 2401 2295 libroqui
2428 2221 2721 2295 _Justiniani
2753 2226 2965 2295 nomine
3001 2220 3246 2292 vulgatus
3283 2234 3383 2289 est,
3415 2227 3553 2295 obji—

1991 2287 2130 2341 citur
2156 2287 2587 2364 Sabell‘ia‘nismus
2615 2294 2819 2347 auctori
2850 2287 3279 2364 symbolinuasi
3302 2287 3415 2362 jam
3442 2287 3549 2349 non

1986 2367 2231 2430 quartam
2271 2361 2671 2415 subintrodueat
2710 2361 3023 2430 personam,
3063 2364 3157 2417 sed
3198 2361 3312 2417 tres
3337 2364 3468 2418 alias
3496 2366 3548 2419 in

1986 2427 2194 2499 unicam
2243 2431 2540 2483 contrahat.
2602 2427 2894 2499 Objicieiidi
2934 2448 3148 2486 causam
3191 2433 3399 2486 dedisse
3438 2436 3547 2488 visa

1984 2505 2109 2571 sunt
2143 2497 2257 2552 hcce
2283 2501 2490 2553 numeri
2518 2499 2551 2551 4
2581 2497 2741 2571 verha
2775 2519 2787 2553 :
2813 2503 3124 2571 Con/itemur
3143 2512 3310 2554 autem
3339 2502 3549 2556 Patrem

1983 2565 2037 2639 in
2059 2582 2275 2639 persona
2298 2572 2651 2639 perfectumiet
2672 2570 2862 2624 Filium
2891 2565 3144 2634 similiter,
3168 2582 3396 2624 sanctum
3422 2571 3547 2639 Spi-

1983 2590 2037 2635 tu
2059 2590 2275 2635 persona
2298 2590 2573 2639 perjecmm
2603 2590 2651 2621 ει
2672 2590 2704 2621 ι’
2722 2590 2862 2624 mum
2891 2590 3144 2634 simtuter,
3168 2590 3396 2624 sanczum
3422 2590 3458 2624 ὁ
3522 2603 3546 2613 ο

1983 2635 2135 2687 ritum
2180 2636 2375 2708 itidem,
2425 2646 2529 2692 etc.
2578 2638 2708 2707 Ipsis
2735 2642 2873 2693 enim
2921 2642 3094 2695 allatis
3133 2640 3400 2708 subjungit
3429 2590 3546 2696 Ηίιί

1982 2714 2170 2780 aucto}:
2185 2703 2425 2780 {Oportet
2440 2703 2617 2761 autem.
2627 2710 2910 2763 auditorem
2932 2712 3203 2780 inspicere,
3227 2703 3351 2780 quid
3360 2713 3413 2764 in
3433 2728 3550 2765 san-

1983 2783 2077 2827 cta:
2126 2773 2394 2829 Trinitatis
2435 2794 2653 2847 persona
2692 2781 2896 2844 dicens,
2947 2773 3208 2833 stultum
3239 2773 3297 2831 ἐι
3341 2797 3542 2846 manu,

1981 2858 2141 2913 unam
2170 2862 2440 2913 personam
2468 2857 2727 2900 astruatur
2757 2849 2924 2901 dicere
2958 2851 3107 2901 trium
3142 2850 3405 2913 nominum
3432 2866 3549 2902 san-

1983 2921 2079 2965 cta:
2101 2912 2366 2985 Trinitatis
2397 2916 2671 2969 secundum
2714 2917 2927 2971 Sabellii
2959 2912 3237 2971 insaniant.
3271 2916 3543 2985 Objectio-

1982 2996 2102 3057 nem
2132 2982 2424 3057 ejusmodi,
2466 2994 2523 3057 ut
2564 3002 2668 3039 non
2699 2994 2780 3041 est
2806 2988 2991 3057 procul
3029 2987 3192 3042 dubio
3215 2982 3547 3056 gravissima,

1979 3050 2135 3123 facile
2165 3052 2445 3123 Facundus
2472 3056 2692 3123 depulit.

2052 3120 2279 3203 Damnat
2308 3120 2577 3203 Ephesina
2600 3126 2833 3203 synodus
2853 3126 3151 3203 symbolum
3179 3133 3371 3203 totum,
3400 3132 3548 3185 velut

1980 3193 2750 3264 contrarium_lidei_catholicze
2779 3196 2845 3249 de
2867 3193 3230 3249 incarnatione
3255 3193 3543 3264 Unigeniti,

1979 3268 2067 3324 et,
2099 3262 2688 3334 lll‘lOQUilUILCyrillllS,
2720 3265 2864 3317 velut
2897 3264 3223 3318 Nestorianze
3259 3262 3548 3334 impietatis

1978 3331 2372 3398 scaturriginem.
2410 3330 2555 3385 Unde
2596 3332 2861 3387 Mercator
2902 3342 3173 3388 auctorem
3204 3330 3390 3401 tradit,
3440 3356 3545 3393 non

1978 3401 2204 3475 noijella,
2245 3401 2334 3453 sed
2368 3412 2535 3475 vetera
2564 3403 2935 3475 partim_Raitli
2973 3404 3326 3475 Samosateni,
3358 3411 3547 3475 partim

1978 3467 2213 3539 Ebiouis,
2245 3472 2434 3539 partim
2464 3467 2699 3525 Marcelli
2732 3470 2933 3526 Galate:
2971 3482 3021 3526 et
3058 3472 3271 3526 Photini
3298 3467 3408 3529 esse
3432 3494 3546 3534 cum

1976 3538 2235 3592 impietate
2246 3538 2251 3539 ί
2262 3540 2501 3592 locutum.
3564 3572 3567 3575 ν

2094 3608 2404 3679 eprehendit
2418 3611 2577 3675 igitur
2604 3608 2886 3673 Mercator,
2912 3610 2979 3679 1°,
2995 3611 3137 3679 quod
3155 3612 3467 3670 Theodorus
3490 3616 3545 3671 in

1976 3677 2219 3753 symbolo
2258 3676 2528 3730 Christum
2560 3679 2718 3753 faciat
2754 3696 2942 3753 purum
2969 3676 3242 3753 hominem
3273 3682 3546 3753 ﬁliumque

1976 3744 2098 3819 Dei:
2126 3760 2230 3819 no_n
2250 3754 2594 3819 _natura_esse
2609 3744 2773 3819 dicat,
2804 3748 2896 3801 sed
2918 3748 3207 3819 adoptione
3236 3766 3329 3804 seu
3352 3744 3541 3819 gratia;

1972 3812 2037 3864 2°
2058 3811 2201 3886 quod
2233 3813 2367 3867 duos
2395 3815 2571 3886 reipsa
2600 3814 2839 3886 Christus
2866 3811 3145 3883 pnedicet;
3178 3818 3240 3871 5ο
3269 3811 3414 3886 quod
3445 3811 3543 3875 ne;

1973 3880 2252 3956 getverha
2290 3880 2647 3956 evangelista,
2688 3880 2908 3956 Verbum
2954 3901 3076 3956 cura
3107 3880 3303 3956 factum
3324 3897 3418 3951 est,
3448 3905 3542 3943 ac-

1974 3951 2077 4019 cipi
2121 3966 2281 4019 posse
2318 3952 2537 4021 proprio
2576 3968 2763 4019 sensu,
2810 3954 2913 4007 nisi
2957 3951 3190 4008 Verbum
3232 3955 3283 4008 in
3324 3971 3541 4012 carnem

1973 4021 2561 4093 conversumdicatur.
2618 4022 2719 4076 Ista
2766 4023 3005 4093 pluribus
3030 4024 3394 4090 demonstrat,
3444 4028 3537 4081 sed

1972 4089 2200 4143 alterum
2230 4090 2393 4156 addit,
2425 4105 2492 4144 ex
2524 4089 2810 4161 anticipata
2840 4094 3045 4162 potius,
3076 4100 3135 4146 ut
3156 4108 3296 4155 reor,
3327 4095 3539 4162 opinio-

1972 4173 2069 4222 ne,
2099 4174 2260 4227 quam
2289 4175 2356 4214 ex
2389 4169 2534 4215 certa
2577 4162 2926 4216 collectione:
2958 4161 3142 4229 objicit
3171 4164 3311 4216 enim
3332 4161 3539 4218 auctori

1971 4229 2197 4300 syniboli
2224 4229 2367 4296 quod
2390 4230 2658 4300 hominem
2674 4239 2877 4300 asserat
2901 4232 3046 4300 prius
3071 4230 3363 4285 formatum
3380 4232 3541 4287 fuisse

1970 4312 2001 4351 a
2028 4297 2229 4366 Spiritu
2259 4306 2446 4353 saneto
2472 4299 2524 4351 in
2550 4308 2702 4353 utero
2741 4297 2957 4366 virginis
2980 4340 2994 4363 ,
3039 4308 3200 4367 atque
3250 4302 3537 4365 exstitisse,

1969 4367 2320 4438 quamyerbo
2350 4367 2669 4433 adhzereret,
2715 4367 3014 4436 factumque
3061 4382 3127 4422 ex
3163 4369 3539 4438 conjunctione

1970 4450 2092 4489 cum
2134 4435 2309 4490 Verbo
2337 4444 2594 4490 creaturae
2621 4438 2765 4491 omni
2787 4435 3130 4492 adorabilem.

2042 4504 2239 4578 Yerum
2276 4513 2421 4578 certa
2449 4506 2655 4578 ratione
2682 4516 2891 4560 constat
2921 4509 3207 4562 indubitati.
3227 4524 3332 4578 que
3366 4509 3540 4565 Theo-V

1969 4573 2084 4627 dori
2109 4575 2456 4638 testimoniis,
2486 4575 2538 4628 in
2569 4576 2683 4643 ipso
2712 4586 2995 4646 conceptu,
3025 4578 3183 4632 Verbi
3210 4573 3263 4632 et
3290 4579 3537 4633 humanae

1970 4651 2173 4715 natura:
2209 4647 2479 4715 ᾳυνάφειαν
2507 4646 2807 4709 exstitisse,
2850 4647 3061 4714 qualem
3086 4662 3287 4715 nempe,
3304 4648 3534 4701 admisit.

1970 4712 2107 4777 Quid
2152 4713 2292 4765 enim
2333 4712 2629 4769 evidentius
2674 4715 2757 4768 vel
2805 4712 2891 4768 illa
2939 4712 3533 4779 sententia—Theodori,

1969 4796 2128 4853 quam
2160 4783 2376 4837 adducit
2396 4784 2659 4838 Mercator
2679 4785 2823 4853 ipse,
2851 4794 3105 4853 excerpto
3126 4786 3191 4837 ὗε
3226 4784 3436 4838 Occulte
3464 4788 3537 4838 ei-

1971 4852 2084 4904 dem
2106 4853 2368 4925 copulatus
2402 4863 2502 4915 est,
2536 4870 2625 4906 nec
2661 4852 2795 4906 enim
2824 4855 3000 4907 aberat
3018 4852 3141 4907 cum
3162 4857 3411 4925 formatus
3439 4864 3534 4919 est,

1971 4938 2072 4974 non
2113 4922 2442 4986 dividebatur,
2476 4940 2589 4975 cum
2629 4934 2938 4986 nasceretur,
2969 4931 3110 4986 etc.;
3155 4922 3237 4977 vel
3266 4924 3364 4975 ista
3384 4963 3398 4987 ,
3430 4939 3536 4989 qua

1971 4993 2134 5044 utitur
2159 4991 2436 5061 Facundus
2474 4994 2538 5045 ad
2571 4993 2963 5047 accusationem
2998 4993 3364 5061 depellendam
3397 4991 3532 5060 (Lib.

1970 5077 2043 5122 ιιι,
2077 5077 2188 5129 cap.
2216 5059 2268 5128 5)
2298 5079 2309 5112 :
2341 5061 2537 5114 Bonum
2565 5074 2639 5115 est
2666 5065 2719 5116 in
2742 5064 2836 5115 hoc
2857 5063 2966 5116 loco
2987 5059 3209 5115 malrime
3236 5059 3537 5113 concludere

1968 5130 2088 5203 quid
2108 5132 2312 5203 virtutis
2334 5131 2553 5203 habeant
2572 5149 2631 5185 ea
2652 5150 2762 5203 qua:
2783 5133 2918 5184 dicta
2938 5142 3081 5197 sunt,
3104 5133 3206 5203 sive
3224 5131 3534 5192 conversari,

1968 5198 2072 5272 sive
2101 5198 2366 5268 baptizari,
2399 5198 2779 5272 sivegruciﬁgi,
2812 5205 2916 5255 sive
2937 5212 2985 5253 et
3012 5202 3169 5264 mori,
3195 5202 3299 5253 sire
3316 5208 3364 5252 et
3392 5216 3535 5272 sepe-

1968 5270 2072 5340 liri,
2106 5278 2461 5340 et‘resurgere.
2501 5269 2623 5323 Non
2654 5269 2777 5340 puro
2799 5272 2951 5323 alicui
2979 5272 3086 5324 lucc
3115 5277 3410 5339 coaptantes
3442 5269 3538 5340 ho-

1968 5339 2095 5391 mini
2135 5337 2371 5391 dicimus.
2414 5338 2527 5410 Hoc
2554 5337 2689 5392 enim
2728 5344 2781 5393 in
2820 5356 3123 5410 unaquaque
3160 5337 3407 5410 dictorum
3447 5338 3538 5410 tle-

1969 5410 2339 5465 monstratione
2384 5409 2573 5461 addere
2615 5427 2713 5463 non
2744 5407 3020 5471 moramur,
3042 5407 3119 5461 ἰιι
3154 5408 3350 5461 nullam
3387 5407 3532 5459 calu-

1968 5477 2283 5549 mniantibus
2309 5476 2621 5549 pratbeamus
2643 5484 2783 5549 male,
2802 5480 3036 5549 loquendi
3062 5478 3414 5537 occasionem;
3446 5475 3537 5549 sed

1964 5545 2250 5617 inhabitato
2280 5544 2479 5617 quidem
2500 5547 2629 5601 adeo
2670 5544 2941 5614 l’erbo,'ab
2962 5550 3075 5617 ipsa
3102 5549 3156 5600 in
3185 5555 3329 5599 utero
3350 5544 3534 5597 matris

1963 5616 2319 5687 plasmatione.

2037 5685 2273 5757 Denique
2296 5702 2361 5743 es
2390 5687 2567 5744 verbis
2596 5687 2801 5745 numeri
2848 5685 2880 5741 8
2920 5685 3246 5743 confecimus
3290 5698 3319 5736 a
3350 5680 3533 5734 Theo-
