3980 6182
493 319 627 374 ιυδι

983 315 1170 370 MAllll
1214 313 1645 369 MERCATORIS
1682 311 2061 367 Τιίιι-ΝΒΙΑΤΙ

2168 311 2244 366 ES
2283 309 2641 365 VARIORUM
2677 304 3186 364 OPUSCL'LORUM

3587 302 3720 358 1052

493 431 629 486 doro
647 446 756 485 non
782 430 1004 484 obscure
1027 424 1310 494 signiﬁcari
1338 425 1564 492 gratiam
1584 421 1777 494 Christi
1797 463 1811 484 ,
1844 429 2060 489 propter
2089 430 2128 483 Α
2161 419 2335 494 Opera
2367 427 2494 472 tunc
2514 417 2771 494 temporis
2795 416 3051 479 latebant,
3083 431 3224 470 nunc
3247 429 3376 468 vero
3403 413 3551 468 edita
3577 413 3728 466 dubi-

494 517 656 568 quam
686 500 828 554 venit
852 500 903 552 in
942 493 1096 568 hunc
1117 495 1401 568 mundum,
1435 510 1540 547 non
1569 493 1726 545 aliam
1756 508 1875 546 esse
1901 507 2060 559 quam

496 563 581 625 vel
608 569 903 624 doctrinam
933 566 1015 620 vel
1041 563 1359 632 exemplum.

564 638 680 692 Jam
712 653 837 691 vero
865 637 932 689 de
957 644 1176 688 auctore
1198 629 1404 701 primus
1421 671 1435 696 ,
1463 630 1606 701 quod
1629 631 1792 701 sciam
1809 669 1822 691 ,
1854 629 2062 683 Facun-

498 708 596 762 dus
615 705 1170 776 qumstionemmovit.
1200 700 1333 756 Cum
1361 701 1502 776 enim
1536 700 1602 753 de
1629 700 1912 754 Theodoro
1934 715 2064 776 coii-

496 769 648 832 stans
686 784 829 830 esset
871 775 1209 840 antiquorum
1254 770 1550 840 sententia,
1611 785 1772 822 ausus
1819 777 1901 821 est
1950 769 2063 840 ipse

496 847 783 909 disi'tentiri,
816 862 882 899 ne
910 839 1066 912 quem
1088 856 1278 911 purum
1308 839 1802 912 limresisprmstare
1830 839 2064 891 conaba-

497 916 880 979 tumadversus
915 910 1164 981 Quintam,
1198 911 1459 981 synodum
1483 950 1497 974 ,
1531 910 1574 981 is
1602 910 1781 981 statim
1812 924 1879 981 ex
1916 923 2062 981 sym-

493 975 619 1040 bolo
659 975 1082 1040 convinceretur.
1125 975 1286 1034 Miror
1333 995 1460 1032 vero
1489 979 1773 1031 adhmsisse
1815 975 2064 1029 Facundo

493 1055 639 1108 viros
667 1055 840 1112 magni
872 1052 1120 1112 nominis,
1152 1049 1450 1102 Manuelem
1475 1047 1752 1110 Calecam,
1785 1044 2064 1099 Bellarmi-

493 1140 638 1189 tium,
672 1133 725 1178 et
752 1115 1047 1186 Pctavium,
1092 1120 1183 1187 qui
1213 1118 1523 1189 Nestorium
1541 1126 1814 1189 auctorem
1842 1115 2059 1189 facium.

493 1183 774 1258 Quomodo
813 1193 972 1254 enim,
1015 1183 1322 1257 vel-quintae
1342 1187 1528 1258 synodi
1547 1186 1803 1253 judicium
1831 1199 1938 1253 pra:
1964 1183 2066 1235 Fa-

493 1256 669 1339 cundo
707 1263 792 1339 vix
823 1261 1111 1339 quidquam
1133 1256 1254 1339 ’ἔξω
1298 1273 1357 1339 se
1374 1256 1690 1339 proferente
1728 1261 2062 1339 spreverunt,

492 1332 579 1385 vel
600 1327 880 1386 Leontium
903 1327 1112 1384 curiose
1133 1327 1398 1381 Theodori
1421 1327 1628 1392 singula
1649 1329 2064 1393 persequentem

493 1416 602 1457 nni
629 1401 980 1455 audiverunt?
1024 1397 1225 1452 Omitto
1253 1396 1320 1450 de
1347 1391 1880 1458 Mercatoredicere,
1911 1391 2066 1461 cujus

2163 499 2276 543 tare
2297 488 2410 556 jam
2438 503 2545 540 non
2572 488 2771 541 sinunt.

2235 551 2508 611 Nestorius
2548 555 2786 623 magistri
2814 555 2896 608 sui
2925 553 3168 623 symbolo
3203 568 3331 606 usus
3367 559 3451 623 est
3489 551 3553 604 ad
3585 565 3727 623 spar-

2162 609 2386 694 gendum
2414 609 2693 690 lucremur;
2738 626 2862 678 huic
2886 609 3026 678 enim
3052 620 3490 694 subscribendum
3529 609 3730 694 curavit

2163 689 2230 750 ab
2259 696 2561 750 hominibus
2589 695 2681 763 qui
2723 697 2790 748 ab
2832 694 3017 747 haeresi
3047 690 3386 763 redirent__ad
3419 689 3728 763 Eeelesiam,

2162 765 2384 889 {ierinde
2412 781 2475 819 ac
2499 767 2545 845 _si
2573 758 2712 819 foret
2729 780 2898 846 .inera
2926 764 3137 817 Nicena:
3160 763 3244 841 vel
3279 758 3729 840 Constantinopo-

2186 845 2342 888 itaua:
2390 833 2510 888 ﬁdei
2557 842 2841 889 exposuio.
2890 834 2947 886 ld
2993 848 3123 886 vero
3147 841 3258 889 egit
3309 846 3404 889 per
3443 836 3729 889 impietatis

2186 837 2342 888 itaita:
2390 833 2510 888 ﬁdei
2557 835 2841 903 expositio.
2890 834 2947 886 ld
2993 848 3123 886 vero
3147 832 3258 898 egit
3309 846 3404 903 per
3443 828 3732 903 impietatis

2168 920 2270 960 suae
2309 897 2650 958 administros
2676 906 2810 958 duos
2832 943 2846 966 ,
2895 897 3235 965 Anastasium
3264 897 3320 954 et
3346 897 3732 966 Photiumaqui

2170 982 2220 1027 et
2249 975 2589 1042 presbyteros
2609 975 2742 1027 alios
2763 965 2915 1035 ducs,
2935 971 3227 1042 Antonium
3250 977 3310 1042 et
3329 967 3592 1042 Iacobum
3620 965 3737 1042 Plii-

2167 1036 2507 1111 ladelphiam,
2539 1044 2605 1096 ad
2631 1042 3053 1098 reconciliandos
3075 1038 3591 1105 Quartadecimaiios
3615 1072 3630 1096 ,
3665 1036 3739 1111 in-

2165 1105 2544 1180 duceiidosqiie
2573 1113 2640 1164 ad
2679 1111 3124 1180 subscriptionem
3161 1105 3739 1180 quosposscnt_._suh_-

2166 1183 2443 1235 miserunt.
2457 1174 2671 1236 'Verum
2691 1174 2962 1234 Charisius
2981 1174 3234 1234 Ecclesia:
3264 1174 3754 1242 Philadelphiensis.

2167 1253 2447 1321 presbyter
2483 1259 2642 1319 atque
2676 1266 3018 1321 meonomus,
3049 1249 3405 1321 subpdoratus
3433 1243 3739 1321 quod-erat,

2168 1313 2282 1375 rem
2306 1313 2474 1374 totam
2502 1313 2692 1374 detulit
2718 1320 2784 1373 ad
2807 1320 3090 1374 concilium
3124 1317 3480 1387 Ephesiuum,
3511 1313 3668 1381 cujus
3694 1313 3746 1364 in

2170 1391 2382 1446 actione
2408 1397 2560 1445 sexta
2582 1399 2692 1444 tota
2713 1392 2826 1445 hmc
2855 1389 3076 1444 historia
3105 1387 3314 1457 prolixe
3332 1393 3603 1439 narratur.

1559 1531 1826 1592 VERBA
1867 1526 2099 1590 MAR“
2142 1525 2674 1590 MERCATORIS.

560 1663 726 1733 Cujus
754 1670 935 1718 autem
962 1659 1197 1732 perﬁdia:
1238 1659 1309 1714 sit
1341 1657 1503 1713 etiam
1530 1654 1780 1726 praefatus
1809 1652 2154 1718 Theodorus,
2179 1668 2248 1708 ex
2275 1653 2489 1722 scriptis
2515 1666 2631 1721 ejus
2653 1689 2669 1714 ,
2717 1642 2837 1718 qua:
2878 1647 2947 1702 de
2984 1644 3184 1701 Grmcis
3220 1643 3611 1704 transtulimus,
3655 1655 3749 1710 ap-

492 1754 799 1824 probemus.

500 1840 3741 1886 __________________________________———__.

989 1958 1607 2043 THEODORI
1678 1951 1856 2036 MO
1873 1946 2498 2033 PSUESTENI
2572 1943 2970 2026 EXCER
2984 1939 3234 2024 PTA.

1941 2092 2232 2107 ’,αι’-..-

902 2173 1323 2229 EXCERPTUM
1362 2171 1644 2227 PRIMUM.

497 2291 750 2346 Theodori
778 2289 1124 2359 Mopsuesteui
1151 2290 1374 2357 episcopi
1403 2288 1466 2341 de
1489 2285 1710 2341 secundo
1730 2284 1921 2359 codice,
1939 2283 2070 2336 libro

558 2371 778 2433 quarto,
822 2355 947 2431 folio
989 2355 1204 2433 decimo,
1240 2355 1418 2410 contra
1446 2366 1680 2433 sanctum
1707 2355 2067 2424 Augustinum,

563 2425 914 2503 defendentem
943 2429 1200 2503 originale
1214 2436 1505 2503 peccatum,
1529 2434 1578 2503 et
1597 2425 1774 2503 ddunt
1784 2441 1872 2493 per
1896 2433 2071 2503 trans-

559 2493 871 2574 gressionem
898 2493 1166 2552 mortalem
1200 2493 1411 2568 factum,
1445 2495 1695 2549 catholice
1721 2493 2069 2547 disserentem.

561 2608 613 2662 l.
655 2607 842 2662 Tantis
859 2605 1213 2670 exstantibus,
1243 2620 1361 2674 quae
1389 2603 1775 2668 demonstrent,
1806 2601 1976 2655 Adam
1993 2599 2074 2656 sic

489 2715 558 2755 ex
579 2707 719 2754 terra
737 2697 1043 2762 formatum,
1066 2704 1127 2750 ut
1146 2695 1386 2749 mortalis
1406 2709 1622 2764 prorsus
1641 2693 1924 2757 existeret;
1947 2705 2075 2759 erga

489 2791 667 2847 Cibum
679 2789 955 2863 pmprium
967 2787 1137 2842 voluit
1151 2799 1416 2855 occupare
1431 2798 1753 2849 sermonem,
1772 2797 1871 2836 nec
1881 2779 2076 2836 exinde

487 2883 674 2938 valens
705 2882 986 2936 advertere
1006 2880 1304 2944 veritatem,
1335 2894 1434 2948 pro
1462 2877 1710 2946 dogmate
1738 2893 1885 2943 vero,
1916 2874 2075 2932 sedu-

486 2971 662 3028 ctorio
679 2987 748 3026 ex
768 2969 1068 3035 mendacio,
1099 2968 1506 3024 advocationem
1525 2967 1774 3040 jungens,
1796 2967 1937 3022 Deus
1963 2981 2074 3020 non

487 3061 567 3116 ait
609 3078 624 3116 :
664 3060 916 3117 Mortales
952 3059 1134 3128 eritis;
1184 3059 1280 3115 sed
1333 3067 1498 3113 morte
1550 3058 1837 3112 moriemini
1893 3054 2069 3130 (Gen.

486 3166 546 3216 ιι,
587 3149 720 3222 ιι).

553 3242 609 3297 2.
649 3241 878 3298 Prorsus
899 3241 1253 3298 existentibus
1291 3249 1480 3296 natura
1517 3239 1851 3304 mortalibus,
1877 3237 2074 3294 interra

485 3334 676 3389 mortis
701 3333 1089 3404 experientiam
1113 3331 1490 3395 comminatus,
1531 3344 1692 3398 quam
1731 3329 1903 3406 etiam.
1916 3327 2072 3398 juxta

489 3436 698 3477 morem
727 3421 959 3491 propria:
1003 3417 1378 3487 benignitatis,
1410 3416 1476 3471 ad
1504 3415 1750 3471 effectum
1778 3415 2073 3486 perducere

2099 2171 2144 2230 B
2173 2165 2281 2236 15),
2315 2164 2522 2220 indixit.
2556 2163 2661 2218 Pro
2689 2171 2838 2217 tanta
2872 2177 3002 2217 vero
3025 2161 3250 2232 pristina
3289 2161 3539 2230 largitate
3565 2169 3621 2216 et
3653 2179 3752 2217 vo-

2171 2256 2377 2326 luptate
2397 2253 2648 2324 paradisi.
2669 2267 3018 2307 aerumnosam
3040 2251 3156 2320 ejus
3177 2250 3755 2306 foresustentationem

2172 2345 2239 2400 de
2269 2353 2425 2399 terra:
2453 2342 2712 2397 fructibus
2733 2341 3106 2396 comminatur.
3129 2339 3260 2394 Nam
3290 2355 3512 2410 prorsus
3537 2349 3593 2393 et
3617 2340 3755 2412 [Ba-

2171 2435 2273 2488 luz.
2300 2431 2390 2504 ut]
2428 2432 2670 2488 mortalis
2692 2431 2878 2494 factus,
2902 2438 2957 2485 et
2976 2439 3106 2484 tunc
3133 2430 3365 2500 paradisi
3387 2430 3650 2485 fructibus
3679 2431 3757 2484 in-

2171 2524 2406 2594 digebat,
2429 2525 2568 2580 sicut
2588 2539 2728 2579 nunc
2752 2530 2910 2578 terra:
2931 2521 3134 2578 fructus
3162 2521 3410 2590 inquirit;
3435 2528 3490 2575 et
3509 2536 3609 2590 pro
3628 2535 3760 2589 sup~

2172 2617 2354 2687 plicio,
2385 2616 2625 2687 pristinis
2643 2615 2918 2670 fraudatus
2937 2614 3161 2678 deliciis,
3185 2613 3285 2668 hac
3302 2613 3757 2698 mrumnosissima

2150 2706 2701 2775 'lahoriosissiniaque
2722 2705 3131 2760 conversatione
3158 2703 3468 2758 mulctatur.

2242 2794 2296 2849 4.
2338 2793 2489 2850 Unde
2517 2795 2584 2849 ad
2602 2802 2931 2865 postremum
2953 2799 3346 2862 consequenter
3363 2789 3589 2859 adjecit:
3622 2787 3758 2853 Quia

2176 2896 2314 2941 terra
2340 2904 2414 2953 es,
2445 2897 2496 2941 et
2535 2887 2796 2941 reverteris
2835 2887 2889 2940 in
2938 2894 3127 2940 terram
3151 2883 3312 2954 (Gen.
3346 2900 3419 2949 ιιι,
3458 2883 3584 2952 17).
3621 2882 3757 2938 llinc

2175 2978 2338 3033 etiam
2364 2977 2748 3032 mortalitatem
2774 2983 2978 3030 naturae
3004 2974 3327 3043 signiﬁcans,
3357 2989 3466 3028 non
3489 2975 3639 3028 enim
3662 2973 3756 3026 iiii-

2174 3067 2392 3122 mortali
2415 3106 2429 3132 ,
2453 3075 2509 3122 et
2537 3082 2679 3122 nunc
2697 3067 2926 3137 primum
2954 3066 3248 3136 incipienti
3258 3067 3581 3121 sententiam
3605 3081 3755 3119 mor-

2175 3159 2243 3215 tis
2263 3160 2532 3230 excipere,
2581 3159 2723 3214 sicut
2767 3158 3146 3228 sapientissimi
3191 3156 3502 3212 defensores
3543 3157 3755 3227 peccati

2174 3251 2468 3321 originalis,
2493 3251 2656 3306 immo
2676 3250 2854 3321 potius
2872 3258 3052 3320 patres
3071 3248 3276 3320 peccati
3297 3248 3584 3310 mirabiles,
3608 3262 3758 3301 asse-

2173 3348 2380 3407 verant,
2411 3341 2734 3396 vocabulum
2761 3340 2888 3395 huic
2913 3349 3073 3395 terra:
3117 3338 3448 3408 composuit;
3475 3336 3574 3392 sed
3599 3346 3666 3391 ut
3689 3338 3758 3391 ab

2173 3432 2396 3489 exordio
2443 3430 2759 3486 naturaliter
2800 3427 2992 3486 allecto
3039 3429 3287 3491 mortali,
3337 3423 3755 3498 appellationem

485 3510 714 3566 distulit.
743 3509 896 3564 Sicut
923 3509 1064 3564 enim
1105 3523 1226 3563 cum
1259 3507 1421 3561 dicit:
1456 3504 1562 3571 Qui
1585 3507 1826 3576 effuderit
1852 3505 2072 3561 hominis
2099 3528 2143 3589 ρ
2176 3523 2316 3579 hanc
2341 3536 2639 3591 congruere
2683 3521 2936 3577 indicavit
2963 3519 2984 3594 [
3005 3519 3186 3575 Bal“.
3225 3517 3528 3592 judicavit]
3571 3518 3756 3575 divina

438 3665 440 3667 _
483 3604 809 3675 sanguinem,
836 3601 1049 3672 sanguis
1069 3600 1180 3670 ejus
1201 3616 1296 3669 pro
1315 3614 1376 3653 eo
1412 3597 1655 3670 {nudetur
1681 3597 1833 3669 (Gen.
1862 3615 1936 3665 ix,
1959 3598 2024 3669 6)
2049 3616 2064 3665 ;

488 3709 598 3750 non
617 3693 722 3749 hoc
742 3691 890 3774 dicit,
912 3691 1038 3760 quia
1059 3691 1150 3760 qui
1179 3690 1438 3746 occiderit
1464 3690 1756 3757 hominem,
1788 3691 1891 3746 erit
1916 3706 2066 3746 mor-

484 3784 639 3851 talis;
670 3782 765 3839 sed
793 3783 920 3852 quia
939 3780 1131 3850 dignus
1154 3788 1238 3836 est
1261 3777 1567 3842 huiusmodi
1606 3788 1780 3836 morte
1801 3780 2062 3836 damnari.

481 3865 574 3932 Sic
597 3858 1157 3947 et'imprteseutiarum
1184 3873 1321 3929 dixit
1350 3890 1364 3926 :
1407 3872 1579 3928 Morte
1605 3873 1927 3938 moriemini,-
1957 3887 2066 3927 non

478 3967 627 4036 quod
652 3974 782 4022 tunc
817 3967 1075 4022 mortales
1120 3964 1344 4030 tierent;
1385 3963 1478 4018 sed
1504 3963 1647 4033 quod
1694 3962 1839 4031 digni
1885 3971 2067 4018 essent

477 4057 574 4127 qui
595 4057 784 4112 mortis
796 4057 1117 4112 sententiam
1132 4070 1229 4125 per
1243 4053 1720 4122 transgressionem
1737 4051 1943 4126 [Baluz.
1965 4067 2065 4124 pro

480 4145 928 4219 transgressione]
944 4146 1226 4201 referrent.

549 4237 604 4293 5.
629 4237 734 4294 Sed
754 4245 809 4292 et
829 4237 1060 4291 divinam
1082 4234 1423 4296 sententiam,
1447 4247 1607 4302 quam
1634 4239 1758 4302 post
1783 4240 2061 4301 peccatum

481 4329 621 4383 Deus
650 4328 776 4382 Adzn
805 4326 1002 4383 inferre
1043 4327 1273 4392 videtur,
1317 4324 1566 4388 adverte;
1596 4323 1674 4378 sic
1713 4323 1855 4377 enim
1882 4322 2012 4376 dicit
2045 4340 2058 4375 :

489 4415 624 4479 Quia
646 4417 836 4469 audisti
872 4433 1042 4469 vocem
1075 4418 1252 4470 ua'oris
1277 4422 1403 4479 luat,
1451 4423 1500 4466 et
1537 4413 1801 4467 comedisti
1828 4411 1892 4466 de
1920 4413 2060 4483 ligno

483 4503 548 4558 de
574 4521 671 4575 quo
699 4520 1040 4574 prteceperam
1072 4504 1159 4557 tibi
1189 4504 1252 4557 de
1283 4505 1378 4557 hoc
1409 4503 1521 4556 solo
1554 4519 1656 4556 non
1686 4503 1964 4565 comedere,
1996 4520 2061 4555 ex

481 4613 542 4650 eo
567 4595 910 4659 manducasti,
941 4593 1214 4646 maledicta
1236 4595 1442 4646 terrain
1472 4592 1705 4663 operibus
1736 4594 1852 4656 tuis,
1885 4593 1938 4645 in
1962 4593 2054 4645 tri-

479 4689 624 4741 stitia
652 4687 882 4742 comedes
901 4703 1016 4740 eam
1043 4686 1274 4739 omnibus
1303 4685 1476 4738 diebus
1506 4687 1621 4738 vita:
1651 4695 1777 4752 tum;
1807 4687 1983 4756 spinas
2009 4697 2060 4740 et

479 4776 690 4831 tribulos
718 4779 940 4848 proferet
969 4775 1077 4840 tibi,
1101 4785 1151 4828 et
1185 4775 1419 4828 comedes
1449 4777 1622 4845 fenum
1659 4777 1791 4845 agri,
1823 4788 1871 4829 et
1896 4778 1950 4830 in
1969 4793 2057 4830 su—

2169 3613 2466 3686 Scriptura,
2490 3615 2594 3670 hoc
2609 3613 2680 3668 de
2706 3613 3012 3668 hominibus
3031 3612 3368 3677 vocabulum,
3395 3612 3464 3666 ad
3479 3611 3754 3667 ostensio-

2169 3725 2293 3765 nem
2319 3708 2681 3779 corruptibilis
2701 3715 2756 3762 et
2781 3705 3082 3761 resolubilis
3096 3720 3282 3760 eorum
3309 3712 3534 3768 natum,
3556 3705 3757 3774 saepius

2167 3815 2465 3856 assumens.
2493 3798 2629 3854 Nam
2658 3797 2953 3853 recordatus
2981 3808 3076 3863 est,
3101 3796 3292 3864 inquit,
3322 3797 3442 3869 quia
3471 3799 3638 3868 pulvis
3663 3815 3754 3852 su-

2165 3909 2296 3948 mus.
2324 3892 2515 3958 Homo,
2537 3893 2669 3946 sicut
2686 3891 2859 3962 fenum
2889 3889 2994 3943 dies
3014 3889 3147 3960 ejus,
3175 3897 3226 3942 et
3251 3890 3385 3942 sicut
3412 3889 3510 3957 ﬂos
3531 3891 3652 3959 agri
3678 3891 3757 3942 ita

2164 3983 2384 4053 ﬂorebit,
2400 3983 2519 4054 quia
2545 3983 2757 4053 spiritus
2785 3981 3112 4051 pertransivit
3137 3980 3191 4032 in
3211 3995 3290 4044 eo,
3315 3988 3488 4032 etnon
3514 3980 3616 4032 erit
3642 3995 3756 4032 am-

2165 4076 2298 4150 plius
2323 4074 2462 4128 locus
2490 4073 2601 4143 ejus
2627 4071 2744 4143 (Ps.
2771 4087 2861 4137 cn,
2885 4068 2994 4141 15).
3027 4068 3155 4124 Vult
3175 4076 3355 4124 autem
3375 4068 3574 4134 dicere,
3606 4067 3756 4137 quod

2164 4163 2556 4233 corruptibiles,
2587 4171 2644 4216 et
2665 4161 2979 4216 resolubiles
3004 4174 3195 4215 omnes
3215 4174 3418 4224 sumus,
3449 4159 3504 4212 in
3526 4159 3753 4213 modum

2162 4253 2270 4309 feni
2295 4268 2580 4324 parumper
2607 4252 2846 4307 ﬂorentis
2875 4250 3254 4322 pereuntisque
3281 4256 3406 4319 post
3433 4249 3749 4318 paululum:

2162 4363 2287 4400 nam
2315 4347 2382 4400 ad
2405 4345 2568 4400 breve
2587 4341 2802 4413 Quidem
2832 4352 3042 4414 tempus
3061 4344 3226 4397 vitam
3250 4342 3514 4408 ducimus,
3545 4340 3616 4395 ad
3639 4358 3748 4396 non

2161 4436 2498 4492 cxistendum
2527 4436 2655 4490 vero
2699 4435 2952 4503 deinceps
2997 4434 3216 4489 omnino
3263 4434 3625 4502 pervenimus.
3656 4433 3748 4488 Sic

2161 4534 2215 4581 ct
2236 4527 2498 4581 Abraham
2519 4544 2532 4578 :
2558 4525 2669 4597 Ego
2691 4543 2822 4591 sum,
2847 4525 3032 4593 inquit,
3058 4535 3190 4577 terra
3206 4540 3266 4576 ac
3285 4525 3415 4578 cinis
3433 4523 3741 4589 (Gemma,

2158 4619 2303 4689 Q7);
2343 4634 2442 4688 pro
2488 4634 2555 4673 eo
2595 4634 2659 4672 ac
2695 4617 2738 4672 si
2780 4617 2982 4672 diceret
3015 4634 3027 4668 :
3068 4615 3187 4670 Non
3227 4632 3343 4670 sum
3400 4617 3594 4684 dignus
3621 4633 3745 4671 cum

2159 4717 2311 4764 tanto
2341 4709 2452 4762 Deo
2481 4708 2733 4776 colloqui,
2757 4707 2919 4761 homo
2947 4705 3117 4763 factus
3142 4722 3172 4761 e
3199 4714 3358 4771 terra,
3391 4715 3446 4761 et
3473 4708 3746 4760 omnimo-
3775 4757 3786 4770 ,

2158 4799 2240 4854 dis
2262 4800 2364 4854 hoc
2383 4799 2610 4853 futurus.
2643 4798 2812 4865 Magis
2850 4812 2979 4866 ergo
3005 4797 3186 4851 dicere
3214 4797 3414 4862 debuit,
3439 4799 3566 4866 quia
3598 4807 3744 4852 terra

477 4871 599 4923 dare
631 4869 794 4922 vultus
836 4870 907 4923 tui
934 4867 1164 4923 comede:
1192 4883 1375 4938 panem
1407 4876 1564 4932 tuum,
1599 4867 1758 4921 donec
1787 4869 2054 4922 revertaris
2083 4895 2134 4955 Β
2159 4891 2296 4954 eris,
2326 4895 2381 4945 et
2409 4890 2459 4944 in
2492 4897 2688 4944 terram
2711 4889 3016 4952 reverteris,
3049 4889 3308 4958 Siquidem
3337 4905 3483 4944 nunc
3513 4892 3744 4960 primum

474 4963 528 5014 in
556 4972 746 5015 terram
774 4959 939 5031 (Gen.
977 4975 1052 5025 ιιι,
1087 4958 1205 5029 l7).
1240 4957 1354 5012 Hoc
1398 4967 1576 5012 autem
1615 4974 1712 5027 per
1749 4959 1862 5012 haec
1901 4974 2048 5013 com-

475 5051 706 5105 minatus
733 5059 834 5116 est,
862 5050 1005 5119 quod
1023 5065 1378 5103 aerumnosam
1398 5049 1561 5101 vitam
1583 5049 1859 5105 habiturus
1886 5055 2047 5115 esset,

472 5154 592 5192 cum
621 5139 808 5193 labore
827 5141 1078 5209 deinceps
1107 5140 1308 5192 fructus
1333 5138 1400 5192 de
1429 5145 1571 5192 terra
1591 5147 1915 5209 sumpturus,
1938 5139 2052 5207 qui-

470 5229 572 5284 bus
617 5231 867 5296 aleretur,
900 5238 956 5286 et
991 5231 1321 5295 subsisteret,
1354 5245 1690 5298 nequaquam
1736 5232 1958 5296 habens,
1991 5239 2048 5285 ut

472 5319 698 5388 pridem,
731 5327 934 5374 tantam
974 5321 1304 5390 propositam
1355 5321 1686 5388 laigitatem,
1735 5330 1935 5388 quanta
1979 5337 2048 5376 ex

470 5408 701 5478 paradisi
723 5412 876 5481 copia
920 5410 1215 5465 fruebatur.
1247 5411 1362 5465 Non
1409 5411 1553 5464 enini
1592 5412 1804 5480 operari
1845 5419 2045 5466 terram

470 5513 569 5566 pro
601 5501 859 5569 supplicio
888 5501 1033 5556 dedit
1061 5501 1219 5564 Deus,
1251 5500 1403 5568 quasi
1442 5514 1507 5554 ex
1538 5500 1824 5554 immortali
1855 5510 2042 5555 natura

467 5585 523 5640 in
549 5589 927 5645 mortalitatem
957 5592 1200 5646 homines
1239 5589 1584 5654 transferens,
1614 5590 2044 5659 quandoquidem

465 5682 523 5730 et
546 5680 851 5747 paradisum
878 5682 950 5750 ei,
973 5690 1029 5735 ut
1070 5691 1366 5754 operaretur
1391 5689 1441 5736 et
1479 5681 1753 5736 custodiret
1781 5681 1948 5751 (Cea.
1984 5699 2038 5750 ιι,

2156 4980 2307 5036 lieret
2333 4989 2520 5035 natura
2550 4980 2812 5035 mortalis.

2530 5089 2952 5145 EXCERPTUM
2989 5087 3383 5145 SECUNDUM.

2154 5202 2402 5274 Ejusdem
2434 5202 2689 5257 Theodori
2711 5218 2775 5255 ea:
2803 5202 3028 5274 secundo
3045 5199 3401 5274 codice,itibro
3422 5201 3594 5266 tertio,
3613 5209 3742 5252 ante

2593 5284 2812 5344 quatuor
2839 5274 2968 5343 folia
2994 5273 3118 5340 ﬁnis
3146 5270 3284 5325 libri.

2223 5409 2272 5462 l.
2319 5408 2425 5463 Sed
2472 5408 2603 5462 nihil
2633 5408 2847 5463 illorum
2893 5408 3201 5476 perspicere
3245 5404 3422 5476 potuit
3473 5403 3740 5457 mirabilis

2149 5501 2356 5571 peccati
2379 5500 2650 5568 originalis
2673 5508 2928 5564 assertor,
2953 5500 3152 5568 quippe
3172 5497 3264 5567 qui
3284 5497 3336 5551 in
3364 5496 3560 5549 divinis
3583 5495 3734 5548 Scri-

2149 5591 2320 5661 pturis
2343 5605 2676 5660 nequaquam
2704 5589 2863 5644 fuerit
2890 5590 3233 5651 exercitatus,
3265 5602 3365 5643 nec
3390 5586 3453 5640 ab
3483 5586 3734 5656 infantia,

2144 5682 2296 5752 juxta
2326 5683 2471 5738 beati
2511 5681 2662 5738 Pauli
2691 5698 2909 5745 vocem,
2940 5699 3118 5738 sacras
3156 5681 3391 5741 didicerit
3427 5680 3618 5734 litteras
3657 5677 3680 5745 (
3711 5700 3732 5742 ι
