3978 6188
351 375 498 433 1055

1355 360 1717 419 EXCERI’TA
1756 361 2109 419 TllEODORl
2147 361 2637 420 MOPSUESTENI.

3482 364 3618 421 1934

355 488 490 542 Tim.
518 501 592 547 Ill,
627 479 748 551 lii);
780 478 870 534 sed
901 478 1014 532 sive
1033 476 1099 531 de
1127 474 1416 543 Scriptura:
1445 474 1704 538 sensibus,
1733 473 1845 528 sive
1865 474 1931 529 de
1961 482 2003 536 Α
2035 477 2419 544 apostolisque,
2449 475 2535 530 vel
2557 475 2776 543 reliquis
2803 476 3070 543 omnibus,
3095 477 3162 530 de
3182 475 3375 544 quibus
3396 477 3468 529 ait
3489 477 3620 531 bea-

350 575 605 642 dogmate
643 586 785 639 saepe
822 567 1149 629 declamans,
1196 564 1364 619 multa
1410 563 1717 632 frequenter
1757 563 1937 633 inepta

350 663 575 735 proprie
611 658 1034 716 communiterve
1081 656 1147 710 de
1193 655 1322 725 ipsis
1360 653 1650 724 Scripturis
1676 654 1939 722 dogmati-

350 756 562 824 busque
581 750 821 822 plurimis
846 748 1184 818 impudenter
1211 745 1557 817 exprompsit.
1583 744 1715 800 Nam
1742 752 1935 815 poten-

346 853 444 908 tiae
469 858 648 905 motus
674 846 880 920 [Belua
912 840 1107 913 metus]
1138 840 1340 897 nullum
1366 848 1555 896 contra
1601 842 1810 895 sinebat
1856 838 1936 894 ef-

346 944 485 1009 fari;
517 942 611 998 sed
642 937 1012 994 tantummodo
1043 936 1212 1000 taciti,
1242 935 1333 1003 qui
1365 934 1662 988 divinarum
1688 933 1934 1003 Scriptu-

346 1049 535 1089 rarum
564 1031 834 1091 habebant
870 1028 1136 1091 notitiam,
1170 1024 1524 1081 detrahebant
1544 1022 1718 1095 [Fara
1748 1038 1807 1078 se
1842 1038 1932 1077 re-

347 1122 691 1195 trahebant].
723 1120 1021 1175 Novissime
1047 1134 1176 1172 vero
1203 1117 1256 1170 in
1284 1117 1422 1171 hanc
1447 1115 1710 1183 dogmatis
1738 1114 1935 1168 excidit

344 1217 667 1280 novitatem,
692 1226 799 1281 qua
819 1211 1039 1273 diceret,
1071 1208 1215 1276 quod
1241 1207 1296 1261 in
1318 1208 1395 1261 ira
1414 1214 1577 1274 atque
1597 1205 1775 1259 furore
1792 1205 1933 1259 Deus

343 1308 526 1364 Adam
570 1304 856 1360 mortalem
892 1314 1032 1356 esse
1070 1299 1422 1370 praeceperit;
1454 1306 1510 1354 et
1548 1305 1771 1367 propter
1818 1296 1932 1365 ejus

349 1412 516 1455 unum
544 1397 817 1458 delictum,
846 1401 1091 1455 cunctos,
1123 1391 1283 1445 etiam
1302 1389 1531 1444 necdum
1560 1397 1734 1455 natos,
1765 1388 1935 1442 homi-

346 1507 450 1547 nes
470 1497 642 1546 morte
669 1488 1025 1544 mulctaverit.
1057 1484 1147 1540 Sic
1173 1492 1351 1539 autem
1377 1483 1680 1553 disputans,
1714 1498 1817 1535 non
1842 1496 1932 1534 ve-

342 1591 523 1648 retur,
565 1597 665 1637 nee
705 1578 1069 1641 confunditur,
1097 1592 1161 1630 ea
1202 1574 1401 1630 sentire
1428 1573 1495 1629 de
1524 1572 1656 1636 Deo,
1685 1586 1804 1640 qua:
1828 1582 1933 1626 nec

342 1675 422 1731 de
440 1673 745 1731 hominibus
764 1684 954 1725 sanum
981 1667 1330 1738 sapientibus,
1359 1673 1414 1720 et
1441 1665 1673 1734 aliquam
1712 1663 1933 1732 justitize

341 1781 539 1822 curam
585 1763 913 1834 gerentibus,
948 1774 1201 1828 umquam
1228 1758 1348 1827 quis
1385 1757 1651 1812 :estimare
1686 1754 1930 1809 tentavit.

2038 566 2274 620 tissimus
2315 564 2514 620 Paulus
2558 581 2573 618 :
2630 562 2824 628 Quibus
2872 564 3058 636 dignus
3114 582 3220 619 non
3265 575 3375 618 erat
3402 566 3621 631 mundus

2039 655 2236 729 (Hebr.
2264 674 2335 722 xi,
2366 657 2433 711 57
2451 657 2501 725 );
2529 656 2605 709 ita
2635 664 2709 724 ut,
2752 655 2857 710 illis
2885 656 3130 721 mortuis,
3182 657 3296 725 ipse
3335 656 3480 711 solus
3505 658 3622 711 sine

2036 747 2225 802 mortis
2245 747 2577 816 experientia
2606 747 2942 817 perduraret.
2975 746 3080 802 Sed
3105 748 3312 816 jamab
3338 748 3490 803 initio
3518 749 3623 806 hoc

2034 840 2179 896 Deus
2224 840 2411 894 habuit
2455 839 2599 909 apud
2644 854 2704 893 se
2729 836 3027 906 deﬁnitum,
3059 848 3118 894 ut
3149 841 3379 910 primum
3406 839 3622 909 quidem

2030 930 2297 986 mortales
2352 929 2584 995 ﬁerent,
2642 929 2987 998 postmodum
3038 946 3167 984 vero
3224 929 3623 984 immortalitate

2032 1020 2365 1109 gaudei'ent;
2396 1020 2473 1075 sic
2501 1019 2568 1074 ad
2616 1020 2904 1075 utilitatem
2934 1029 3174 1074 nostram
3206 1020 3322 1074 ﬁeri
3352 1021 3465 1091 ipse
3510 1022 3619 1076 dis-

2030 1125 2261 1182 ponens.

2569 1197 2641 1253 Et
2674 1206 2788 1269 post
2806 1198 3095 1268 paululum.

2102 1310 2157 1365 6.
2196 1307 2550 1373 Manifestius,
2592 1308 2782 1376 inquit,
2825 1308 2941 1362 haec
2964 1307 3153 1362 eadem
3191 1307 3333 1362 Deus
3369 1309 3622 1373 ostendit,

2029 1416 2156 1457 cum
2187 1400 2442 1456 transfert
2459 1397 2667 1465 Enoch,
2689 1406 2745 1454 et
2766 1399 3125 1453 immortalem
3140 1398 3285 1454 facit.
3307 1398 3440 1453 Nam
3463 1399 3509 1454 si
3528 1414 3624 1469 per

2030 1500 2315 1563 peccatum
2364 1505 2524 1546 causa
2552 1489 2799 1559 supplicii
2828 1489 2970 1544 Deus
3017 1489 3193 1544 intulit
3221 1498 3449 1544 mortem
3468 1529 3484 1555 ,
3510 1505 3624 1545 .nec

2030 1583 2161 1639 olim
2182 1582 2468 1651 deﬁnitum
2506 1582 2612 1636 hoc
2650 1580 2838 1636 habuit
2877 1579 3026 1649 'apud
3052 1595 3130 1645 se,
3160 1580 3500 1635 ineﬂ'abiliter
3524 1595 3624 1649 pro

2029 1675 2191 1730 nobis
2225 1673 2378 1745 juxta
2407 1674 2681 1745 propriam
2708 1672 3028 1742 sapientiam
3067 1680 3258 1727 cuncta
3284 1672 3621 1741 dispensans,

2036 1782 2375 1836 nequaquam
2406 1765 2591 1822 Enoch
2611 1764 2827 1835 quidem
2858 1764 3175 1819 immortalis
3201 1763 3485 1829 existeret;
3516 1762 3621 1817 Do-

338 1857 459 1913 Sed
481 1872 583 1912 nec
610 1856 752 1910 illius
780 1854 970 1909 όὶνίιιω
1000 1851 1152 1906 νοείε
1178 1848 1488 1905 recordatus
1515 1854 1628 1912 03‘,
1658 1846 1801 1916 (μιοά
1827 1861 1930 1899 ηοη
1965 1840 2009 1901 Β
2034 1857 2211 1911 minus
2239 1864 2418 1910 autem
2446 1854 2689 1910 Christus
2728 1854 2794 1908 ad
2823 1854 3011 1909 mortis
3058 1854 3447 1924 experientiam
3494 1869 3621 1923 per-

342 1951 612 2005 diceretur
632 1949 843 2002 ulterius
863 1947 963 1999 ista
990 1940 1238 2014 parabola
1264 1943 1319 1994 in
1344 1939 1510 1993 Israel
1538 1956 1555 1992 :
1583 1938 1769 1992 Patres
1783 1953 1933 1989 man-

341 2042 667 2095 ducaverunt
692 2054 841 2091 uvam
861 2034 1117 2097 acerbam,
1147 2042 1196 2085 et
1215 2031 1439 2101 ﬁliorum
1463 2029 1636 2082 dentes
1657 2028 1931 2097 obstupue-

339 2142 506 2196 runt;
536 2133 655 2203 quia
685 2130 794 2184 lucc
824 2128 948 2182 dicit
985 2126 1189 2179 Adonei
1214 2124 1467 2177 Dominus
1498 2139 1517 2176 :
1545 2120 1734 2174 Dentes
1758 2135 1931 2174 eorum

340 2225 440 2295 qui
468 2220 1043 2276 manducarerintuvam
1070 2215 1327 2277 acerbam,
1350 2213 1699 2283 obstupescent
1716 2209 1928 2280 (Ezech.

339 2326 498 2373 xvm,
521 2309 577 2380 2)
597 2327 611 2375 ;
634 2308 925 2364 ostendens
946 2321 1041 2375 per
1061 2302 1355 2372 hinc,un
1374 2302 1600 2356 alterum
1618 2313 1717 2369 pro
1738 2298 1927 2363 altero,

334 2402 498 2471 juxta
520 2399 875 2469 quorumdam
897 2412 1153 2462 errorem,
1184 2396 1326 2450 Deus
1353 2394 1570 2449 omnino
1590 2408 1698 2446 non
1720 2390 1927 2461 puniat,

340 2492 445 2547 sed
473 2489 837 2559 unusquisque
864 2503 964 2557 pro
991 2486 1200 2542 delictis
1226 2484 1338 2539 suis
1372 2482 1674 2538 redditurus
1708 2487 1793 2536 est
1838 2494 1927 2533 ra-

339 2581 571 2635 tionem.

419 2667 473 2721 2.
516 2667 610 2722 llis
648 2681 885 2722 consona
925 2665 1115 2720 beatus
1152 2674 1367 2732 quoque
1402 2660 1598 2716 Paulus
1644 2659 1925 2714 annectit:

339 2756 511 2824 Deus,
538 2756 730 2826 inquit,
758 2756 843 2827 qui
870 2754 1045 2809 reddet
1064 2755 1335 2825 unicuique
1354 2750 1631 2807 secundum
1651 2768 1807 2821 opera
1834 2767 1929 2804 sua

338 2851 538 2922 (Rom.
570 2866 624 2914 ιι,
655 2847 751 2919 6).
785 2847 855 2901 Ει
889 2865 901 2900 :
939 2846 1293 2917 Unusquisque
1337 2853 1569 2898 nostrum
1608 2857 1735 2897 onus
1780 2858 1929 2896 suum

337 2938 573 3012 portabit
590 2936 732 3010 (Gal.
759 2954 831 3004 v1,
850 2936 922 3007 5).
942 2936 1010 2991 Et
1034 2954 1046 2989 :
1075 2932 1116 2988 Τ
1117 2952 1150 2988 u
1171 2934 1293 3007 quid
1305 2934 1514 3005 judicas
1534 2936 1748 3004 fratrem
1766 2942 1922 2998 tuum,

338 3038 435 3083 aut
460 3040 508 3082 tu
529 3046 686 3101 quare
710 3030 907 3099 spernis
932 3029 1146 3099 fratrem
1168 3025 1341 3079 tuum?
1372 3021 1561 3078 Omnes
1589 3025 1722 3079 enim
1744 3024 1925 3077 adsta-

340 3122 510 3175 bimus
524 3131 643 3175 ante
666 3119 889 3175 tribunal
919 3117 1108 3174 Christi
1140 3116 1327 3189 (Rom.
1360 3115 1602 3186 xiv,10).

2030 1948 2260 2002 veniret.

2563 2014 2633 2068 Et
2665 2023 2778 2087 post
2802 2014 3089 2085 paululum.

2102 2130 2155 2184 7.
2195 2128 2419 2194 Idcirco,
2444 2128 2635 2196 inquit,
2667 2126 2926 2180 Dominus
2959 2134 3148 2180 auctor
3184 2125 3421 2179 omnium
3449 2125 3621 2180 bono-

2029 2235 2151 2274 rum
2196 2219 2501 2273 hominibus
2546 2217 2718 2271 factus
2746 2225 2847 2281 est,
2890 2224 2948 2269 ut
2993 2216 3132 2271 sicut
3158 2215 3326 2269 Adam
3370 2213 3528 2283 primi
3567 2222 3622 2267 et

2031 2309 2276 2365 mortalis
2297 2316 2471 2363 status
2494 2307 2699 2362 exstitit
2720 2305 3034 2369 inchoator;
3067 2305 3137 2357 ita
3169 2312 3225 2359 et
3263 2304 3377 2373 ipse
3398 2303 3618 2357 secundi

2031 2408 2087 2454 et
2107 2399 2431 2454 immortalis
2458 2405 2632 2453 status
2666 2397 2903 2451 existens
2931 2396 3190 2460 initiator,
3219 2394 3467 2464 primitus
3493 2394 3620 2449 Ada:

2030 2490 2225 2561 prioris
2255 2490 2517 2545 naturalia
2544 2488 2856 2553 custodiret,
2882 2486 3010 2541 dum
3033 2486 3269 2540 nascitur
3286 2501 3354 2539 ex
3374 2485 3618 2551 muliere,

2030 2580 2156 2636 dum
2184 2580 2379 2650 pannis
2401 2579 2708 2643 involvitur,
2734 2585 2789 2632 et
2814 2576 3072 2647 paulatim
3100 2576 3273 2629 aetatis
3292 2574 3620 2629 incrementa

2029 2670 2253 2725 sortitur
2284 2686 2297 2722 :
2328 2666 2481 2723 Iesus
2521 2669 2678 2733 enim,
2710 2666 2904 2734 inquit,
2930 2664 3234 2736 proﬁciebat
3260 2672 3430 2729 (etate,
3456 2672 3507 2718 et
3532 2678 3620 2717 sa-

2028 2760 2253 2830 pientia,
2284 2767 2335 2813 et
2374 2757 2578 2829 gratia,
2624 2772 2802 2812 coram
2830 2753 2941 2809 Deo
2978 2763 3028 2808 et
3055 2750 3341 2808 hominibus
3372 2750 3534 2824 (Luc.
3559 2768 3617 2819 It,

2031 2848 2152 2920 52);
2179 2850 2306 2905 dum
2324 2848 2787 2904 circumcisionem
2809 2845 3053 2914 suscipit,
3075 2844 3200 2898 dum
3211 2844 3364 2912 juxta
3393 2844 3618 2912 legalem

2028 2941 2472 2999 consuetudinem
2512 2939 2625 2995 Deo
2655 2938 2826 2993 astitit
2857 2937 2909 2991 in
2942 2936 3166 3007 templo,
3200 2936 3620 3006 parentibusque

2026 3034 2327 3103 subjicitur,
2352 3040 2408 3086 et
2435 3029 2835 3086 conversationi
2865 3028 3115 3097 legitimze'
3145 3027 3509 3097 mancipatur;
3540 3026 3619 3081 sic

2027 3129 2189 3183 etiam
2213 3126 2281 3181 ad
2305 3126 2669 3196 expletionem
2691 3124 3043 3192 reliquorum,
3075 3130 3130 3177 et
3156 3130 3408 3188 mortem,
3430 3129 3617 3191 utpote

416 3212 469 3265 δ’
509 3210 615 3265 sed
642 3210 725 3264 νίν
751 3209 1008 3264 mirabilis
1053 3216 1275 3279 propter
1296 3207 1450 3262 “nius
1476 3205 1691 3279 [B‘m‘z-
1725 3204 1921 3277 lmum]
1949 3205 1996 3270 C
2025 3229 2230 3275 naturae
2261 3216 2539 3279 tributum,
2570 3224 2847 3286 postremo
2875 3214 3118 3284 suscipit,
3144 3221 3203 3268 ut
3223 3213 3516 3268 secundum
3535 3212 3616 3268 le-

336 3309 625 3373 peccatum
636 3310 786 3354 tanto
798 3300 977 3354 furore
993 3306 1317 3355 commotum
1333 3299 1621 3353 arbitratus
1631 3306 1714 3353 est
1730 3297 1918 3362 Deum,

338 3398 403 3448 ut
423 3397 477 3446 et
504 3390 657 3445 illum
686 3388 1035 3442 atrocissima:
1064 3402 1235 3456 poena:
1253 3389 1524 3454 subderet,
1554 3397 1609 3444 et
1629 3388 1695 3442 ad
1715 3390 1925 3443 univer-

336 3497 431 3537 sos
450 3492 640 3536 omnes
678 3484 926 3547 posteros
968 3476 1085 3546 ejus
1112 3490 1295 3546 parem
1333 3479 1653 3531 sententiam
1681 3480 1923 3548 promul-

337 3578 521 3639 garet;
572 3575 630 3624 et
673 3568 816 3622 inter
860 3581 996 3635 quos
1024 3565 1209 3635 quanti
1230 3563 1362 3633 justi
1390 3564 1606 3632 fuerint,
1638 3583 1742 3622 non
1770 3568 1923 3625 facile

336 3674 627 3715 numerare
637 3657 757 3727 quis
776 3656 975 3727 poterit
1000 3674 1013 3709 :
1041 3671 1110 3710 ex
1137 3654 1328 3724 quibus
1346 3668 1467 3709 eum
1489 3655 1721 3710 maxime
1748 3658 1923 3711 consi-

334 3752 528 3807 derare
546 3758 893 3813 convenerat,
916 3749 1061 3819 quod
1082 3748 1235 3804 valde
1255 3748 1528 3804 videretur
1548 3750 1918 3818 incongruum,

336 3843 474 3911 Noe,
500 3843 788 3909 Abraham,
813 3842 999 3910 David,
1025 3840 1262 3915 Moysem
1288 3851 1344 3898 et
1366 3842 1601 3911 reliquos
1628 3843 1924 3896 innumera-

334 3935 475 3990 biles
512 3934 704 4004 justos,
734 3934 997 3990 obnoxios
1024 3949 1195 4004 poena:
1221 3933 1460 3990 redditos
1484 3936 1557 3990 ob
1584 3933 1701 4003 ejus
1731 3932 1915 4006 [Fort.

335 4022 529 4095 unius]
555 4024 827 4090 delictum,
857 4032 912 4077 et
935 4039 1114 4089 unum,
1140 4032 1300 4092 atque
1319 4040 1389 4079 ex
1413 4034 1573 4093 gustu
1599 4025 1805 4080 arboris
1820 4042 1918 4095 ap-

334 4114 623 4184 probatum
654 4113 826 4187 [Fort.
857 4115 1177 4186 peccatum],
1207 4125 1262 4170 et
1281 4116 1424 4184 quod
1443 4117 1521 4172 sic
1542 4118 1681 4171 ultra
1700 4118 1915 4171 modum

324 4205 571 4276 justitiaz,
597 4206 729 4259 iram
754 4222 904 4259 suam
925 4206 1067 4260 Deus
1105 4208 1426 4275 extenderil,
1455 4209 1528 4262 ita
1556 4216 1612 4263 ut
1641 4216 1722 4263 tot
1743 4208 1918 4277 justo-

331 4312 457 4349 rum
480 4296 707 4350 virtutes
745 4305 963 4350 cunctas
988 4296 1260 4364 abjiceret,
1285 4312 1483 4366 eosque
1520 4306 1739 4368 propter
1761 4301 1917 4355 unius

324 4393 613 4458 peccatum
639 4385 784 4451 Adae,
816 4394 967 4441 tanto
994 4387 1256 4457 supplicio
1282 4390 1627 4457 manciparat.

405 4480 458 4529 4.
500 4474 632 4530 Nam
662 4477 764 4530 etsi
786 4476 916 4530 nihil
945 4477 1107 4540 aliud,
1134 4477 1323 4531 saltem
1350 4477 1417 4533 de
1438 4478 1570 4533 Abel
1596 4488 1776 4535 mente
1796 4496 1914 4553 per-

2024 3326 2145 3381 gem
2175 3310 2422 3365 humana:
2468 3315 2676 3364 naturte
2721 3307 2979 3373 moriens,
3030 3314 3085 3361 et
3122 3322 3152 3359 a
3183 3305 3408 3361 mortuis
3433 3305 3614 3361 divina

2025 3402 2221 3456 virtute
2266 3413 2573 3469 resurgens,
2617 3399 2829 3454 initium
2882 3397 3093 3452 cunctis
3139 3396 3465 3463 hominibus,
3521 3397 3614 3465 qui

2022 3501 2255 3547 mortem
2283 3491 2579 3547 secundum
2606 3489 2882 3561 propriam
2906 3496 3153 3542 naturam
3178 3487 3498 3557 suscipiunt,
3519 3485 3614 3542 fie-

2023 3591 2127 3647 ret,
2156 3589 2216 3655 ut
2243 3597 2273 3635 a
2296 3581 2526 3637 mortuis
2554 3586 2795 3648 surgant,
2817 3586 2873 3634 et
2892 3577 2960 3633 ad
2980 3576 3340 3633 immortalem
3367 3574 3615 3631 substan-

2024 3670 2153 3724 tiam
2174 3677 2593 3724 commutentur.

2093 3757 2149 3811 8.
2186 3757 2338 3812 Sicut
2376 3757 2520 3812 enim
2550 3754 2857 3811 conformes
2898 3753 3028 3807 Adae
3072 3753 3367 3811 secundum
3410 3760 3610 3807 statum

2022 3855 2339 3918 prmsentem
2375 3861 2557 3901 sumus
2578 3860 2765 3900 omnes
2793 3843 2989 3906 ell‘ecti,
3017 3843 3095 3897 sic
3131 3842 3346 3898 Christo
3386 3843 3612 3898 Domino

2022 3939 2229 4013 [Baluz.
2279 3939 2401 3992 add.
2429 3937 2582 4007 juxta
2612 3932 2851 4006 carnem]
2900 3932 3204 3989 conformes
3227 3930 3524 3987 eﬂiciemur
3552 3932 3607 3987 in

2019 4038 2312 4101 posterum.
2345 4024 2757 4098 Transﬁgurabit
2783 4026 2919 4078 enim
2955 4038 3139 4092 corpus
3168 4021 3474 4075 humilitatis
3510 4036 3607 4074 no-

2020 4130 2162 4185 stris,
2186 4121 2475 4191 conformes
2506 4118 2621 4187 ﬁeri
2652 4115 2881 4186 corporis
2902 4114 3083 4187 glorise
3101 4112 3211 4182 ejus
3238 4110 3501 4182 (Philipp.
3526 4125 3606 4175 nl,

2016 4210 2128 4282 21).
2152 4206 2221 4264 Et
2248 4228 2260 4262 :
2295 4206 2476 4273 Qualis
2501 4217 2749 4269 terrenus,
2786 4206 2911 4259 tales
2932 4212 2979 4257 et
3002 4204 3222 4264 terreni;
3252 4210 3300 4256 et
3319 4202 3486 4273 qualis
3502 4216 3604 4254 cae-

2017 4302 2176 4365 lestis,
2210 4300 2337 4353 tales
2358 4307 2408 4351 et
2430 4299 2655 4351 cwlestes
2686 4294 2739 4365 (l
2771 4295 2890 4348 Cor.
2924 4309 3009 4358 xv,
3034 4292 3147 4360 48).
3169 4291 3238 4345 Et
3263 4308 3275 4343 :
3310 4290 3459 4345 Sicut
3482 4306 3605 4359 por-

2018 4395 2233 4445 tavimus
2270 4391 2547 4460 imaginem
2590 4383 2797 4452 terreni,
2847 4394 3106 4456 portemus
3143 4384 3297 4437 etiam
3328 4382 3604 4452 imaginem

2015 4483 2263 4547 cazlestis;
2295 4479 2584 4536 ostendens
2612 4477 2757 4547 quod
2779 4476 2936 4547 primi
2964 4483 3136 4529 status
3166 4472 3291 4527 Adw
3304 4471 3602 4541 participes

326 4567 570 4638 pendens
592 4568 977 4623 convenienter
999 4569 1265 4624 usstimare
1292 4570 1566 4636 debuerat,
1596 4572 1689 4639 qui
1718 4572 1919 4641 primus
1943 4570 1993 4632 D
2019 4572 2175 4638 facti,
2204 4570 2511 4626 necessario
2540 4568 2703 4637 etiam
2745 4566 2965 4622 secundi
2994 4564 3121 4619 Adae
3148 4561 3347 4616 Christi
3390 4560 3605 4616 Domini

321 4658 505 4728 justus
532 4660 789 4721 existens.
810 4661 1015 4730 primus
1034 4670 1276 4718 mortuus
1296 4670 1397 4729 est,
1420 4670 1476 4717 et
1493 4663 1755 4731 siquidem
1775 4681 1915 4721 mor-

326 4763 438 4807 tem
467 4750 608 4807 Deus
637 4761 898 4808 statuerat
943 4754 1008 4809 ad
1043 4771 1257 4824 pmnam
1297 4757 1592 4818 hominum,
1640 4758 1911 4826 quomodo

326 4862 439 4901 non
468 4846 758 4916 impietatis
790 4856 908 4901 erat
938 4856 1191 4902 extrema:
1218 4850 1398 4904 vivere
1420 4850 1634 4917 quidem
1664 4866 1785 4907 eum
1822 4851 1915 4918 qui

326 4934 429 4988 fuit
456 4950 614 4989 causa
641 4936 880 5006 peccati;
904 4938 1081 4992 vivere
1101 4938 1261 4991 etiam
1284 4954 1403 4993 cum
1426 4939 1516 4994 ille
1538 4947 1592 4994 et
1611 4939 1777 4993 Evam
1804 4956 1913 4994 ma-

325 5027 459 5081 litim
502 5028 881 5097 repertricem?
927 5026 1286 5083 Prmtermitto
1333 5038 1513 5095 autem
1558 5031 1828 5086 diabolum
1856 5033 1911 5086 in

326 5117 734 5173 immortalitate
778 5119 1037 5173 hactenus
1078 5119 1475 5188 perdurantem,
1525 5122 1753 5189 primum
1782 5137 1911 5177 vero

321 5208 547 5277 justum,
596 5218 1036 5279 repertoremque
1083 5210 1327 5276 virtutis;
1371 5211 1707 5279 primumque
1745 5212 1913 5268 divini

324 5297 504 5352 cultus
530 5314 711 5353 curam
737 5308 1028 5368 gerentem,
1045 5308 1169 5355 ante
1189 5316 1376 5355 omnes
1395 5315 1551 5370 paena
1573 5300 1908 5371 peccantium

324 5388 493 5442 fuisse
518 5389 840 5456 perculsum.

401 5476 453 5530 5.
495 5477 792 5547 Oportebat
836 5488 1015 5534 autem
1059 5480 1509 5550 sapientissimum
1538 5481 1709 5535 virum
1754 5492 1809 5537 et
1842 5483 1909 5539 de

325 5568 537 5633 Enocb,
578 5570 668 5637 qui
700 5586 803 5623 non
833 5579 915 5624 est
959 5578 1229 5635 mortuus,
1261 5571 1543 5641 diligenter
1571 5574 1908 5643 expendere;

329 5679 439 5716 non
470 5664 611 5717 enim
640 5672 787 5718 tanta
834 5665 1049 5728 virtute,
1079 5664 1162 5719 vel
1186 5665 1385 5735 pietate
1412 5665 1663 5735 praeditus
1688 5666 1819 5732 fuit,
1852 5677 1912 5721 ut

329 5755 523 5811 melior
562 5756 807 5814 omnibus
854 5756 1128 5824 existeret,
1158 5756 1341 5827 Moyse
1368 5756 1516 5825 dico,
1549 5763 1603 5813 et
1630 5756 1909 5827 prophetis

2013 4663 2304 4719 secundum
2333 4676 2552 4717 carnem
2577 4660 2741 4714 futuri
2762 4666 2933 4713 status
2950 4655 3288 4727 participium
3317 4652 3602 4720 consequi-

2012 4772 2150 4822 mur,
2178 4763 2363 4824 utpote
2379 4754 2469 4822 qui
2485 4768 2552 4807 ex
2580 4753 2679 4806 hac
2699 4751 2885 4805 eadem
2908 4754 3096 4802 natura
3117 4750 3330 4799 constet
3353 4749 3593 4802 exortus,

2012 4856 2067 4903 et
2087 4854 2275 4902 cuncta
2296 4860 2414 4915 quae
2434 4845 2643 4898 fuerant
2674 4851 2876 4896 natura:
2897 4836 3194 4907 susceperit
3226 4853 3238 4887 :
3272 4841 3326 4888 et
3358 4832 3481 4887 ideo
3509 4848 3597 4887 su-

2011 4940 2259 4994 stinuerit
2299 4944 2546 5002 mortem,
2573 4943 2632 4988 ut
2661 4941 2891 4989 mortem
2922 4940 3124 4985 natura:
3150 4926 3467 4996 suscipiens,
3493 4932 3547 4979 et
3567 4942 3597 4979 a

2013 5028 2237 5083 mortuis
2247 5041 2549 5095 resurgens,
2564 5032 2810 5078 naturam
2831 5023 3052 5076 liberam
3065 5035 3093 5071 a
3107 5026 3281 5073 morte
3294 5014 3593 5085 perliceret.

2083 5120 2135 5173 9.
2176 5119 2244 5172 Et
2271 5126 2499 5172 mortem
2542 5116 2758 5186 quidem
2790 5121 3076 5185 propterea
3106 5108 3373 5178 suscepit,
3400 5121 3602 5181 peccas

2011 5224 2123 5267 tum
2151 5225 2280 5265 vero
2304 5223 2669 5278 nequaquam;
2694 5206 2789 5262 sed
2813 5206 2881 5260 ab
2902 5205 3007 5258 hoc
3034 5200 3283 5256 immunis
3302 5198 3598 5268 permansit

2012 5302 2268 5360 omnino:
2303 5300 2446 5369 quod
2486 5300 2629 5353 enim
2670 5306 2787 5352 erat
2834 5303 3068 5357 natum,
3117 5292 3168 5345 id
3199 5299 3309 5356 est,
3342 5296 3592 5349 mortem,

2011 5392 2375 5446 indubitanter
2420 5390 2734 5459 assumpsit;
2779 5394 3062 5457 peccatum
3108 5398 3258 5446 vero,
3305 5379 3448 5450 quod
3486 5393 3594 5432 non

2012 5492 2128 5537 erat
2175 5490 2396 5543 naturae,
2443 5479 2537 5535 sed
2587 5479 2896 5539 voluntatis,
2946 5475 3089 5529 nullo
3135 5479 3293 5542 pacto
3338 5468 3592 5535 suscepit.

2012 5573 2167 5640 Quod
2188 5574 2232 5627 si
2263 5571 2449 5626 fuisset
2478 5573 2529 5624 in
2569 5579 2759 5624 natura
2789 5574 3068 5638 peccatum
3088 5606 3102 5630 ,
3131 5564 3283 5634 juxta
3310 5558 3595 5629 sapientis-

2011 5665 2131 5721 simi
2171 5663 2329 5733 hujus
2374 5663 2667 5732 eloquium,
2709 5666 2990 5728 peccatum
3041 5656 3094 5711 in
3137 5661 3328 5709 natura
3374 5660 3596 5718 prorsus

2013 5758 2248 5813 existens
2269 5754 2576 5810 necessario
2605 5750 2945 5821 suscepisset.
