3978 6188
399 315 538 374 1055

788 423 1208 479 EXCERPTUM
1248 421 1573 476 TERTIUM.

390 538 638 612 Ejusdem
681 536 1041 612 Theodorihde
1065 534 1242 612 codice
1279 531 1501 586 secundo
1533 548 1597 585 ea:
1639 529 1768 584 libro
1792 531 1960 594 tertio,

886 606 1011 675 folio
1042 604 1238 657 decimo
1269 612 1464 656 octavo.

461 738 512 791 l.
553 736 630 802 Si,
674 736 865 804 inquit,
914 744 1261 805 peccaturum
1289 733 1429 786 Deus
1460 731 1729 786 nesciebat
1756 729 1962 801 [Baluz.

388 844 517 883 vere
544 827 767 898 sciebat]
806 827 993 893 Adam,
1024 827 1093 879 sit
1120 826 1309 879 horum
1350 824 1555 896 [Balaz.
1597 822 1719 874 add.
1753 822 1968 890 sapien—

389 917 487 988 tia]
510 916 1027 986 sapientissimorum
1049 923 1103 969 et
1132 915 1231 968 ista
1258 913 1555 982 responsio,
1580 910 1723 979 quod
1751 912 1854 965 hoc
1884 910 1964 964 in-

388 1008 727 1065 sanissimum
758 1015 839 1061 est
867 1007 950 1059 vel
980 1006 1033 1059 in
1082 1005 1406 1073 cogitatione
1452 1003 1761 1072 percipere;
1792 1002 1965 1055 mani-

388 1101 583 1153 festum
629 1106 710 1157 est
755 1096 898 1165 quod
947 1106 1001 1149 et
1048 1102 1388 1164 peccaturum
1435 1108 1556 1146 eum
1604 1099 1859 1156 noverat,
1908 1100 1965 1145 et

386 1197 607 1258 prOpter
632 1188 734 1241 hoc
758 1186 942 1256 procul
971 1186 1131 1239 dubio
1158 1186 1494 1239 moriturum.
1527 1182 1806 1248 Quomodo
1835 1197 1965 1250 ergo

388 1294 494 1333 non
533 1286 617 1331 est
658 1285 914 1330 extrema:
954 1275 1236 1329 dementiae
1280 1273 1499 1328 credere
1532 1271 1676 1341 quod
1720 1272 1966 1340 primitus

387 1383 509 1422 eum
535 1366 890 1421 immortalem
917 1364 1123 1437 [Baluz.
1152 1360 1456 1433 mortalem]
1499 1362 1553 1415 in
1582 1376 1674 1415 sex
1706 1362 1864 1415 horas
1886 1362 1964 1416 l'c-

388 1458 520 1511 cerit
551 1457 693 1527 (nam
725 1463 889 1508 tanta:
916 1453 1129 1507 fuerunt
1153 1469 1183 1505 a
1213 1452 1521 1507 conditione
1559 1451 1674 1520 ejus
1702 1466 1870 1519 usque
1898 1452 1966 1506 ad

386 1547 852 1609 commissionem,
902 1542 1333 1612 quandoquidem
1378 1550 1531 1595 sexto
1578 1541 1663 1594 die
1708 1540 1881 1595 factus
1935 1532 1979 1594 θ’

390 1645 551 1701 terra,
598 1645 653 1709 et
700 1634 993 1689 comedens
1035 1641 1224 1687 contra
1269 1631 1505 1685 divinum
1552 1629 1861 1683 mandatum
1901 1630 1968 1684 de

388 1728 636 1798 paradiso
670 1727 854 1795 pulsus
898 1725 1037 1795 est);
1078 1723 1361 1778 mortalem
1382 1737 1510 1777 vero
1538 1729 1661 1791 post
1688 1730 1968 1791 peccatum

388 1816 792 1870 monstraverit.

457 1907 511 1960 2.
552 1906 772 1961 Certum
801 1913 884 1959 est
913 1904 1055 1960 enim
1084 1904 1227 1971 quod
1255 1903 1301 1957 si
1328 1917 1450 1957 eum
1489 1901 1843 1966 immortalem
1872 1917 1971 1956 vo-

394 2000 611 2064 luisset,
666 2012 767 2051 nec
806 1995 1140 2051 intercedens
1185 2000 1461 2063 peccatum
1509 1993 1605 2047 Dei
1651 1994 1971 2047 sententiam

388 2096 787 2153 commutasset,
818 2089 945 2156 quia
983 2103 1084 2141 nec
1110 2085 1382 2140 diabolum
1418 2084 1545 2139 fecit
1571 2100 1641 2140 ex
1680 2085 1972 2139 immortali

390 2182 695 2244 mortalem,
712 2188 767 2234 et
784 2179 999 2248 quidem
1022 2186 1335 2234 cunctorum
1362 2177 1625 2232 malorum
1653 2178 1972 2233 existentem

389 2273 726 2346 principium.

897 312 1091 391 MAllll
1131 308 1567 365 MERCATORIS
1605 303 2173 362 TRANSLATIONES
2211 301 2566 359 VARIORUM
2606 300 3136 357 OPUSCULORUM.

2446 304 2566 357 ιωι
2606 304 3136 357 OPUSCULORUM.
3508 304 3647 361 1056

2446 393 2866 447 EXCERPTUM
2906 391 3263 458 QUARTUM.

2070 486 2314 559 Ejusdem
2364 486 2634 559 Theodori
2659 484 2983 559 de‘secundo
3018 484 3190 559 codice
3216 499 3282 537 ea:
3318 482 3449 538 libro
3480 487 3642 551 tertio,

2542 555 2668 625 folio
2698 555 2939 625 vigesimo
2965 555 3158 623 quinto.

2137 647 2188 701 1.
2230 646 2346 701 Non
2377 646 2537 711 enim,
2577 646 2771 715 inquit,
2802 646 2884 700 his
2922 645 3013 713 qui
3050 646 3118 699 ab
3157 644 3326 698 Adam
3368 659 3535 713 usque
3576 646 3642 699 ad

2066 734 2354 792 adventum
2379 736 2579 790 Christi
2604 736 2813 790 Domini
2835 736 2889 789 in
2911 734 3075 790 tantis
3110 735 3324 789 fuerunt
3356 735 3643 803 impietati-

2065 829 2166 883 bus
2197 836 2252 882 et
2289 828 2680 895 iniquitatibus,
2725 834 2955 895 quantas
2978 826 3171 881 beatus
3194 824 3393 880 Paulus
3418 828 3645 895 propriis

2066 918 2243 972 verbis
2268 918 2563 987 expressit,
2597 927 2655 971 ut
2692 917 2747 970 iu
2775 916 3140 985 superioribus
3165 932 3233 972 ex
3266 917 3385 985 ejus
3407 917 3644 971 declara-

2066 1016 2181 1062 tum
2202 1007 2439 1072 vocibus,
2466 1015 2736 1075 tamquam
2760 1020 3010 1075 magnum
3032 1006 3281 1074 quiddam
3305 1008 3644 1062 resurrectio-

2068 1098 2150 1151 nis
2170 1097 2463 1151 collaturus
2490 1105 2574 1150 est
2602 1096 2877 1165 praemium
2892 1137 2906 1161 ,
2937 1096 2983 1150 si
3013 1111 3107 1151 eos
3129 1096 3404 1166 suppliciis
3425 1098 3643 1164 quibus-

2066 1187 2187 1241 dam
2215 1187 2329 1239 sine
2359 1183 2463 1240 line
2490 1191 2545 1239 et
2572 1186 2686 1240 sine
2715 1186 3053 1240 correctione
3071 1185 3370 1239 tradiderit.
3403 1184 3535 1238 Nam
3556 1186 3644 1240 ubi

2060 1278 2174 1348 jam
2203 1278 2323 1332 loco
2346 1276 2585 1331 muneris
2613 1276 2935 1331 resurrectio
2958 1275 3249 1344 putabitur,
3273 1276 3318 1330 si
3346 1290 3507 1345 poena
3531 1275 3645 1330 sine

2066 1368 2399 1424 correctione
2422 1366 2826 1436 resurgentibus
2853 1366 3155 1420 inferatur?

2595 1456 2667 1510 Et
2692 1465 2806 1525 post
2831 1455 3114 1525 paululum.

2136 1546 2190 1599 2.
2230 1544 2378 1611 Quis,
2431 1546 2621 1614 inquit,
2676 1546 2749 1599 ita
2800 1546 3040 1609 demens,
3086 1552 3145 1598 ut
3191 1545 3641 1601 tantum.bonum

2068 1637 2254 1692 credat
2284 1638 2565 1692 materiam
2595 1637 2712 1691 ﬁeri
2731 1636 3135 1705 resurgentibus
3160 1635 3644 1705 infmitisupplicii?

2000 1762 2046 1822 Β
2068 1729 2275 1795 Quibus
2302 1729 2485 1783 utilius
2513 1737 2631 1783 erat
2673 1729 2893 1783 omnino
2922 1743 3031 1781 non
3058 1742 3295 1795 surgere,
3324 1743 3483 1796 quam
3525 1737 3642 1782 tan-

2074 1829 2252 1875 torum
2281 1830 2334 1875 et
2373 1821 2557 1875 talium
2595 1821 2859 1874 malorum
2898 1828 3021 1889 post
3060 1820 3507 1874 resurrectionem
3549 1821 3644 1875 sub

2075 1913 2295 1968 infinitis
2323 1913 2497 1983 pinnis
2523 1912 2907 1981 experientiam
2939 1911 3222 1967 sustinere.

2454 1999 2875 2055 EXCERPTUM
2914 1999 3244 2066 QUINTUM.

2078 2090 2325 2161 Ejusdem
2352 2090 2604 2161 Theodori
2630 2106 2694 2161 ea;
2712 2099 2749 2161 γι
2778 2090 2880 2143 alio
2910 2092 3149 2161 quopiam
3182 2087 3325 2161 libro
3355 2088 3382 2127 δ
3412 2090 3639 2143 adversus

2132 2158 2411 2214 Dominam
2446 2160 2627 2213 Iesum
2656 2158 2934 2224 Christum,
2961 2169 3009 2212 et
3034 2159 3141 2228 ejus
3174 2160 3595 2212 incarnationem.

2148 2274 2201 2328 i.
2234 2285 2257 2314 θ
2286 2274 2395 2329 Nec
2419 2274 2582 2338 enim,
2616 2273 2807 2342 inquit,
2836 2273 2883 2327 si
2920 2272 3052 2327 duas
3089 2272 3317 2327 dicimus
3356 2272 3409 2326 in
3440 2271 3643 2329 Christo

1559 2379 2092 2441 CASTIGATIONES
2132 2385 2218 2439 ET
2256 2384 2481 2440 NOTAE.

468 2484 494 2512 ι
523 2471 730 2525 inﬁnita
779 2486 949 2541 prope
995 2470 1208 2539 scripsit
1250 2468 1605 2541 Theodorus,
1638 2479 1715 2541 _ut
1755 2485 1824 2524 ex
1864 2470 1967 2541 Fa-

387 2543 583 2606 cundo,
630 2539 896 2607 Leontio,
924 2541 1151 2608 aliisque
1198 2540 1486 2603 veteribus,
1521 2548 1589 2608 et
1636 2539 1753 2608 ipso
1804 2540 1967 2594 etiam

388 2611 674 2667 Theodoro
696 2611 947 2665 discimus
972 2628 983 2661 :
1008 2607 1075 2664 ex
1101 2609 1266 2663 tribus
1294 2617 1471 2662 tamen
1498 2607 1760 2678 Operibus
1780 2623 1967 2662 excer-

389 2682 495 2750 psit
525 2680 787 2750 Mercator
814 2696 932 2748 quze
979 2695 1120 2750 nunc
1148 2678 1397 2750 exhibet,
1418 2692 1495 2750 ex
1520 2678 1669 2750 libris
1713 2678 1965 2750 nimirum

386 2745 477 2818 qui
507 2749 762 2805 adversus
788 2745 1159 2817 Augustinum,
1189 2748 1326 2818 libro
1355 2745 1435 2818 Ad
1464 2747 1785 2818 baptizatos,
1814 2757 1875 2818 et
1897 2748 1963 2818 lif

388 2815 496 2873 bris
547 2820 639 2888 qui
695 2819 761 2873 de
815 2815 1187 2888 lucarliatione
1238 2815 1618 2888 inscribuntur.
1668 2816 1751 2888 De
1799 2817 1965 2884 priori

388 2883 579 2957 Opere,
605 2889 729 2956 quia
756 2888 990 2958 pertinet
1018 2887 1085 2958 ad
1113 2901 1226 2940 rem
1252 2883 1622 2958 Pelagianam,
1651 2883 1854 2939 dictum
1882 2895 1966 2941 est

389 2952 463 3012 ad
496 2952 721 3027 prim—am
760 2952 969 3027 partem
1009 2954 1240 3024 Operum
1287 2952 1640 3027 Mercatoris‘:
1672 2962 1965 3027 rursusAta-

390 3023 516 3080 meti
535 3027 620 3081 hic
649 3023 911 3081 edendum
934 3023 1103 3079 visum
1123 3032 1223 3089 est,
1249 3031 1307 3078 ut
1329 3024 1493 3078 series
1513 3024 1797 3078 verborum
1827 3023 1966 3078 Mer-

387 3096 587 3151 catoris
613 3097 849 3165 apertius
880 3102 1169 3152 constaret.
1204 3094 1281 3149 De
1326 3093 1573 3165 secundo,
1609 3094 1742 3147 nihil
1787 3096 1968 3165 admo-

387 3166 514 3220 dum
553 3163 751 3232 scitur;
802 3165 870 3219 de
912 3172 1186 3232 postremo
1228 3179 1369 3218 nunc
1408 3164 1687 3230 agendum.
1714 3194 1787 3203 —
1814 3163 1967 3219 Hunc

388 3235 635 3290 Baluzius
664 3237 875 3291 titulum
915 3233 1080 3289 habet
1125 3234 1281 3287 aliter
1331 3233 1677 3301 exscriptum,
1723 3233 1961 3287 scilicet:

389 3304 641 3375 Ejusdem
674 3305 927 3359 Theodori
952 3321 1017 3358 ea:
1044 3313 1220 3357 octavo
1249 3317 1480 3355 sermone
1514 3303 1812 3375 catacism‘i,
1841 3303 1967 3375 folio

389 3370 646 3443 septimo,
702 3375 985 3443 subditque
1050 3381 1207 3427 notas
1271 3378 1621 3443 sequentes;
1657 3389 1674 3421 ι
1716 3370 1969 3443 Ejusdem

394 3440 674 3498 Theodori.
704 3440 991 3510 Sequentia
1024 3457 1130 3495 non
1172 3446 1387 3495 exstant
1416 3440 1470 3493 in
1499 3440 1734 3510 editione
1764 3440 1962 3496 Italica.

390 3511 615 3566 Additus
653 3520 735 3566 est
781 3508 958 3565 autem
1006 3511 1189 3564 titulus
1229 3510 1329 3563 iste
1365 3522 1432 3562 ex
1464 3508 1649 3564 codice
1684 3508 1967 3577 Vaticano,

387 3597 511 3633 cum
546 3597 651 3635 non
680 3581 941 3635 habeatur
968 3580 1021 3634 in
1043 3579 1428 3633 Bellovacensi.
1461 3577 1527 3630 Et
1548 3586 1727 3632 tamen
1759 3578 1967 3634 Game-

394 3650 505 3703 rius
530 3651 672 3706 hunc
716 3650 928 3704 titulum
965 3649 1144 3720 posuit
1174 3655 1445 3720 tamq_u_am
1465 3657 1710 3720 exstaret
1748 3647 1800 3720 in
1829 3650 1969 3703 anti-

390 3720 510 3787 quis
538 3720 933 3791 exemplaribus
968 3717 1263 3791 E_Ejusdem
1299 3717 1552 3791 Theodori
1599 3734 1663 3791 ex
1712 3717 1814 3771 alio
1842 3735 1969 3791 quo-

390 3790 531 3869 piam
558 3786 954 3869 libro'adrersus
984 3786 1263 3869 Dominum
1286 3786 1463 3869 desum
1490 3786 1747 3869 Qhristum
1771 3796 1821 3869 et
1854 3786 1966 3869 ejus

390 3856 816 3914 incarnationem.
850 3857 916 3911 Et
942 3873 1067 3912 mox
1087 3865 1309 3912 annotat
1329 3856 1492 3911 libros
1513 3857 1644 3911 istos
1667 3856 1968 3924 postremos

392 3926 722 4004 inscripsisse
745 3928 1085 4004 Theodorum
1110 3932 1226 4004 Περί
1251 3928 1669 4004 ὶγανθρωπήσεῳς
1688 3934 1967 4004 τοῦ-Μονο-

390 3995 583 4067 γενοῦέ,
624 3998 718 4053 sed
756 3998 880 4067 quia
926 3998 977 4051 in
1007 3998 1091 4051 his
1120 3995 1259 4067 vera:
1283 3995 1664 4067 incarnationis
1691 3995 1828 4048 ratio
1855 4012 1965 4067 non

392 4064 697 4136 exponitur,
722 4064 815 4122 sed
844 4067 1123 4130 evertitur,
1145 4066 1396 4119 maluisse
1418 4064 1768 4136 Mercatorem
1794 4065 1969 4136 adver-

390 4133 479 4190 sus
513 4136 790 4191 Dominum
839 4146 887 4190 et
926 4137 1035 4207 ejus
1081 4136 1509 4207 incarnationem
1536 4134 1790 4207 scribere.
1820 4133 1967 4207 Istud

394 4221 521 4259 vero
551 4221 734 4261 verum
763 4222 870 4260 non
900 4203 1018 4260 esse
1051 4206 1247 4260 evincit
1284 4218 1443 4257 verus
1473 4203 1659 4256 titulus
1693 4204 1966 4261 sequentis

394 4272 674 4342 fragmenti
702 4284 885 4330 erutus
907 4290 974 4329 ex
1009 4275 1194 4331 codice
1229 4273 1509 4342 Vaticano.
1550 4292 1568 4323 ι
1598 4304 1672 4342 -έ
1702 4290 1720 4323 ‹
1757 4272 1964 4325 Cataci-

392 4346 512 4397 smi.
542 4343 666 4399 Sive
694 4345 1037 4409 catecliismi,
1065 4352 1123 4399 ut
1158 4352 1308 4414 patet
1348 4358 1414 4414 e_x
1453 4341 1723 4414 Facundo,
1756 4342 1847 4414 qui
1870 4342 1961 4396 lib.

394 4428 467 4483 Ix,
496 4428 613 4481 cap.
645 4414 698 4483 5,
725 4414 923 4483 primas
964 4415 1131 4469 lineas
1160 4411 1330 4481 'hujus
1369 4412 1670 4483 [ragmenti
1696 4411 1859 4483 refert
1898 4427 1964 4467 ex

394 4480 788 4552 aliaversion'e,
830 4492 884 4536 et
913 4492 1149 4552 sumptas
1177 4480 1251 4536 ait
1279 4498 1343 4535 ex
1369 4481 1521 4534 Libro
1554 4482 1622 4533 ad
1654 4480 1957 4550 baptizatos.

396 4550 464 4603 At
504 4550 556 4604 in
586 4552 873 4606 collatione
916 4550 1105 4620 quarta
1143 4551 1355 4606 concilii
1383 4568 1415 4604 v
1443 4557 1753 4604 constanter
1779 4552 1969 4605 scribi-

394 4628 482 4674 tur
508 4622 590 4675 Ad
623 4622 979 4692 baptizantlos,
1012 4638 1118 4676 non
1164 4622 1336 4692 solum
1386 4620 1438 4692 in
1485 4620 1825 4692 editionibus,
1874 4621 1969 4692 sed

392 4691 555 4743 etiam
580 4692 632 4745 in
656 4689 888 4760 antiquis
909 4691 1301 4760 exemplaribus
1322 4689 1528 4743 calamo
1550 4689 1802 4753 exaratis,
1826 4689 1968 4757 quod

395 4761 585 4815 melius
612 4759 838 4815 videtur.
876 4780 893 4811 ›
930 4759 1083 4813 Enn.

468 4829 494 4867 ιι
532 4828 721 4885 Libros
750 4832 880 4885 istos
906 4838 1207 4898 postremos
1229 4826 1495 4901 inscripsit
1515 4824 1828 4901 Theodorus
1853 4829 1971 4901 Περί

395 4900 815 4975 ξνανθρωπξήσξως
845 4896 934 4975 rei:
970 4905 1309 4975 Movo'ytvoﬁc_;
1353 4897 1445 4951 sed
1472 4897 1593 4975 quia
1639 4896 1804 4975 inditis
1831 4896 1970 4951 veru:

396 4966 776 5025 incarnationis
804 4972 940 5023 ratio
971 4985 1077 5022 non
1107 4966 1410 5037 exponitur,
1440 4966 1835 5037 sedevertitur,
1863 4983 1969 5019 ma-

394 5038 493 5092 luit
522 5040 786 5095 Mercator
814 5041 1052 5093 adversus
1095 5035 1373 5092 Dominum
1416 5047 1463 5089 et
1496 5035 1606 5105 ejus
1647 5037 1969 5090 incarnatio-

396 5125 511 5161 nem
539 5111 790 5163 scribere.

465 5178 588 5231 Fuit
617 5194 745 5233 vero
786 5194 922 5245 opus
944 5176 1073 5230 illud
1110 5176 1445 5245 spissumrac
1471 5174 1691 5243 grande,
1737 5182 1797 5228 ut
1823 5174 1970 5245 quod

393 5247 696 5316 quindecim
738 5244 884 5301 libris
908 5245 1211 5314 quindecim
1241 5244 1402 5298 millia
1445 5261 1694 5316 versuum
1731 5244 1968 5316 comple-

393 5314 646 5371 cteretur.
681 5317 756 5370 De
785 5331 1009 5370 numero
1052 5316 1308 5369 librorum
1335 5314 1484 5369 testis
1514 5322 1595 5368 est
1634 5314 1915 5369 Facundus
1953 5330 1966 5365 :

393 5386 462 5467 de
503 5386 745 5467 versibus
773 5386 1086 5467 Theodorus
1116 5386 1228 5467 ipse
1342 5384 1655 5467 prmfatiope
1684 5384 1863 5467 operis
1892 5383 1968 5438 De

396 5456 723 5527 Apollinario
744 5465 798 5511 et
826 5456 941 5524 ejus
963 5454 1149 5511 barresi
1172 5455 1308 5527 (Lib.
1333 5471 1407 5520 Ix,
1433 5471 1547 5527 cap.
1576 5454 1653 5523 3),
1685 5454 1771 5527 ubi
1800 5460 1967 5507 totam

396 5524 616 5592 hujusce
645 5526 1060 5581 clueubrationis
1087 5524 1362 5581 historiam
1402 5525 1593 5589 refert,
1620 5524 1967 5591 queriturque

396 5597 464 5650 ab
487 5596 806 5666 adversariis
832 5606 1136 5666 corruptam
1166 5612 1310 5662 esse,
1338 5594 1550 5666 insertis
1588 5608 1705 5666 qum
1734 5592 1801 5666 de
1829 5592 1965 5666 duo-

395 5667 494 5723 bus
520 5665 639 5726 ﬁliis
668 5666 919 5724 invidiam
949 5662 1205 5724 facerent.
1233 5666 1362 5721 Ante
1388 5666 1475 5735 50,
1508 5662 1698 5735 inquit,
1722 5662 1836 5734 jam
1876 5662 1966 5717 hos

2067 2490 2232 2528 annos
2256 2474 2317 2527 de
2342 2475 2702 2528 incarnatione
2740 2473 2948 2528 Domini
2976 2473 3201 2528 codicem
3232 2474 3637 2543 conscripsimus,

2066 2560 2222 2614 usque
2261 2545 2330 2596 ad
2357 2545 2642 2614 quindecim
2688 2545 2853 2597 millia
2888 2561 3119 2614 versuum
3165 2545 3566 2613 pertingentem,
3590 2547 3641 2597 in

2067 2612 2164 2683 quo
2195 2615 2306 2667 Arii
2346 2612 2393 2665 et
2425 2612 2665 2667 Eunomii
2705 2613 2768 2665 de
2794 2614 2891 2667 hac
2920 2630 2974 2667 re
3013 2612 3218 2678 delicta,
3250 2612 3449 2667 necnon
3494 2615 3641 2666 etiam

2066 2683 2376 2751 Apollinarii
2424 2699 2605 2735 vanam
2650 2685 3126 2753 prtesumptionem,
3178 2699 3267 2753 per
3318 2692 3475 2735 totum
3518 2683 3642 2753 illud

2068 2768 2193 2821 opus
2232 2754 2639 2806 examinavimas
2670 2762 2768 2805 :ut
2814 2752 2976 2813 nihil,
3008 2754 3138 2804 sicut
3166 2768 3280 2804 mea
3269 2753 3407 2873 Efert
3450 2752 3637 2819 opinio,

2070 2823 2381 2873 nrteterirem
2408 2836 2473 2873 ea:
2513 2821 2588 2873 his
2622 2838 2735 2873 ante
2762 2831 2810 2873 et
2837 2823 2907 2873 ad
2938 2823 3231 2873 firmitatem
3321 2822 3637 2873 cclesiastica

2070 2823 2381 2893 prteterirem
2408 2836 2473 2873 ea:
2513 2821 2588 2893 his
2622 2838 2735 2893 qute
2762 2831 2810 2873 et
2837 2823 2907 2874 ad
2935 2823 3238 2893 firmitatem
3269 2821 3642 2893 Ecclesiastica

2071 2891 2390 2944 orthodoxia:
2408 2890 2736 2958 pertinerent,
2761 2900 2810 2943 et
2831 2893 2901 2943 ad
2927 2890 3324 2944 convincendum
3350 2906 3522 2944 eorum
3550 2892 3640 2943 im—

2071 2961 2328 3028 pietatem.
2361 2960 2467 3014 Sed
2495 2960 2545 3013 hi
2584 2962 2669 3031 qui
2714 2962 2888 3031 omnia
2934 2960 3181 3031 facillime
3225 2970 3557 3031 prtesumunt,
3594 2970 3642 3013 et

2072 3039 2319 3100 prwlerea
2366 3045 2568 3081 rursum
2597 3028 2672 3081 'ab
2712 3028 3051 3100 Apollinario,
3095 3031 3180 3100 qui
3218 3028 3453 3099 princeps
3494 3029 3639 3099 hujus

2072 3098 2280 3152 haeresis
2312 3100 2496 3169 fuerat,
2528 3097 2766 3160 instituti,
2795 3097 3025 3152 omnibus
3065 3097 3190 3167 opus
3220 3097 3447 3151 nostrum
3473 3097 3640 3169 mani-

1994 3188 2039 3251 C
2070 3168 2257 3251 festum
2286 3171 2531 3251 fecerunt,
2563 3170 2607 3220 si
2635 3170 2885 3250 quomodo
2918 3168 3644 3251 aliqua‘invenirentnralentia

2071 3234 2140 3290 ad
2168 3234 2561 3308 convincendum
2592 3234 2657 3290 ea
2677 3254 2789 3308 qua:
2825 3240 2878 3291 in
2906 3254 2963 3290 eo
2993 3234 3112 3290 sunt
3147 3238 3363 3306 scripta.
3392 3234 3644 3299 Quoniam

2069 3322 2182 3359 vero
2211 3307 2378 3359 nullus
2419 3315 2598 3358 contra
2636 3307 2891 3359 certamen
2920 3308 3121 3375 scriptis
3160 3308 3413 3374 suscipere
3446 3322 3643 3375 pra'su-

2069 3324 2182 3359 vero
2211 3324 2378 3359 nauus
2419 3324 2598 3358 contra
2636 3324 2891 3359 certamen
2920 3324 3121 3375 scriptis
3160 3324 3413 3374 snsctpere
3481 3324 3641 3359 rtrsu-

2069 3375 2253 3446 mebat,
2279 3377 2463 3428 imitati
2505 3385 2625 3427 sunt
2668 3377 2903 3444 infirmos
2942 3376 3161 3428 athletas
3202 3384 3252 3427 et
3293 3324 3523 3438 collicias,
3556 3378 3641 3446 qui

2069 3444 2188 3498 dum
2218 3461 2320 3517 non
2360 3455 2573 3517 possunt
2608 3456 2787 3517 contra
2816 3446 3053 3517 fortiores
3082 3453 3308 3507 certare,
3340 3446 3539 3498 insidiis
3558 3444 3643 3499 eos

2068 3524 2118 3585 e_t
2144 3515 2587 3574 machinamentis,
2615 3515 2796 3585 quibus
2817 3515 3075 3585 possunt,
3108 3523 3361 3585 conantur
3403 3523 3639 3585 evertere.

2069 3582 2400 3653 Scripserunt
2439 3585 2573 3653 enim
2611 3582 2710 3653 ipsi
2738 3582 2873 3637 inter
2900 3600 2955 3637 se
2990 3583 3177 3653 procul
3214 3582 3367 3635 dubio
3413 3583 3642 3653 qutgdam

2066 3650 2259 3725 inepta,
2292 3669 2404 3725 qua:
2431 3650 2640 3725 anobis'
2656 3670 2895 3725 umquam
2917 3650 3126 3705 minime
3146 3650 3453 3725 dicerentur.
3486 3650 3643 3705 Deni-

2067 3722 2163 3793 que
2189 3722 2313 3777 htec'
2328 3724 2440 3793 ipsa
2470 3723 2523 3775 in
2548 3722 2715 3777 medio
2756 3722 3049 3793 nostrorum
3079 3722 3387 3793 scriptorum
3420 3723 3475 3793 in
3515 3739 3642 3791 qua-

2068 3788 2189 3845 dam
2211 3788 2357 3862 parte
2385 3794 2811 3862 interposuerunt,
2844 3802 2893 3845 et
2926 3792 3032 3845 suis
3062 3788 3409 3862 familiaribus
3436 3788 3640 3843 demon-

2068 3861 2378 3923 straverunt,
2421 3861 2700 3930 aliquando
2726 3871 2897 3915 autem
2925 3870 2975 3913 et
3002 3861 3212 3930 nostris.
3246 3861 3332 3929 qui
3370 3861 3643 3930 per_facili-

2070 3939 2223 3983 tatem
2269 3946 2415 4001 suam
2443 3928 2614 3983 omnia
2652 3933 2825 4001 pronis
2866 3931 3051 4001 animis
3091 3928 3386 4001 audiebant.
3436 3928 3505 4001 Et
3550 3930 3643 3982 hoc

2066 4001 2212 4070 quasi
2241 4000 2615 4070 documentum,
2648 3999 2779 4053 sicut
2807 3999 3074 4070 putabant,
3121 4006 3315 4070 nostra
3342 4000 3639 4070 impietatis,

2067 4067 2347 4122 uidentibus
2372 4068 2701 4138 prtebebant;
2730 4067 2886 4122 unum
2915 4078 3084 4120 autem
3104 4082 3167 4119 ea:
3195 4067 3276 4120 his
3304 4069 3507 4136 scriptis
3532 4076 3643 4120 erat

2068 4138 2197 4192 duos
2231 4139 2373 4208 ﬁlios
2397 4138 2581 4192 dicere.
2608 4137 2834 4193 Necesse
2854 4147 2964 4192 erat
2989 4154 3107 4208 ergo
3130 4152 3230 4190 non
3260 4138 3424 4191 solum
3450 4138 3638 4258 ἱηειᾶια,

3484 4222 3539 4258 se

3484 4222 3539 4259 se

2141 4349 2163 4379 ε
2187 4337 2467 4393 Facundus
2500 4337 2659 4393 docet
2685 4336 2971 4407 quil‘uerit
2998 4336 3249 4407 liber__ille
3270 4351 3339 4407 ex
3366 4352 3479 4407 quo
3501 4336 3640 4391 Mer-

2065 4418 2215 4478 cator
2234 4408 2501 4478 excerpsit
2530 4407 2673 4478 quod
2695 4422 2763 4460 ex
2790 4406 3074 4478 Theodoro
3094 4405 3276 4478 alien;
3301 4405 3540 4478 sie'enim
3568 4407 3640 4459 ait

2068 4477 2207 4547 (Lib.
2231 4494 2303 4543 ix,
2321 4474 2435 4547 cap.
2458 4474 2516 4545 3)
2538 4474 2797 4531 {Noverat
2816 4477 2912 4529 iste
2928 4474 3287 4547 (Theodorus)
3311 4474 3570 4530 Christum
3588 4478 3639 4547 in

1997 4553 2048 4613 1)
2075 4546 2245 4601 carnis
2272 4546 2691 4617 manifestatione
2717 4547 2997 4617 venientem
3027 4546 3273 4617 factorem
3306 4561 3417 4599 esse
3440 4546 3637 4609 mundi,

2070 4626 2120 4687 et
2147 4614 2742 4687 proprium'Dominum;
2770 4631 2863 4667 nec
2901 4614 3113 4687 dicendo
3134 4614 3263 4687 duas
3289 4630 3401 4669 esse
3427 4626 3639 4687 naturas

2073 4683 2282 4750 Christi,
2298 4686 2425 4738 duos
2448 4683 2645 4737 dicebat
2667 4685 2824 4754 ﬁlios,
2854 4691 2945 4754 aut
2965 4684 3093 4737 duos
3113 4684 3368 4754 dominos,
3394 4693 3482 4737 aut
3514 4685 3639 4737 duos

2072 4758 2311 4818 christos,
2349 4757 2477 4808 sicut
2511 4752 2822 4807 mentiuntur
2841 4753 3085 4824 hazretici.
3128 4752 3269 4807 Nam
3290 4755 3364 4824 sic
3392 4764 3566 4824 aperte
3586 4755 3639 4805 in

2071 4826 2199 4878 libro
2222 4825 2300 4877 Ad
2321 4824 2604 4894 baptizatos
2626 4824 2817 4894 locutus
2848 4832 2941 4875 est.
2967 4823 3145 4894 Neque
3166 4824 3311 4877 enim
3325 4823 3370 4877 si
3388 4825 3521 4878 duas
3546 4837 3638 4876 na-

2072 4903 2221 4949 turas
2249 4895 2508 4955 dicamus,
2553 4893 2843 4947 necessitas
2886 4907 2985 4945 nos
3024 4893 3131 4946 ulla
3163 4894 3499 4960 constringit,
3547 4898 3639 4945 aut

2073 4964 2207 5019 duos
2229 4964 2407 5019 dicere
2445 4962 2601 5026 ﬁlios,
2632 4970 2725 5016 aut
2751 4962 2887 5015 duos
2913 4961 3178 5026 dominos,
3208 4971 3303 5016 aut
3330 4962 3464 5017 duos
3498 4961 3638 5017 chri-

2072 5041 2205 5097 stos,
2231 5032 2485 5101 quoniam
2516 5033 2620 5086 hoc
2641 5039 2832 5101 putare
2858 5039 3111 5085 extremm
3131 5039 3211 5086 est
3231 5032 3495 5086 amentiae.

2141 5100 2539 5157 Observandum
2569 5117 2729 5170 porro
2759 5100 3108 5155 Mereatorem
3128 5101 3361 5169 vestigiis
3388 5101 3636 5156 Theodo-

2072 5172 2117 5227 ri
2146 5173 2405 5227 inhaerere
2432 5188 2446 5236 ;
2477 5179 2536 5225 ut
2564 5171 2705 5224 enim
2734 5170 3048 5225 Theodorus
3076 5170 3212 5225 idem
3241 5172 3474 5239 agithoc
3500 5173 3553 5225 in
3574 5172 3637 5225 li-

2068 5244 2166 5297 bro
2195 5241 2339 5311 quod
2368 5242 2420 5294 in
2450 5241 2721 5311 symbolo,
2750 5240 2822 5293 ita
2859 5247 2925 5311 et,
2941 5239 3206 5311 Mercator
3224 5257 3367 5295 nunc
3396 5241 3449 5295 id
3466 5242 3638 5309 ipsum

2071 5309 2227 5380 quod
2248 5311 2302 5363 in
2342 5309 2665 5364 refutatione
2699 5309 2949 5380 symboli.
2997 5310 3335 5364 Demonstrat
3379 5311 3583 5365 scilicet
3609 5328 3637 5365 a

2072 5377 2355 5435 Theodoro
2375 5380 2511 5435 duos
2542 5377 2801 5433 introduci
2833 5377 2971 5433 lilios
2993 5380 3107 5443 Dei,
3130 5395 3288 5433 unum
3318 5387 3528 5443 natura,
3549 5381 3641 5448 qui

2070 5458 2339 5513 aeternus;
2378 5450 2603 5503 alterum
2644 5448 2951 5517 adoptione,
2981 5450 3071 5518 qui
3102 5450 3437 5518 temporalis;
3484 5458 3643 5518 atque

2072 5521 2145 5575 ita
2174 5519 2363 5573 Filium
2393 5519 2640 5587 Virginis,
2667 5534 2761 5573 seu
2789 5517 3122 5583 Emmanuel,
3152 5517 3505 5574 ac’Christum
3525 5517 3643 5573 esse

2073 5605 2261 5662 purum
2290 5588 2465 5662 reipsa
2510 5588 2800 5662 hominem,
2832 5588 2946 5644 sola
2973 5591 3161 5662 σχέσιι
3199 5589 3406 5644 unitum
3445 5588 3642 5653 Verbo,

2073 5658 2133 5716 ut
2157 5659 2267 5717 Deo
2292 5658 2462 5715 sancti
2486 5666 2540 5715 et
2561 5658 2855 5730 prophetat.
