3978 6188
320 324 453 381 1037

1274 322 1641 380 EXCERI’TA
1681 325 2027 384 TIIEODORI
2071 327 2568 388 MOPSUESTE‘NI.

3432 352 3570 409 1058

315 450 553 503 naturas,
584 436 887 491 necessario
916 434 1005 490 ﬁet
1032 443 1088 490 ut
1110 436 1245 490 duos
1269 436 1403 491 lilios
1430 446 1521 493 aut
1550 438 1683 494 duos
1714 438 1888 494 domi-
1919 446 1965 503 Α
1994 442 2087 511 vn)
2121 460 2132 493 :
2168 459 2369 507 ursum,
2394 444 2643 513 pardum,
2668 446 2897 513 leonem,
2926 460 2980 505 et
3003 453 3180 520 aliam,
3212 472 3331 527 qua:
3352 464 3447 519 has
3477 466 3546 521 im

314 546 413 586 nos
439 542 756 593 asseramus,
789 527 913 597 quia
952 528 1054 582 hoc
1088 529 1331 582 arbitrari
1356 538 1609 585 extremae
1634 532 1895 601 probatur

312 621 613 678 dementia}.
646 618 834 673 Omnia
856 619 996 673 enim
1017 634 1364 689 quaecumque
1383 623 1672 677 secundum
1694 624 1889 693 aliquid

311 712 419 767 duo
447 719 588 774 sunt,
619 717 673 765 et
701 708 991 765 secundum
1012 710 1209 779 aliquid
1237 728 1420 777 unum,
1451 729 1555 767 non
1578 714 1888 769 interimunt

312 818 412 872 per
462 802 721 856 unitatem
772 801 1047 869 utriusque
1099 801 1461 855 divisionem:
1497 801 1609 873 Ego
1656 805 1789 855 enim
1840 815 1890 855 et

314 892 475 955 Pater
514 909 670 946 unum
717 909 889 945 sumus
940 891 1114 962 (Joan.
1171 909 1234 956 x,
1286 893 1397 963 50).
1449 894 1552 947 Sed
1603 910 1709 947 non
1762 896 1885 961 quia

313 1002 508 1050 unum,
540 983 778 1053 neganda
809 991 888 1037 est
918 985 1191 1052 utriusque
1219 984 1538 1053 proprietas.
1566 984 1631 1038 Et
1661 985 1785 1038 alibi
1818 986 1883 1038 de

312 1079 430 1133 viro
457 1084 512 1131 et
537 1089 702 1129 uxore
731 1075 1079 1143 pronuntians
1104 1076 1178 1128 ait
1201 1093 1212 1127 :
1232 1075 1351 1129 1am
1380 1093 1482 1129 non
1502 1086 1620 1129 sunt
1643 1076 1763 1139 duo,
1792 1076 1884 1129 sed

309 1184 416 1219 una
446 1183 566 1219 caro
594 1163 805 1235 (Matth.
834 1181 956 1229 xxx,
988 1165 1062 1235 6).
1093 1164 1198 1219 Sed
1228 1182 1332 1218 non
1361 1166 1485 1233 quia
1515 1181 1620 1218 una
1647 1182 1773 1219 caro
1805 1167 1885 1218 vir

310 1266 365 1309 et
393 1272 547 1318 uxor,
571 1253 682 1323 jam
714 1270 818 1308 non
845 1260 968 1308 sunt
1004 1252 1109 1307 duo
1140 1253 1345 1326 [Baluz.
1378 1252 1502 1307 add.
1534 1254 1626 1307 sed
1653 1270 1755 1307 una
1793 1270 1884 1307 ca-

311 1345 429 1417 ro];
480 1354 696 1400 manent
743 1346 884 1399 enim
935 1344 1060 1408 duo,
1102 1344 1256 1413 juxta
1310 1344 1453 1412 quod
1496 1344 1604 1399 duo
1645 1354 1799 1411 sunt;
1832 1353 1889 1399 et

311 1452 498 1500 unum,
522 1434 671 1503 juxta
716 1434 859 1503 quod
901 1450 1083 1488 unum.
1117 1434 1422 1489 Secundum
1463 1436 1603 1489 hunc
1646 1435 1885 1499 modum,

311 1534 367 1579 et
396 1526 481 1579 hic
508 1525 615 1579 duo
642 1532 766 1580 sunt
793 1532 1002 1589 natura,
1032 1525 1123 1579 sed
1146 1541 1310 1579 unum
1337 1525 1720 1594 conjunctione
1743 1542 1755 1576 :
1781 1525 1888 1579 duo

312 1628 520 1682 natura,
550 1617 673 1686 quia
703 1617 990 1672 multorum
1021 1616 1169 1689 [Leg.
1204 1614 1535 1687 naturarum]
1578 1616 1885 1681 diversitas;

310 1709 405 1763 sed
426 1724 585 1762 unum
612 1706 1006 1775 conjunctione,
1035 1707 1159 1774 quia
1182 1706 1461 1760 indivisam
1485 1706 1886 1764 venerationem

1994 531 2251 585 manitate
2278 535 2564 601 pnecellat,
2595 542 2649 587 et
2679 536 2799 590 ideo
2828 548 2952 594 sunt
2979 552 3228 611 quatuor,
3268 553 3409 618 quod
3439 570 3569 607 una-

1989 635 2215 689 quaeque
2259 622 2431 677 bestia
2485 625 2611 678 nihil
2662 627 2837 682 minus
2878 629 3031 697 juxta
3061 636 3411 694 substantiam
3442 645 3570 697 reli-

1988 711 2108 778 quis
2136 712 2320 766 bestiis
2360 716 2744 783 comprobatur
2771 719 3003 775 existere
3035 740 3047 775 :
3080 723 3334 793 Duorum,
3376 731 3568 800 inquit,

1989 802 2249 855 hominum
2278 806 2621 857 testimonium
2643 822 2809 877 verum
2839 820 2914 861 est
2947 810 3126 881 (Joan.
3154 832 3264 880 vni,
3301 819 3412 888 i7),
3443 823 3569 889 quia

1989 893 2091 947 hoc
2118 902 2341 961 uterque
2364 904 2551 948 natura
2575 898 2718 965 quod
2748 900 2883 953 alter
2910 910 3012 956 est.
3045 906 3134 959 Sic
3162 915 3216 961 et
3246 909 3373 963 illud
3406 928 3416 961 :
3451 910 3505 965 Ν
3510 930 3567 965 ε-

1988 1001 2069 1037 mo
2097 994 2260 1055 potest
2281 985 2477 1039 duobus
2505 988 2726 1041 dominis
2750 994 2939 1046 servire
2961 995 3176 1065 (Matth.
3208 1016 3277 1066 v1,
3310 1002 3420 1073 24),
3447 1006 3570 1073 quia

1988 1074 2276 1142 prtebentis
2320 1076 2594 1129 servitium
2638 1086 2913 1147 tamquam
2956 1083 3194 1149 domino,
3233 1090 3361 1144 nihil
3397 1094 3573 1148 minus

1988 1171 2212 1231 uterque
2240 1172 2323 1219 est
2350 1164 2623 1231 dominus;
2651 1168 2722 1222 ita
2746 1178 2799 1223 et
2820 1171 2925 1237 hic,
2954 1174 2998 1226 si
3028 1183 3253 1245 uterque
3279 1183 3569 1237 secundum

1988 1255 2341 1308 substantiam
2381 1265 2524 1310 esset
2564 1257 2703 1313 ﬁlius
2741 1268 2797 1313 et
2826 1261 3092 1330 dominus,
3134 1277 3355 1335 possent
3388 1271 3569 1340 aliquo

1986 1346 2149 1400 modo
2175 1345 2281 1399 duo
2311 1345 2401 1400 lilii
2422 1355 2475 1401 et
2501 1347 2704 1403 domini
2724 1355 3039 1421 nuncupari,
3064 1357 3354 1413 secundum
3384 1377 3572 1416 nume-

1986 1454 2105 1493 rum
2141 1453 2513 1508 personarum.
2556 1440 2818 1506 Quoniam
2849 1459 2978 1499 vero
3017 1446 3104 1500 hic
3132 1448 3345 1515 quidem
3374 1466 3571 1506 secun-

1987 1529 2113 1584 dum
2142 1528 2491 1583 substantiam
2528 1529 2665 1585 ﬁlius
2693 1533 2876 1587 existit
2901 1542 2955 1588 et
2979 1535 3245 1602 dominus,
3274 1539 3361 1594 hic
3389 1550 3568 1596 autem

1987 1619 2280 1675 secundum
2309 1621 2595 1674 essentiam
2625 1636 2726 1678 nec
2766 1622 2926 1687 ﬁlius,
2970 1641 3069 1681 nec
3091 1627 3338 1685 dominus
3365 1647 3565 1700 appro-

1988 1710 2175 1777 batur;
2206 1711 2587 1779 conjunctione
2623 1728 2751 1769 vero
2781 1730 2901 1783 quae
2943 1716 3017 1770 illi
3048 1716 3185 1772 facta
3215 1735 3335 1774 cum
3366 1722 3458 1776 illo
3486 1733 3571 1778 est

310 1800 453 1868 quod
480 1808 785 1868 susceptum
819 1805 919 1861 est,
949 1813 1071 1852 cum
1098 1798 1421 1867 suscipiente
1455 1799 1677 1853 sortitur
1694 1838 1709 1863 ,
1737 1798 1885 1853 velut
1916 1809 1962 1867 Β
1988 1800 2172 1855 iisdem
2186 1801 2531 1872 participasse
2549 1806 2910 1873 cognoscitur,
2925 1806 3123 1863 idcirco
3144 1826 3307 1863 unum
3328 1809 3490 1865 ﬁlium
3512 1822 3568 1867 et

311 1891 566 1956 templum
595 1889 709 1956 ejus
731 1888 1059 1941 individuum
1087 1902 1453 1956 perseverans.

379 1978 432 2031 ‘2.
468 1990 493 2014 ιι
525 1978 714 2030 Omnia
755 1978 896 2030 enim
933 1991 1280 2045 quaecumque
1315 1977 1422 2037 duo
1461 1976 1725 2042 dicuntur,
1760 1986 1884 2032 tunc

306 2071 537 2125 duorum
601 2068 876 2123 continent
923 2082 1075 2121 usum
1104 2106 1119 2131 ,
1181 2067 1395 2135 quando
1455 2067 1684 2121 alterum
1731 2068 1886 2121 alteri

306 2160 621 2215 indiﬂ'erens
692 2157 961 2221 creditur,
1013 2156 1166 2224 juxta
1220 2157 1365 2225 quod
1433 2157 1662 2212 duorum
1726 2173 1888 2212 voca-

304 2252 495 2305 bulum
522 2248 1162 2318 connumerationemque
1210 2251 1470 2304 sortitur:
1498 2251 1647 2305 verbi
1675 2252 1843 2319 gratia
1868 2291 1884 2315 ,

304 2333 540 2410 quatuor
575 2341 771 2396 bestias
798 2339 975 2395 divina
1013 2338 1286 2410 Scriptura
1313 2350 1701 2397 commemorat
1723 2340 1885 2413 (Dan.

1984 1889 2257 1945 dominum
2286 1890 2527 1945 dicimus.
2560 1891 2932 1963 Principaliter
2958 1896 3174 1965 quidem
3200 1898 3571 1968 intelligentes

1980 1978 2320 2033 eum‘ﬁlium
2366 1988 2420 2034 et
2464 1981 2765 2047 dominum,
2818 1985 2911 2052 qui
2966 1987 3259 2042 secundum
3309 1990 3560 2044 substan-

1986 2072 2114 2124 tiam
2144 2078 2426 2139 utrumque
2450 2087 2575 2126 vere
2601 2088 2718 2128 esse
2747 2075 2981 2130 creditur
3007 2086 3059 2132 et
3088 2082 3383 2150 probatur;
3415 2100 3565 2137 com-

1986 2160 2282 2230 plectentes
2308 2169 2485 2216 autem
2508 2163 2835 2229 cogitatione
2864 2172 2919 2218 et
2948 2166 3093 2221 illum
3124 2170 3213 2236 qui
3246 2170 3570 2241 inseparabi-

1990 2251 2111 2305 liter
2141 2252 2190 2305 ei
2214 2251 2569 2319 conjungitur,
2601 2260 2656 2306 et
2683 2268 2781 2322 per
2810 2253 3128 2310 ineffabilem
3158 2273 3277 2311 cum
3300 2274 3366 2313 eo
3393 2277 3565 2330 copu-

1988 2341 2095 2396 lam
2117 2350 2172 2396 et
2193 2339 2500 2414 ﬁlii[Baluz.
2524 2342 2617 2397 lilii
2637 2342 2711 2415 et]
2732 2342 2935 2399 domini
2956 2347 3225 2417 particeps
3244 2349 3560 2405 :estimatur.

1461 2495 2001 2553 CASTlGATlONES
2042 2497 2128 2553 ET
2165 2497 2394 2554 NOTAE.

303 2610 397 2663 sed
424 2610 577 2663 etiam
605 2609 815 2679 inﬁrma
860 2607 953 2662 illa
991 2609 1183 2679 scripta
1221 2606 1541 2661 audientibus
1586 2624 1874 2678 apparere:

301 2681 544 2750 quoniam
591 2695 747 2749 neque
785 2678 937 2750 firma
985 2681 1202 2750 ratione,
1232 2694 1389 2750 neque
1425 2680 1741 2750 convenienti
1782 2681 1878 2732 hoc

301 2746 545 2819 possibile
571 2746 681 2801 erat
710 2746 940 2811 ostendi;
971 2746 1108 2819 etab
1146 2748 1250 2819 illis
1282 2746 1474 2819 idcirco
1514 2748 1739 2817 inﬁrmis
1767 2758 1878 2801 erat

302 2817 667 2887 conscriptum,
697 2827 946 2887 quatenus
974 2817 1073 2870 ‘ille
1100 2818 1184 2886 qui
1225 2818 1499 2886 scripserat
1528 2819 1729 2887 facilius
1758 2819 1880 2873 inde

299 2890 533 2941 convinci
564 2886 828 2954 potuisset.
865 2886 1008 2940 Unus
1028 2903 1147 2956 ergo
1175 2903 1239 2939 ea:
1264 2888 1456 2957 nostris
1473 2927 1486 2949 ,
1511 2886 1715 2957 propter
1740 2890 1877 2941 mul-

303 2967 411 3010 tum
440 2958 757 3026 facilitatem,
797 2957 915 3026 haec
955 2965 1154 3026 nostra
1178 2973 1289 3009 esse
1318 2956 1534 3008 credidit
1578 2956 1789 3026 scripta,
1830 2968 1881 3011 et

299 3024 457 3106 hujus
478 3028 550 3081 rei
570 3028 741 3096 gratia
770 3025 953 3106 dignus
973 3026 1077 3106 [ide
1104 3024 1166 3106 (ξιξ
1194 3026 1297 3078 illis
1320 3026 1540 3106 creditus
1561 3036 1654 3091 est,
1679 3024 1770 3106 qui.
1783 3029 1884 3081 ista

299 3095 600 3166 perlegeret,
631 3106 680 3149 et
701 3095 1008 3148 renuntiavit
1045 3095 1191 3166 nobis
1218 3112 1279 3147 ea
1306 3096 1642 3166 qutefuerant
1668 3095 1879 3166 scripta.

300 3164 433 3219 Cum
447 3164 578 3236 ergo
606 3166 941 3228 audissemus,
974 3165 1285 3236 culpavimus
1301 3164 1513 3236 quidem
1543 3165 1706 3236 illum,
1749 3164 1883 3236 quod

297 3245 486 3289 contra
516 3232 621 3289 vnos
662 3236 814 3288 dictis
842 3232 1158 3287 sermonibus
1188 3232 1487 3287 credidisset
1517 3234 1577 3286 de
1616 3235 1694 3288 his
1732 3232 1880 3291 rebus

296 3321 432 3377 quas
473 3307 661 3375 stepius
700 3306 842 3377 etin
886 3302 1117 3377 Ecclesia
1152 3312 1201 3377 et
1238 3304 1476 3373 privatim
1524 3304 1758 3377 dicentes
1787 3323 1880 3360 nos

295 3374 532 3444 audivit,
551 3374 665 3427 cum
694 3374 977 3444 ﬁdeliorem
1018 3375 1222 3442 scriptis
1263 3382 1492 3426 nostram
1520 3390 1690 3427 vocem
1729 3376 1879 3444 judi-

297 3461 433 3516 care»
450 3442 696 3516 debuerit,
728 3443 797 3494 ad
818 3442 1172 3494 documentum
1193 3452 1383 3496 nostra:
1404 3446 1689 3508 sententi/1:,
1731 3442 1881 3516 quam

296 3516 363 3586 i_r_i
400 3512 724 3586 dogmatibus
770 3520 1215 3586 votum__nostrum
1264 3521 1338 3564 est
1377 3527 1674 3565 conservare
1713 3512 1883 3586 (Apud

296 3578 636 3645 Facundum,
663 3578 752 3634 lib.
784 3596 836 3644 x,
865 3596 911 3632 c.
944 3578 1017 3648 1).

357 3652 530 3721 Atque
541 3651 665 3705 inde
680 3645 991 3721 intelligitur
1000 3648 1161 3721 quod_
1153 3645 1459 3721 Gennadius
1472 3653 1490 3721 (
1501 3650 1555 3703 Li
1562 3650 1605 3703 b.
1616 3651 1678 3703 de
1689 3650 1879 3721 Script.

298 3717 507 3774 Ecctés.
538 3737 653 3790 cap.
687 3717 774 3787 η)
800 3719 1019 3790 tradidit
1037 3718 1103 3772 de
1120 3717 1402 3774 Theodoro
1419 3717 1765 3774 Antiocheam
1784 3717 1885 3775 Ec-

298 3790 483 3860 clesia:
505 3788 853 3860 presbytero,
880 3788 969 3856 qui
992 3789 1195 3860 scripsit
1216 3790 1455 3860 adversus
1485 3790 1883 3860 Apollinaristas

296 3870 358 3913 et
384 3858 734 3930 Eunomianos
764 3858 825 3911 de
852 3859 1207 3930 incarnatione
1247 3858 1452 3913 Domini
1483 3858 1637 3913 libros
1666 3860 1882 3930 quinde-

298 3931 425 3994 cim,
449 3930 517 3983 ad
535 3929 822 4001 quindecim
850 3928 1011 3980 millia
1026 3945 1257 4001 uersuum
1270 3932 1608 4001 continentes,
1631 3928 1687 3983 in
1706 3928 1882 3998 quibus

296 4002 512 4068 ratione
537 3998 829 4068 purissima,
853 4008 902 4050 et
930 3998 1229 4068 testimoniis
1260 3999 1665 4067 Scripturarum,
1709 4008 1881 4068 osten-

298 4069 383 4121 dit
417 4065 696 4121 Dominum
731 4065 928 4131 Iesum,
960 4068 1090 4119 sicut
1118 4065 1484 4135 plenitudinem
1523 4068 1746 4122 Deitatis
1760 4065 1882 4133 ,ita

295 4139 673 4208 plenitudinem
698 4138 1032 4208 humanitatis
1060 4136 1317 4190 habuisse.
1354 4137 1516 4191 Docet
1551 4146 1600 4192 et
1627 4139 1882 4192 hominem

297 4206 500 4261 duabus
541 4216 739 4260 tantum
776 4206 1074 4261 substantiis
1108 4216 1340 4260 constare
1359 4247 1373 4266 ,
1412 4209 1467 4261 id
1494 4217 1599 4273 est,
1630 4210 1805 4262 anima
1833 4219 1883 4263 et

297 4293 882 4348 corporetsensumque
919 4285 967 4329 et
987 4277 1223 4348 spiritum
1252 4293 1355 4330 non
1398 4278 1613 4348 alterum
1640 4276 1881 4331 substan-

297 4346 451 4419 tiam,
483 4347 572 4401 sed
610 4348 775 4419 officia
800 4346 922 4400 esse
961 4347 1150 4419 (minus
1189 4348 1440 4419 ingenita,
1485 4346 1663 4419 quibus
1692 4349 1876 4418 spirat,

392 4416 481 4471 bus
525 4414 794 4470 rationalis
839 4426 945 4476 est,
995 4414 1172 4486 quibus
1219 4414 1457 4470 sensibile
1489 4414 1627 4538 Z'acit
1672 4414 1873 4488 corpus.

392 4497 556 4538 artum
583 4488 833 4538 decimum
867 4496 1037 4538 autem
1065 4486 1214 4538 huius
1243 4488 1409 4538 oneris
1448 4488 1483 4538 li
1522 4503 1633 4538 rum
1674 4489 1873 4538 nronrie

352 4497 556 4540 uartum
583 4488 833 4540 decimum
867 4496 1037 4539 autem
1065 4486 1214 4555 hujus
1243 4488 1409 4557 operis
1448 4486 1633 4540 librum
1672 4486 1879 4557 proprie

293 4558 366 4611 de
411 4558 642 4627 increata
687 4566 737 4608 et
782 4557 893 4609 sola
936 4558 1258 4627 incorporea,
1306 4558 1611 4627 dominoque
1651 4559 1877 4611 omnium

293 4637 495 4681 sanctae
518 4626 786 4679 Trinitatis
804 4634 1009 4688 natura,
1033 4635 1081 4679 et
1103 4625 1164 4679 de
1184 4625 1537 4680 creaturarum
1556 4629 1757 4679 ratione
1779 4627 1879 4681 dis-

291 4713 493 4759 serens,
527 4697 611 4766 pio
636 4711 808 4759 sensu,
833 4712 952 4766 cum
980 4698 1283 4750 auctoritate
1315 4706 1609 4751 sanctarum
1633 4696 1875 4766 Scriptu-

292 4784 493 4831 rarum,
524 4762 788 4835 explicuit.
816 4762 1005 4829 Quinto
1041 4766 1235 4819 decimo
1268 4784 1384 4820 vero
1425 4768 1677 4820 volumine
1717 4762 1875 4820 totum

1981 2608 2485 2685 doroﬁhntiochenae
2506 2609 2755 2685 Ecclesiae
2792 2613 3128 2685 presbytero,
3159 2616 3310 2685 cujus
3345 2617 3561 2674 Genna-

1982 2678 2101 2732 dius
2121 2677 2452 2748 Photiusque
2474 2677 2849 2747 meminerunt,
2876 2677 2995 2738 esse
3026 2677 3314 2740 diversum.
3343 2688 3562 2744 Certum

1984 2749 2125 2830 enim
2146 2756 2229 2830 est
2248 2764 2278 2801 a
2307 2748 2681 2830 M‘opsuesteno
2711 2755 3054 2830 conscriptos
3063 2770 3190 2830 esse
3230 2756 3395 2830 libros
3425 2774 3564 2826 quos

1984 2817 2320 2896 Antiocheno
2348 2817 2582 2896 tribuunt
2607 2817 2992 2896 Gennadius—et
3020 2823 3258 2896 Photius.
3284 2824 3393 2879 Cur
3411 2817 3562 2896 ergo,

1986 2888 2225 2963 inquies,
2274 2896 2497 2963 vocatur
2549 2891 2896 2963 Antiochenm
2942 2892 3194 2948 Ecclesia:
3241 2888 3565 2963 presbytér?

1985 2956 2134 3037 litore
2175 2968 2434 3037 consueto
2483 2959 2639 3037 hujus
2686 2963 2960 3037 temporis,
3011 2956 3564 3037 quohins'cribebatur

1986 3026 2133 3080 libris
2161 3030 2356 3095 gradus
2382 3026 2663 3083 auctorum
2681 3070 2696 3095 ,
2724 3032 2776 3085 in
2799 3026 2913 3100 quo
2941 3026 3099 3102 positi
3130 3033 3296 3088 libros
3324 3035 3563 3089 conscri-

1985 3104 2222 3165 pserant.

2056 3165 2133 3219 Ex
2154 3166 2245 3241 his
2272 3175 2451 3241 autem
2476 3168 2770 3241 observatis
2791 3169 2983 3241 colligo
3003 3172 3251 3240 primum,
3282 3173 3561 3241 scripsisse

1986 3233 2326 3311 Theodorum
2353 3237 2516 3311 libros
2542 3238 2610 3292 de
2637 3233 3024 3311 lncarnatione',
3056 3256 3161 3294 non
3186 3233 3357 3294 solum
3388 3233 3562 3311 prius-

1982 3318 2143 3372 quam
2170 3304 2321 3360 ﬁeret
2348 3308 2654 3377 episcopus,
2692 3316 2853 3377 atque
2882 3309 3016 3362 adeo
3045 3319 3169 3363 ante
3208 3304 3406 3363 annum
3435 3310 3556 3377 594,
3590 3340 3593 3343 -

1982 3377 2359 3461 qpqnprimum
2399 3378 2587 3461 sedere
2613 3379 2775 3461 cmpit
2793 3417 2807 3441 ,
2837 3378 3050 3461 scripsit
3086 3380 3227 3432 enim
3242 3381 3559 3461 pfpsbyler,

1908 3462 1952 3524 ρ
1986 3450 2040 3524 e_t
2065 3444 2328 3524 56’_annos
2356 3447 2521 3524 sedit;
2546 3447 2639 3503 sed
2663 3444 2827 3502 etiam
2854 3444 2977 3524 ante
3016 3464 3214 3502 annum
3242 3444 3362 3514 390,
3394 3444 3562 3524 siqui;

1988 3513 2108 3588 dem
2149 3515 2288 3570 hunc
2315 3517 2555 3572 codicem
2592 3519 2957 3588 composuisse
2984 3532 3043 3571 se
3091 3526 3318 3573 testatur
3343 3513 3561 3587 triginta

1987 3585 2142 3657 annis
2173 3596 2459 3654 antequam
2485 3588 2552 3641 de
2580 3585 2908 3657 Apollinario
2949 3595 3004 3641 et
3044 3587 3160 3657 ejus
3187 3590 3377 3643 haeresi
3419 3585 3559 3643 scri-

1985 3653 2171 3726 heret,
2230 3653 2374 3726 quod
2424 3671 2560 3724 opus
2607 3653 2936 3726 elucubrawt
2977 3653 3182 3726 aliquot
3229 3660 3382 3713 annis
3435 3667 3560 3713 ante

1986 3722 2189 3774 obitum
2214 3741 2227 3774 :
2259 3724 2388 3777 obiit
2416 3722 2546 3777 vero
2575 3740 2701 3777 ann.
2733 3725 2857 3789 428,
2887 3736 2946 3777 ut
2976 3722 3137 3779 tradit
3167 3727 3554 3782 Theodoretus.

2054 3790 2259 3866 Colligo
2284 3830 2299 3856 ,
2342 3792 2534 3866 deinde
2557 3833 2571 3857 ,
2622 3794 3010 3866 emendandum
3040 3810 3183 3866 esse
3215 3796 3557 3866 Allesychium

1984 3859 2892 3931 presbyterunrHierosolymorum
2941 3863 2993 3914 in
3040 3863 3261 3917 historia
3308 3859 3558 3919 ecclesia-

1984 3929 2318 4003 stica_.__cujus
2358 3929 2709 4003 fragmentum
2726 3932 3008 4003 profertur
3038 3932 3090 3985 in
3119 3950 3150 3986 v
3176 3933 3380 4003 synodo
3412 3933 3557 4003 (Col-

1985 3998 2073 4072 lat.
2109 3998 2191 4069 5);
2225 4000 2310 4072 ait
2327 4000 2470 4072 enim
2500 4001 2647 4072 (Cap.
2680 3998 2799 4070 ult.)
2834 4020 2845 4053 :
2881 4000 3152 4055 Senectute
3164 3998 3276 4072 jam
3308 3998 3438 4055 cana
3468 4005 3557 4057 tle-

1984 4068 2228 4133 bilitatus,
2261 4070 2464 4138 pietatis
2502 4068 2744 4137 scintilla,
2776 4068 2819 4124 si
2904 4088 2956 4122 ta
2992 4074 3124 4141 forte
3164 4068 3222 4125 in
3262 4090 3320 4126 eo
3332 4075 3551 4193 ﬁnisset,

1984 4139 2275 4193 inveterata.
2308 4138 2465 4193 libros
2494 4157 2792 4193 componere
2813 4088 3053 4193 agiiersus
3096 4142 3302 4193 Domini
3383 4145 3427 4193 ei
3457 4161 3551 4193 an-

1981 4139 2275 4213 inreterata,
2308 4138 2465 4193 libros
2494 4157 2792 4209 componere
2813 4138 3053 4213 adversus
3096 4142 3302 4195 Domini
3332 4138 3427 4195 Dei
3457 4161 3553 4213 ap-

1982 4210 2284 4281 paritionem
2307 4212 2653 4281 prwsumpsit,
2685 4227 2897 4281 quorum
2930 4211 3304 4265 multitudinem
3335 4210 3551 4281 praeter-

1982 4278 2230 4331 mittentes
2262 4282 2374 4349 (nec
2404 4278 2539 4332 enim
2559 4281 2640 4349 fas
2669 4278 2745 4332 est
2769 4282 2956 4349 impios
2977 4282 3226 4335 revolvere
3247 4278 3548 4405 sermone?

1982 4348 2132 4400 unius
2161 4350 2211 4401 in
2254 4351 2496 4405 prcesenti
2523 4351 2816 4402 memoriam
2862 4352 3131 4405 faciamus.
3170 4352 3292 4405 Atzit
3327 4367 3456 4405 vero
3521 4368 3548 4405 e

1979 4348 2132 4420 unius
2161 4350 2211 4401 in
2252 4351 2496 4419 prcesenti
2523 4348 2847 4420 memoriam;
2861 4352 3131 4420 faciamus.
3170 4352 3292 4419 Agit
3327 4367 3456 4406 vero
3486 4348 3553 4406 de

1980 4415 2082 4489 hoc
2112 4418 2227 4485 ipso
2253 4415 2447 4489 opere,
2492 4418 2754 4489 siquidem
2803 4415 3068 4473 Theodori
3107 4415 3359 4489 quiddam
3387 4421 3551 4476 refert

1981 4485 2033 4560 i_n
2053 4485 2397 4560 sermonibus
2434 4488 2672 4560 mysticis
2700 4505 2712 4539 :
2746 4495 3098 4560 atsermones
3124 4485 3334 4560 inystici
3369 4492 3551 4560 procul

1979 4554 2141 4625 dubio
2171 4572 2199 4609 a
2239 4557 2420 4611 codice
2460 4551 2526 4612 de
2555 4557 2925 4612 lncarnatione
2977 4576 3083 4615 non
3114 4551 3385 4625 dilferunt,
3428 4577 3550 4615 cum

1978 4623 2258 4701 facundus
2280 4642 2345 4680 ex
2374 4627 2617 4701 libro_15_
2631 4628 2845 4701 mystico
2884 4629 3080 4683 referat
3104 4630 3247 4701 quod
3275 4631 3328 4683 in
3357 4623 3449 4684 lib.
3482 4631 3550 4684 de

1977 4693 2347 4749 lncaruatione
2369 4695 2464 4750 fuit
2490 4698 2557 4752 de
2586 4693 2752 4751 Paulo
2782 4693 3153 4754 Samosateno.

2052 4774 2076 4801 ει
2106 4764 2356 4839 Callidius
2384 4768 2514 4821 nihil
2553 4768 2623 4821 ad
2662 4768 2997 4823 dialecticam
3037 4771 3140 4824 dici
3169 4769 3363 4839 potuit.
3412 4767 3548 4823 Tra-

290 4838 465 4904 operis
506 4833 809 4905 sui—corpus,
852 4837 1019 4888 citatis
1058 4838 1212 4889 etiam
1242 4835 1459 4890 Patrum
1491 4836 1871 4905 traditionibus,
1905 4834 1952 4893 D
1977 4833 2109 4887 dunt
2136 4836 2276 4889 enim
2306 4838 2436 4891 artis
2462 4838 2600 4891 illius
2628 4839 2887 4906 magistri,
2913 4855 3018 4893 non
3045 4833 3350 4893 coalescere
3378 4839 3432 4892 in
3455 4855 3547 4892 nu-

290 4907 618 4960 contirmavit
643 4916 693 4959 et
719 4906 1063 4960 communivit.

416 4990 551 5044 eque
572 4976 712 5030 enim
741 4976 915 5044 potuit
941 4975 1007 5029 de
1036 4974 1141 5029 alio
1168 4975 1280 5029 sive
1306 4990 1488 5043 opere,
1518 4975 1629 5029 sive
1654 4982 1874 5030 auctore

278 5045 464 5116 'loqui,
512 5061 670 5115 quam
715 5046 782 5116 de
832 5044 1323 5116 quor'l‘heodorus,
1363 5060 1487 5097 cum
1533 5044 1874 5116 characteres

292 5113 477 5183 aperis
498 5113 634 5184 quos
662 5114 825 5169 refert
852 5113 1076 5184 miriﬁce
1116 5122 1411 5181 congruant
1440 5130 1560 5168 cum
1596 5114 1697 5167 illis
1734 5129 1871 5183 quos

293 5183 579 5240 Facundos
604 5199 843 5254 quosque
872 5183 1185 5238 Theodorus
1215 5186 1328 5253 ipse
1355 5184 1626 5253 exprimit.

372 5255 568 5309 Verum
614 5253 742 5323 ergo
790 5270 895 5309 non
939 5262 1040 5318 est,
1081 5254 1224 5321 quod
1269 5253 1509 5323 nonnulli
1554 5253 1703 5306 aiunt
1730 5254 1870 5322 apud

292 5325 553 5391 Miraeum,
586 5325 639 5379 id
679 5322 857 5395 operis
879 5324 1223 5395 tribuendum
1251 5338 1370 5378 esse
1410 5322 1701 5395 Theodoro
1743 5323 1870 5395 Bai:

293 5396 541 5461 thaensi;
573 5391 882 5450 vixit—enim
916 5393 1257 5448 Raithuensis
1297 5393 1626 5461 temporibus
1654 5391 1869 5446 Maximi

292 5466 566 5533 martyris,
598 5465 650 5519 id
678 5474 787 5526 est,
828 5466 1055 5533 septimo
1082 5464 1297 5527 smculo,
1325 5462 1643 5533 Gennadius
1659 5463 1867 5533 quinto,

293 5482 437 5520 mart
473 5482 566 5526 ris,
598 5482 650 5519 tu
678 5482 787 5526 εει,
828 5482 1055 5533 septimo
1082 5482 1297 5527 samum,
1325 5482 1632 5517 bennautus
1659 5482 1863 5530 quinto,

293 5536 397 5589 sub
436 5482 629 5597 ﬁnem,
666 5546 828 5605 atque
868 5534 942 5588 ita
974 5534 1111 5587 inter
1140 5543 1424 5601 utrumque
1464 5534 1589 5587 anni
1620 5531 1732 5586 fere
1763 5531 1863 5587 168

294 5604 705 5660 interﬂuxerint.
750 5604 753 5605 ⁷
1190 5656 1191 5659 η

367 5675 548 5743 Neque
578 5676 738 5729 etiam
776 5688 980 5737 verum,
1010 5671 1155 5741 quod
1183 5672 1402 5727 eruditis
1440 5671 1755 5743 quibusdam
1785 5672 1865 5725 vi-

292 5742 476 5812 detur,
501 5744 839 5799 Theodorum
861 5743 1289 5815 Mopsuestenum
1317 5744 1622 5813 episcopum
1644 5758 1673 5796 a
1697 5742 1866 5797 Theo-

1976 4919 2203 4982 merum,
2244 4906 2344 4959 nisi
2372 4922 2490 4982 qua:
2518 4916 2643 4982 sunt
2670 4908 2907 4982 ejusdem
2929 4908 3413 4982 denominationis,
3448 4924 3547 4982 nec

1978 4975 2215 5047 ejusdem
2244 4991 2362 5047 esse
2388 4977 2856 5041 denominationis,
2890 4978 2990 5032 nisi
3019 4992 3137 5047 quae
3165 4977 3355 5032 eodem
3383 4978 3546 5032 modo

1975 5044 2217 5116 eamdem
2265 5046 2489 5100 formam
2533 5047 2785 5113 habeant,
2832 5063 2990 5116 quam
3036 5044 3354 5116 'Aristoteles
3388 5056 3548 5103 vocat

1975 5114 2144 5192 quoiam
2165 5119 2292 5170 κατὰ
2312 5116 2699 5192 τρρνομαΣ-ρᾳο
2729 5134 2793 5173 ex
2824 5114 3086 5192 principio
3113 5115 3426 5192 Theodorus
3469 5117 3546 5172 in-

1975 5182 2075 5236 l'ert
2123 5202 2133 5235 :
2190 5200 2316 5253 ergo
2353 5182 2477 5240 licet
2534 5186 2764 5241 Verbum
2811 5182 2867 5241 et
2922 5182 3084 5242 hoino
3132 5202 3241 5241 non
3291 5187 3546 5242 uniantur

1972 5255 2079 5328 φιϐ’
2100 5255 2542 5328 ὑπόσςτασψιεςξᾲ
2571 5258 2754 5328 σχέσει
2798 5264 3037 5321 tantum;
3073 5256 3180 5312 duo
3219 5266 3394 5312 tamen
3428 5257 3540 5322 lilii,

1946 5322 2188 5406 duoque
2217 5324 2416 5406 domini
2444 5325 2545 5406 dici
2580 5322 2941 5406 nonpossunt
2981 5345 2993 5379 :
3035 5328 3305 5406 quodiam
3337 5329 3437 5406 etsi
3478 5328 3543 5378 ﬁ-

1977 5390 2173 5447 lietatis
2198 5411 2261 5449 ac
2286 5390 2735 5450 denominationis
2773 5396 2997 5452 formam
3027 5390 3267 5450 eamdem
3291 5398 3541 5461 habeant,

1975 5477 2083 5515 non
2119 5471 2296 5518 tamen
2334 5464 2524 5519 eodem
2566 5465 2726 5521 modo
2754 5467 2971 5531 habent,
3002 5466 3234 5520 Verbum
3281 5468 3541 5534 siquidem

1974 5542 2184 5603 natura,
2208 5535 2367 5589 homo
2405 5535 2518 5589 sola
2558 5534 2937 5603 conjunctione
2974 5554 2985 5587 :
3020 5535 3159 5589 unde
3201 5536 3381 5590 audita
3411 5552 3543 5591 voce

1973 5600 2090 5655 Filii
2139 5602 2250 5665 Dei,
2308 5600 2910 5673 omniumque-domini,
2963 5606 3195 5660 Verbum
3244 5620 3342 5675 per
3378 5621 3436 5658 se
3489 5616 3544 5658 et

1971 5675 2154 5746 κυρίως
2180 5681 2340 5743 atque
2369 5676 2677 5746 simpliciter
2698 5676 3026 5747 intelligitur,
3050 5677 3209 5732 homo
3232 5677 3360 5731 κατά
3382 5696 3431 5731 τι
3462 5685 3543 5728 at-

1971 5756 2074 5809 que
2100 5747 2392 5813 ὁμωνύμως.
