3978 6188
284 339 409 396 1061

1228 333 1592 391 EXCERPTA
1634 335 1976 390 TIIEUDORI
2020 333 2546 389 MOPSUESTENSI.

3377 337 3516 389 10ϋὲ

277 453 434 522 igitur
462 465 568 508 non
591 449 820 521 proficit,
853 463 952 503 nec
990 449 1130 503 enim
1178 441 1518 518 imperfectus
1556 455 1659 512 est,
1687 455 1744 500 ut
1773 447 1838 498 ad
1869 452 1910 506 Λ
1941 446 2102 498 homo
2147 445 2267 498 hinc
2305 453 2382 498 est
2414 462 2424 495 :
2470 442 2632 496 Maria
2676 459 2780 496 non
2826 443 3034 513 peperit
3061 443 3324 507 Verbum,
3357 443 3384 480 ά
3415 462 3516 500 nec

276 542 656 614 perfectionem
682 539 1023 594 incrementis
1045 539 1294 606 indigeat.
1313 548 1338 576 ⁸
1353 538 1468 593 Non
1483 538 1625 592 enim
1648 537 1698 592 ei
1715 553 1838 590 mox

277 635 504 689 formato
529 632 613 686 vel
657 632 802 686 edito
831 646 1046 685 omnem
1076 631 1347 700 propriam
1376 628 1691 699 sapientiam
1721 627 1842 681 Dei-

275 736 356 781 tas
375 724 601 780 contulit
623 742 637 790 ;
669 724 762 778 sed
785 724 922 778 hanc
941 723 1298 793 particulatim
1320 722 1533 792 corpori
1556 719 1838 775 tribuebat.

343 816 394 870 5.
427 816 454 854 δ
483 815 670 880 Dicite,
702 815 889 883 inquit,
919 813 992 867 eis
1021 829 1039 866 :
1069 812 1381 883 Prapbetam
1410 810 1548 866 vobis
1573 808 1837 865 suscitabit

273 906 526 961 Dominus
554 905 692 958 Deus
716 913 878 958 vester
903 919 967 956 ea:
995 903 1239 973 fratribus
1264 904 1441 956 uestris
1467 911 1729 972 tamquam
1756 915 1836 952 me

274 995 450 1066 (Deut.
483 1011 624 1059 xvm,
655 993 761 1063 15).
785 992 864 1046 Ex
895 991 1142 1047 fratribus
1167 1007 1274 1045 non
1295 999 1378 1045 est
1398 991 1538 1045 Deus
1565 989 1798 1044 Verbum
1826 1006 1839 1018 υ

272 1087 534 1157 prepheta
565 1100 794 1153 namque
819 1092 900 1138 cst
920 1083 1010 1152 qui
1036 1082 1258 1151 gratiam
1287 1082 1515 1150 Spiritus
1544 1080 1756 1150 accipit,
1787 1086 1842 1132 et

273 1175 446 1230 futura
477 1174 732 1244 praedicit,
752 1173 1057 1226 ministrans
1076 1169 1316 1239 Spiritui.
1340 1169 1407 1222 ad
1435 1166 1844 1238 przenuntianda

273 1264 480 1335 [Boium
531 1258 941 1334 pronuntianda]
984 1274 1048 1314 ea
1093 1273 1212 1328 quae
1252 1266 1472 1312 ventura
1519 1265 1661 1310 sunt.
1703 1256 1843 1310 Deus

273 1355 434 1423 igitur
461 1353 706 1418 Verbum,
742 1352 828 1408 cui
872 1351 1224 1406 ministerium
1272 1350 1517 1419 praebuit,
1567 1357 1659 1403 aut
1686 1348 1839 1417 cujus

271 1445 533 1513 propheta
577 1450 904 1496 monstratus
949 1442 1077 1496 est?
1119 1439 1279 1495 Vides
1319 1452 1450 1508 ergo
1495 1439 1619 1508 quia
1662 1438 1843 1492 divina

271 1535 546 1604 Scriptura
574 1541 730 1588 caute
760 1531 1090 1603 pronuntiat.

310 1628 397 1698 .6.
429 1623 652 1688 Precor,
670 1622 861 1691 inquit,
911 1620 1189 1675 attendite.
1236 1619 1431 1674 Dicunt
1475 1618 1542 1672 ad
1594 1632 1737 1672 nos:
1776 1615 1848 1673 Ut

267 1715 399 1785 quid
425 1713 686 1783 separatis
712 1713 885 1780 ergo?
913 1710 1022 1765 Vos
1047 1707 1388 1778 respondete,
1417 1708 1508 1778 qui
1547 1723 1653 1761 non
1691 1722 1846 1777 sepa-

1943 536 2084 590 enim
2133 535 2295 588 Maria
2332 542 2448 588 erat
2473 534 2611 587 Deus
2639 533 2842 603 [Batuz.
2869 551 2972 588 om.
2996 532 3193 604 Deus];
3224 534 3318 590 sed
3338 535 3516 589 bomi~

1945 643 2064 682 nem
2093 628 2246 681 nobis
2271 627 2498 681 similem
2521 626 2723 692 genuit,
2749 626 3024 681 meliorem
3045 641 3172 682 vero
3192 641 3291 696 per
3314 627 3515 690 omnia,

1942 718 2065 785 quia
2095 719 2160 772 de
2189 717 2389 786 Spiritu
2415 724 2622 770 sancto.

2018 809 2052 863 8
2117 820 2140 847 ο
2170 809 2250 864 Ad
2287 809 2513 878 diligens
2559 815 2884 876 cautumque
2931 806 3236 875 dogmatum
3266 823 3363 862 vos
3388 823 3518 863 exa-

1947 917 2067 955 men
2089 901 2363 956 evehimus
2399 918 2411 953 :
2448 899 2466 938 ί
2503 901 2804 953 laboramus
2837 908 3059 968 propter
3088 915 3201 967 vos,
3246 915 3315 954 ne
3353 901 3520 955 ratio—

1947 1007 2066 1044 nem
2097 991 2323 1044 Domino
2343 989 2625 1044 reddamus
2651 1004 2746 1058 pro
2768 996 2950 1044 nostro
2971 989 3203 1045 silentio.
3246 989 3522 1046 Perfectus

1945 1089 2069 1136 ante
2097 1081 2292 1135 secula
2319 1079 2482 1133 Filius
2511 1079 2804 1148 perfectum
2834 1093 2954 1132 eum
2983 1079 3072 1146 qui
3101 1095 3170 1134 ex
3198 1079 3364 1135 David
3392 1095 3521 1148 pro-

1947 1174 2105 1229 batur
2131 1174 2431 1243 assumpsit,
2464 1171 2629 1226 Filius
2656 1171 2751 1225 Dei
2780 1170 2942 1224 filium
2970 1171 3159 1225 David.
3209 1171 3362 1225 Dices
3390 1186 3518 1239 ergo

1947 1265 2074 1318 mihi
2101 1284 2113 1317 ε
2147 1265 2290 1318 Duos
2313 1263 2448 1317 filios
2475 1262 2750 1332 praedicas.
2795 1261 2912 1314 Non
2941 1261 3061 1315 dico
3084 1262 3220 1316 duos
3247 1262 3384 1316 filios
3411 1261 3520 1314 Da—

1947 1355 2036 1409 vid
2056 1395 2072 1418 ,
2104 1353 2358 1421 numquid
2404 1353 2572 1406 Deum
2619 1350 2853 1405 Verbum
2883 1351 3051 1404 ﬁlium
3071 1351 3236 1406 David
3275 1352 3523 1406 asserui?

1948 1443 2054 1498 Sed
2082 1458 2180 1498 nec
2201 1443 2336 1498 duos
2364 1440 2500 1495 ﬁlios
2527 1441 2623 1495 Dei
2661 1440 2949 1494 secundum
2979 1441 3330 1494 substantiam
3358 1441 3478 1495 dico
3504 1458 3518 1493 :

1951 1541 1976 1581 s
2010 1531 2262 1601 numquid
2284 1532 2425 1587 enim
2455 1531 2588 1586 duos
2629 1531 2764 1585 filios
2803 1546 2984 1586 assero
3010 1531 3076 1585 de
3103 1531 3197 1584 Dei
3225 1531 3523 1586 substantia

1948 1624 2158 1693 genitos
2203 1631 2327 1677 ante
2365 1622 2588 1677 secula?
2617 1621 2747 1676 Dico
2773 1629 2950 1675 autem
2975 1621 3071 1674 Dei
3101 1621 3334 1676 Verbum
3363 1621 3522 1678 habi-

1950 1721 2095 1769 tasse
2118 1713 2172 1768 in
2200 1728 2270 1768 eo
2290 1712 2434 1782 quod
2463 1727 2527 1766 ex
2554 1710 2720 1765 David
2744 1711 2950 1764 semine
2976 1711 3374 1780 comprobatur.

267 1803 420 1858 ratis.
453 1801 716 1870 Numquid
753 1800 895 1854 Deus
921 1797 1156 1854 Verbum
1187 1797 1240 1851 in
1264 1797 1568 1851 novissimis
1591 1805 1673 1852 est
1699 1804 1840 1850 tem-
1872 1808 1918 1868 Β
2013 1801 2065 1857 9.
2105 1803 2221 1858 Νοη
2249 1803 2354 1869 sic,
2401 1803 2603 1872 inquit,
2631 1801 2686 1856 in
2714 1815 2780 1856 eo
2811 1800 2958 1870 quod
2977 1808 3058 1855 est
3086 1816 3155 1855 ex
3181 1801 3384 1856 semine
3411 1801 3520 1855 na-

266 1895 533 1965 poribus?
570 1891 706 1959 Quid
735 1891 926 1945 aiunt?
961 1888 1214 1952 Putasne,
1243 1888 1347 1942 hoc
1373 1888 1598 1942 dicunt?
1633 1887 1846 1956 Nequa-

263 2000 456 2054 quam,
500 1982 597 2040 sed
641 1989 768 2036 ante
793 1979 988 2035 smcula
1014 1985 1115 2034 est.
1156 1977 1226 2031 Et
1272 1978 1318 2032 si
1346 1983 1474 2032 ante
1516 1977 1710 2032 saecula
1739 1985 1841 2040 est.

261 2077 419 2146 quod
457 2083 540 2131 est
577 2089 646 2129 ex
673 2073 877 2130 semine
909 2069 1094 2137 David,
1126 2069 1298 2124 multo
1318 2068 1486 2137 magis
1513 2069 1626 2138 ipse
1657 2067 1843 2132 David,

260 2168 342 2221 ex
369 2179 477 2236 quo
505 2171 588 2218 est
627 2177 811 2217 semen
835 2177 851 2226 ;
881 2159 976 2214 sed
1002 2174 1109 2212 non
1157 2165 1242 2213 est
1268 2156 1436 2212 David
1472 2164 1598 2211 ante
1630 2155 1843 2222 smcula,

259 2269 400 2316 nam
434 2253 615 2308 multis
655 2249 964 2306 hominibus
999 2248 1260 2318 probatur
1303 2262 1423 2303 esse
1457 2246 1742 2316 posterior,
1789 2255 1844 2302 et

259 2352 398 2415 post
421 2342 605 2413 viginti
633 2348 758 2396 octo
795 2339 1172 2408 generationes
1208 2353 1240 2392 a
1266 2337 1453 2402 David,
1487 2336 1540 2392 id
1580 2337 1725 2406 quod
1762 2344 1846 2392 est

262 2453 342 2492 ex
368 2435 571 2490 semine
598 2432 784 2488 David.
816 2432 875 2489 Si
920 2439 1100 2488 autem
1129 2439 1254 2488 ante
1291 2430 1483 2487 saecula
1512 2439 1595 2486 est
1619 2431 1763 2500 quod
1792 2432 1845 2486 in

263 2527 432 2582 vulva
459 2525 747 2581 formatum
773 2531 876 2590 est,
906 2537 1015 2578 non
1045 2537 1114 2578 ex
1133 2522 1336 2578 semine
1369 2521 1555 2587 David,
1585 2529 1640 2579 et
1665 2521 1847 2577 divina

263 2618 547 2688 Scriptura
569 2616 847 2671 mentitur.

347 2708 398 2761 7.
446 2717 471 2746 ο
498 2705 672 2761 Homo
693 2705 908 2772 ungitur
931 2702 1086 2759 Jesus
1112 2703 1366 2758 Dominus
1388 2711 1588 2767 noster,
1612 2702 1846 2760 Verbum

264 2813 384 2853 non
429 2796 682 2866 ungitur:
730 2794 963 2850 Verbum
994 2809 1225 2866 namque
1273 2793 1446 2863 majus
1486 2803 1568 2848 est
1607 2792 1843 2860 Christo,

264 2890 400 2958 quia
435 2886 679 2942 Christus
721 2900 820 2956 per
862 2885 1179 2954 sapientiam
1226 2898 1450 2952 magnus
1494 2883 1716 2940 effectus
1741 2894 1842 2939 est.

265 2970 510 3033 Verbum
559 2976 701 3031 enim
741 2974 1020 3029 desursum
1065 2981 1148 3028 est
1168 3014 1184 3039 ,
1222 2972 1377 3029 Jesus
1401 2981 1578 3028 autem
1603 2971 1847 3028 Christus

1945 1893 2055 1956 vid,
2084 1893 2223 1948 sicut
2261 1893 2316 1946 in
2356 1891 2652 1962 prophetis,
2693 1890 2954 1946 habitavit
2983 1890 3124 1946 Deus
3144 1890 3399 1948 Verbum.
3440 1891 3522 1948 illi

1943 1983 2088 2039 enim
2117 1981 2421 2052 particulari
2459 1981 2689 2052 quadam
2719 1989 2775 2035 et
2805 1979 3014 2035 modica
3037 1980 3521 2054 [Batumodiﬁea-

1945 2071 2034 2143 ta]
2063 2073 2362 2143 quantitate
2397 2071 2571 2127 sancti
2613 2072 2843 2142 Spiritus
2864 2070 3034 2139 gratia
3063 2071 3406 2142 fruebantur;
3434 2074 3523 2132 hic

1945 2172 2124 2220 autem
2161 2163 2216 2218 in
2243 2162 2358 2230 his,
2402 2163 2457 2217 in
2485 2164 2679 2232 quibus
2706 2161 2974 2216 interdum
2999 2171 3154 2217 erant
3179 2163 3287 2230 illi,
3321 2165 3524 2235 jugiter

1948 2253 2294 2324 permanebat
2315 2293 2331 2318 ,
2354 2260 2411 2308 et
2435 2252 2604 2321 gloria
2631 2251 2793 2306 Verbi
2821 2266 2885 2306 ac
2906 2252 3166 2322 sapientia
3192 2254 3516 2323 replebatur.

1948 2346 2097 2401 Alter
2123 2344 2498 2415 intelligendus
2526 2343 2714 2414 procul
2739 2342 2900 2398 dubio
2925 2351 3122 2412 praeter
3145 2357 3290 2410 eum,
3319 2352 3374 2400 et
3390 2345 3520 2400 sub-

1945 2436 2138 2492 sistens
2160 2435 2179 2507 Ῐ
2196 2434 2378 2490 Batus.
2410 2431 2719 2505 sustinens]
2762 2434 2979 2504 proprie
3005 2431 3142 2489 filius
3165 2449 3230 2489 ac
3254 2449 3520 2504 seorsum;

1949 2541 2058 2582 non
2084 2526 2229 2581 enim
2255 2524 2492 2580 Verbum
2533 2523 2878 2592 semetipsum
2907 2522 3171 2592 sapientia
3199 2523 3441 2593 replebat
3466 2533 3526 2580 et

1947 2616 2138 2686 gloria,
2165 2615 2259 2672 sed
2286 2614 2439 2670 alteri
2475 2613 2656 2685 potius
2697 2613 2813 2668 haec
2836 2627 2956 2683 qua:
2982 2621 3108 2668 sunt
3138 2613 3365 2684 insignia
3392 2629 3526 2670 con-

1951 2705 2179 2761 ferebat.

2023 2796 2108 2851 10.
2150 2795 2449 2850 Adoramus
2473 2808 2766 2865 purpuram
2785 2799 3004 2863 propter
3023 2791 3288 2859 indutum,
3315 2802 3372 2850 et
3397 2802 3531 2852 tetu-

1951 2888 2097 2957 plum
2143 2894 2364 2956 propter
2408 2885 2797 2949 habitatorem;
2845 2884 3073 2938 formam
3117 2884 3258 2938 servi
3303 2893 3529 2955 propter

1951 2976 2178 3033 formam
2198 2976 2322 3042 Dei;
2345 2975 2373 3012 ¹ι
2393 2989 2588 3046 agnum
2609 2983 2829 3048 propter
2850 2971 3173 3046 pontificem,
3197 2983 3527 3047 assumptum

460 3146 461 3149 η
1452 3083 1988 3145 CASTIGATIONES
2027 3089 2112 3144 ET
2149 3089 2378 3145 NOTE.

350 3185 380 3248 ’ξ
410 3174 665 3248 Videntur
708 3172 896 3248 deesse
918 3172 1039 3248 haec
1078 3172 1239 3248 verba
1279 3181 1371 3226 aut
1397 3173 1589 3248 similia
1623 3191 1634 3227 :
1675 3174 1855 3247 Proﬁ-
1883 3185 1930 3248 ο
1958 3178 2298 3248 substantiam
2328 3179 2476 3248 dico;
2523 3194 2618 3248 nec
2656 3179 2793 3248 enim
2832 3179 2947 3234 dico
2989 3179 3116 3234 duos
3154 3179 3526 3236 exsubstantia

275 3243 447 3313 ciebo;
471 3243 643 3305 Jesus;
664 3242 759 3313 vel,
790 3240 1108 3313 Proﬁciebat
1127 3243 1277 3296 homo
1301 3259 1318 3296 :
1341 3259 1445 3297 non
1465 3245 1619 3308 enim,
1647 3253 1752 3300 etc.

357 3312 385 3352 δ
423 3311 675 3381 Suspicor
703 3311 1050 3381 idisum'ptum
1079 3326 1147 3366 ex
1177 3313 1312 3366 libro
1335 3329 1402 3367 xv
1423 3313 1489 3368 de
1517 3313 1844 3370 lncarnatio-

275 3398 378 3445 ne,
409 3379 1088 3450 quo’concluditur'totum
1117 3390 1383 3450 opustut
1417 3384 1492 3436 ait
1531 3383 1840 3440 Facundus:

267 3462 332 3506 et
367 3452 439 3504 ita
479 3449 731 3518 quidem,
775 3455 834 3518 ut
873 3449 1017 3514 quod
1043 3449 1255 3516 scripsit
1281 3449 1587 3506 Gennadius
1609 3493 1623 3518 ,
1667 3456 1846 3510 citatis

271 3521 495 3575 Patrum
529 3517 901 3592 traditionibus
937 3519 1329 3592 communiatur
1363 3529 1418 3592 et
1444 3524 1842 3592 corroboretur,

269 3592 458 3655 immo,
489 3587 845 3660 uticolligitur
867 3600 936 3660 es
965 3587 1083 3660 aliis
1095 3586 1436 3660 fragmentis,
1469 3586 1844 3660 interrogatio;

267 3653 778 3726 nibus'quibusdam
815 3653 929 3710 fleri
964 3655 1139 3711 solitis
1173 3653 1452 3726 responsio
1477 3653 1748 3714 afferatur.
1788 3662 1844 3714 ιδ

267 3743 378 3797 ego
405 3725 599 3796 colligo
623 3740 690 3780 ex
714 3725 1010 3798 fragmento
1034 3726 1178 3794 quod
1201 3725 1313 3798 inv
1330 3727 1535 3798 synodo
1559 3730 1842 3798 reperitur,

269 3795 544 3868 appellato
584 3811 748 3868 opere
791 3796 906 3868 sine
942 3811 1165 3868 numero
1199 3795 1470 3868 libri;’sed
1500 3795 1845 3868 apudﬂLeoné

271 3863 411 3922 ιίὶιῖιι
437 3867 574 3920 hanc
598 3863 763 3919 liabet
799 3865 1228 3934 inscriptionem,
1261 3863 1511 3934 Ejusdem
1535 3863 1606 3920 ex
1637 3867 1726 3920 lib.
1755 3884 1840 3921 xv.

267 3938 368 3992 Sic
393 3945 572 3991 autem
596 3951 657 3989 se
686 3935 884 3989 habet:
919 3935 1086 3988 Nemo
1121 3935 1345 4006 arti/icio
1388 3937 1846 4006 interrogationum

268 4008 577 4077 decipiatur,
610 4006 922 4077 ﬂagitiosum
957 4006 1193 4077 enimest
1224 4004 1474 4077 deponere
1499 4004 1700 4077 quidem
1731 4017 1847 4060 tan-

271 4073 399 4131 tam'
419 4079 619 4130 testium
659 4073 873 4139 nubem,
912 4073 1361 4145 secundumiqu’od
1388 4073 1662 4144 Apostolus
1692 4077 1842 4143 dixit,

267 4147 459 4201 astutis
485 4158 652 4198 autem
673 4143 1156 4214 interrogationibus
1178 4143 1409 4214 deceptos
1435 4143 1846 4199 adversariorum

269 4218 413 4287 parti
445 4216 707 4287 conjungi.
751 4212 884 4287 Qua?
904 4230 1048 4287 _vero_
1062 4223 1182 4287 sunt
1207 4212 1320 4285 qua:
1349 4231 1462 4287 cum
1487 4224 1600 4268 arte
1624 4218 1849 4287 inteer-

268 4282 435 4357 gtsnt?
462 4282 702 4357 Hominis
730 4284 953 4354 genitria:
994 4282 1057 4357 λζ
1055 4286 1199 4347 aria,
1219 4282 1309 4357 'an
1337 4283 1435 4337 Dei
1472 4285 1730 4357 ς]ςηὶ(νὶπῖ
1777 4284 1846 4338 Et

267 4352 360 4426 qui
387 4356 660 4424 cruciﬁams
685 4352 787 4419 est,
811 4362 988 4426 utrum
1021 4352 1154 4407 Deus
1186 4371 1253 4407 an
1283 4355 1433 4408 homo
1455 4352 1488 4407 γ’
1504 4354 1611 4409 Sed
1631 4356 1846 4408 istorum

269 4423 474 4497 quidem
503 4423 640 4497 certa
667 4433 741 4497 est
769 4423 1037 4497 absolutio,
1071 4432 1174 4497 etc.

349 4509 372 4534 ο
414 4494 580 4565 llujus
609 4493 823 4565 quidem
851 4491 1404 4565 fragmentil'vartem,
1429 4507 1547 4562 qum
1569 4494 1637 4547 ad
1667 4494 1841 4564 Virgi-

1957 3246 2075 3312 Dei,
2102 3263 2216 3301 cum
2245 3249 2358 3302 dico
2378 3247 2543 3301 Deum
2579 3247 2798 3302 Verbum
2819 3258 2940 3302 ante
2970 3251 3159 3304 stecula
3185 3250 3442 3304 habitasse
3468 3253 3525 3307 in

1945 3319 2118 3393 genito
2136 3320 2416 3393 exsomnis
2442 3317 2632 3393 David.
2665 3318 3046 3393 Animadverte
3068 3336 3133 3393 ea
3157 3334 3274 3388 quae
3305 3321 3415 3393 in_v
3438 3336 3526 3393 sy-

1947 3386 2106 3450 nodo,
2139 3388 2427 3458 collatione
2449 3386 2500 3452 5,
2525 3388 2698 3458 primo
2726 3395 2781 3443 et
2811 3391 3045 3458 secundo
3073 3386 3212 3455 loco,
3245 3386 3527 3458 proferun-

1946 3465 2053 3522 tur,
2081 3473 2149 3511 ex
2178 3458 2324 3513 libris
2351 3456 2541 3522 Cyrilli'
2561 3457 2817 3512 adversus
2841 3457 3202 3520 Theodorum,
3236 3456 3266 3513 ἁ
3296 3459 3524 3514 Leontio

1947 3526 2240 3595 adjudicari
2283 3526 2548 3593 Diodoro;
2598 3535 2653 3581 et
2697 3542 2828 3601 vero
2873 3543 3009 3596 opus
3045 3529 3148 3583 hoc
3173 3526 3404 3601 Cyrillus
3433 3531 3529 3601 ad-

1944 3611 2134 3665 versus
2169 3605 2455 3664 utrumque
2483 3599 2814 3665 composuit,
2846 3605 2906 3650 ut
2939 3607 3150 3652 constat
3177 3598 3242 3652 es
3273 3598 3527 3653 Facundo

1948 3663 2192 3736 (Lib._m,
2225 3663 2622 3736 c._5,’etalibi).‘
2658 3665 2853 3736 Mirare
2877 3681 3004 3736 vero
3039 3669 3318 3736 stropham
3348 3669 3526 3722 homi-

1949 3733 2030 3784 nis
2057 3733 2325 3787 abutentis
2342 3773 2356 3794 ,
2395 3741 2450 3786 et
2475 3733 2586 3786 sua
2603 3735 2799 3800 ingenii
2830 3735 3121 3788 subtilitate
3141 3733 3173 3794 ,⁷
3186 3745 3240 3788 et
3265 3737 3526 3792 lectorum

1984 3801 2244 3871 atieutia:
2279 3803 2405 3856 hinc
2440 3803 2615 3871 etiam;
2651 3803 2923 3871 perpende
2967 3819 3072 3871 qua
3112 3806 3322 3858 ratione
3360 3821 3526 3861 unum

1967 3868 2136 3942 filium
2161 3871 2417 3925 fateretur
2439 3868 2705 3942 Theodori
2726 3868 3285 3942 magister—Diodorus,
3306 3874 3527 3942 ipseque

1947 3939 2297 4004 Theodorus,
2349 3954 2471 3994 cum
2505 3939 2637 4008 isuis
2692 3940 2941 4008 posteris.
3002 3941 3233 3996 Attende
3280 3939 3530 3998 similiter

1946 4023 2105 4078 quam
2137 4009 2298 4064 Verbi
2327 4024 2451 4064 cum
2491 4007 2708 4064 Christo
2745 4009 3178 4077 conjunctionem
3217 4012 3529 4069 admitteret

1947 4078 2210 4152 Diodorus
2231 4120 2246 4145 ,
2293 4080 2467 4152 qualis
2487 4094 2706 4152 “nempe
2752 4086 2858 4152 est“
2882 4078 3043 4152 Verbi
3068 4095 3188 4134 cum
3220 4083 3522 4152 prophetis,

1946 4163 2044 4216 per
2070 4147 2346 4225 ivi-597cm;
2379 4149 2572 4225 triplici
2602 4147 2778 4202 tamen
2798 4147 3131 4225 discrimine,
3157 4147 3307 4225 quod
3324 4147 3525 4225 perpe-

1948 4225 2037 4271 tua
2068 4217 2206 4272 for'et
2234 4235 2354 4274 cum
2388 4217 2631 4284 Christo,
2672 4218 2817 4288 quod
2857 4218 2924 4271 ad
2971 4217 3190 4288 majora
3221 4217 3395 4275 officia
3427 4217 3526 4277 oh-

1947 4288 2118 4358 eunda
2143 4328 2156 4350 ,
2189 4290 2332 4358 quod
2371 4289 2592 4358 majoris
2619 4289 2733 4358 sive
2767 4287 2989 4341 honoris
3015 4287 3523 4358 canimunicatione,

1947 4356 2061 4410 sive
2109 4355 2318 4412 virtutis
2358 4355 2646 4411 afﬂuentia.
2689 4357 2912 4424 Satagat
2955 4373 3097 4413 nunc
3144 4357 3423 4414 Facundos
3464 4355 3528 4416 ut.

1946 4425 2178 4498 hominis
2218 4436 2325 4480 tam
2362 4427 2787 4498 improbecauti
2819 4426 3088 4498 impieque
3125 4429 3336 4484 subtilis
3363 4430 3523 4485 disci-

1984 4496 2168 4567 ulum,
2214 4511 2442 4566 eumque
2488 4496 2727 4564 magistri
2775 4496 3017 4566 apprime
3055 4512 3380 4567 sequacem,
3426 4502 3522 4556 de-

272 4581 398 4619 nem
414 4543 700 4634 gitana“;
711 4543 1841 4634 '*i;*.‘.'senr.gégni5a'{innatantem
1871 4543 1918 4602 Π
1943 4543 2144 4618 fcit-dat.

271 4633 447 4691 totum
475 4633 727 4689 Leontius
749 4640 1111 4701 reprzescntat,
1134 4648 1320 4687 verum
1343 4641 1566 4702 uterque
1587 4648 1654 4687 ex
1677 4633 1840 4688 Paulo

269 4707 626 4759 Samosateno
650 4721 663 4756 :
694 4702 968 4772 quomodo
997 4703 1155 4769 igitur
1181 4703 1355 4771 ipsum
1384 4703 1649 4758 Mercator
1676 4703 1843 4758 Theo-

269 4777 408 4828 doro
435 4774 654 4827 tribuit?
692 4770 771 4824 An
794 4770 932 4826 forte
959 4770 1271 4826 Theodorus
1305 4788 1336 4827 e
1361 4772 1714 4828 Samosateno
1744 4775 1840 4829 de-

268 4845 519 4912 scripsit?
540 4843 670 4897 Nam
700 4841 938 4912 solemne
975 4842 1187 4896 videtur
1225 4843 1446 4911 hujusce
1472 4842 1719 4899 factionis
1742 4845 1842 4898 lio-

269 4911 504 4968 minibus
533 4953 549 4976 ,
580 4913 712 4967 alios
735 4913 802 4965 ab
828 4911 945 4964 aliis
974 4926 1093 4979 quae
1112 4913 1349 4966 dicerent
1375 4915 1626 4966 mutuari.

341 4983 369 5021 «ι
407 4982 695 5037 Garnerius
733 4981 930 5051 videns
948 4996 1164 5051 sensum
1195 4997 1311 5035 esse
1339 4983 1732 5051 imperfectum,
1767 4983 1840 5036 ita

268 5054 574 5124 supplevit:
605 5068 697 5105 nec
735 5051 869 5104 enim
908 5049 1082 5103 Maria
1118 5049 1636 5124 erat‘Deusflilelius
1663 5051 1837 5107 Leon-

270 5120 415 5180 tius:
448 5139 538 5177 nec
557 5124 693 5175 enim
726 5128 837 5174 erat
865 5129 984 5172 ante
1002 5120 1192 5173 stccula
1224 5120 1416 5175 Maria.
1448 5121 1645 5176 BALUZ.

347 5205 371 5231 ε
411 5193 524 5247 Hoc
559 5191 913 5259 fragmentum
953 5205 983 5242 a
1028 5189 1252 5244 Leontio
1302 5191 1553 5245 tribuitur
1600 5191 1833 5246 Diodoro

269 5264 540 5327 Tarsensi,
567 5261 1201 5332 diciturque_exeerptum
1231 5275 1298 5332 ex
1321 5261 1500 5332 libro:
1521 5269 1717 5332 contra
1737 5260 1836 5332 Sy-

271 5334 553 5396 nusiaslas,
582 5346 650 5386 ex
673 5326 825 5400 cujus
849 5326 1034 5383 Ganeo
1055 5326 1213 5383 textu
1241 5330 1314 5384 ita
1342 5331 1502 5384 vertit
1521 5326 1835 5398 Franciscus

269 5403 564 5457 Turrianus
588 5420 600 5454 :
633 5399 830 5455 Hortor
848 5415 932 5471 vos
957 5407 1011 5451 ut
1041 5401 1240 5471 muniti
1256 5401 1367 5454 sitis
1387 5410 1435 5454 et
1454 5401 1592 5471 ﬁrmi
1620 5402 1690 5455 ad
1717 5402 1835 5454 dili-

266 5483 470 5543 gentem
489 5473 828 5542 cognitionem
856 5470 1190 5543 dogmatum._
1209 5469 1476 5541 Perfectus
1504 5479 1623 5543 ante
1641 5473 1832 5543 sarcula

269 5538 470 5614 Filius;
491 5538 767 5614 perfectum
786 5538 1003 5614 quodex
1024 5538 1191 5614 David
1206 5538 1504 5614 assumpsit,
1528 5539 1834 5614 FiliusDei,

265 5616 408 5685 [ilius
433 5608 634 5685 David:
663 5608 812 5685 Dices
840 5609 962 5685 milii
989 5625 1006 5662 :
1032 5608 1172 5664 Duos
1199 5612 1355 5685 igitur
1383 5608 1839 5685 ﬁli_os_prtedi_c_as?

271 5677 412 5738 Duos
441 5685 576 5752 ﬁlios
602 5681 765 5752 David
782 5697 885 5752 non
907 5677 1054 5752 dico;
1080 5697 1182 5752 non
1202 5677 1336 5734 enim
1357 5677 1486 5752 dixi,
1519 5677 1681 5735 Deum
1711 5681 1836 5734 Ver-

268 5754 385 5807 bum
413 5749 581 5823 ﬁlium
601 5751 786 5806 Dauid.
829 5749 935 5805 Sed
962 5767 1120 5821 neque
1139 5751 1263 5806 duos
1284 5751 1422 5820 ﬁlios
1443 5751 1538 5805 Dei
1558 5751 1834 5806 secundum

2021 4635 2037 4673 τ
2083 4635 2196 4707 l_|oc
2216 4635 2512 4707 membrum
2526 4635 2683 4707 deest
2703 4635 2752 4688 in
2776 4647 3034 4707 excerpto
3060 4637 3290 4692 Leontii.
3315 4637 3513 4693 BALUZ.

2018 4714 2043 4752 ις
2084 4703 2187 4758 Pro
2217 4707 2298 4758 his
2328 4705 2426 4759 ista
2457 4706 2615 4759 habet
2646 4705 2900 4763 Leontius
2926 4703 3062 4760 z'nec
3084 4710 3220 4761 enim
3246 4709 3361 4761 dico
3391 4711 3520 4762 duos

1942 4791 2007 4828 ea:
2029 4775 2314 4828 substantia
2343 4776 2456 4838 Dei,
2482 4793 2595 4828 cum
2617 4776 2728 4828 dico
2745 4776 2908 4830 Deum
2940 4777 3159 4830 Verbum
3189 4787 3309 4831 ante
3327 4781 3518 4833 saecula

1943 4846 2202 4915 habitasse
2228 4846 2282 4898 in
2304 4847 2470 4915 genito
2497 4861 2561 4899 ea:
2591 4849 2782 4900 semine
2810 4847 3002 4900 David.
3031 4847 3233 4904 BALUZ.

2014 4912 2041 4952 δ
2063 4912 2339 4985 Suspecta
2368 4915 2496 4985 mihi
2526 4923 2607 4967 est
2633 4931 2737 4968 vox
2765 4917 3026 4985 pontiﬁcis
3051 4957 3064 4978 ,
3110 4917 3273 4970 immo
3311 4931 3520 4985 expun-

1939 4984 2112 5052 genda
2139 5023 2154 5047 ,
2207 4984 2426 5052 ejusque
2474 4984 2590 5037 loco
2620 5000 2724 5054 vox
2765 4984 2988 5054 pastoris
3018 4987 3340 5040 scrihenda..
3383 4984 3521 5043 Nam

1942 5067 2108 5121 agnus
2147 5061 2202 5108 et
2248 5069 2453 5124 nomen,
2492 5054 2574 5106 cui
2608 5053 2849 5122 jungitur
2877 5054 3097 5124 perinde
3120 5055 3524 5124 distinguuntur

1941 5138 2005 5176 ac
2027 5139 2258 5192 purpura
2289 5132 2343 5178 et
2372 5123 2586 5176 indutus
2605 5162 2618 5186 ,
2653 5123 2956 5193 assumptus
2987 5134 3040 5178 et
3069 5123 3375 5191 assumens,
3408 5127 3521 5182 for-

1943 5202 2118 5250 matus
2153 5194 2214 5263 in
2235 5203 2399 5263 utero
2439 5193 2678 5263 virginali
2718 5201 2775 5247 et
2803 5195 3040 5248 omnium
3070 5203 3302 5262 creator,
3332 5197 3383 5251 id
3412 5208 3521 5263 est,

1944 5263 2105 5335 homo
2125 5273 2180 5317 et
2206 5262 2459 5335 Verbum.
2500 5262 2660 5330 Atqui
2692 5263 3040 5319 Nestorianus
3068 5265 3294 5335 quisque
3327 5262 3520 5322 horreé-

1941 5333 2032 5387 bat
2060 5334 2269 5396 dicere,
2311 5329 2530 5403 Verbum
2558 5329 2851 5403 pontiﬁcem
2871 5376 2884 5399 ,
2918 5342 2977 5388 ut
3016 5329 3258 5400 constat,
3309 5344 3421 5391 tum
3451 5354 3519 5392 ex

1941 5403 2190 5478 Nestorio
2210 5417 2458 5478 sermone
2486 5401 2596 5478 iet
2620 5401 2682 5478 6_,
2703 5401 2710 5403 ⁷
2730 5411 2841 5478 tum
2873 5419 2939 5478 ei:
2969 5406 3388 5478 reprehensione
3416 5407 3514 5462 de-

1943 5474 2068 5527 cimi
2108 5472 2574 5537 anathematismi,
2622 5474 2734 5527 sive
2780 5474 2848 5527 ab
2895 5472 3109 5529 Andrea
3136 5475 3516 5541 Samosateno,

1943 5544 2056 5598 sive
2094 5558 2124 5596 a
2161 5542 2520 5597 Theodoreto.
2564 5542 2869 5600 Abhorrere
2899 5558 3055 5597 nemo
3085 5542 3333 5600 factionis
3361 5546 3515 5599 istius

1943 5621 2156 5682 poterat
2203 5627 2233 5666 a
2277 5611 2453 5682 Verbo
2499 5625 2716 5678 agnum,
2747 5613 2800 5666 id
2824 5622 2938 5675 est,
2973 5613 3246 5668 hominem
3285 5616 3512 5678 ferente,

1942 5681 2061 5737 cum
2090 5697 2148 5736 se
2177 5682 2401 5754 adorare
2433 5681 2697 5754 jactarent
2734 5691 3010 5754 portatum
3046 5692 3269 5754 propter
3293 5691 3519 5754 portau-

1942 5699 2148 5737 cumse
2177 5699 2401 5736 adorare
2433 5699 2697 5750 jaetarent
2734 5699 3004 5751 portatum
3046 5699 3269 5754 propter
3331 5699 3518 5738 ortan-

1942 5761 2070 5816 tem,
2095 5761 2195 5806 etc.
2239 5751 2386 5807 Adde
2422 5752 2566 5818 quod
2601 5752 2831 5821 quaestio
2876 5754 2939 5806 de
2977 5752 3088 5808 Deo
3132 5699 3375 5822 pontigce
3403 5768 3518 5807 non
