3978 6188
300 360 439 415 1069

298 566 467 637 paries
509 564 697 633 ﬁlium,
723 561 993 616 etvocabis
1020 576 1204 614 nomen
1242 560 1353 629 ejus
1396 558 1612 621 Iesum;
1650 556 1733 608 hic
1776 555 1877 608 erit

295 672 535 727 magnus,
558 663 608 708 et
633 652 804 708 Filius
824 652 1077 706 Altissimi
1101 651 1380 713 vocabitur,
1402 658 1453 702 et
1470 646 1615 703 dabit
1632 646 1711 701 illi
1731 644 1871 699 Deus

294 746 469 802 sedem
500 744 671 799 David
705 743 868 813 patris
907 743 1004 807 sui,
1034 751 1084 795 et
1112 738 1345 812 regnabit
1372 739 1454 792 hic
1489 754 1643 809 super
1667 736 1877 790 domum

295 835 459 890 Iacob
480 836 535 888 in
563 843 828 899 veternum,
851 840 900 886 et
920 834 1065 902 regni
1083 832 1193 901 ejus
1218 847 1322 885 non
1356 831 1454 884 erit
1479 830 1619 899 ﬁnis.
1646 826 1873 899 Ideoque

294 936 346 983 et
372 926 509 998 quod
529 934 764 980 nascetur
798 941 864 979 ea:
910 933 956 977 te
990 932 1244 986 sanctum,
1284 922 1547 977 vocabitur
1572 920 1743 975 Filius
1771 919 1877 974 Dei

299 1016 464 1087 (Luc.
493 1033 529 1081 ι,
563 1016 671 1085 51).
704 1012 1072 1077 Considerate,
1100 1012 1247 1081 quod
1273 1012 1358 1066 hic
1377 1012 1541 1066 etiam
1569 1018 1763 1065 cuncta
1792 1009 1877 1064 di-

297 1116 490 1161 cantur
517 1105 839 1160 humanitus.
870 1102 1004 1169 Erit,
1024 1102 1194 1171 inquit
1222 1100 1472 1171 (Ibid.,v.
1498 1099 1608 1172 '55),
1627 1116 1866 1171 magnus,

301 1215 411 1255 non
429 1199 579 1264 dixit,
601 1206 713 1252 est:
739 1205 787 1252 et
815 1196 861 1249 F
866 1196 983 1250 ilius
1008 1196 1256 1249 Altissimi
1279 1194 1560 1255 vocabitur,
1587 1209 1691 1247 non
1715 1192 1874 1255 dixit,

300 1301 527 1354 vocatur,
556 1298 648 1344 aut
674 1299 786 1353 est;
818 1304 923 1343 non
950 1288 1102 1352 dixit,
1126 1285 1273 1340 habet
1300 1286 1470 1339 sedem
1499 1285 1667 1339 David
1696 1284 1873 1338 Patris

300 1386 404 1449 sui,
427 1384 522 1439 sed
549 1382 690 1437 dabit
705 1385 780 1447 ei;
810 1390 859 1437 et
878 1379 1131 1453 regnabit,
1165 1395 1271 1433 non
1296 1378 1449 1443 dixit,
1474 1387 1671 1449 regnat.
1699 1376 1877 1445 Super

302 1476 479 1542 quos?
513 1473 681 1544 Super
708 1473 912 1527 domum
942 1469 1135 1537 Iacob,
1177 1485 1283 1524 non
1311 1469 1444 1523 dixit
1475 1484 1636 1536 super
1660 1468 1879 1533 angelos

304 1570 359 1616 et
389 1564 755 1631 archangclos.
805 1562 871 1615 Et
891 1563 1115 1624 iterum,
1155 1570 1389 1614 sanctum
1416 1556 1676 1613 vocabitur
1712 1556 1756 1608 F
1760 1559 1883 1611 ilius

305 1650 436 1717 Dei,
479 1669 583 1708 non
605 1653 774 1716 dixit,
798 1661 1026 1705 vocatur.

377 1756 401 1779 ε·
432 1743 565 1809 Quid
596 1744 662 1797 ad
690 1744 803 1796 lucc
839 1742 1047 1805 dicitis,
1089 1742 1181 1809 qui
1213 1739 1431 1794 Veritati
1483 1739 1726 1809 proprias
1754 1754 1879 1807 pas-

1064 360 1069 365 ’
1129 351 1491 411 EXCERPTA
1531 352 1625 408 EX
1662 348 1882 407 LlBRlS
1916 345 2222 419 QL'TNQUE
2259 343 2694 402 TllEODORETl

295 475 487 531 beatus
523 471 747 542 exponit
788 488 805 525 :
847 470 998 537 Ecce,
1034 470 1223 539 inquit,
1252 471 1305 521 in
1342 475 1486 522 utero
1515 466 1789 535 concipies,
1820 474 1873 518 et
1898 468 1951 527 Α

3412 343 3551 398 ιυῖο

2332 459 2559 532 Itemque
2583 460 2770 515 ibidem
2791 466 2905 529 post
2919 458 3205 529 aliquanta.

2050 596 2121 652 Ut
2148 606 2326 653 autem
2347 597 2572 652 duarum
2597 603 2906 651 naturarum
2934 593 3247 649 divisionem
3270 593 3553 647 manifeste

1975 690 2293 760 pervideas,
2339 689 2406 744 ad
2441 688 2739 744 doctrinam
2791 687 2955 758 ipsius
3003 684 3213 740 Domini
3252 685 3547 738 veniamus.

1978 780 2315 834 Accesserant
2355 777 2425 833 ad
2451 797 2564 834 eum
2614 777 2788 832 Iudazi
2826 779 3049 832 dicentes
3087 794 3105 831 :
3158 774 3309 840 Quod
3350 778 3552 847 signant

1979 870 2205 926 ostendis
2226 870 2392 934 nobis,
2417 873 2537 943 quia
2566 872 2674 925 haec
2697 872 2826 942 facis
2846 869 3024 941 (Ioau.
3050 886 3105 930 ιι.
3124 868 3247 938 l8)?
3274 867 3555 939 Respondit

1976 962 2170 1017 Iesus:
2205 962 2399 1017 Solvite
2424 961 2666 1033 templum
2710 962 2823 1023 hoc,
2857 960 3275 1016 demonstrativa
3302 976 3435 1015 voce
3463 976 3558 1015 eos

1979 1054 2047 1108 ad
2075 1054 2281 1108 visibile
2322 1055 2671 1122 pertrahens,
2703 1062 2752 1106 et
2784 1054 2839 1105 in
2885 1052 3046 1105 tribus
3087 1049 3260 1105 diebus
3297 1050 3555 1105 suscitabo

1978 1145 2109 1200 illud
2154 1144 2317 1213 (Ibid.
2369 1162 2417 1199 ιν.
2464 1144 2575 1216 19),
2621 1144 2843 1199 Deitatis
2880 1144 3175 1213 potentiam
3220 1143 3557 1198 audientibus

1982 1236 2347 1291 manifestans.

2513 1325 2597 1379 Ea:
2627 1325 2804 1379 eodem
2842 1324 2991 1379 libro.

2054 1456 2208 1510 Hunc
2240 1456 2377 1511 Deus
2408 1466 2664 1510 auctorem
2698 1466 2747 1509 et
2780 1456 3099 1510 Salvatorcm
3133 1454 3379 1507 exultavit
3401 1452 3418 1521 (
3440 1453 3551 1507 Act.

1982 1568 2033 1613 v,
2081 1550 2192 1619 3|).
2227 1550 2357 1615 Quis
2386 1550 2549 1617 igitur
2577 1550 2874 1603 exaltatus?
2904 1547 3017 1601 Non
3060 1546 3320 1608 excelsus,
3354 1546 3448 1599 sed
3493 1561 3555 1598 ea

1983 1651 2193 1705 natura,
2213 1657 2371 1711 quam
2394 1641 2574 1694 Deitas
2603 1638 2856 1693 exultavit
2876 1636 3079 1708 [Baluz.
3096 1634 3383 1706 excitavit],
3399 1650 3557 1703 quam

1982 1734 2149 1789 Iudaei
2180 1729 2971 1800 interemeruntsuspendentes
2999 1728 3050 1780 in
3079 1728 3254 1793 ligno;
3285 1726 3398 1779 hzec
3414 1726 3555 1779 enim

302 1833 481 1889 siones
528 1840 892 1904 proponentes
933 1831 1138 1902 [Baluz.
1182 1829 1575 1900 prteponcntes]
1600 1870 1614 1893 ,
1663 1837 1883 1898 propter
1916 1836 1959 1895 Β
1986 1825 2217 1878 exaltata
2252 1831 2352 1886 est,
2398 1820 2777 1890 conjunctione
2797 1818 2911 1887 ejus
2939 1818 3029 1885 qui
3060 1816 3285 1885 sumpsit
3322 1830 3459 1881 eam,
3502 1824 3558 1869 et

303 1924 537 1978 humana
565 1922 878 1987 certamina,
904 1922 1014 1975 Deo
1051 1920 1290 1990 praelium
1316 1921 1458 1989 passi
1487 1920 1617 1973 estis
1645 1918 1886 1973 infen'e?

302 2015 405 2070 Cui
434 2017 535 2069 ista
564 2015 919 2069 conveniunt?
959 2015 1101 2078 Deo,
1142 2021 1198 2067 et
1235 2013 1328 2081 qui
1374 2028 1587 2082 semper
1624 2020 1706 2065 est
1743 2010 1881 2082 [Bal.

305 2105 437 2158 add.
469 2113 521 2159 ct
552 2100 818 2173 Domino],
851 2112 908 2158 et
933 2103 1063 2171 regi,
1097 2111 1150 2157 et
1169 2111 1443 2167 sancto,et
1480 2102 1615 2156 Filio
1636 2102 1765 2156 Dei?
1803 2100 1885 2154 An

308 2204 488 2249 autem
519 2195 737 2264 templo,
769 2194 912 2263 quod
933 2210 998 2249 ex
1024 2193 1228 2248 semine
1264 2193 1426 2247 David
1450 2201 1718 2263 sumptum
1755 2191 1887 2263 [Ba-

305 2287 410 2338 luz.
439 2294 678 2339 sanctum
708 2283 812 2355 est]
844 2292 895 2340 et
924 2293 1146 2355 propter
1174 2284 1431 2339 unitatem
1460 2285 1555 2338 Dei
1583 2284 1739 2339 Verbi
1770 2285 1885 2338 hanc

306 2377 425 2447 ipsa
455 2378 787 2447 promeruit?

695 2464 924 2536 Itemque
950 2466 1020 2518 ibi
1048 2472 1161 2535 post
1183 2464 1470 2536 paululum.

377 2554 494 2610 Non
526 2555 703 2623 itaque
731 2554 825 2609 Dei
850 2553 1054 2625 [Baluz.
1082 2553 1271 2625 Deum]
1294 2554 1526 2608 Verbum
1548 2560 1671 2622 post
1691 2551 1887 2607 nativi-

310 2654 477 2700 tatem
498 2644 731 2713 Virginis
764 2659 1014 2713 magnum
1044 2643 1280 2699 futurum
1323 2658 1441 2697 esse
1479 2642 1759 2713 prmdixit;
1791 2641 1887 2695 sed

309 2738 589 2807 templum,
611 2737 758 2807 quod
777 2752 846 2792 ex
872 2736 1089 2806 Virgine
1109 2743 1370 2800 sanctum,
1395 2743 1742 2803 assumptum,
1768 2733 1885 2787 nni-

309 2837 444 2893 tum,
475 2834 530 2882 et
570 2836 1035 2897 connuncupatum
1079 2827 1239 2882 etiam
1268 2826 1441 2895 ipsum
1483 2825 1648 2890 titius;
1691 2839 1797 2901 non
1828 2829 1887 2878 ut

309 2920 446 2974 duos
476 2916 610 2974 ﬁlios
639 2918 941 2983 adoremus,
972 2917 1065 2972 sed
1086 2926 1144 2971 ut
1173 2918 1226 2971 in
1267 2916 1469 2985 templo
1496 2914 1688 2969 visibili
1718 2914 1885 2968 Deum

311 3008 631 3064 invisibilem
676 3016 993 3063 contuentes
1015 3047 1029 3073 ,
1060 3022 1219 3061 unam
1258 3007 1335 3060 illi
1364 3004 1730 3060 venerationis
1765 3003 1877 3072 glo-

314 3097 450 3152 riam
478 3096 798 3153 deferamus.

629 3188 759 3244 Item
783 3192 835 3243 in
873 3189 1047 3243 eodem
1087 3186 1216 3244 libro
1244 3190 1488 3244 secundo.

364 3268 411 3319 μιν
449 3279 580 3335 Cum
611 3280 877 3334 inveneris
908 3298 922 3332 ε
959 3292 979 3319 ο
1015 3279 1262 3335 Dominus
1290 3289 1462 3334 autem
1482 3283 1661 3350 plenus
1682 3280 1882 3352 Spiritu

310 3380 490 3425 sancto
520 3386 775 3440 regressus
815 3386 848 3421 a
884 3369 1116 3423 Iordane
1146 3369 1296 3439 (Luc;
1331 3386 1402 3436 IV,
1439 3370 1514 3441 i).
1545 3370 1611 3423 Et
1637 3371 1831 3425 iterum
1865 3389 1879 3424 :

316 3461 563 3533 Egressus
579 3466 654 3511 est
667 3457 813 3510 Iesus
835 3458 885 3510 in
904 3458 1085 3510 virtute
1098 3456 1320 3527 Spiritus
1344 3460 1397 3511 in
1410 3456 1681 3515 Calilwam
1695 3460 1854 3531 (Ibid.
1864 3502 1879 3528 ,

316 3551 445 3622 Μ).
507 3549 624 3603 Νοιι
670 3547 765 3601 Dei
821 3546 1055 3602 Verbum
1101 3548 1483 3617 cooperatione
1540 3551 1627 3604 vel
1683 3552 1884 3608 auxilio

312 3641 524 3709 eguisse
569 3637 799 3707 Spiritus
850 3636 1157 3702 arbitreris;
1198 3636 1292 3691 sed
1328 3637 1539 3692 visibile
1585 3642 1881 3709 templum,

312 3732 457 3803 quod
477 3732 637 3788 variis
677 3729 907 3801 Spiritus
947 3729 1119 3785 sancti
1163 3728 1545 3785 donationibus
1585 3729 1879 3787 fruebatur.

1988 1914 2247 1969 habitavit
2266 1914 2318 1967 in
2341 1928 2422 1968 ea.

2526 2002 2610 2056 Ex
2648 2001 2825 2057 eodem
2850 2000 3001 2053 libro.

2055 2137 2389 2192 Manifestum
2412 2146 2511 2202 est,
2544 2139 2726 2207 inquit,
2755 2136 2876 2205 quis
2914 2134 3001 2189 die
3028 2135 3184 2188 tertia
3216 2135 3554 2197 resurrrcxit,

1986 2236 2040 2283 et
2066 2228 2185 2295 quis
2209 2228 2309 2281 hoc
2336 2227 2689 2287 resuscitavit,
2714 2224 3003 2279 secundum
3025 2223 3316 2277 Salvatoris
3334 2225 3555 2293 promis-

1983 2320 2187 2372 sionem
2219 2318 2486 2372 dicentis:
2522 2315 2716 2370 Solvite
2757 2315 2997 2384 templum
3042 2314 3169 2378 Itoc,
3211 2322 3260 2366 et
3298 2314 3353 2365 in
3394 2312 3571 2366 triduo"

1984 2408 2312 2479 recedi/icabo
2359 2406 2705 2479 illud(Ioan.
2746 2424 2802 2471 ιι,
2834 2406 2942 2476 l9).
2985 2404 3138 2471 Quod
3171 2400 3324 2459 tertia
3365 2405 3450 2459 die
3476 2421 3569 2459 re—‘

1984 2500 2234 2563 surrexit,
2266 2500 2368 2553 hoc
2389 2496 2782 2568 suspenderunt
2806 2497 2858 2550 in
2882 2496 3025 2564 ligno
3046 2493 3243 2549 Judaei:
3277 2493 3393 2548 Hoc
3411 2496 3561 2547 unxit

1985 2588 2123 2641 Deus
2147 2588 2345 2658 Spiritu
2377 2595 2555 2641 sancte
2588 2596 2636 2639 et
2668 2587 2849 2639 virtute
2880 2585 3015 2655 (Act.
3048 2600 3099 2646 χ,
3137 2580 3246 2649 38).
3281 2582 3395 2635 Non
3419 2582 3560 2636 enim

1985 2680 2127 2734 Deus
2150 2679 2385 2734 Verbum
2408 2678 2661 2733 unctione
2682 2684 2774 2730 aut
2795 2674 3107 2745 operatione
3136 2673 3308 2728 sancti
3333 2671 3564 2743 Spiritus

1984 2770 2156 2838 eguit;
2188 2767 2281 2824 sed
2309 2768 2586 2837 templum,
2604 2766 2746 2836 quod
2773 2781 2841 2821 ex
2862 2764 3065 2819 semine
3087 2762 3254 2817 David
3283 2777 3561 2817 assumens

1984 2861 2197 2916 sibimet
2231 2860 2522 2930 copulavit,
2552 2855 2580 2896 ἀ
2618 2865 2672 2913 et
2700 2858 2802 2911 hoc
2840 2855 3113 2910 evidenter
3147 2855 3379 2910 ostendit
3414 2854 3560 2923 Apo—

1986 2952 2157 3006 stolus
2181 2964 2607 3007 commemorans
2635 2949 2944 3004 unctionem
2959 2962 3078 3015 qua:
3099 2963 3128 3000 a
3144 2946 3254 3001 Deo
3286 2946 3420 3001 facta
3445 2954 3557 3013 est;

1987 3046 2042 3094 et
2069 3040 2327 3109 Spiritum
2377 3046 2620 3094 sanctum
2656 3053 2685 3090 a
2719 3052 2826 3106 quo
2864 3046 3055 3091 unctus
3095 3042 3196 3103 est,
3229 3042 3282 3089 et
3311 3036 3560 3091 virtutem

1988 3146 2093 3199 qua
2117 3130 2419 3194 fruebatur;
2451 3138 2506 3183 et
2532 3127 2979 3196 quemadmodum
3008 3126 3288 3181 sanitatem
3314 3135 3565 3194 Operatus

1911 3191 1955 3252 (δ
1988 3191 2071 3276 est
2096 3238 2107 3273 :
2138 3191 2414 3285 Quoniam,
2441 3191 2630 3288 inquit,
2663 3215 2802 3270 Deus
2830 3218 3006 3270 eratin
3029 3215 3118 3269 illo
3143 3213 3333 3285 (Marci
3355 3191 3423 3279 ιη,
3451 3213 3560 3285 14).

2542 3355 2627 3409 Ea:
2654 3356 2826 3410 eodem
2855 3354 3003 3409 libro.
3026 3356 3045 3394 τ

2061 3468 2396 3523 Paulominus
2440 3467 2504 3521 ab
2547 3468 2744 3538 angelis
2784 3468 3097 3521 minoratum
3128 3464 3351 3518 videmus
3389 3462 3562 3518 Iesum

1990 3566 2195 3628 prapter
2216 3558 2505 3627 passionem
2532 3558 2729 3618 mortis,
2762 3556 2927 3625 gloria
2952 3563 3000 3608 et
3028 3554 3219 3607 honore
3245 3560 3564 3617 coronatum,

1988 3656 2044 3699 ut
2068 3649 2179 3700 sine
2203 3645 2311 3699 Deo
2339 3663 2431 3717 pro
2452 3646 2685 3699 omnibus
2714 3653 2941 3714 gustaret
2966 3652 3176 3698 mortem
3208 3643 3360 3715 (Heb.
3398 3660 3453 3708 ιι,
3486 3642 3560 3713 9).

1990 3737 2185 3791 Dividit
2211 3753 2239 3789 a
2269 3737 2537 3805 passione,
2568 3746 2622 3788 ut
2654 3745 2677 3772 θ
2712 3737 2823 3789 sine
2844 3734 2971 3801 Deo,
2999 3736 3186 3803 inquit,
3210 3753 3303 3805 pro
3333 3736 3564 3790 omnibus

1473 3862 2008 3923 CASTIGATIONES
2044 3866 2132 3922 ET
2170 3865 2402 3922 NOTAE}.

390 3984 415 4011 ι
453 3972 641 4041 Magna
672 3972 903 4027 hominis
940 3971 1160 4027 audacia
1191 3972 1349 4028 simul
1378 3983 1433 4029 et
1478 3974 1755 4043 impietas!
1790 3992 1885 4032 au-

315 4043 467 4098 dacia
495 4044 707 4111 quidem
731 4044 1030 4116 accusantis
1057 4046 1439 4116 oscumenicam
1468 4046 1727 4116 synodum
1758 4063 1884 4116 pro-

316 4116 442 4169 dita:
470 4122 687 4183 propter
726 4112 1127 4183 perversitatem
1156 4114 1422 4179 veritatis;
1465 4112 1710 4183 impietas
1735 4112 1881 4183 vero,

318 4180 503 4253 aperte
523 4180 710 4236 Filium
730 4180 829 4237 Dei
857 4198 886 4235 a
919 4182 1024 4235 lilio
1051 4180 1298 4251 Virginis,
1331 4180 1627 4247 naturalem
1649 4186 1717 4239 ab
1750 4180 1884 4240 ade;

318 4252 488 4326 ptivo,
518 4252 819 4326 dividentis,
854 4253 1185 4326 alterumque
1205 4253 1359 4308 alteri
1381 4255 1496 4310 sola
1524 4257 1885 4312 venerationis

320 4322 609 4392 gloriaeque
636 4322 837 4376 unitate
857 4322 1183 4391 copulautis,
1212 4332 1315 4378 etc.

394 4392 420 4430 δ
460 4391 583 4462 llaec
609 4408 728 4446 cum
758 4392 912 4446 titulo
949 4393 1063 4461 ipso
1093 4394 1371 4462 exscripsit
1410 4393 1734 4462 Gregorius:
1774 4415 1791 4447 ι
1832 4396 1890 4451 In

323 4462 512 4517 eodem
543 4461 677 4515 libro
702 4462 935 4536 secundo
965 4460 1040 4536 ait
1073 4480 1084 4513 :
1115 4460 1465 4536 Iesus—autem
1487 4460 1665 4536 plenus
1692 4466 1891 4536 Spiritu

324 4542 499 4586 sancto
531 4547 848 4602 regressusa
885 4531 1136 4602 Iordane.
1169 4532 1233 4585 Et
1263 4534 1454 4587 iterum
1487 4531 1499 4586 ξ
1532 4531 1782 4602 Egressus
1816 4545 1894 4590 est

322 4603 473 4656 Iesus
494 4603 544 4654 in
567 4599 745 4654 virtute
767 4599 989 4671 Spiritus
1012 4605 1064 4655 in
1086 4601 1375 4658 Calilteam.
1405 4602 1518 4657 Non
1541 4599 1637 4658 Dei
1660 4604 1892 4660 Verbum

323 4673 703 4742 cooperatione
732 4672 816 4724 vel
846 4671 1043 4742 auxilio
1077 4674 1284 4737 eguisse
1323 4674 1552 4742 Spiritus
1579 4674 1890 4741 arbitreris;

324 4741 420 4796 sed
450 4741 654 4813 visibile
706 4741 963 4813 templum
993 4743 1153 4797 variis
1192 4741 1421 4813 Spiritus
1448 4746 1619 4799 sancti
1646 4745 1894 4799 donatio-

1993 3988 2112 4055 tem,
2145 3977 2283 4040 ὅπως
2312 3981 2491 4055 χάριτι
2520 3985 2647 4055 Θεοῦ
2669 3977 2799 4055 ὖ-πέρ
2829 3978 3013 4055 παντὸς
3040 3979 3195 4055 γεύσῃ
3215 3985 3301 4033 τοῦ
3325 3978 3446 4055 θοι-θά
3458 3999 3559 4033 του.

1992 4048 2258 4115 Legerunt
2311 4047 2487 4123 tamen
2539 4047 2709 4123 Graaci
2754 4047 2967 4116 quidam
2993 4089 3006 4111 ,
3047 4047 3195 4123 ’ὄπῳξ
3255 4052 3564 4123 χειρίς-τοῦ

1992 4126 2152 4183 Θεοῦ,
2183 4127 2285 4173 etc.
2319 4119 2545 4187 Adjuvat
2586 4119 2745 4173 lectio
2767 4158 2781 4182 ,
2813 4133 2973 4186 quam
3002 4118 3238 4186 sequitur
3256 4116 3306 4169 Τ
3312 4116 3567 4171 h'eodore-

1992 4196 2096 4251 tus,
2130 4191 2372 4243 haeresim
2411 4189 2700 4243 dicentium
2742 4188 3011 4242 hominem
3052 4201 3081 4239 a
3124 4187 3235 4240 Deo
3260 4187 3562 4256 depositum

1991 4258 2153 4313 fuisse
2177 4268 2416 4328 tempore
2436 4260 2714 4327 passionis,
2747 4272 2905 4328 quam
2951 4257 3199 4328 haeresim
3207 4256 3437 4328 alterius
3464 4271 3563 4328 pc-

1992 4330 2132 4397 perit
2159 4323 2349 4381 vitiosa
2377 4323 2561 4397 versit),
2584 4328 2704 4390 loci,
2735 4323 2941 4379 Coloss.
2968 4342 3031 4387 ιι,
3059 4326 3142 4378 l5.
3180 4323 3277 4379 Ubi
3306 4326 3447 4379 enim
3467 4323 3568 4380 Vle-

1994 4396 2172 4465 gitur:
2202 4398 2390 4468 Delens
2428 4396 2564 4467 quod
2604 4397 2843 4468 adversus
2883 4411 2976 4468 nos
3018 4404 3127 4450 erat
3169 4397 3565 4468 chirographum

1994 4464 2202 4529 decreti,
2237 4467 2369 4537 quod
2390 4464 2833 4537 eratcontrarium
2876 4464 3041 4527 nobis,
3088 4475 3136 4518 et
3161 4464 3333 4535 ipsimi
3366 4464 3480 4520 tulit
3508 4468 3568 4519 de

1995 4539 2185 4599 medio,
2210 4536 2576 4607 aﬂigensillud
2601 4536 2759 4607 cruci,
2784 4544 2832 4587 et
2862 4536 3155 4605 cxspolians
3180 4538 3493 4605 principatus
3520 4546 3570 4607 et

1994 4605 2290 4677 potestates,
2303 4605 2549 4677 traduxit
2571 4605 2887 4677 conﬁdenter
2903 4642 2915 4665 ε
2955 4606 3473 4677 palamAtriumpltans
3500 4606 3538 4657 il
3551 4635 3568 4643 -

1995 4673 2071 4730 los
2099 4679 2153 4729 in
2182 4678 2483 4797 semetiplso;
2514 4673 2761 4742 legebant
2787 4673 2999 4728 veteres
3025 4673 3268 4742 quidam,
3298 4689 3487 4725 exuens
3516 4691 3570 4725 se

1996 4763 2218 4797 carnem.
2254 4746 2328 4797 ita
2407 4746 2588 4797 ilarius
2610 4744 2744 4797 libro
2772 4744 2838 4797 de
2868 4743 3155 4797 Trinitate:
3183 4743 3492 4797 Ambrosius
3519 4743 3567 4794 in

1996 4763 2218 4799 carnem.
2254 4746 2328 4798 Ita
2356 4743 2588 4798 Hilarius
2610 4744 2744 4799 libro
2772 4744 2838 4797 de
2868 4743 3155 4805 Trinitate;
3183 4743 3492 4797 Ambrosius
3519 4743 3567 4794 in

325 4813 483 4885 nibus
504 4806 843 4885 fruebaturfi
880 4810 1170 4885 Exscripsit
1198 4806 1446 4885 vero,_ad
1485 4814 1538 4885 id
1565 4815 1735 4883 ipsum
1764 4831 1893 4884 pro-
1924 4806 1969 4865 Ι)
1998 4824 2227 4870 tractatu
2255 4815 2325 4885 de
2348 4815 2622 4885 Symbolo,
2655 4828 2773 4882 cap.
2806 4815 2903 4885 55;
2938 4814 3261 4885 Augustinus
3290 4828 3410 4885 cum
3434 4812 3569 4885 libro

324 4881 677 4954 bandumtad
706 4880 848 4948 quod
877 4890 931 4936 et
958 4882 1248 4948 Mercator,
1282 4900 1309 4937 a
1336 4880 1674 4939 Theodoréto
1704 4880 1895 4954 nempe

324 4954 458 5005 duas
481 4953 529 5003 in
555 4951 766 5006 Christo
792 4967 1049 5020 personas
1073 4954 1258 5006 astrui.

406 5032 426 5059 ε
465 5020 614 5091 Iesus
646 5030 829 5074 autem.
861 5022 948 5075 Sic
976 5024 1309 5091 reposuimus
1339 5038 1405 5077 ex
1435 5024 1701 5078 veteribus
1729 5024 1894 5091 libris,

324 5106 450 5145 cum
480 5089 766 5146 Garnerius
788 5089 1309 5147 edidisset‘Dominus
1332 5102 1515 5146 autem.
1544 5094 1689 5148 Hanc
1717 5089 1899 5148 emené

326 5161 601 5215 dationem
629 5163 910 5215 continuat
937 5164 1097 5218 etiam
1127 5164 1349 5231 epistola
1374 5161 1571 5230 Pelagii
1597 5164 1658 5217 ll.
1696 5165 1893 5218 BALUZ.

403 5230 827 5311 dLBaluz.-addit
848 5233 975 5311 Aluic,
1009 5230 1422 5304 credentibusque
1452 5235 1627 5287 tribuit
1664 5234 1896 5311 omnibus

328 5301 625 5355 sanitatem.
657 5300 780 5353 Mox
809 5301 987 5366 etiam,
1019 5311 1138 5370 post
1168 5300 1591 5368 commemorans,
1622 5304 1767 5357 addit
1804 5322 1899 5358 na-

330 5370 499 5423 zardit
537 5379 604 5431 et,
630 5384 746 5437 qua:
786 5380 1050 5438 postrema
1078 5373 1237 5427 verba
1275 5374 1352 5428 sic
1379 5374 1567 5427 nititur
1600 5392 1610 5424 :
1641 5373 1764 5427 llaec
1800 5375 1898 5428 ad—

329 5440 442 5494 dita
466 5450 588 5493 sunt
618 5455 682 5493 ex
712 5441 986 5495 codicibus
1014 5442 1262 5509 antiquis.
1297 5441 1600 5510 Legendum
1623 5453 1803 5497 autem
1828 5445 1909 5497 vi-

329 5510 507 5573 detur,
530 5526 929 5564 commemorans
958 5510 1203 5566 Nazarwi
1220 5514 1530 5575 unctionem,
1548 5520 1650 5566 etc.
1674 5512 1909 5575 Respicit

331 5581 477 5634 enim
503 5580 721 5702 oanino
745 5580 810 5634 ad
836 5590 996 5652 caput
1022 5582 1285 5637 decimum
1314 5582 1569 5637 Actorum
1589 5580 1910 5652 apostolico-

332 5666 474 5702 rum.
565 5666 671 5702 nn.

332 5666 474 5706 rum.
520 5666 671 5703 ινιτ.

413 5728 436 5756 ο
478 5719 660 5788 Longe
700 5720 856 5775 aliter
900 5720 952 5774 in
993 5720 1263 5786 editione,
1304 5722 1416 5776 sive
1444 5720 1631 5775 Latina
1660 5718 1911 5789 Vulgata,

336 5790 453 5847 sive
481 5788 665 5846 Graeca
696 5809 706 5845 :
743 5790 810 5845 Ut
837 5793 1003 5862 gratia
1030 5791 1126 5845 Dei
1154 5810 1247 5862 pro
1273 5790 1501 5848 erunibus
1523 5800 1748 5862 gustaret
1773 5788 1911 5845 inor-

1996 4886 2063 4940 de
2091 4886 2274 4953 Agone
2300 4880 2624 4947 Christiano,
2656 4880 2774 4952 cap.
2798 4883 2849 4945 2,
2882 4891 2991 4953 tum
3023 4883 3213 4953 alicubi
3243 4883 3454 4953 passim.
3480 4880 3571 4933 Illa

1998 4951 2162 5026 porro
2190 4955 2445 5026 hzeresis,
2488 4968 2609 5026 qme
2650 4951 2764 5005 visa
2801 4960 2885 5006 est
2930 4951 3193 5026 Capreolo
3246 4951 3574 5026 Nestorium:

2037 5042 2141 5087 ars,
2165 5040 2285 5081 eum
2312 5025 2365 5077 in
2397 5020 2649 5092 Hispania
2678 5024 3194 5092 serperecmpisset,
3224 5022 3400 5092 coegit
3427 5020 3576 5092 Vita-

2021 5111 2103 5148 em
2159 5103 2214 5148 et
2258 5088 2629 5147 Constantium
2672 5088 2835 5147 laicus
2864 5088 3126 5160 Hispanos
3155 5091 3435 5145 consulem
3472 5088 3577 5143 Ca-

2000 5165 2247 5235 preolum
2271 5162 2744 5235 carthaginensem
2765 5162 3090 5235 episcopum,
3114 5178 3217 5235 qua
3247 5162 3455 5235 ratipne
3477 5160 3576 5235 im_-_

2003 5230 2287 5304 pugnanda
2316 5230 2491 5287 foret.
2512 5233 2915 5304 Consulentium
2946 5233 3226 5304 epistolam
3253 5240 3310 5285 et
3334 5230 3579 5304 Caprepli

2006 5300 2409 5373 responsionem
2459 5304 2623 5357 edidit
2667 5311 2821 5371 pater
2860 5300 3201 5373 Sirmondus,
3238 5316 3376 5373 rann.
3424 5300 3577 5373 1651).

2010 5368 2300 5443 Utramque
2324 5374 2623 5429 retulerunt
2650 5368 2702 5425 in
2727 5372 3051 5443 generalium
3096 5372 3442 5443 conciliorum
3470 5368 3583 5421 col-

2008 5441 2314 5509 lectionem,
2346 5447 2461 5498 sive
2489 5444 2581 5513 qui
2607 5442 2827 5513 regiam,
2869 5442 2983 5513 sive
3021 5441 3112 5510 qui
3141 5441 3399 5513 majorem
3429 5452 3583 5513 accu-

2009 5524 2216 5568 rarunt.
2249 5505 2422 5569 Verba
2446 5505 2837 5568 consulentium
2880 5511 2980 5564 ista
3027 5505 3152 5563 sunt
3178 5505 3240 5563 ιη’
3260 5508 3487 5575 vulgatis
3526 5505 3589 5557 li-

2010 5585 2122 5638 bris
2145 5603 2158 5636 :
2184 5584 2291 5639 Sed
2309 5592 2359 5637 et
2377 5584 2631 5637 hominem
2648 5597 2832 5651 purum
2854 5580 3345 5651 dicunt_pependisse
3366 5580 3436 5651 iit
3440 5590 3591 5651 cruce

2012 5655 2447 5722 comprehensum.
2498 5642 2691 5705 Aiunt:
2741 5649 2965 5722 Recessit
3006 5642 3143 5722 D'eu'_s
3188 5650 3251 5702 ab
3292 5664 3368 5701 eo.
3397 5642 3590 5722 Quibus

2014 5716 2239 5793 paruitas
2264 5732 2441 5777 nostra
2480 5723 2553 5775 sic
2583 5722 2746 5775 dicit:
2778 5718 3073 5793 Numquam
3106 5720 3241 5793 Deus
3281 5716 3496 5793 recessit
3528 5716 3590 5793 ab

2015 5782 2220 5848 homine
2260 5800 2553 5863 assumpto,
2583 5792 2681 5848 nisi
2720 5782 2946 5861 quando'
2968 5790 3099 5845 dixit
3133 5788 3195 5843 de
3223 5802 3371 5839 cruce
3401 5800 3416 5837 :
3450 5782 3591 5839 Heli.
