4022 6182
417 331 553 388 1075

921 326 1113 383 MAR"
1151 326 1588 384 MERCATORIS
1625 326 2189 389 TRANSLATIONES
2229 330 2583 390 VARIORUM
2620 331 3147 393 OPUSCULORUM.

3522 341 3681 397 ’1076

407 450 521 523 jam
548 463 652 507 non
681 446 786 499 sint
814 444 932 507 duo,
963 441 1053 495 sed
1080 458 1184 494 una
1209 457 1329 495 caro
1360 440 1572 513 (Matth.
1600 457 1710 507 XIX,
1741 442 1818 511 6),
1845 451 1869 478 ἰ
1893 457 1990 499 na-
2016 450 2062 507 Α
2091 460 2196 515 que
2216 444 2533 514 dignitatem
2558 453 2723 513 tuam,
2756 447 2995 517 intelligo
3024 458 3366 519 potestatem,
3400 466 3675 521 cognosco

414 538 549 593 turis
571 532 935 606 proculdubio
963 531 1352 596 constantibus,
1381 530 1476 585 sed
1504 530 1882 585 discretionem
1900 533 1991 586 ha-

412 629 690 689 bentibus;
722 632 777 677 et
813 623 950 677 sicut
974 622 1048 675 ibi
1094 620 1225 675 nihil
1269 622 1423 677 obest
1466 621 1693 677 duorum
1734 638 1990 679 numerus

380 778 381 783 η
410 718 698 788 quominus
725 729 830 768 una
859 727 985 767 caro
1018 712 1223 766 dicatur
1248 751 1262 777 ,
1302 720 1509 767 certum
1538 719 1621 767 est
1648 713 1790 767 enim
1818 712 1991 783 quali-

409 818 492 862 ter
520 822 622 860 una
652 805 886 868 dicatur;
912 805 983 857 ita
1015 810 1070 857 et
1098 804 1183 857 hic
1213 818 1456 872 personas
1477 805 1651 859 unitas
1672 806 1804 860 nihil
1836 806 1989 862 obest

412 897 720 956 differenti-.13
756 903 1085 950 naturarum.
1117 896 1359 963 Denique
1382 912 1504 951 cum
1540 903 1760 954 naturas
1789 899 1991 954 discer-

408 991 601 1054 nimus,
632 988 729 1042 Dei
756 987 918 1042 Verhi
942 996 1185 1041 naturam
1213 987 1476 1055 integram
1497 988 1743 1055 dicimus,
1776 998 1830 1043 et
1862 1006 1988 1060 per-

408 1095 598 1137 sonam
638 1079 754 1135 sine
797 1078 1132 1133 dubitatione
1170 1076 1495 1146 perfectam;
1544 1094 1644 1134 nec
1686 1080 1828 1133 enim
1870 1082 1989 1136 sine

408 1188 642 1244 persona
681 1171 762 1226 fas
794 1179 877 1227 est
915 1186 1224 1225 asseverare
1263 1171 1652 1235 substantiam;
1694 1171 1987 1241 perfectam

410 1279 627 1335 quoque
647 1271 892 1318 naturam
914 1263 1204 1316 humanam
1232 1277 1353 1316 cum
1375 1277 1471 1317 sua
1494 1278 1721 1332 persona
1742 1264 1988 1321 similiter

409 1352 751 1409 confitemur.
778 1352 912 1406 Cum
934 1366 1063 1407 vero
1093 1352 1159 1405 ad
1186 1352 1619 1421 conjunctionem
1648 1355 1983 1424 respicimus,

409 1454 539 1501 tunc
562 1446 776 1500 demum
806 1453 963 1497 unam
990 1458 1275 1512 personam
1299 1444 1490 1498 merito
1514 1460 1900 1515 nuncupamus.

780 1553 1201 1609 EXCERPTUM
1235 1554 1608 1611 SEPTIMUM.

516 1647 649 1702 Item
679 1664 743 1701 ea:
774 1646 1003 1717 ejusdem
1032 1646 1149 1699 libri
1189 1646 1414 1716 capitulo
1457 1646 1650 1702 decimo
1679 1650 1873 1721 quinto.

478 1756 622 1823 llaec,
657 1756 866 1825 inquit,
912 1755 1233 1825 Apollinaris
1262 1765 1492 1826 arguunt
1532 1759 1855 1828 vanitatem,
1895 1762 1985 1831 qui

409 1862 509 1918 pro
547 1846 757 1901 ratione
795 1847 881 1899 vel
909 1854 1089 1900 mente
1131 1847 1297 1900 Deum
1338 1847 1573 1903 Verbum
1620 1850 1673 1903 in
1713 1861 1983 1922 assumpta

410 1954 571 1997 carne
599 1938 790 1993 asserit
815 1938 1103 1993 habitasse.
1135 1938 1269 1992 Nam
1296 1940 1340 1994 si
1362 1955 1468 1994 non
1490 1942 1676 1995 habuit
1696 1943 1983 1999 humanam

409 2040 648 2087 mentem
677 2039 950 2102 assumpta
993 2038 1183 2086 natura
1208 2072 1223 2096 ,
1270 2032 1410 2088 Dens
1458 2034 1676 2103 quidem
1724 2038 1861 2105 erit,
1893 2040 1984 2107 qui

410 2133 598 2181 contra
627 2124 899 2180 diabolum
925 2123 1172 2187 certavit,
1203 2124 1344 2179 Deus
1373 2126 1535 2180 etiam
1577 2128 1669 2195 qui
1706 2129 1985 2185 victoriam

412 2223 664 2286 operatus
703 2222 823 2279 est;
872 2213 984 2269 Deo
1014 2220 1192 2269 autem
1233 2224 1492 2284 operante
1521 2217 1799 2272 victoriam
1822 2258 1836 2283 ,
1884 2234 1985 2288 ego

410 2306 626 2375 quidem
672 2305 741 2360 de
768 2306 870 2360 hac
898 2304 1121 2360 victoria
1150 2304 1282 2359 nihil
1321 2306 1566 2361 utilitatis
1595 2310 1814 2377 accepi,
1840 2311 1989 2366 velut

409 2398 502 2466 qui
531 2396 662 2451 nihil
690 2396 814 2451 huic
842 2394 1041 2450 inferre
1068 2395 1364 2465 potuerim;
1405 2396 1500 2451 sed
1526 2406 1581 2452 et
1608 2398 1791 2453 lzetitia
1814 2440 1829 2467 ,
1868 2415 1987 2469 qua:

412 2504 481 2543 ex
509 2488 610 2543 hac
638 2502 699 2541 re
726 2485 987 2554 contigit,
1030 2486 1243 2556 privor,
1291 2501 1452 2557 super
1491 2488 1772 2559 triumphis
1801 2492 1989 2547 alienis

413 2580 706 2635 exsultans.
739 2577 1017 2648 Tripudiat
1053 2585 1233 2632 autem
1262 2578 1506 2634 diabolus
1529 2588 1583 2634 et
1613 2582 1904 2648 extollitur,
1936 2592 1991 2639 et

413 2672 654 2743 superbit
681 2678 841 2741 atque
865 2670 1143 2739 gloriatur,
1171 2672 1323 2741 quasi
1352 2687 1473 2726 cum
1503 2672 1615 2727 Deo
1638 2673 1866 2730 luctatus
1888 2676 1987 2744 sit;

414 2779 667 2835 magnum
688 2770 774 2818 est
802 2763 947 2818 enim
976 2763 1051 2817 illi
1075 2764 1236 2818 etiam
1267 2779 1295 2817 a
1319 2764 1433 2820 Deo
1463 2767 1721 2835 superari.

559 2874 691 2930 Item
712 2891 777 2929 ea:
801 2872 1030 2944 ejusdem
1058 2872 1175 2927 libri
1207 2874 1430 2944 capitulo
1461 2873 1656 2931 decimo
1683 2888 1847 2934 sexto.

486 2984 516 3025 δ
539 2985 652 3041 Hac
669 2986 834 3040 etiam
860 3000 989 3041 usus
1013 2983 1326 3040 defensibne
1345 2986 1731 3044 convenienter
1751 2990 1995 3048 diabolus

418 3076 531 3132 Deo
551 3076 730 3131 dicere
754 3082 967 3146 poterat
998 3092 1010 3127 :
1044 3073 1175 3144 Ego,
1200 3075 1445 3143 Domine,
1477 3086 1691 3134 creator
1719 3082 1995 3141 universo-

420 3174 563 3236 rum,”
590 3182 699 3222 non
738 3173 926 3223 contra
956 3173 1009 3222 te
1038 3172 1310 3222 certamen
1355 3170 1655 3240 assumpsi;
1701 3174 1814 3230 scio
1843 3193 1996 3233 nam-

2089 538 2510 593 dominationem
2535 578 2551 603 ,
2590 539 2771 595 fateor
2806 543 3122 596 servitutem
3142 580 3163 608 ,ι
3197 545 3444 613 quamvis
3480 547 3673 614 refuga

2090 644 2211 686 esse
2250 644 2579 699 cognoscar;
2619 632 2904 687 victoriam
2934 649 3064 688 vero
3102 634 3237 689 cedo
3266 644 3321 689 et
3349 638 3571 705 angelis,
3617 648 3673 694 et

2091 721 2237 775 omni
2264 720 2469 775 cmlesti
2496 720 2840 787 multitudini,
2865 738 2933 777 ex
2958 725 3151 793 quibus
3177 725 3466 792 aliquando
3488 735 3543 781 et
3570 742 3671 796 ego

2090 810 2273 866 infelix
2295 808 2637 877 exstiteram;
2668 820 2855 867 contra
2884 813 3027 868 hunc
3053 822 3233 868 autem
3261 816 3471 885 suscepi
3493 827 3671 871 certa-

2090 917 2233 967 men,
2264 915 2422 970 quem
2453 901 2520 957 de
2561 903 2690 958 limo
2719 902 2980 969 formasti,
3027 915 3083 960 et
3109 906 3176 960 ad
3204 907 3489 975 imaginem
3522 916 3667 963 tuam

2089 993 2291 1059 fecisti,
2320 1000 2374 1048 et
2402 993 2612 1049 ratione
2635 994 3036 1059 honorasti,‘et
3063 997 3296 1065 paradisi
3336 1000 3507 1053 civem
3536 1016 3665 1055 con-

2088 1084 2306 1138 stituisti
2325 1121 2340 1147 ,
2386 1091 2442 1138 et
2469 1092 2629 1138 terrae
2664 1085 2937 1156 maritume
2965 1086 3239 1143 dominum
3263 1089 3662 1147 demonstrasti.

2088 1174 2242 1231 Hunc
2285 1176 2637 1243 seductione,
2686 1193 2794 1232 non
2837 1180 3158 1236 necessitate
3183 1223 3197 1247 ,
3249 1180 3463 1252 decepi;
3520 1186 3665 1241 hunc

2087 1282 2257 1337 usque
2284 1268 2337 1322 in
2362 1268 2682 1324 hodiernum
2702 1269 2844 1324 diem
2866 1285 3143 1340 superare,
3165 1272 3398 1342 dejicere
3421 1289 3485 1329 ac
3503 1276 3665 1330 morti

2088 1357 2302 1412 tradere
2328 1372 2437 1413 non
2466 1373 2651 1425 cesso;
2681 1374 2971 1429 persevero
3012 1361 3155 1417 hunc
3181 1363 3248 1417 ad
3281 1364 3514 1419 stadium
3540 1382 3665 1436 per-

2082 1446 2306 1512 ducens,
2336 1454 2393 1502 et
2429 1462 2642 1502 mecum
2671 1449 2859 1504 luctari
2894 1452 3210 1522 praecipiens
3241 1453 3444 1526 [Batus
3492 1458 3675 1525 perci—

2084 1534 2260 1608 piens]
2294 1554 2307 1590 :
2336 1536 2455 1608 ipse
2501 1544 2776 1607 spectator
2822 1540 3041 1607 assiste;
3091 1543 3255 1597 etiam
3300 1551 3455 1609 arte,
3503 1561 3663 1615 quam

2086 1628 2303 1684 athletae
2330 1629 2636 1694 insumunt,
2669 1631 2892 1687 ostende
2922 1633 3133 1699 luctari,
3161 1633 3475 1691 demonstra
3502 1646 3556 1691 et
3582 1638 3665 1691 in-

2084 1720 2271 1774 stituta
2319 1721 2627 1776 certaminis
2649 1760 2666 1787 ,
2710 1735 2852 1790 unge
2891 1721 3101 1795 [Boium
3135 1722 3334 1795 ungue]
3384 1734 3443 1779 ut
3478 1726 3661 1792 voles;

2017 1815 2062 1875 Β
2090 1819 2295 1865 tantum
2323 1826 2393 1866 ne
2419 1811 2544 1867 huic
2572 1812 2834 1867 auxilium
2862 1815 3133 1884 praebeas;
3163 1832 3273 1871 non
3305 1817 3447 1870 enim
3468 1817 3546 1871 sic
3567 1833 3664 1871 au-

2086 1900 2191 1957 dax
2213 1915 2313 1971 ego
2349 1910 2405 1958 et
2427 1911 2611 1975 mente
2630 1904 2890 1974 privatus,
2925 1913 2986 1959 ut
3010 1906 3296 1962 adversum
3324 1915 3379 1963 te
3404 1908 3662 1963 factorem

2087 2002 2296 2050 certare
2349 2002 2672 2065 pertentem.
2722 1996 2847 2052 litec
2892 1997 2958 2051 ad
3012 1996 3347 2054 Salvatorem
3393 1997 3665 2055 Christum

2081 2081 2224 2151 juste
2248 2082 2494 2141 diabolus
2518 2084 2744 2151 diceret,
2773 2086 2819 2140 si
2849 2102 2959 2141 non
2985 2097 3129 2145 esset
3152 2088 3337 2156 homo,
3368 2090 3462 2145 sed
3489 2089 3660 2157 Deus,

2086 2174 2177 2243 qui
2205 2191 2305 2245 pro
2329 2176 2550 2233 homine
2576 2177 2895 2250 decertaret.

2476 2285 2557 2341 De
2590 2289 2816 2359 capitulo
2846 2291 3085 2361 vigesimo
3116 2308 3273 2347 nono.
3350 2352 3357 2359 ,

2160 2374 2258 2429 Dei
2284 2374 2451 2432 Filius
2491 2376 2699 2433 homini
2728 2379 3155 2449 inseparabiliter
3184 2382 3464 2451 adjunctus
3486 2421 3502 2447 ,
3540 2399 3662 2439 eum

2085 2465 2422 2535 disciplinam
2443 2482 2665 2523 summm
2688 2470 2901 2525 virtutis
2926 2472 3159 2538 edocuit,
3188 2481 3243 2527 et
3270 2489 3300 2527 a
3321 2484 3661 2545 peccatorum

2083 2555 2274 2626 jaculis
2303 2558 2525 2613 illmsum
2555 2560 2862 2627 custodivit,
2894 2569 2949 2617 et
2973 2562 3237 2632 integrum
3264 2573 3319 2619 et
3338 2567 3664 2635 superiorem

2090 2646 2355 2702 diabolica
2397 2647 2582 2705 fraude
2621 2652 2979 2717 monstravit,
3020 2662 3361 2724 mortemque
3398 2656 3463 2710 ad
3506 2658 3664 2713 breve

2090 2742 2307 2806 tempus
2332 2746 2549 2807 gustare
2589 2742 2925 2811 permittens,
2955 2744 3202 2812 protinus
3230 2746 3299 2800 ab
3336 2746 3451 2816 ejus
3488 2754 3665 2819 tyran-

2092 2826 2218 2881 nide
2252 2827 2520 2893 liberavit,
2554 2839 2609 2885 et
2648 2833 3026 2902 participatum
3056 2834 3106 2889 ei
3132 2838 3364 2904 proprias
3392 2838 3514 2892 vita:
3540 2854 3666 2893 con-

2094 2916 2302 2983 tribuit,
2336 2919 2402 2972 ad
2431 2921 2599 2975 emlos
2627 2922 2823 2987 evexit,
2852 2930 2907 2978 et
2934 2923 3001 2977 ad
3036 2923 3315 2980 dexteram
3344 2926 3529 2982 sedere
3557 2944 3668 2981 ma-

2095 3008 2387 3077 gnitudinis
2413 3010 2558 3079 fecit,
2591 3020 2645 3068 et
2672 3013 2893 3068 donavit
2922 3014 2994 3069 illi
3020 3030 3216 3071 nomen
3245 3018 3388 3086 quod
3408 3026 3488 3073 est
3510 3035 3667 3089 super

2098 3114 2258 3154 omne
2296 3117 2526 3168 nomen;
2557 3102 2873 3173 dignitatem
2902 3119 3054 3159 suam
3083 3105 3260 3162 eidem
3290 3107 3585 3176 conferens,
3615 3117 3669 3163 et

2027 3174 2071 3237 C
2101 3192 2515 3260 appellationem
2538 3204 2743 3250 naturae
2770 3196 2890 3266 ejus
2917 3210 3212 3252 assumens.

1592 3283 2129 3356 CASTIGATIONES
2168 3301 2255 3357 ET
2290 3302 2519 3360 NOTAE.

423 3388 536 3426 rum
562 3372 685 3425 unio
732 3382 982 3441 personae.
1014 3367 1327 3449 Qumuenim
1366 3380 1579 3449 naturas
1628 3375 1996 3449 discernimus,

424 3443 703 3512 perfectam
733 3437 1122 3519 naturam-Dei.
1154 3438 1303 3519 Ver-bi
1345 3440 1589 3519 dicimus,
1634 3455 1683 3519 et
1720 3437 2000 3519 perfectam

426 3508 906 3592 per—satiemuneqne
930 3510 1063 3561 enim
1086 3508 1203 3592 licet
1227 3508 1393 3592 dicere
1416 3508 1861 3592 [typostasi_ni_sine
1880 3539 2000 3592 per-

425 3578 573 3635 sona.
605 3578 900 3661 Perfectum
932 3594 1054 3661 luero
1084 3578 1239 3661 etiam
1268 3578 1766 3661 naturam‘hominis
1806 3597 1855 3641 et
1880 3578 2000 3661 'per-

425 3665 607 3704 sonam
639 3644 897 3702 similiter.
928 3644 1053 3701 Cum
1080 3648 1346 3729 tamettad
1375 3651 1750 3729 copujntionem
1778 3644 1999 3729 respici-

426 3735 743 3799 mus,”unam
773 3733 1047 3799 personant
1074 3725 1191 3799 tunc
1214 3718 1449 3772 dicimus.
1488 3720 1545 3774 In
1567 3738 1598 3777 v
1626 3728 1830 3799 synodo
1855 3718 2001 3799 (Col-

427 3791 520 3844 lat.
562 3786 782 3867 5,_num.
811 3786 902 3857 ‘29)
939 3804 951 3839 :
989 3786 1330 3867 Manifestum
1360 3799 1528 3843 autem
1564 3786 1806 3867 est'quod
1830 3786 2002 3857 u‘nitas

428 3860 696 3921 convenit;
726 3874 818 3938 per
846 3874 963 3938 eam
989 3859 1123 3910 enim
1154 3859 1380 3938 collecta?
1408 3868 1610 3938 natura:
1640 3859 1795 3920 unam
1825 3887 2002 3938 ρον-ευ-

426 3946 548 3982 nam
572 3928 847 3983 secundum
875 3929 1124 3998 unitatem
1154 3928 1449 3997 effecerunt.
1476 3929 1622 3985 Sicut
1641 3938 1774 3989 enim
1806 3928 1867 3993 de
1896 3945 2002 3998 viro

426 4008 476 4054 et
495 4000 706 4053 muliere
732 3998 936 4061 dicitur,
967 3997 1102 4067 quod
1124 3999 1238 4068 jam
1260 4014 1363 4051 non
1385 4009 1501 4051 sunt
1533 4002 1650 4068 duo,
1676 4006 1765 4059 sed
1786 4026 1889 4061 una
1911 3997 2002 4066 ca-

426 4087 515 4132 το,
549 4070 778 4122 dicamus
812 4075 861 4120 et
902 4084 992 4120 nos
1030 4068 1427 4133 rationabiliter,
1470 4074 1749 4128 secundum
1788 4081 2002 4137 unitatis

425 4140 697 4202 rationem,
728 4138 970 4217 quoniam
1002 4154 1105 4217 non
1135 4146 1253 4217 sunt
1300 4137 1672 4217 dumpersonat
1695 4185 1708 4209 ,
1755 4147 1846 4200 sed
1875 4168 1997 4217 una,

424 4210 620 4263 scilicet
644 4206 847 4261 naturis
882 4206 1135 4261 discretis.
1175 4207 1321 4262 Sicut
1347 4206 1482 4262 enim
1504 4211 1571 4263 ibi
1599 4206 1703 4265 non
1731 4228 1875 4271 nocet
1903 4206 2002 4274 nu;

426 4295 566 4333 mero
605 4278 822 4332 duorum
866 4293 1025 4330 unam
1082 4277 1183 4331 dici
1234 4294 1467 4342 carnem,
1512 4289 1702 4336 certum
1749 4296 1825 4340 est
1870 4295 2006 4347 enim

424 4348 701 4419 secundum
722 4347 858 4419 quod
873 4363 976 4399 una
1003 4347 1219 4411 dicitur;
1244 4349 1316 4400 ita
1337 4355 1386 4401 et
1401 4349 1491 4419 [tie
1516 4366 1617 4404 non
1636 4364 1781 4408 nocet
1797 4369 2005 4416 natura-

424 4435 539 4472 rum
569 4415 876 4486 diﬁerentiw
904 4433 1135 4486 persona:
1158 4420 1349 4471 unitas.
1385 4415 1605 4481 Quando
1635 4428 1819 4479 etenim
1847 4415 2003 4484 natu-

424 4504 512 4542 ras
542 4488 897 4555 discernimus,
930 4489 1210 4555 perfectam
1252 4495 1491 4541 naturam
1529 4490 1629 4544 Dei
1678 4494 1829 4550 Verbi
1871 4500 2003 4555 dici-

425 4573 537 4633 mus
560 4565 610 4611 et
630 4558 911 4633 perfectam
940 4572 1230 4633 personam,
1264 4572 1355 4609 nec
1384 4559 1519 4611 enim
1533 4563 1658 4633 sine
1686 4582 1906 4633 persona
1928 4581 2005 4625 est

424 4626 805 4707 subsidentium
852 4626 1017 4707 dicere
1063 4628 1374 4707 perfectam;
1415 4626 1701 4707 perfectam
1738 4645 1907 4707 autem
1955 4651 2004 4695 et

426 4699 647 4751 hominis
676 4705 916 4750 naturam
941 4703 990 4748 et
1017 4684 1287 4766 personam
1309 4684 1564 4751 similiter.
1593 4699 1810 4763 Quando
1833 4684 2004 4765 autent
2035 4684 2079 4742 θ

424 4769 494 4821 ad
531 4768 942 4839 conjunctionem
986 4765 1321 4835 respicimus,
1364 4782 1522 4820 unam
1564 4786 1836 4840 personant
1882 4788 2001 4836 tunc

2104 3391 2340 3447 dicimus.
2385 3394 2444 3449 In
2466 3397 2708 3471 epistola
2748 3397 2951 3471 Pelagii
2985 3401 3123 3457 2.ad
3160 3402 3334 3457 Eliam
3374 3403 3674 3471 Aquileien~

2102 3477 2237 3535 sem,
2270 3471 2373 3520 etc.
2408 3483 2421 3518 :
2456 3464 2692 3521 Naturas
2722 3464 3060 3526 discernimus
3091 3472 3188 3526 Dei
3235 3474 3405 3535 Verbi,
3436 3464 3674 3527 naturam

2102 3531 2359 3615 integram
2404 3536 2620 3615 dicimus
2648 3548 2699 3592 et
2719 3556 2991 3608 personam
3018 3545 3133 3596 sine
3166 3531 3483 3597 dubitatione
3502 3549 3675 3615 perfe-

2102 3608 2258 3681 ctam,
2284 3619 2374 3657 nec
2394 3607 2528 3682 enim
2549 3608 2661 3661 sine
2680 3607 2899 3682 persona
2915 3614 2996 3682 fas
3017 3621 3094 3666 est
3119 3629 3411 3667 asseverare
3432 3607 3670 3666 substan-

2104 3673 2259 3737 tiam;
2302 3677 2581 3756 perfectam
2618 3673 2834 3756 quoque
2852 3673 3130 3756 humanam
3167 3693 3417 3756 naturam
3443 3700 3673 3756 cumsua

2104 3758 2327 3821 persona
2363 3745 2603 3821 similiter
2631 3745 2965 3821 conﬁtemur.
3020 3750 3147 3805 Cum
3193 3769 3312 3807 vero
3346 3754 3417 3806 ad
3464 3754 3677 3821 conqu

2102 3813 2322 3891 ctionem
2352 3816 2674 3885 respicimus,
2718 3813 2838 3872 tunc
2868 3820 3070 3875 demum
3095 3839 3254 3875 unam
3274 3813 3673 3893 personam’me-

2096 3889 2204 3948 rita
2228 3898 2603 3955 nuncupamus.

2176 3961 2202 3989 τι
2231 3952 2437 4020 Βδιιιιζ,
2467 3958 2667 4028 naturis
2697 3960 2877 4028 procul
2908 3960 3061 4014 dubio
3095 3970 3335 4015 constant
3365 3962 3457 4015 sub
3487 3963 3676 4015 discre-

2105 4021 2620 4092 tionermanentibus;
2651 4021 2719 4092 et,
2749 4037 2851 4084 etc.
2886 4030 3038 4085 Eutr.

2175 4090 2201 4128 δ
2232 4090 2458 4170 Ex__hoc
2486 4090 2623 4161 loco,
2652 4090 2745 4165 qui
2774 4099 2827 4152 in
2867 4102 3053 4155 codice
3080 4099 3270 4155 Graeco
3298 4103 3457 4170 regite
3486 4102 3677 4157 biblio-

2105 4160 2287 4247 theca}.
2303 4162 2499 4247 dicitur
2525 4160 2769 4247 sumptus
2793 4184 3052 4247 ex__opere
3085 4175 3205 4247 περὶ
3232 4160 3672 4247 semustam“,

2143 4231 2415 4309 ervulgata
2457 4231 3025 4304 opinio—convellitur,
3068 4231 3175 4309 qua
3214 4243 3316 4295 viri
3362 4231 3675 4296 eruditionis

2125 4303 2245 4381 ama
2282 4303 2542 4381 celebres,
2581 4309 2948 4381 eum_decepti
2977 4303 3159 4364 essent
3186 4325 3217 4363 a
3242 4313 3510 4381 corruptis
3535 4312 3674 4365 Gen—

2105 4371 2250 4449 nadii
2276 4372 2576 4449 codicibus,
2609 4371 2951 4449 crediderunt
2979 4395 3115 4448 opus
3149 4381 3293 4449 quod
3336 4371 3675 4436 de'lncarna-

2107 4439 2252 4517 tione
2279 4440 2499 4517 Domini
2537 4459 2569 4517 a
2610 4444 2951 4517 Theodoreto
2987 4439 3349 4517 compositum
3377 4450 3677 4505 Gennadius

2105 4509 2355 4591 scripsit,
2403 4528 2512 4568 non
2545 4513 2711 4591 fuisse
2738 4517 3081 4591 diversumga
3113 4509 3259 4577 libris
3291 4531 3524 4591 quatuor
3553 4521 3674 4574 Era-

2106 4578 2259 4656 nista}
2286 4581 2543 4656 adversus
2574 4584 2880 4656 ,Eutychetn
2912 4597 2967 4642 et
3010 4578 3326 4645 Dioscoruni
3368 4592 3670 4647 elaboratis.

2106 4646 2251 4723 istud
2279 4652 2423 4723 enim
2452 4646 2790 4723 excerptum,
2825 4658 2988 4713 immo
3016 4666 3185 4713 totam
3216 4646 3539 4716 tentationis
3573 4662 3674 4715 Do-

2107 4718 2315 4801 minicze
2341 4718 2639 4801 historiam,
2662 4718 2819 4795 cujus
2836 4729 3097 4797 particula
3126 4739 3229 4795 est,
3256 4729 3448 4785 frustra
3475 4746 3677 4801 quzcras

2106 4788 2162 4842 in
2190 4788 2341 4844 libris
2360 4788 2641 4848 Eranistte.

424 4885 3651 4938 Ἢ

846 4959 1479 5046 EXCERPTA
1554 4968 1722 5053 EX
1796 4975 2380 5090 EPISTOLIS
2455 4994 3254 5079 THEODORETI.

1736 5112 2380 5154 *ῂ--ἣ-ξ-ι

492 5185 764 5266 ῌπιθηιιε
787 5187 860 5266 _dc
886 5186 1166 5266 librojnpi
1195 5189 1635 5266 ἐηανθρωπῇσεως,
1673 5209 1767 5250 seu
1798 5195 1997 5254 Penta-

425 5256 586 5333 logio,
612 5271 753 5333 nunc
771 5257 839 5311 de
859 5256 1199 5333 epistol_is,'_et
1219 5258 1285 5313 de
1306 5256 1367 5333 e'a
1391 5256 1799 5333 primnm'quam
1828 5266 2000 5324 Theo-

424 5328 645 5399 doretus
684 5325 931 5381 Nestorio
958 5326 1206 5396 scripsit,
1250 5325 1441 5399 cuique
1485 5325 1752 5388 Mercator
1780 5352 1810 5390 a
1840 5352 1898 5391 se
1944 5339 1998 5393 in

427 5395 675 5477 Latinum
697 5410 997 5452 sermonem
1019 5395 1289 5453 cenvcrsm
1316 5395 1682 5472 pimfationem
1704 5405 1842 5462 hanc
1861 5422 2001 5477 pra:-

426 5467 624 5536 posuit.

2542 5220 2709 5276 Verba
2742 5221 2903 5277 Marii
2936 5222 3261 5279 Mercatoris.

2181 5398 2208 5429 ³
2246 5392 2496 5451 Nestorio
2526 5396 2577 5451 in
2608 5398 2798 5453 exsilio
2828 5415 2926 5469 pro
2955 5414 3051 5455 sua
3095 5398 3316 5470 perﬁdia
3354 5402 3647 5457 constituto
3666 5441 3686 5467 ,

2107 5483 2323 5553 scripsit
2364 5486 2648 5555 epistolam
2682 5488 3085 5556 Theodorctus,
3131 5506 3237 5559 qua
3268 5492 3543 5561 patefacit,
3577 5509 3684 5549 non

1579 5578 2123 5647 CASTIGATIONES
2164 5592 2250 5646 ET
2289 5593 2514 5649 NOTE.

500 5673 526 5703 ι
562 5662 745 5735 Exsilii
761 5664 975 5735 nomine
996 5664 1522 5735 intelligitsecessum
1544 5670 1597 5725 in
1618 5676 2003 5732 monasterium

423 5737 597 5793 sancti
611 5734 892 5805 .Euprepii,
906 5734 972 5791 de
986 5750 1092 5808 quo
1108 5738 1310 5809 egimus
1322 5740 1375 5795 in
1388 5740 1698 5810 praefatione
1712 5745 1965 5807 historica
1984 5765 1998 5819 ;

2108 5695 2283 5749 neque
2311 5684 2453 5763 enim
2500 5685 2784 5754 significari
2831 5695 3008 5758 potest
3054 5690 3354 5763 deportatio
3385 5694 3437 5748 in
3481 5693 3679 5760 Casini,

2107 5764 2225 5820 qua:
2250 5762 2372 5825 post
2411 5764 2641 5825 quatuor
2668 5773 2838 5817 annos
2867 5776 2897 5814 a
2926 5761 3153 5819 concilio
3200 5761 3469 5834 Ephesiuo
3503 5767 3679 5823 soluto
