4022 6182
380 375 511 431 Π)τῖ

1284 370 1649 427 EXCERPTA
1690 368 1784 424 EX
1825 367 2172 425 EPISTOLIS
2211 366 2667 424 THEODORETI.

3476 378 3637 435 .1078

376 478 401 507 ⁸
432 464 655 521 honoris
683 478 868 520 amore
889 501 905 529 ,
946 462 1041 519 sed
1067 465 1183 533 ipsa
1208 465 1436 519 veritate
1462 463 1792 533 compulsus,
1824 476 1945 531 pro-
1973 470 2022 523 Α
2049 471 2104 516 et
2128 461 2361 531 aliquam
2390 462 2493 516 illis
2536 462 2817 533 imponere
2862 465 3128 521 maculam
3175 466 3486 536 formidavi;
3529 488 3636 528 non

371 558 528 614 basse
574 573 633 614 se
672 556 867 625 dogma
894 556 1037 611 beati
1064 554 1246 627 Cyrilli
1272 596 1287 622 ,
1326 571 1485 625 quem
1525 563 1684 610 vocat
1711 553 1737 592 1³
1768 552 1940 623 Ᾱῦεγ-

370 652 576 721 ptium;
614 650 669 704 in
696 648 1093 704 damnationem
1120 662 1249 703 vero
1287 646 1525 718 ejusdem
1544 645 1772 701 Nestorii
1794 643 1944 699 nullo

370 743 533 797 modo
562 741 803 812 praebere
830 754 1169 795 consensum.

605 873 841 946 Epistula
882 884 903 913 ο
939 872 1241 927 Theodoreti
1277 872 1345 926 ad
1385 868 1703 926 Nestorium.

374 986 607 1043 Domino
647 1003 769 1041 meo
816 1002 941 1042 vere
980 987 1076 1041 Dei
1118 986 1486 1041 amantissimo
1535 993 1590 1039 et
1636 983 1941 1039 venerando

441 1087 627 1136 sancto
658 1078 803 1133 Patri
850 1078 1096 1135 Nestorio
1136 1079 1388 1149 episcopo
1412 1118 1426 1145 ,
1476 1077 1849 1133 Theodorctus
1887 1078 1939 1131 in

440 1170 667 1227 Domino
696 1170 944 1224 salutem.

438 1303 593 1370 Quod
621 1304 823 1357 urbana
847 1317 933 1357 me
954 1302 1294 1357 conversatio
1315 1308 1369 1356 et
1397 1300 1712 1370 obsequium
1742 1299 1942 1368 gloria-

364 1409 473 1463 que
510 1410 617 1450 non
651 1399 886 1463 superet,
918 1407 1016 1447 nec
1044 1392 1271 1446 excelsis
1300 1391 1564 1458 indigeam
1591 1390 1826 1456 sedibus,
1855 1405 1943 1444 ar-

364 1486 539 1541 bitror
567 1495 711 1539 tuam
740 1500 1068 1553 cognoscere
1096 1485 1453 1538 sanctitatem.
1500 1482 1631 1535 Nam
1671 1484 1771 1536 etsi
1810 1482 1943 1535 nihil

365 1576 529 1640 aliud,
560 1577 749 1630 saltem
778 1574 1007 1630 solitudo
1029 1574 1280 1637 civitatis,
1312 1574 1465 1641 cujus
1488 1572 1940 1641 dispensationem

365 1665 553 1719 videor
571 1680 692 1720 esse
720 1664 959 1726 sortitus,
989 1663 1126 1718 hanc
1146 1678 1232 1717 me
1253 1662 1644 1732 philosophiam
1669 1660 1940 1717 sufﬁcien-

361 1763 447 1809 ter
473 1754 724 1817 edocuit,
772 1768 933 1824 quam
975 1759 1188 1807 constat
1214 1752 1283 1805 ad
1319 1750 1622 1807 solitudinis
1667 1752 1937 1806 cumulum

2052 560 2232 608 tamen
2257 554 2405 608 velut
2431 554 2476 607 is
2497 554 2841 624 approbctur,
2870 557 2961 624 qui
2990 558 3087 612 toti
3109 559 3307 613 mundo
3335 576 3493 615 causa
3522 579 3639 632 per-

2049 646 2373 701 turbationis
2401 646 2697 713 exstiterit;
2728 655 2783 702 et
2811 663 2970 718 spero
3008 664 3095 704 me
3129 665 3228 719 pro
3256 651 3357 705 hac
3386 667 3444 705 re
3480 654 3636 708 nullis

2046 736 2255 790 delictis
2281 736 2334 790 in
2355 737 2441 792 die
2459 735 2646 805 judicii
2667 737 2964 807 subjacere,
2995 739 3121 810 quia
3146 739 3313 811 judex
3339 740 3517 811 justus
3538 758 3633 797 ex-

2045 827 2224 898 plorat
2250 829 2588 898 propositum
2617 829 2969 898 singulorum.

2116 918 2211 973 llis
2244 929 2422 974 autem
2450 934 2571 988 quae
2608 928 2795 975 contra
2838 928 2982 974 tuam
3010 923 3412 978 venerationem
3440 922 3636 991 injuste

2045 1018 2207 1078 atque
2238 1010 2419 1079 inique
2445 1019 2655 1080 patrata
2685 1018 2829 1075 sunt,
2868 1027 2968 1066 nec
2989 1012 3034 1066 si
3057 1013 3188 1066 mihi
3213 1022 3495 1082 utramque
3516 1029 3634 1068 ma-

2043 1117 2172 1155 num
2217 1101 2338 1169 quis
2383 1102 2737 1166 abscinderet,
2767 1110 2959 1170 potero
3006 1104 3249 1170 prtebere
3288 1120 3630 1169 consensum,

2041 1192 2224 1247 divina
2263 1193 2450 1261 procul
2477 1193 2639 1247 dubio
2661 1194 2792 1247 mihi
2820 1201 3148 1262 cooperante
3176 1194 3367 1262 gratia,
3398 1204 3453 1250 et
3480 1196 3630 1250 infir-

2041 1283 2283 1338 mitatem
2309 1283 2499 1337 anima)
2518 1284 2852 1339 sublevante.

2116 1374 2230 1429 Hoc
2249 1382 2428 1429 autem
2457 1376 2619 1429 etiam
2640 1376 2723 1429 his
2753 1375 2845 1443 qui
2872 1375 2987 1430 haec
3014 1374 3235 1443 exigunt
3262 1381 3465 1429 certum
3491 1376 3634 1432 litte-

2042 1466 2118 1520 ris
2145 1464 2267 1530 feci,
2298 1474 2353 1520 et
2379 1473 2573 1520 vestra:
2597 1465 2813 1539 [Baluz.
2849 1464 2987 1535 ture]
3031 1466 3302 1521 sanctitati
3331 1467 3357 1503 ιι
3390 1467 3517 1535 quid
3555 1469 3634 1522 eis

2043 1566 2073 1607 a
2102 1569 2189 1607 me
2232 1555 2549 1624 rescriptum
2594 1554 2665 1609 sit
2718 1555 2964 1623 exempla
3019 1555 3319 1620 transmisi,
3369 1563 3632 1624 quatenus

2043 1653 2302 1712 agnoscat
2329 1645 2471 1714 quod
2500 1645 2703 1699 nullum
2732 1652 2943 1715 tempus
2979 1661 3079 1700 nos
3120 1661 3219 1715 per
3245 1647 3479 1700 divinam
3507 1661 3631 1715 gra-

2043 1736 2172 1789 tiam
2195 1736 2542 1790 commutabit
2558 1735 2760 1809 [Βαιιικ.
2786 1736 3201 1790 commutavit...
3229 1736 3506 1806 ostendit],
3530 1751 3630 1791 ncc

360 1846 525 1901 etiam
553 1846 737 1899 turbas
765 1844 963 1899 habere
1001 1859 1284 1899 causarum
1308 1884 1322 1908 ,
1362 1858 1481 1911 quae
1518 1843 1793 1897 retardare
1820 1845 1940 1912 plu-

2047 1826 2359 1897 polypodas,
2412 1842 2512 1882 nec
2556 1827 2955 1883 chameleontas
3004 1826 3117 1898 [AL
3174 1827 3627 1899 versipelliones]

359 1938 527 1992 rimos
553 1938 798 2001 valeant,
839 1937 999 1991 etiam
1030 1936 1122 2005 qui
1160 1936 1320 1991 rebus
1349 1935 1542 1991 talibus
1570 1934 1730 1991 nimis
1755 1936 1936 1991 exsul-

359 2036 497 2086 tant.
554 2054 559 2057 -

428 2118 614 2175 Nullus
639 2118 804 2188 igitur.
828 2126 932 2173 tute
959 2118 1281 2188 persuadeat
1312 2118 1583 2174 sanctitati
1601 2159 1615 2183 ,
1661 2118 1808 2188 quod
1836 2133 1939 2188 ego

360 2211 554 2281 praesul
582 2225 697 2264 esse
716 2210 1045 2275 desiderans,
1070 2211 1264 2266 clausis
1292 2211 1477 2275 oculis,
1500 2211 1647 2266 velut
1674 2219 1820 2267 recta
1841 2212 1945 2267 do-

358 2309 557 2367 gmata,
582 2298 833 2371 Egyptia
860 2300 1058 2371 scripta
1086 2301 1444 2371 susceperim:
1468 2317 1613 2365 nam,
1645 2316 1744 2371 per
1771 2302 1942 2371 ipsam
2039 2352 2042 2357 .

359 2390 533 2444 fateor
562 2390 861 2454 veritatem,
891 2392 1084 2460 saepius
1113 2407 1176 2446 ea
1216 2392 1516 2458 revolvens,
1563 2399 1619 2446 et
1661 2391 1943 2461 diligenter

356 2480 698 2545 examinans,
722 2479 791 2536 ab
817 2481 1067 2537 haeretica
1095 2482 1362 2550 pravitate
1390 2482 1555 2538 libera
1592 2481 1938 2552 deprehendi,

2048 1920 2321 1986 ostendet,
2349 1920 2494 1989 quod
2523 1919 2597 1973 illi
2618 1920 2833 1988 quidem
2860 1926 3069 1990 petras,
3098 1919 3155 1974 hi
3174 1934 3302 1974 vero
3330 1916 3457 1973 folia
3478 1919 3629 1988 juxta

2048 2014 2260 2069 colores
2286 2015 2535 2083 proprios
2556 2014 2849 2068 imitentur.
2878 2014 3104 2070 Omnem
3123 2028 3243 2083 qua:
3275 2027 3398 2069 cum
3422 2018 3513 2066 tua
3534 2027 3629 2066 ve-

2048 2103 2325 2159 neratione
2345 2112 2428 2159 est
2447 2104 2500 2159 in
2521 2104 2748 2159 Domino
2768 2103 3153 2160 fraternitatem
3191 2117 3293 2173 ego
3315 2110 3370 2159 et
3392 2103 3487 2173 qui
3510 2118 3627 2159 me-

2050 2209 2173 2251 cum
2200 2202 2323 2249 sunt
2340 2194 2626 2263 plurimum
2651 2194 2967 2251 salutamus.

2478 2348 2646 2404 Verba
2674 2347 2833 2404 Marii
2855 2348 3180 2404 Mercatoris.

2116 2484 2288 2539 Aliam
2316 2485 2370 2559 in
2396 2483 2634 2541 favorem
2660 2484 3096 2541 Nestorianorum
3128 2493 3152 2522 °
3179 2481 3632 2556 Constantinopo-

1523 2601 2065 2658 CASTIGATIONES
2103 2603 2194 2657 ΕΤ
2230 2602 2458 2659 NOTAE.

353 2714 600 2786 contigit,
629 2732 750 2771 cum
769 2717 885 2772 haec
904 2716 1142 2786 epistola
1156 2716 1281 2770 data
1303 2716 1402 2782 sit,
1425 2717 1510 2773 vel
1538 2732 1660 2773 cum
1689 2724 1941 2786 ageretur

351 2784 423 2839 de
460 2787 808 2842 conciliandis
840 2784 1091 2841 Ecclesiis
1119 2785 1472 2841 Alexandrina
1521 2796 1576 2841 et
1606 2784 1937 2842 Antiochena

354 2854 753 2926 dissidentibus,
784 2857 868 2911 vel
891 2857 1052 2926 paulo
1080 2865 1203 2925 post
1232 2872 1418 2925 pacem
1438 2858 1645 2921 initam,
1666 2872 1810 2910 anno
1831 2858 1936 2911 sci-

353 2923 620 2995 lice_t_452,
646 2928 746 2981 sub
771 2923 950 2989 tinem,
971 2933 1060 2980 aut
1081 2923 1253 2995 primo
1273 2928 1454 2981 statim
1470 2927 1623 2981 initio
1643 2927 1932 2995 sequentis.

350 2991 683 3050 —-Nestorio
711 2998 765 3050 in
796 2998 1001 3052 exsilio.
1033 2991 1193 3051 Putat
1225 2996 1517 3051 Garnerius
1542 2996 1684 3051 istud
1705 2991 1824 3052 esse
1852 2997 1936 3050 in-

351 3064 698 3134 telligendum
738 3066 805 3120 de
846 3081 1061 3120 secessu
1095 3066 1209 3134 ejus
1238 3066 1291 3118 in
1329 3067 1713 3121 monasterium
1743 3065 1798 3121 S.
1832 3065 1939 3120 Eu-

351 3123 526 3202 prepii
549 3133 703 3201 juxta
740 3136 1097 3191 Antiochiam.
1122 3123 1331 3189 'Verum
1355 3136 1456 3190 iste
1484 3151 1725 3192 secessus
1752 3137 1938 3191 nullibi
1964 3123 2010 3187 C

352 3211 579 3274 vocatur
605 3205 880 3269 exsilium,
921 3213 976 3259 et
1019 3205 1307 3274 proclivius
1343 3213 1426 3260 est
1461 3206 1772 3261 existimare
1799 3207 1939 3261 hanc

351 3273 641 3344 epistolam
670 3273 1067 3344 aTheodoreto
1094 3276 1347 3344 scriptam
1372 3291 1490 3331 esse
1515 3292 1637 3331 cum
1665 3276 1940 3330 Nestorius

349 3341 669 3414 deportatus
697 3342 879 3402 fuisset
907 3345 961 3397 in
990 3341 1354 3399 DasimIVide
1381 3362 1501 3414 quae
1530 3363 1558 3400 a
1599 3346 1755 3400 nobis
1797 3345 1940 3400 dicta

348 3419 478 3487 sunt
515 3412 583 3487 de
610 3428 676 3466 eo
699 3422 1013 3487 argumento
1043 3414 1110 3467 ad
1131 3422 1293 3483 caput
1314 3415 1385 3468 24
1402 3412 1647 3487 synodici
1684 3415 1940 3471 adversus

348 3481 669 3548 tragmdiam
699 3481 902 3536 lrenaei.
934 3482 1131 3536 BALUZ.

427 3547 461 3587 εί
483 3547 776 3624 βθιὴοιὶρίε
795 3550 1119 3624 objiciebant
1137 3552 1381 3624 homines
1401 3553 1731 3624 Nestorianae
1748 3556 1935 3624 partis,

350 3619 501 3691 quod
526 3634 838 3687 magnarum
861 3622 1066 3676 sedium
1086 3622 1441 3691 promissione
1462 3623 1528 3675 ad
1547 3639 1607 3677 se
1625 3619 1942 3691 pellicerent

351 3690 641 3759 episcopos
689 3691 952 3744 minorum
995 3690 1287 3747 civitatum.
1341 3690 1447 3746 Sed
1491 3690 1761 3759 quaesierit
1802 3695 1941 3748 forte

351 3759 619 3883 geispiam
664 3775 769 3828 qua
817 3761 996 3829 specie
1023 3762 1135 3815 veri
1164 3762 1401 3830 potuerit
1453 3761 1580 3815 illud
1624 3761 1784 3830 objici
1816 3764 1941 3817 viris

396 3829 650 3883 tsctnlinm
677 3830 1052 3883 ecclesiasticae
1072 3832 1343 3883 dissoluta:
1371 3831 1590 3883 minime
1615 3832 1741 3883 reis.
1773 3832 1941 3883 sinui-

396 3829 650 3898 isciplinae
677 3830 1052 3902 ecclesiastica
1072 3829 1343 3886 dissoluta:
1371 3831 1590 3886 minime
1615 3829 1741 3896 reis,
1773 3832 1941 3902 siqui-

351 3898 481 3971 dem
510 3914 573 3954 ea
602 3908 759 3954 :etate
792 3901 944 3955 nefas
971 3910 1114 3956 esset
1142 3902 1453 3971 episcopum
1492 3911 1823 3957 commutare
1837 3898 1938 3958 'se-

354 3967 501 4039 dem,
530 3985 756 4039 eamque
781 3971 851 4026 ob
883 3986 1098 4026 causam
1142 3967 1361 4026 Proclus
1387 3972 1479 4025 diu
1506 3971 1739 4039 rejectus
1775 3972 1846 4027 sit
1872 3974 1940 4028 ab

356 4038 505 4122 urbis
532 4038 691 4122 regite
718 4041 1058 4122 episcopatu,
1089 4042 1343 4122 quoniam
1384 4038 1660 4122 Cyzicena:
1686 4041 1940 4098 Ecclesia:

356 4107 641 4177 praefectus
668 4107 784 4165 erat
804 4126 834 4165 a
863 4107 1129 4174 Sisinnio}
1159 4110 1300 4165 istud
1322 4107 1451 4165 vero
1476 4111 1696 4166 dubium
1719 4128 1825 4167 non
1853 4129 1940 4168 sa-

359 4178 428 4231 tis
447 4179 684 4244 solverit,
716 4180 808 4244 qui
836 4196 958 4235 cum
981 4181 1265 4236 subtilibus
1292 4181 1561 4235 nonnullis
1593 4182 1821 4236 transire
1845 4198 1939 4237 ne-

358 4245 439 4302 fas
464 4247 679 4313 dixerit,
726 4245 808 4305 fas
854 4250 1146 4315 transferri,
1188 4252 1343 4319 quasi
1383 4265 1619 4306 canones
1646 4250 1699 4304 id
1736 4252 1940 4308 ambire

358 4324 623 4389 vetarent,
647 4319 887 4374 sinerent
912 4321 1159 4389 accipere
1185 4322 1442 4375 oblatum.
1459 4320 1590 4374 Nam
1617 4335 1778 4375 causa
1805 4320 1941 4377 Gre-

358 4387 494 4459 gorii
516 4388 833 4444 Nazianzeni
874 4387 1125 4444 solutioni
1152 4398 1372 4459 pugnat,
1408 4405 1531 4445 cum
1559 4399 1746 4459 raptus
1772 4391 1844 4445 sit
1870 4392 1939 4446 ad

2041 2719 2075 2789 ‘_
2117 2716 2299 2785 Neque
2314 2733 2477 2789 porre
2497 2734 2670 2772 causae
2696 2718 2987 2787 quidquam
3016 2727 3099 2774 est
3120 2733 3216 2789 cur
3241 2720 3519 2789 supposita
3547 2721 3631 2776 vi-

2042 2787 2257 2852 deatur,
2286 2787 2412 2856 quia
2441 2788 2697 2842 Leontius
2726 2789 2888 2842 tradit
2915 2788 3244 2843 circumferri
3273 2787 3479 2845 litteras
3506 2806 3630 2845 mu-

2044 2865 2167 2912 tuas
2198 2858 2520 2912 Theodoreti
2548 2865 2602 2912 et
2631 2858 2861 2912 Nestorii
2882 2860 3185 2926 suppositas
3213 2858 3279 2912 ab
3316 2860 3581 2916 haereticis
3612 2879 3627 2913 :

2045 2943 2168 2982 nam
2197 2928 2251 2982 id
2271 2928 2316 2982 si
2336 2928 2538 2981 dictum
2566 2928 2632 2981 de
2659 2928 2743 2982 his
2770 2928 2899 2997 ipsis
2921 2928 3199 2995 intelligat,
3223 2930 3535 2984 Mercatoris
3559 2939 3631 2985 te-

2042 2998 2298 3052 stimonio
2326 2998 2627 3066 arguendus
2648 3005 2751 3061 est,
2781 2998 2870 3064 qui
2891 3013 3011 3052 eum
3039 2998 3312 3053 memoriae
3337 2999 3628 3054 mandave-

2044 3069 2115 3121 rit
2150 3083 2240 3122 res
2284 3068 2368 3121 sui
2417 3068 2689 3136 temporis,
2741 3068 3060 3121 auctoritate
3113 3074 3335 3136 praestat
3380 3067 3628 3135 Leontio,

2040 3144 2164 3208 post
2182 3137 2565 3208 quinquaginta
2593 3137 2782 3208 saltem
2812 3151 2981 3208 annos
3004 3137 3276 3208 scribenti.

2116 3206 2143 3245 ά
2185 3206 2566 3277 Theodoretus_
2604 3221 2711 3261 non
2757 3205 2997 3277 interfuit
3045 3207 3273 3277 concilio
3316 3207 3460 3274 quod
3489 3209 3630 3277 apud

2040 3276 2296 3347 Acacium
2324 3277 2510 3331 Beroa:
2536 3275 2769 3331 Joannes
2787 3276 3153 3347 Antiochenus
3166 3276 3370 3339 habuit,
3401 3277 3470 3331 de
3496 3275 3633 3347 pace

2038 3362 2160 3428 cum
2191 3345 2566 3428 Alexandrinis
2589 3345 2994 3428 componenda;
3024 3347 3124 3428 sed
3137 3347 3384 3428 primum
3535 3348 3627 3401 lit-

2043 3425 2191 3472 teras
2219 3418 2578 3485 interrogatus
2610 3422 2693 3471 est
2720 3415 2848 3483 quid
2875 3415 2943 3470 de
2970 3415 3368 3472 conditionibus
3396 3415 3543 3485 pacis
3568 3432 3632 3472 ac

2034 3486 2372 3557 professione
2398 3485 2850 3557 Cyrilliscntiret;
2874 3492 2985 3557 tum
3014 3494 3329 3550 conventus,
3352 3495 3419 3557 Διιι
3448 3488 3620 3555 pactis

2039 3554 2460 3611 conditionibus
2482 3557 2861 3612 subscriberet.
2887 3554 3006 3623 lpse
3044 3571 3175 3612 vero
3206 3564 3260 3610 et
3286 3554 3470 3623 reiecit
3499 3572 3629 3612 con-

2036 3626 2270 3706 ditiones
2289 3627 2449 3706 velut_
2459 3628 2692 3706 iniquas,
2721 3633 2776 3681 et
2797 3625 3187 3706 professionem
3208 3625 3398 3706 gyrilli
3421 3627 3629 3696 accepit

2041 3702 2312 3763 tamquam
2365 3696 2691 3763 palinodiam
2726 3695 2967 3763 pristina:
3007 3696 3313 3760 sententiae;
3341 3704 3395 3749 et
3441 3695 3633 3753 amore

2040 3762 2277 3843 l‘iestorii
2300 3762 2460 3843 atque
2480 3762 2810 3843 impatientia
2830 3762 3132 3843 erillianze
3145 3765 3381 3843 victoriae
3401 3766 3627 3843 subscri-

2038 3832 2169 3887 bere
2190 3833 2380 3887 noluit.
2412 3833 2539 3897 Qure
2562 3833 2738 3886 omnia
2759 3832 2967 3901 prolixe
2989 3834 3319 3887 ostendimus
3348 3834 3401 3886 in
3427 3834 3626 3888 disser-

2040 3903 2245 3984 tatione
2281 3902 2347 3957 de
2375 3901 2495 3957 Vita
2542 3901 2864 3957 Theodoreti
2902 3902 3223 3972 pradigenda
3260 3901 3491 3971 Operum
3529 3918 3625 3959 au-

2039 3982 2229 4028 ctario.

2114 4052 2138 4081 °
2160 4042 2277 4097 Non
2306 4042 2427 4106 erit,
2451 4041 2633 4107 credo,
2654 4040 2974 4097 vanissimus
2994 4038 3270 4110 coniector
3287 4040 3377 4110 qui
3400 4047 3624 4110 putave-

2036 4112 2108 4166 rit
2128 4112 2639 4183 hanceeiepistolam
2666 4112 2918 4183 scriptam
2946 4124 3065 4183 esse
3105 4110 3171 4164 ad
3200 4110 3469 4183 Andream
3497 4126 3618 4165 mo-

2037 4183 2269 4237 nachum
2316 4178 2967 4251 Cohstantinopolitanum
3000 4179 3262 4251 AN_est_orio
3287 4178 3580 4251 faventem
3598 4221 3616 4244 ,

2036 4252 2105 4307 ad
2148 4267 2309 4320 quem
2352 4260 2435 4307 est
2460 4267 2525 4307 ea
2548 4248 2763 4321 quoque
2801 4248 3093 4321 (λικιωᾷᾱὸ
3134 4248 3257 4321 fecit
3286 4248 3338 4303 in
3385 4248 3621 4321 editione

2034 4337 2134 4376 sua
2166 4318 2524 4385 Sirmondus;
2566 4318 2739 4389 neque
2764 4318 2905 4375 enim
2952 4319 3206 4375 dissimile
3234 4326 3317 4374 est
3346 4318 3621 4388 utriusque

2038 4399 2408 4459 argumentum
2430 4428 2449 4455 ,
2488 4388 2812 4460 quamquam
2850 4388 3220 4460 Theodqretus
3272 4397 3504 4460 mentem
3534 4458 3542 4460 4
3561 4389 3616 4460 in

358 4456 963 4549 Constantinopolitanze
976 4456 1510 4549 Ecclesiie'regimer't,
1532 4470 1588 4549 et
1608 4456 1730 4544 inde
1756 4469 1937 4549 tamen
1964 4488 2014 4549 υ
2040 4456 2277 4549 hilariaria
2302 4456 2634 4549 maniteétius
2659 4456 2915 4549 declarat,
2956 4459 3017 4541 in.
3045 4457 3617 4549 Sirmondi'ana‘artiqli-

358 4534 582 4581 coactus
600 4529 871 4599 recedere,
895 4539 1116 4599 propter
1134 4528 1404 4597 obiectum
1432 4530 1710 4585 electionis
1730 4531 1934 4597 vitium;

357 4612 587 4670 cumque
606 4598 659 4670 in
683 4615 843 4670 causa
864 4598 1038 4655 Procli
1060 4616 1167 4654 non
1187 4602 1336 4669 prius
1353 4599 1581 4655 desitum
1602 4602 1672 4655 sit
1692 4601 1936 4670 repulsae,

360 4680 523 4739 quam
548 4666 869 4725 Caelestinus
891 4686 1127 4725 summus
1153 4666 1392 4739 pontifex
1420 4685 1588 4739 super
1606 4685 1669 4725 ea
1688 4666 1939 4726 re'dede-

360 4737 442 4810 rit_
458 4752 795 4810 responsum,
827 4749 887 4794 ut
904 4747 1091 4795 auctor
1117 4737 1198 4795 est
1218 4737 1619 4810 Socrates(Lib.
1653 4740 1766 4810 vn).

431 4805 457 4845 ι)
490 4805 858 4879 Theodoretus
878 4820 1160 4879 postquam
1189 4805 1500 4865 iracundius
1512 4823 1672 4878 agere
1699 4805 1861 4878 erepit
1884 4810 1939 4865 in

361 4891 530 4949 causa
561 4877 792 4949 Nestorii
819 4877 1073 4933 adversus
1099 4877 1384 4949 Cyrillum,
1416 4877 1563 4949 hunc
1584 4879 1686 4933 isto
1726 4877 1941 4935 nomine

359 4946 594 5018 appellat
614 4947 666 5001 in
688 4949 936 5002 omnibus
959 4946 1273 5018 praesertim,
1305 4949 1418 5003 sive
1438 4948 1648 5012 libellis,
1681 4949 1795 5003 sive
1820 4950 1939 5018 epi-

360 5016 532 5087 stolis,
553 5031 673 5087 qua:
691 5018 857 5087 ipsius
878 5016 1092 5072 nomine
1116 5018 1493 5084 inscribuntur,
1514 5020 1710 5087 partim
1732 5035 1766 5073 η
1788 5016 1941 5087 parte

360 5034 532 5079 stons,
553 5034 673 5085 qua:
691 5034 857 5087 lpSlllS
878 5034 1092 5072 nomine
1116 5034 1493 5084 inscribuntur,
1554 5034 1710 5073 arum
1732 5035 1766 5073 η
1788 5034 1939 5087 parte

360 5085 572 5140 concilii
600 5086 872 5155 Ephesini,
899 5088 1090 5157 partim
1118 5087 1171 5140 in
1190 5103 1223 5141 v
1243 5087 1468 5157 synodo.
1501 5034 1652 5143 {inde
1674 5088 1828 5144 facile
1854 5090 1939 5145 di~

359 5168 586 5221 gnoscas
627 5170 736 5225 quo
762 5156 980 5212 auctOre
1004 5157 1212 5225 singula
1240 5156 1307 5211 de
1334 5157 1529 5225 quibus
1552 5159 1772 5214 dubium
1811 5161 1939 5215 oriri

359 5233 542 5295 posset
572 5240 695 5279 vere
723 5228 921 5295 scripta
949 5228 1073 5281 sint.

434 5305 457 5332 ε
497 5294 733 5367 Epistola
756 5294 871 5352 hmc
897 5295 1126 5351 refertur
1146 5296 1197 5367 in
1219 5312 1254 5367 v
1278 5296 1502 5367 synodo,
1525 5297 1619 5352 sed
1640 5299 1748 5353 alio
1776 5299 1940 5354 inter-

304 5418 307 5419 ν
359 5372 540 5436 prete;
567 5365 692 5436 data
722 5381 851 5421 vero
898 5366 1092 5422 ibidem
1139 5365 1333 5421 dicitur
1372 5376 1484 5436 post
1530 5369 1777 5423 unitatem
1807 5371 1939 5423 inter

360 5432 652 5507 Orientales
681 5444 730 5489 et
756 5438 1133 5491 sanctissimum
1162 5432 1410 5507 Cyrillum
1432 5439 1641 5507 factum.
1662 5438 1778 5503 Quo
1806 5448 1937 5492 tem—

358 5519 490 5575 pore
513 5504 785 5575 nimirum,
800 5515 862 5575 nt
882 5522 949 5560 ex
968 5504 1316 5575 consequenti
1339 5504 1563 5575 epistola
1582 5516 1810 5572 constat,
1833 5509 1940 5562 exi-

357 5573 517 5641 gebat
541 5572 776 5646 Joannes
792 5572 1165 5632 Antiochenus'
1182 5572 1464 5646 episcopus
1486 5584 1544 5630 ut
1567 5579 1659 5645 qui
1684 5578 1784 5633 sibi
1810 5578 1937 5632 sub-

356 5651 513 5698 erant
538 5644 875 5717 conditiones
903 5646 1047 5717 pacis
1075 5644 1409 5717 acciperent,
1442 5644 1778 5716 Nestoriiquc
1805 5647 1937 5715 dog-

356 5720 501 5793 mata
521 5714 854 5793 damnarent,
880 5714 1040 5785 atque
1060 5716 1175 5793 ejus
1188 5717 1509 5793 depesitioni
1547 5725 1601 5774 et
1632 5714 1937 5773 Maximiam

358 5783 681 5840 ordinationi
710 5783 1029 5844 consensum
1059 5783 1496 5855 scripto—darent.

2040 4530 2187 4584 ciosa
2204 4530 2467 4585 brevitate
2490 4529 2806 4585 dissimulat.
2823 4528 2912 4585 Sic
2932 4529 3075 4584 enim
3096 4528 3257 4583 habet
3271 4526 3617 4598 (EpistJiE):

2041 4598 2247 4654 Scribes
2291 4608 2461 4669 autem
2488 4615 2594 4669 non,
2630 4598 2845 4653 alterius
2886 4600 3143 4669 opinionis
3190 4597 3413 4662 homini,
3444 4597 3534 4651 sed
3560 4600 3617 4652 in

2039 4670 2387 4738 apostolorum
2411 4668 2688 4739 disciplina
2724 4668 2942 4733 erudito,
2988 4677 3039 4722 et
3068 4669 3330 4739 trinitatis,
3347 4683 3461 4739 non
3489 4684 3619 4739 quae

2041 4741 2290 4794 ternitatis
2320 4738 2584 4793 assertori.
2610 4738 2804 4792 Revera
2823 4740 2960 4792 enim
2980 4753 3211 4809 peraeque
3232 4738 3415 4804 impios
3440 4738 3616 4809 censui

2038 4825 2125 4862 eos
2146 4811 2379 4880 quidam
2403 4809 2666 4880 Unigeniti
2685 4817 2898 4880 naturas
2925 4806 2989 4862 in
3006 4806 3164 4880 quam
3201 4806 3608 4880 cogereaudent,

2037 4873 2192 4949 οη]άί
2219 4873 2754 4949 υσῃιὶηαπίηοειηιῃι
2793 4877 2971 4949 Iesum
3011 4873 3276 4949 Christum
3293 4873 3491 4949 Filium

2039 4944 2159 5014 rivi,
2187 4950 2445 5006 hominem
2474 4956 2669 5019 factum
2700 4946 2865 5001 Deum
2902 4946 3119 5019 Verbum
3146 4947 3200 5000 in
3221 4946 3347 4997 duos
3375 4944 3511 5019 filios
3531 4945 3613 4998 di-

2037 5015 2529 5090 videreiconantur,
2560 5019 2607 5072 si
2651 5020 2883 5090 quisunt
2922 5016 3150 5090 tandem,
3196 5031 3289 5090 ego
3333 5015 3472 5090 enim
3509 5031 3614 5090 non

2038 5099 2180 5159 puto.
2212 5089 2320 5159 sed
2360 5089 2494 5143 lianc
2520 5084 2718 5157 semper
2752 5088 3068 5159 calumniam
3090 5084 3356 5148 Ecclesiw,
3388 5086 3473 5155 qui
3500 5084 3613 5139 Arii

2037 5157 2158 5241 eunt
2184 5168 2233 5245 et
2260 5158 2524 5245 Eunonen,
2555 5159 2739 5228 quique
2776 5157 3613 5245 ‘Apotlint‘tris.'partestectantpr,

2038 5230 2357 5298 impudenter
2388 5223 2719 5351 afﬂixerunt.
2759 5223 2966 5281 At‘vero
3000 5223 3152 5296 facile
3185 5233 3261 5278 est
3289 5223 3613 5294 diligentibus

2038 5299 2298 5351 nervidere
2325 5298 2428 5351 cete
2494 5298 2677 5351 rrimos
2706 5296 2891 5350 Patres
2919 5305 3148 5351 nostros.
3189 5295 3385 5348 lumina
3429 5293 3613 5346 Eccle-

2038 5293 2298 5368 pervidere
2325 5293 2677 5353 celeberrimos
2706 5296 2891 5368 Patres
2919 5293 3148 5368 nostros,
3189 5293 3394 5368 lumina
3429 5293 3613 5368 Eccle-

2039 5364 2250 5432 siarum,
2283 5370 2416 5422 hanc
2441 5369 2611 5437 ipsam
2631 5384 2662 5421 a
2685 5367 2913 5422 veritatis
2952 5366 3178 5437 hostibus
3206 5364 3615 5437 criminationem

2038 5455 2216 5507 passos
2238 5430 2369 5502 esse,
2391 5430 2543 5509 quam
2563 5454 2655 5491 nos
2677 5438 2771 5492 hoc
2802 5446 3022 5509 tempore
3041 5435 3104 5488 ab
3123 5434 3325 5509 Optimis
3346 5448 3489 5486 nova:
3509 5430 3615 5483 Ita:-

2038 5503 2164 5561 resis
2204 5503 2557 5577 defensoribus
2583 5503 2908 5562 sustinemus.
2942 5503 3168 5568 Quorum
3196 5505 3504 5577 impietatem
3530 5516 3617 5552 sa-

2038 5571 2382 5650 pientissimus
2402 5577 2657 5650 Dominus
2669 5577 2924 5650 patefecit,
2947 5591 3048 5650 non
3063 5571 3282 5650 permitti
3293 5588 3352 5624 ns
3374 5571 3457 5622 diu
3463 5579 3617 5650 turnis

2039 5640 2287 5719 patientia
2311 5650 2564 5719 nefariam
2591 5640 2827 5719 Izte'resim
2852 5640 3427 5719 corrrobo'rari.__Ratum
3458 5640 3617 5719 igitur

2039 5706 2246 5791 habeas,
2272 5706 2492 5782 domine,
2514 5718 2648 5791 tend
2673 5718 2795 5791 ﬁdei
2823 5722 3082 5791 censortes
3103 5710 3342 5791 scribere,
3372 5706 3506 5777 quod
3528 5707 3620 5761 tibi

2041 5788 2193 5858 facile
2230 5798 2303 5844 est
2330 5805 2393 5844 ex
2422 5788 2595 5844 multis
2617 5784 3050 5843 lueubratiouibus
3079 5784 3263 5836 nostris
3291 5793 3617 5850 cognoscers.
