4022 6182
270 351 401 411 1081

1186 352 1552 409 EXCERPTA
1570 380 1571 383 η
1591 352 1681 408 EX
1722 350 2067 410 EPISTOLIS
2102 348 2561 409 TllEODORETl.

3382 348 3520 404 1082

337 460 516 532 Exigit
540 466 721 517 autem
737 456 1183 529 subscriptionem
1212 466 1365 521 facta:
1395 465 1591 522 dudum
1621 464 1844 520 damna-
1870 470 1920 530 Α
1945 465 2115 520 cimus
2142 464 2434 528 sanctitati,
2473 462 2619 534 quod
2639 460 2659 500 τ
2691 461 2843 547 lectis
2870 476 2935 517 ex
2967 460 3201 533 Egypto
3220 461 3410 515 litteris
3430 463 3524 517 de-

269 557 451 621 tionis,
482 561 537 609 et
563 560 624 609 ut
658 553 1140 614 anathematizctur
1176 559 1346 614 sancti
1389 558 1625 628 episcopi
1653 557 1845 625 dogma

268 646 520 705 Nestorii.
571 642 689 701 Scit
738 662 918 715 autem
968 661 1145 707 vestra
1189 652 1444 706 sanctitas
1476 650 1619 720 quod
1650 650 1696 705 si
1731 648 1851 717 quis

272 750 299 779 ι
319 739 604 800 indiscrete
623 744 924 800 doctrinam
945 742 1354 798 anathematizet
1374 742 1610 811 ejusdem
1626 742 1852 796 sanctis-

274 832 397 892 simi
438 843 493 890 et
520 833 843 890 venerabilis
868 833 1126 902 episcopi,
1149 832 1289 889 idem
1314 840 1398 887 est
1436 847 1499 886 ac
1526 832 1571 886 si
1600 831 1852 901 pietatem

276 925 729 983 anathematizare
751 923 1018 978 videatur.

347 1015 572 1087 Oportet
591 1028 746 1084 ergo,
777 1015 823 1069 si
852 1014 1068 1069 omnino
1090 1013 1476 1084 compellimur,
1512 1026 1607 1067 eos
1634 1011 1856 1067 anathe-

278 1110 534 1167 matizare
570 1108 661 1176 qui
690 1120 884 1176 purum
931 1104 1111 1159 dicunt
1141 1105 1408 1159 hominem
1435 1103 1725 1167 Christum,
1764 1110 1858 1157 aut

278 1198 375 1267 qui
419 1198 473 1253 in
519 1196 654 1251 duos
704 1194 839 1249 ﬁlios
867 1209 1031 1247 unum
1076 1194 1357 1248 Dominum
1396 1201 1636 1248 nostrum
1673 1192 1855 1247 Jcsum

281 1289 553 1343 Christum
606 1286 880 1352 dividunt,
933 1292 989 1341 et
1033 1285 1125 1354 qui
1178 1284 1296 1355 ejus
1355 1285 1622 1353 abnegant
1681 1284 1858 1340 Deita-

285 1388 413 1444 tem,
441 1385 545 1432 etc.

354 1468 383 1507 δ
421 1468 678 1523 Existimo
707 1482 816 1537 prce
861 1466 1108 1521 omnibus
1128 1464 1361 1519 maxime
1386 1463 1714 1519 satisfactum
1742 1478 1862 1519 esse

283 1559 502 1615 domino
532 1574 652 1614 meo
679 1556 1015 1613 sanctissimo
1036 1564 1089 1609 et
1102 1554 1406 1611 venerando
1434 1553 1627 1609 Joanni
1655 1555 1862 1623 episco-

284 1666 377 1720 po,
408 1649 552 1719 quod
581 1649 883 1703 nullatenus
908 1645 1245 1714 acquiescam
1276 1645 1328 1698 in
1348 1643 1745 1698 damnationem
1766 1642 1863 1697 do—

284 1743 416 1797 mini
444 1743 549 1798 mei
576 1738 897 1797 sanctissimi
941 1743 995 1790 et
1042 1735 1329 1790 venerandi
1372 1734 1603 1790 Nestorii
1626 1734 1862 1803 episcopi

1949 555 2161 610 stinatis
2182 596 2196 621 ,
2228 563 2285 610 et
2311 555 2451 625 apud
2479 570 2578 608 nos
2623 568 2765 623 smpe
2804 553 3073 619 discussis,
3098 552 3395 607 invenimus
3432 568 3524 609 eas

1950 646 2205 702 doctrina:
2234 646 2446 715 quidem
2494 652 2851 712 congruentes
2886 643 3163 709 Ecclesiae;
3192 653 3215 690 ε
3244 642 3525 698 duodecim

1949 749 2080 788 vero
2106 735 2354 803 capitulis
2373 734 2669 789 contrarias
2690 749 2807 789 esse
2827 733 3190 804 probavimus,
3216 748 3334 802 qua:
3359 748 3529 801 usque

1953 824 2426 893 impnescntiarum
2448 821 2796 893 impugnarell
2824 824 3168 893 perstitimus.

2030 913 2047 952 ί
2068 913 2274 969 Placuit
2294 914 2454 982 igitur
2473 914 2646 977 nobis,
2672 921 2731 967 ut
2750 914 2795 967 si
2823 915 3132 969 sanctitates
3162 920 3351 968 vestra:
3376 927 3527 967 rece-

1952 1005 2131 1076 perint
2179 1003 2447 1059 Ecelesias
2487 1003 2741 1058 divinitus
2776 1004 2876 1057 sibi
2903 1005 3233 1069 commissas,
3265 1002 3531 1073 AEgyptiis

1953 1104 2010 1150 et
2054 1093 2665 1164 Constantinopolitanis
2712 1095 3127 1156 communicare,
3159 1093 3384 1160 aliisque
3437 1092 3529 1159 qui

1954 1193 2143 1242 contra
2165 1200 2263 1239 nos
2283 1200 2402 1239 cum
2418 1186 2496 1239 eis
2524 1186 2781 1238 militasse
2806 1191 3117 1247 noscuntur,
3141 1183 3265 1250 quia
3293 1191 3530 1236 nostram

1956 1276 2137 1339 ﬁdem,
2170 1277 2336 1344 magis
2364 1284 2545 1330 autem
2573 1275 2963 1344 apostolorum,
2992 1290 3051 1328 se
3079 1274 3276 1327 habere
3303 1272 3531 1342 professi

1957 1377 2116 1433 sunt;
2141 1367 2472 1422 damnationi
2502 1382 2630 1421 vero
2668 1366 2958 1421 venerandi
2986 1373 3041 1419 et
3078 1365 3397 1420 sanctissimi
3425 1363 3531 1418 Ne-

1956 1456 2128 1525 storii,
2184 1473 2303 1528 qucc
2356 1458 2495 1513 facta
2534 1458 2745 1523 dicitur,
2779 1474 2885 1511 non
2915 1457 3154 1527 pnebere
3189 1470 3527 1511 consensum.

1959 1550 2199 1618 Iniquum
2248 1563 2475 1617 namque
2511 1563 2638 1603 vere
2687 1556 2741 1602 et
2785 1547 3005 1617 impium
3029 1546 3458 1615 comprobamus,
3488 1546 3535 1599 si

1961 1640 2148 1697 iisdem
2175 1640 2486 1694 criminibus
2506 1638 2700 1706 quibus
2727 1644 2781 1691 et
2808 1638 2986 1692 socius
3016 1637 3131 1705 ejus
3159 1652 3282 1691 reus
3311 1638 3533 1691 exstite-

1960 1739 2063 1796 rat,
2095 1731 2171 1785 illi
2218 1729 2437 1799 quidem
2464 1728 2673 1783 veniam
2724 1728 2924 1796 largiri,
2955 1728 3081 1782 huic
3118 1734 3296 1782 autem
3338 1727 3533 1781 ostium

288 1844 316 1874 ε
345 1834 581 1906 praebere
593 1842 1045 1893 consensum,nec
1056 1827 1257 1881 violare
1276 1841 1611 1881 communem
1640 1825 1869 1895 promis-
1896 1824 1940 1884 Β
1966 1822 2294 1895 pmnitcntia:
2320 1820 2598 1886 claudere;
2628 1819 2797 1875 multo
2823 1818 2983 1887 igitur
3019 1818 3187 1885 magis
3222 1816 3461 1886 iniquum
3481 1824 3537 1869 et

282 1925 494 1979 sionem
518 1919 544 1959 ά
580 1934 698 1988 qua:
726 1919 780 1972 in
807 1916 993 1981 Tarso,
1018 1923 1074 1970 et
1088 1912 1445 1980 Chalcedone,
1467 1924 1523 1970 et
1546 1914 1759 1984 Epheso
1785 1914 1862 1969 l'a-

285 2022 377 2068 cta
394 2019 477 2067 est
502 2028 516 2063 :
548 2007 793 2063 meminit
813 2006 954 2060 enim
970 2012 1024 2059 et
1050 2019 1233 2059 eorum
1255 2018 1373 2073 quas
1403 2019 1573 2074 nuper
1598 2004 1738 2075 apud
1766 2004 1867 2058 An-

280 2101 546 2156 tiochiam
582 2105 705 2168 post
723 2105 965 2151 nostrum
1005 2108 1307 2163 regressum
1340 2110 1371 2149 a
1407 2096 1564 2150 nobis
1600 2110 1741 2165 saepe
1767 2096 1864 2151 de-

280 2196 537 2262 prompta
552 2195 694 2243 sunt.
713 2185 897 2240 Nullus
917 2185 1076 2253 igitur
1094 2194 1238 2239 tuam
1258 2184 1491 2255 decipiat
1508 2187 1863 2253 sanctitatem,

281 2281 437 2351 quod
463 2295 564 2349 ego
593 2276 931 2346 acquiescam
956 2274 1059 2330 hoc
1081 2275 1364 2343 aliquando
1383 2276 1581 2342 facere,
1613 2276 1724 2332 Deo
1751 2293 1870 2348 pro-

283 2370 375 2427 cul
397 2370 557 2425 dubio
577 2367 708 2421 mihi
734 2373 1079 2435 cooperante,
1108 2373 1163 2419 et
1181 2380 1268 2419 me
1294 2364 1649 2435 confortantc.

428 2476 769 2532 Theodoreti°
799 2472 1421 2599 ερὶδέῧξιέοῗέε
1449 2478 1737 2548 episcOpum

366 2636 511 2692 Inter
538 2644 742 2691 cetera.
773 2633 1129 2690 lnteutionem
1164 2643 1402 2689 nostram
1422 2644 1625 2691 certam
1656 2646 1759 2693 tuae
1787 2639 1866 2694 l'a-

1964 1914 2133 1982 magis
2161 1913 2401 1982 impium,
2432 1912 2772 1967 innocentem
2800 1910 2960 1965 morti
2988 1908 3217 1964 tradere.

2036 2004 2181 2060 Sciat
2200 2005 2359 2073 igitur
2372 2004 2626 2058 sanctitas
2648 2010 2819 2057 vestra
2840 2001 2983 2070 quod
3003 2016 3109 2055 non
3134 2000 3282 2070 prius
3294 1998 3371 2053 eis
3390 2013 3538 2053 com-

1965 2096 2340 2153 municandum
2385 2110 2505 2151 esse
2531 2109 2829 2159 censemus,
2852 2108 3011 2162 quam
3042 2100 3244 2147 vestras
3271 2090 3539 2160 recipiatis

1968 2190 2253 2246 Ecclesias.
2275 2188 2401 2245 ﬂare
2419 2196 2596 2243 autem
2619 2203 2729 2242 non
2753 2186 2899 2240 solus
2927 2198 3050 2251 ego,
3078 2182 3174 2238 sed
3202 2197 3389 2237 omnes
3411 2196 3538 2235 san-

1969 2280 2189 2337 ctissimi
2209 2286 2407 2333 nostra:
2432 2276 2665 2346 regionis
2692 2274 2949 2346 episcopi,
2978 2273 3160 2327 habito
3187 2269 3542 2333 concilio,de-

1968 2375 2273 2425 creverunt.
2301 2369 2316 2419 l
2354 2366 2423 2421 Et
2449 2375 2574 2422 ante
2596 2365 2708 2435 jam
2737 2372 2838 2419 tua:
2859 2361 3125 2419 sanctitati
3153 2360 3394 2431 praedixi,
3418 2359 3540 2428 quia

1969 2462 2017 2516 si
2043 2461 2246 2517 domini
2274 2460 2381 2517 mei
2406 2458 2728 2516 venerabilis
2756 2465 2810 2513 et
2830 2454 3149 2511 sanctissimi
3176 2452 3413 2523 episcopi
3440 2451 3543 2505 Ne-

1969 2554 2124 2609 storii
2152 2553 2313 2607 fuerit
2358 2551 2549 2620 dogma
2589 2549 2921 2615 damnatum,
2965 2561 3065 2602 nec
3092 2559 3192 2613 ego
3219 2545 3304 2600 his
3329 2544 3419 2612 qui
3441 2543 3544 2598 hoc

1970 2642 2169 2698 faciunt
2196 2641 2623 2697 communicabo.
2647 2639 2800 2708 Quod
2827 2639 2873 2693 si
2911 2646 3013 2694 tua:
3040 2636 3309 2693 sanctitati
3330 2635 3545 2707 placue—

1457 2750 1992 2812 CASTIGATIONES
2030 2756 2118 2811 ET
2157 2755 2381 2811 NOT/E.

367 2851 394 2880 ³
429 2844 483 2899 id
510 2852 617 2910 est,
654 2844 801 2898 nulla
831 2841 1169 2913 restrictione
1195 2840 1354 2913 facta,
1381 2849 1436 2895 et
1457 2842 1574 2913 sine
1602 2843 1709 2897 ulla
1732 2843 1866 2913 dog-

291 2915 457 2969 matis
503 2923 558 2969 et
608 2927 853 2983 persona:
893 2912 1237 2983 discretione.
1267 2910 1441 2979 Atque
1479 2912 1603 2967 hinc
1631 2910 1870 2981 intellige

295 2981 642 3058 quam_vet_us
667 2982 756 3058 _sit
801 2981 929 3036 illud
955 2982 1315 3058 κρησφήγστᾳν,
1344 2995 1452 3058 quo
1506 2983 1871 3058 nonJiulliali-

293 3050 511 3123 quando
532 3052 681 3109 abusi
699 3060 841 3123 sunt,
865 3059 920 3123 et
948 3050 1118 3123 n'uper
1140 3050 1341 3123 impius
1355 3050 1443 3105 ille
1471 3052 1563 3123 qui
1590 3050 1866 3123 Cyrillum,

293 3119 669 3192 synodumque
714 3119 1035 3192 Ephesinam
1064 3120 1281 3192 haeresis
1302 3119 1648 3192 Eutycbianai
1671 3124 1872 3191 scripto

296 3140 325 3177 S
363 3140 669 3191 nonumque
714 3140 1035 3192 npnesmam
1064 3140 1281 3174 HIBI'CSIS
1302 3140 1643 3190 nusycmantc
1671 3140 1872 3191 scripto

296 3140 438 3247 ιῖἶπο
484 3206 735 3247 accusare
780 3206 941 3261 ausus
980 3197 1079 3261 est.
1112 3189 1310 3261 Verum
1351 3190 1543 3261 hac_de
1576 3207 1635 3245 re
1663 3192 1874 3261 plenius

1975 2862 2099 2903 suas
2120 2847 2340 2913 singulis
2368 2845 2610 2901 civitates
2633 2842 2994 2898 redeuntibus.

2051 2925 2075 2955 ⁶
2128 2910 2336 2985 Scripta
2378 2915 2567 2985 procul
2620 2914 2783 2985 dubio
2807 2922 2905 2985 est
2952 2928 3086 2985 quo_
3121 2910 3547 2985 tempore‘Pau-

1977 2986 2062 3040 lus
2106 2981 2422 3050 Emesenus,
2471 3000 2502 3038 a
2545 2982 2755 3055 synon
2797 2981 3030 3037 Orientis
3074 2982 3299 3055 legatus,
3326 2981 3550 3055 Alexan-

1977 3056 2107 3110 dria:
2136 3056 2409 3123 negotium
2439 3050 2593 3122 pacis
2612 3052 2853 3123 gerebat,
2886 3062 2958 3114 et,
2989 3050 3435 3123 quemadmodum
3454 3052 3550 3104 ha-

1978 3126 2142 3179 bebat
2163 3119 2528 3187 in'mandatis,
2560 3119 2956 3176 conditionibus
2997 3119 3157 3190 quam
3190 3119 3550 3174 honoriﬁcen-

1980 3194 2200 3249 tissimis
2226 3209 2340 3248 rem
2368 3206 2625 3263 peragere
2653 3191 2990 3263 moliebatur,
3024 3192 3088 3243 iis
3117 3204 3328 3259 nempe,
3352 3190 3547 3263 ut_sola

296 3262 454 3325 alias,
476 3277 594 3316 cum
617 3262 683 3314 de
711 3260 1188 3328 subscriptionibus
1214 3260 1267 3312 in
1283 3274 1441 3314 causa
1464 3255 1871 3330 Pelagianorum
1896 3255 1942 3317 C
1977 3265 2029 3317 in
2069 3263 2227 3317 tidem
2269 3255 2536 3317 Nicz'enam
2582 3261 2867 3315 consensio
2907 3261 3213 3330 exigeretur
3243 3255 3258 3311 Ξ
3280 3274 3393 3330 non
3419 3258 3548 3312 item

293 3332 726 3387 dissertationem
748 3330 1093 3383 instituimus.

370 3401 397 3439 δ
428 3400 681 3452 Baluzius
696 3415 730 3467 a
748 3398 1425 3467 prtecedentibnssegregat
1449 3402 1723 3467 sequentia
1753 3417 1873 3456 cum

295 3468 406 3524 hoc
443 3468 600 3521 titulo
635 3485 648 3520 :
681 3465 811 3520 Item
838 3467 1067 3535 ejusdem
1104 3465 1404 3535 Theodoreti
1427 3469 1495 3519 ad
1523 3465 1875 3525 Alexandrum

296 3536 750 3609 Hierapolitanum
767 3534 937 3609 Syrica
951 3534 1237 3609 prajsulem,
1252 3540 1587 3589 assererantis
1603 3555 1876 3609 numquam

296 3623 353 3662 se
380 3609 435 3661 in
462 3602 793 3675 damnatione
812 3602 1051 3675 'Nestorii
1067 3604 1296 3675 praebere
1306 3620 1635 3669 consensum;
1658 3602 1877 3675 remque

295 3678 379 3747 sic
397 3677 625 3747 probat:
665 3674 869 3747 illunc
894 3672 1102 3747 titulum
1113 3672 1423 3747 _addid_imns
1448 3688 1515 3747 ex
1552 3675 1743 3747 codice
1765 3672 1875 3747 Va-

296 3741 500 3811 ticano,
533 3761 652 3800 cum
682 3744 893 3798 deesset
916 3744 968 3797 in
999 3743 1233 3813 editione
1260 3741 1523 3813 Carnerii.
1552 3742 1740 3798 Exstat
1758 3746 1878 3813 qui-

296 3816 424 3872 dem
446 3816 498 3869 in
520 3813 919 3881 Bellovacensi,
953 3813 1047 3868 sed
1073 3812 1309 3876 mutilus,
1334 3812 1564 3881 ideoque
1593 3812 1821 3869 omissus
1844 3830 1876 3869 a

296 3885 584 3940 Camerio.
610 3884 856 3951 Pelagius
882 3880 927 3936 ll
953 3882 1004 3935 in
1033 3881 1440 3951 epistolacujus
1462 3883 1621 3950 paulo
1649 3891 1773 3936 ante
1799 3883 1875 3938 le-

296 3955 473 4010 cimus
509 3950 837 4009 mentionem
876 3970 890 4005 :
920 3952 1002 4005 Ad
1040 3950 1394 4022 Alexandrum
1421 3967 1538 4005 vero
1568 3952 1737 4022 Syriae
1764 3952 1877 4006 Pa-

300 4025 623 4079 lwstinorum
644 4023 913 4092 prwsulem
936 4018 1164 4092 scribens
1183 4022 1286 4092 ait:
1305 4020 1577 4092 Existimo,
1610 4018 1713 4077 etc.
1747 4022 1877 4092 Epi-

296 4093 439 4150 stola
455 4100 631 4147 autem
644 4088 749 4147 ista
768 4090 1089 4147 Theodoreti
1100 4088 1167 4143 ad
1178 4089 1536 4145 Alexandrum
1553 4100 1726 4146 exstat
1741 4088 1879 4147 inte-

340 4177 399 4216 ra
416 4164 468 4216 in
479 4162 734 4233 synodico
749 4177 907 4232 supra
922 4160 1158 4233 laudato,
1170 4174 1224 4233 c._
1235 4158 1321 4213 68.
1332 4179 1460 4233 μέ(
1474 4158 1745 4233 Existimo.
1763 4162 1879 4219 Hoc

327 4229 663 4300 'ragmentum
692 4248 800 4286 non
815 4229 912 4285 'est
940 4245 1005 4300 ex
1036 4229 1261 4299 epistola
1282 4230 1347 4283 ad
1374 4229 1638 4300 Andream
1684 4231 1876 4286 Samo-

300 4297 547 4357 satenum
573 4342 587 4367 ,
628 4308 681 4355 ut
720 4301 927 4369 putavit
970 4297 1292 4360 Gafnerius,
1332 4299 1425 4369 sed
1454 4314 1521 4354 ex
1557 4301 1781 4369 epistola
1810 4301 1878 4356 ad

302 4317 547 4357 satenum
573 4342 587 4367 ,
628 4317 681 4355 ut
760 4317 927 4355 utavtt
970 4317 1292 4360 numerius,
1332 4317 1425 4354 seu
1454 4317 1521 4354 ex
1557 4317 1781 4369 eptsmta
1810 4317 1873 4356 au

302 4371 666 4440 Alexandrum
696 4317 1173 4440 irierapolitanum,
1215 4370 1318 4440 uti
1334 4368 1444 4440 jam
1473 4378 1744 4440 ostensum
1772 4379 1873 4425 est.

303 4439 485 4507 Quare
533 4441 587 4494 in
624 4438 871 4495 auc-tario
903 4438 1227 4493 Theodoreti
1272 4438 1676 4508 disjungendum
1709 4449 1792 4497 est
1810 4442 1877 4497 ab

304 4511 532 4581 epistola
562 4510 629 4581 ad
657 4509 940 4564 Andream.
977 4508 1169 4562 Bawz.

383 4590 406 4619 ε
436 4579 675 4635 Ρνωὺενε
701 4595 1001 4634 consensum
1030 4594 1144 4649 qua:
1170 4579 1224 4631 in
1260 4577 1442 4633 Tarso.
1481 4577 1771 4636 Camerius
1799 4580 1879 4634 vi-

306 4648 444 4704 dens
470 4651 609 4719 hunc
638 4650 813 4704 locum
842 4664 959 4703 esse
988 4648 1263 4710 mutilum,
1298 4649 1375 4719 sic
1403 4649 1550 4703 illum
1586 4650 1880 4719 interpola-

306 4719 389 4773 vit
414 4737 426 4772 :
459 4718 698 4773 Praebere
727 4735 1063 4788 consensum,
1095 4718 1399 4788 nec_riolare
1427 4718 1739 4773 communem
1760 4737 1882 4788 pro-

305 4790 604 4859 missionem
624 4805 738 4859 qua:
758 4790 810 4841 in
843 4786 1379 4859 Tarso,ete.___\feru_m
1404 4803 1473 4859 ex
1500 4790 1661 4859 citata
1684 4786 1883 4855 Pelagii

310 4858 541 4932 epistola
572 4856 797 4932 apparet
818 4856 946 4910 nihil
977 4856 1120 4909 aliud
1149 4856 1257 4932 illic
1283 4857 1409 4910 olim
1444 4856 1609 4932 fuisse
1636 4860 1710 4932 in_
1739 4859 1887 4913 libris
1987 4856 2319 4932 mias_audivi
2338 4861 2487 4932 !_etc.
2513 4863 2535 4932 ί

363 4928 466 4996 arii
491 4926 801 4982 Mercatoris
819 4940 979 4995 quam
1009 4940 1131 4996 quae
1144 4926 1444 4996 etiamnum
1472 4942 1501 4980 a
1526 4928 1679 4982 nobis
1697 4928 1885 4996 legun-

1908 4617 1959 4680 D

1979 3333 2248 3404 depositio
2288 3332 2522 3387 Nestorii
2562 3331 3014 3404 subscriberetur,
3046 3327 3550 3404 sed-solo_silen_ti_o

1974 3397 2091 3457 rata
2114 3403 2431 3465 haberetur;
2457 3410 2622 3470 utque
2646 3399 2883 3470 episcopi
2905 3414 2933 3453 a
2956 3398 3278 3470 Maximiano
3298 3397 3547 3467 depositi,

1976 3471 2262 3534 Himerius,
2306 3468 2600 3536 Helladius,
2649 3468 2968 3534 Eutherius,
2998 3478 3054 3522 et
3080 3468 3397 3533 Dorotheus,
3428 3483 3553 3522 suas

1974 3543 2131 3597 sedes
2158 3543 2479 3597 reciperent.

2051 3610 2071 3650 ί
2103 3610 2183 3666 Eo
2208 3608 2349 3665 refer
2363 3611 2654 3680 epistolam
2676 3609 2998 3665 Theodoreti
3022 3610 3087 3665 ad
3115 3608 3409 3680 Joannem,
3432 3621 3552 3680 qua:

1975 3687 2059 3750 est
2080 3680 2131 3733 in
2156 3696 2188 3734 v
2209 3678 2420 3750 synodo
2431 3697 2445 3744 ;
2470 3682 2636 3733 altera
2658 3680 2802 3733 enim
2823 3695 2891 3733 ex
2920 3680 3086 3733 altera
3107 3680 3281 3734 lucem
3301 3678 3551 3747 accipiet,

1978 3748 2142 3801 immo
2170 3757 2225 3802 et
2240 3748 2637 3801 auctoritatem.

2049 3826 2073 3863 ε
2100 3817 2214 3871 Hoc
2241 3824 2342 3881 est,
2364 3817 2507 3884 quod
2534 3815 2759 3885 Andreae
2774 3817 3040 3871 monacho
3056 3814 3547 3885 scribit,Cyrillum,

1974 3886 2196 3954 apravis
2224 3885 2291 3954 ad
2318 3893 2464 3941 recta
2494 3884 2830 3954 perductum,
2862 3886 3140 3939 veritatem
3162 3884 3379 3954 tandem
3401 3884 3552 3937 addi-

1976 3952 2187 4078 dicisse.
2236 3953 2425 4026 Opera:
2462 3952 2693 4026 pretium
2731 3962 2814 4011 est
2878 3956 3065 4009 ambas
3093 3952 3353 4025 epistolas
3390 3954 3549 4008 simul

1976 4040 2077 4078 con
2101 4040 2239 4078 erre.

1976 4040 2239 4081 conterre.

2048 4092 2076 4132 δ
2105 4094 2277 4177 Eihris
2303 4095 2536 4177 quinque
2556 4097 2677 4171 περὶ
2695 4096 3137 4177 ἔνανθρᾼωπὴσιως,
3164 4092 3231 4148 de
3257 4092 3560 4177 q’liihus‘an-

1979 4171 2064 4219 tea
2094 4165 2293 4219 dictum
2319 4160 2425 4229 est,
2448 4160 2709 4219 immo'ad
2740 4160 2968 4221 mortem
2992 4179 3162 4232 usque
3190 4162 3420 4231 capitula
3445 4160 3554 4232 Cy-

1976 4235 2082 4288 rilli
2132 4250 2263 4305 non
2288 4235 2776 4305 impugnavit__ipse
2803 4243 3040 4305 tantum,
3082 4232 3173 4305 sed
3200 4233 3558 4305 aliisquoque

1978 4304 2302 4359 exsecranda
2334 4301 2585 4358 traduxit.
2616 4301 2767 4358 Unde
2789 4303 3110 4367 Gennadius,
3136 4301 3363 4356 Anatolii
3392 4302 3442 4353 in
3466 4318 3556 4356 se-

1978 4374 2098 4428 dem
2111 4372 2755 4443 Constantinopolitanam
2769 4389 3067 4438 successor,
3079 4370 3559 4443 pauloposthbeo-

1978 4443 2152 4513 doreti
2180 4450 2408 4513 mortem
2431 4482 2446 4506 ,
2466 4439 2640 4510 atque
2676 4442 2812 4496 adeo
2846 4451 2969 4513 post
3012 4439 3296 4513 conciliuin
3331 4439 3560 4497 Chalce-

1978 4511 2237 4583 donense,
2268 4512 2686 4583 damnatumque
2726 4511 2862 4565 cum?
2887 4512 3185 4583 Eutychete
3223 4511 3556 4583 Dioscorum,

1984 4581 2035 4651 in
2060 4581 2171 4634 hmo
2190 4582 2353 4636 verba
2383 4581 2637 4635 adversus
2654 4581 3124 4636 anathematismos
3143 4581 3325 4651 Cyrilli
3347 4581 3524 4651 erupit
3543 4598 3555 4633 :

1993 4650 2086 4704 Vae
2128 4652 2254 4705 mihi
2291 4668 2323 4704 a
2366 4651 2552 4705 malis!
2580 4650 2697 4704 Heu
2720 4651 2851 4706 heu!
2891 4652 3024 4705 unde
3050 4650 3477 4719 enim’quisquagn
3507 4650 3559 4701 in

1984 4722 2221 4791 prtesenti
2242 4720 2451 4775 aliunde
2470 4730 2639 4791 sumat
2661 4721 2965 4775 exordium?
2987 4720 3177 4785 Quales
3198 4718 3375 4791 Cyrilli
3391 4718 3562 4790 Egy-

1986 4789 2102 4863 ptii,
2129 4800 2179 4843 et
2206 4799 2423 4863 quantas
2443 4790 2788 4863 blasphemigs
2815 4792 3046 4863 incurri?
3073 4799 3291 4863 quantas
3321 4789 3559 4863 blasphe-

2586 4860 2689 4930 purl
2714 4859 3038 4930 Facundum,
3070 4858 3159 4913 lib.
3192 4876 3230 4923 ι,
3260 4874 3305 4930 οῖ.
3325 4858 3417 4930 β.)

2065 4928 2081 4965 ί
2107 4928 2339 4999 Cyrillus
2365 4929 2417 4983 in
2440 4927 2665 4998 epistola
2685 4929 2749 4983 ad
2780 4930 3044 4984 Donatum
3074 4936 3258 4984 narrat
3283 4927 3562 4999 historiam

306 5004 414 5051 tur.
438 4995 655 5069 Certum
684 5013 814 5052 sane
835 4994 917 5069 est
936 4994 1192 5069 nonnulla
1216 4994 1477 5069 deesse_in
1500 4996 1604 5069 hoc
1624 4994 1887 5069 loco'quaa
1991 4994 2324 5069 totius'illius
2342 4994 2655 5069 molitionis,
2677 5014 2778 5069 pro
2804 4999 3147 5069 restituendis
3164 5006 3405 5069 quatuor
3443 4998 3560 5069 epi-

305 5067 603 5136 supplenda
619 5076 674 5121 et
686 5064 1018 5121 emendanda
1029 5071 1152 5119 sunt
1163 5077 1231 5118 ex
1245 5063 1504 5134 synodico
1516 5064 1588 5119 ita
1607 5084 1620 5118 :
1642 5063 1883 5136 Brwlierc

306 5134 632 5205 consensum,
681 5138 803 5205 quia
830 5150 1025 5188 memor
1061 5142 1139 5187 est
1173 5150 1348 5205 eorum
1392 5150 1507 5204 qua:
1546 5137 1603 5189 in
1640 5134 1805 5191 Tarso
1832 5144 1884 5191 et

308 5204 635 5275 Chalcedone
660 5202 710 5259 et
740 5203 948 5275 Epheso
977 5206 1119 5275 facta
1140 5211 1279 5257 sunt.
1313 5202 1509 5257 Batus.

378 5272 405 5312 ἀ
428 5274 731 5345 Orientales
758 5272 1058 5345 statuerant
1077 5287 1147 5345 se_
1156 5287 1476 5345 numquam,
1510 5274 1593 5328 vel
1624 5273 1677 5328 in
1715 5272 1885 5345 depo-

304 5344 560 5399 sitionem
586 5343 815 5413 Nestorii
833 5383 849 5409 ,
882 5343 981 5413 vel,
1009 5342 1062 5395 in
1109 5340 1724 5413 Cyrilli’restitutionem
1749 5340 1883 5399 con-

305 5430 580 5479 sensuros,
610 5430 708 5469 nec
743 5412 795 5467 id
820 5412 1007 5483 semel,
1041 5411 1124 5466 vel
1155 5411 1261 5483 uno
1289 5411 1523 5483 inloco;
1563 5413 1657 5468 sed
1685 5412 1882 5483 Ephesi

305 5484 561 5554 primum,
584 5482 867 5554 cuminde
913 5480 1433 5554 Constantinopolim
1466 5482 1625 5554 legati
1647 5480 1882 5552 acceptis

306 5550 575 5608 inandatis
600 5553 1096 5623 proﬁciscerentur;
1146 5551 1338 5623 iterum
1366 5550 1879 5623 Chalcedone,eum

307 5638 455 5677 exea
508 5620 924 5693 postulationem
985 5620 1296 5693 imperatori
1346 5621 1680 5693 obtulerunt;
1729 5622 1882 5693 Tarsi

308 5702 496 5761 postea
510 5688 630 5748 cum
643 5692 843 5748 dimissi
859 5688 1253 5746 reverterentur
1268 5690 1321 5744 in
1341 5688 1611 5761 Orientem
1630 5709 1644 5755 ;
1670 5692 1885 5748 tandem

314 5760 627 5833 Antiochiae,
666 5764 969 5833 priusquam
999 5777 1029 5816 a
1068 5776 1126 5817 se
1165 5769 1351 5817 mutuo
1387 5760 1786 5832 divellerentur,
1819 5763 1885 5819 ad

1989 5068 2186 5137 scepis,
2208 5067 2444 5137 Himerio
2464 5067 2875 5134 Nicomediensi,
2898 5067 3141 5123 Helladio
3162 5067 3430 5137 Tarsensi,
3456 5067 3563 5120 Eu-

1985 5135 2163 5207 therio
2192 5136 2486 5207 Tyanensi,
2509 5145 2566 5192 et
2593 5138 2864 5193 Dorotbeo
2904 5136 3408 5207 Martianopolitano
3426 5177 3440 5200 ,
3469 5137 3560 5205 qui

1985 5219 2015 5276 a
2045 5205 2355 5261 Maximiani
2410 5206 2617 5276 synodo
2670 5208 3006 5262 exauctorati
3052 5205 3283 5261 fuerant.
3328 5205 3562 5276 Copiose

1984 5274 2126 5358 hanc
2172 5277 2340 5358 ipsam
2374 5274 2649 5358 historiam
2686 5278 3057 5358 tractamnsin
3085 5274 3458 5358 dissertatione
3484 5276 3561 5358 de

1986 5342 2264 5426 Eutherio,
2314 5345 2468 5415 cujus
2494 5343 2666 5426 Opera
2698 5346 3023 5403 Theodoreti
3049 5347 3309 5411 auctario,
3342 5354 3562 5416 propter

1986 5423 2381 5533 cognationem,
2409 5423 2814 5483 conjungemus.

2116 5484 2269 5556 Apud
2299 5484 2569 5556 Baluzinm
2592 5501 2633 5556 a_
2645 5486 3010 5556 superioribus
3029 5486 3233 5556 reliqua
3266 5497 3557 5556 secernun-

1983 5561 2074 5626 tur
2094 5553 2346 5626 cumineo
2376 5555 2531 5626 titulo
2561 5573 2573 5607 ε
2606 5553 3189 5626 Ερπιὲάεηιντιιεοάονεὶὶ
3220 5555 3287 5607 ad
3326 5555 3557 5626 Alexan-

1988 5623 2137 5676 drum
2178 5622 2663 5693 Ilierapolitanumf
2691 5625 2822 5681 Vide
2863 5625 3124 5694 integram
3166 5624 3446 5694 epistolam
3479 5638 3557 5694 rex

1987 5702 2448 5833 ἓυὲὅὲειὲοηωιη
2468 5695 2571 5753 hoc
2589 5704 2859 5766 sumptum
2875 5706 2953 5752 cst
2977 5693 3028 5752 in
3042 5693 3318 5768 synodico.
3337 5710 3452 5765 cap.
3472 5693 3557 5751 99.

2029 5803 2041 5817 .
2172 5802 2184 5816 .
2258 5779 2366 5819 mr.

2029 5803 2041 5817 .
2064 5779 2184 5819 δυο.
2212 5779 2366 5819 ινιτ.
