4022 6182
540 359 680 418 i083
704 416 706 418 ,

1053 357 1246 414 MAR"
1283 355 1717 416 MERCATORIS
1752 353 2312 414 TRANSLATIOXES
2351 353 2708 412 VARlORUM
2745 351 3272 412 OPUSCULORUM.

3671 361 3806 418 Ι(εὲ

541 472 612 525 rit
637 471 690 526 id
718 470 890 540 ipsum
912 468 1102 523 litteris
1124 469 1379 534 inserere,
1403 480 1521 536 quae
1541 467 1875 522 Antiochiam
1899 465 2126 536 dirigen—
2150 473 2198 530 Α
2225 472 2348 520 sunt
2373 466 2464 535 qui
2493 466 2675 522 dicunt
2701 466 2826 536 quia
2858 466 2996 521 Deus
3015 474 3096 521 est
3122 467 3212 536 qui
3234 466 3521 525 cruciﬁxus
3548 474 3667 526 est?
3689 474 3808 529 Non

543 572 648 627 tur,
669 563 770 617 hoc
794 559 911 626 ﬁat;
932 576 997 615 ne
1017 575 1145 630 ergo
1172 559 1446 615 diﬁ'eratur
1475 561 1718 627 obsecro,
1741 561 1842 615 tuis
1869 559 2117 616 haerendo

543 652 800 719 vestigiis.
1603 700 1606 701 ν

543 749 570 778 ⁸
589 741 671 794 Ad
690 741 922 795 eumdem
944 783 958 808 ,
992 749 1256 810 postquam
1287 741 1486 810 rescivit
1526 738 1780 794 Joannem
1815 740 2120 794 anathema-

1004 813 1189 864 tizasse
1217 813 1402 881 dogma
1420 809 1669 865 Nestorii.

611 899 742 955 Post
787 902 910 955 alia.
948 900 1065 955 Non
1090 943 1104 967 ,
1145 903 1338 973 inquit,
1391 909 1534 954 tuam
1579 901 1743 954 lateat
1782 901 2121 956 sanctitatem

540 993 683 1062 quod
706 1001 985 1062 postquam
1008 993 1108 1060 legi
1132 993 1410 1062 epistolam
1431 1007 1551 1061 quae
1573 991 1884 1061 imperatori
1915 991 2118 1046 directa

540 1092 644 1148 est,
696 1084 854 1138 nimis
905 1084 1084 1137 animo
1138 1083 1320 1148 dolui;
1363 1083 1487 1151 quia
1532 1082 1814 1137 manifeste
1855 1097 2120 1151 cognosco

540 1175 686 1244 quod
711 1176 755 1230 is
776 1176 866 1244 qui
888 1176 1027 1229 hanc
1049 1175 1280 1244 scripsit,
1303 1175 1528 1244 idipsum
1553 1184 1808 1241 sentiens,
1835 1176 2121 1230 indiscrete

542 1274 703 1335 atque
732 1267 910 1334 inique
937 1266 1208 1320 damnavit
1235 1282 1356 1320 eum
1373 1265 1400 1303 δ
1422 1268 1512 1334 qui
1542 1267 1673 1320 nihil
1701 1275 1897 1336 praeter
1915 1267 2119 1320 doctri-

542 1371 666 1409 nam
687 1370 872 1410 sanam
904 1357 1050 1410 novit
1095 1356 1296 1425 aliquid
1325 1365 1378 1410 et
1406 1356 1588 1410 docuit
1616 1355 1834 1430 [Baluz.
1869 1357 1992 1412 novi
2021 1357 2120 1410 ali-

539 1447 666 1515 quid
711 1445 946 1517 docuit].
1002 1447 1107 1500 Sed
1153 1447 1626 1501 anathematismus
1675 1447 1938 1512 insertus,
1993 1448 2120 1502 licet

539 1536 763 1590 idoneus
786 1536 856 1602 sit
885 1537 1111 1605 amplius
1123 1551 1282 1604 quam
1311 1551 1604 1591 consensus
1625 1535 1982 1591 damnationis
2001 1537 2118 1604 ejus

505 1650 509 1652 ·
539 1628 755 1681 turbare
773 1628 1049 1692 lectorem,
1073 1637 1272 1693 tamen,
1302 1629 1426 1697 quia
1450 1643 1556 1683 non
1588 1627 1891 1693 indiscrete,
1905 1629 1999 1683 sed
2013 1629 2114 1683 sub

535 1717 764 1784 quadam
786 1718 1214 1774 consideratione
1235 1721 1439 1789 positus
1458 1728 1560 1783 est,
1585 1720 1828 1774 solatiqu
1845 1721 2108 1790 praestitit.

535 1806 646 1862 Nec
680 1810 820 1864 enim
861 1811 994 1864 dixit
1027 1830 1039 1864 :
1072 1811 1598 1868 Anathematizamus
1617 1813 1914 1868 doctrinam
1961 1813 2110 1882 ejus;

533 1901 627 1955 sed
652 1917 1002 1971 quzceumque
1023 1905 1179 1958 aliter
1205 1905 1339 1958 dixit
1378 1914 1470 1958 aut
1497 1905 1664 1959 sensit
1687 1921 1848 1974 quam
1869 1906 2114 1962 doctrina

534 1993 833 2062 apostolica
861 1995 1124 2050 continet.

973 2085 1136 2139 Verba
1177 2085 1338 2140 Marii
1371 2085 1429 2140 Μ
1431 2088 1694 2142 creatoris.

599 2173 733 2230 Item
762 2192 831 2232 ex
862 2177 1024 2247 gestis
1060 2191 1180 2246 quae
1219 2186 1407 2232 contra
1437 2179 1698 2234 Domnum
1721 2177 2115 2234 Antiochenum

529 2264 839 2335 episcopum
859 2269 1162 2338 conscripta
1192 2278 1335 2332 sunt,
1367 2269 1422 2323 in
1449 2269 1642 2338 quibus
1663 2278 1946 2348 accusatur
1973 2271 2114 2326 idem

529 2356 784 2424 Domnus,
803 2360 966 2428 quod,
987 2375 1054 2416 eo
1083 2371 1365 2431 praesente,
1381 2363 1560 2432 palam
1591 2363 1643 2416 in
1665 2362 1923 2429 Ecclesia,
1949 2378 2110 2418 ausus

525 2448 595 2502 sit
617 2449 757 2506 idem
779 2452 1187 2508 nel’andissimus
1209 2453 1598 2518 Theodoretus,
1618 2463 1741 2526 post
1762 2456 1964 2510 obitum
1985 2472 2109 2510 san-

525 2548 625 2595 cta:
641 2544 1025 2600 recordationis
1043 2544 1226 2618 Cyrilli
1251 2547 1596 2602 Alexandrini
1625 2548 1890 2618 pontilicis
1909 2588 1922 2614 ,
1943 2548 2108 2604 insul-

525 2638 644 2684 tans
672 2633 846 2687 beata:
873 2634 1184 2691 dormitioni
1215 2636 1349 2706 ejus,
1383 2639 1456 2692 ita
1484 2639 1746 2709 proferre.

599 2721 683 2776 Ex
709 2740 942 2780 sermone
972 2728 1259 2802 Antiochia:
1280 2727 1451 2802 habito
1474 2748 1505 2783 a
1536 2730 1853 2802 Theodoreto
1871 2773 1885 2798 ,
1916 2740 2032 2802 post

1004 2795 1192 2851 obitum
1220 2801 1387 2852 sancti
1409 2799 1609 2870 Cyrilli.

601 2893 626 2921 ε
646 2884 815 2939 Nemo
836 2884 948 2954 jam
981 2889 1248 2942 neminem
1268 2889 1643 2958 blasphemare
1671 2891 1960 2962 compellit.
1996 2889 2096 2945 Ubi

2224 565 2306 613 est
2325 557 2612 613 cruciﬁxus
2659 558 2816 622 Deus,
2873 557 2968 612 sed
3011 557 3175 614 homo
3228 558 3516 617 cruciﬁxus
3541 571 3624 618 est
3651 563 3810 621 Jesus

2219 647 2486 703 Christus.
2507 648 2650 704 Deus
2670 658 2848 703 autem
2879 648 3137 719 templum
3156 664 3313 704 suum
3344 665 3412 705 ex
3437 650 3601 706 David
3632 657 3806 709 susci-

2221 740 2372 805 tavit,
2391 740 2528 794 sicut
2549 739 2687 794 idem
2717 739 2882 793 David
2909 747 3035 794 ante
3062 739 3309 809 praedixit
3334 759 3346 790 :
3380 740 3554 797 Homo
3581 755 3809 812 generat

2221 830 2514 885 hominem.
2535 829 2735 884 Natura
2759 839 2937 884 autem
2958 830 3053 884 Dei
3071 829 3236 886 Filius
3262 838 3344 886 est
3364 831 3505 886 Deus
3526 833 3760 890 Verbum
3786 855 3802 902 ;

2221 919 2467 974 Christus
2487 928 2667 973 autem
2697 919 2836 972 ﬁlius
2863 927 2945 973 est
2973 918 3138 972 David
3170 919 3300 974 :sed
3335 920 3427 974 Dei
3468 920 3634 976 Filius
3662 931 3804 977 tem-

2221 1009 2366 1080 plum
2392 1024 2498 1063 non
2529 1017 2612 1064 est
2633 1009 2838 1082 [‘Balnz.
2862 1009 2953 1063 lilii
2984 1009 3238 1079 templum
3261 1009 3385 1078 estl.
3409 1008 3702 1066 Contentio
3725 1013 3809 1067 ul-

2222 1108 2303 1154 tra
2339 1098 2452 1168 jam
2501 1115 2610 1155 non
2656 1108 2756 1165 est,
2800 1100 2899 1154 sub
2935 1115 3043 1154 uno
3068 1098 3198 1168 jugo
3231 1099 3495 1171 Egyptus
3522 1110 3576 1156 et
3611 1103 3811 1160 Oriens

2220 1198 2629 1254 convenerunt,
2686 1198 2898 1245 mortua
2964 1199 3049 1245 est
3093 1183 3323 1256 invidia,
3377 1200 3434 1246 et
3485 1175 3808 1263 consépulta

2222 1282 2295 1336 illi
2325 1289 2406 1336 est
2435 1281 2674 1336 hmresis.
2700 1278 2821 1336 lam
2845 1281 3129 1351 quiescunt
3149 1282 3240 1350 qui
3269 1296 3484 1352 passum
3509 1284 3814 1353 praedicant

2221 1373 2406 1440 Deum,
2437 1382 2541 1428 etc.

2217 1572 2337 1626 Alia
2363 1571 2523 1626 rersio
2549 1571 2603 1624 in
2624 1585 2656 1624 v
2683 1567 2879 1640 synodo
2903 1610 2917 1633 ,
2949 1585 3052 1622 non
3082 1567 3248 1640 uerbis
3279 1575 3500 1634 (annon,
3523 1566 3616 1621 sed
3642 1568 3808 1621 etim

2617 1639 2879 1694 sententiis
2901 1639 3164 1694 nonnullis
3189 1639 3412 1692 diuersa.

2285 1795 2454 1852 Nemo
2493 1795 2758 1856 neminem
2785 1793 2895 1864 jam
2933 1793 3076 1862 cogit
3120 1792 3510 1863 blasphemare.
3541 1791 3646 1846 Ubi
3675 1802 3812 1848 sunt

2214 1887 2455 1942 dicentes
2479 1885 2624 1954 quod
2653 1885 2793 1940 Deus
2819 1884 3011 1952 estqui
3032 1883 3320 1938 cruciﬁxus
3349 1885 3462 1937 est?
3490 1883 3603 1938 Non
3633 1887 3814 1938 cruci-

2216 1977 2395 2046 ﬁgitur
2414 1977 2574 2042 Deus;
2595 1977 2758 2030 homo
2778 1973 3061 2032 cruciﬁxus
3075 1981 3157 2028 est
3173 1972 3328 2029 Jesus
3355 1971 3601 2030 Christus
3621 1975 3720 2042 qui
3740 1991 3810 2029 ex

2215 2071 2424 2126 semine
2447 2077 2529 2124 est
2549 2067 2744 2131 David,
2772 2066 2913 2122 ﬁlius
2939 2065 3185 2121 Abrahae.
3207 2065 3380 2120 llomo
3402 2072 3502 2130 est,
3527 2065 3623 2133 qui
3653 2081 3806 2120 mor-

2217 2172 2340 2219 tuus
2368 2170 2452 2218 est
2467 2160 2624 2217 Jesus
2649 2159 2912 2215 Christus.
2936 2160 3076 2215 Deus
3102 2173 3232 2213 vero
3257 2157 3486 2212 Verbum
3515 2158 3810 2212 resuscita-

2215 2255 2292 2309 vit
2319 2269 2474 2309 suum
2495 2251 2752 2322 templum
2769 2291 2784 2316 ,
2813 2250 2907 2320 qui
2934 2257 3017 2304 est
3043 2263 3114 2306 ex
3139 2248 3326 2314 David,
3350 2249 3489 2303 sicut
3524 2247 3698 2302 David
3723 2248 3808 2302 lo-

2215 2354 2370 2401 cutus
2398 2352 2516 2400 est:
2549 2342 2723 2398 llomo
2758 2341 3029 2398 hominem
3053 2347 3297 2408 generat.
3329 2339 3430 2406 Qui
3455 2355 3582 2394 vero
3605 2347 3809 2395 natura

2214 2435 2380 2490 Filius
2424 2435 2518 2490 Dei
2563 2440 2663 2499 est,
2684 2433 2798 2487 ’hic
2837 2439 2921 2488 est
2949 2432 3090 2487 Deus
3114 2429 3370 2485 Verbum.
3395 2428 3640 2484 Christus
3669 2446 3810 2484 vero

2212 2533 2294 2580 est
2324 2522 2462 2578 ﬁlius
2490 2522 2684 2588 David;
2715 2521 2807 2576 sed
2838 2521 3093 2591 templum
3134 2527 3217 2574 est
3245 2519 3364 2572 Filii
3389 2519 3499 2572 Dei.
3536 2517 3656 2572 Non
3681 2519 3808 2587 jam

2211 2625 2293 2670 est
2320 2613 2615 2678 contentio,
2646 2612 2838 2668 Oriens
2875 2619 2929 2666 et
2964 2610 3228 2683 Egyptus
3267 2611 3366 2666 sub
3396 2625 3502 2664 uno
3524 2607 3659 2678 jugo
3690 2619 3805 2674 est,

2209 2714 2421 2759 mortua
2467 2711 2549 2759 est
2585 2701 2800 2768 invidia,
2833 2710 3037 2756 etcum
3065 2717 3130 2757 eo
3159 2700 3348 2756 obruta
3382 2708 3465 2756 est
3487 2700 3802 2755 contentio.

2207 2797 2568 2867 Requiescant
2594 2792 2961 2865 theopathitzn.

1672 3000 2218 3056 CASTIGATIDNES
2260 2999 2346 3054 ET
2384 2997 2611 3055 ΝΟΤἉΕ.

591 3093 616 3122 ι
647 3083 912 3162 [ascribit
938 3087 1182 3162 Daluaius
1226 3090 1332 3162 hoc
1378 3091 1734 3159 fragmentum
1777 3111 1790 3145 :
1843 3091 2093 3162 Ejusdem

520 3153 820 3232 Theodoreti
843 3158 912 3232 ad
937 3160 1168 3232 eumdem
1202 3153 1569 3225 Alexandrum,
1603 3173 1871 3232 postquam
1885 3153 2098 3216 rescivit

515 3223 786 3300 a'_oannen_t_
834 3229 1204 3283 Antiochenan
1278 3223 1568 3300 episcopum
1603 3223 2098 3286 'ano'thematizasse

517 3295 703 3369 dogma
732 3295 964 3369 Nestorii
983 3308 1319 3369 ;_monetque
1350 3301 1401 3353 in
1433 3295 1575 3354 notis
1597 3320 1613 3350 ι
1637 3301 1918 3369 epistolam
1944 3303 2098 3355 istam

732 3366 1060 3488 in
1083 3363 1339 3438 synodico
1368 3385 1527 3439 supra
1556 3363 1791 3436 laud-ato,
1815 3387 1862 3424 c.
1891 3370 2008 3435 128,
2042 3387 2095 3440 p.

2196 3100 2553 3230 "liquit:
2574 3161 2718 3215 hunc
2745 3173 3045 3215 semionem
3067 3157 3278 3230 aliaque
3300 3158 3434 3212 forte
3453 3157 3681 3230 similia,
3708 3175 3804 3213 ac-

2200 3226 2537 3286 cusatus-est
2561 3230 2932 3285 Theodoretus
2958 3229 3102 3298 quod
3141 3226 3404 3282 Christum
3438 3227 3726 3298 divideret
3749 3231 3804 3283 in

2200 3301 2335 3355 duos
2362 3301 2524 3366 ﬁlios;
2567 3299 2664 3354 fuit
2687 3300 2828 3354 enim
2858 3315 2920 3353 ea
2954 3297 3115 3352 tutius
3137 3298 3488 3366 accusationis
3517 3297 3573 3348 in
3611 3297 3803 3366 ipsum

2203 3372 2462 3440 conjecta:
2489 3384 2716 3436 summa,
2739 3378 2796 3423 ut
2827 3369 3119 3440 testaturin
3143 3367 3369 3440 epistola
3389 3365 3474 3429 9'5,
3507 3367 3606 3440 lDl
3625 3365 3651 3431 ,7
3673 3368 3800 3432 tos,

2203 3436 2523 3510 quamquam
2556 3440 2878 3494 calumniam
2921 3436 3395 3510 sibilieri’ubique
3419 3436 3624 3507 passim
3655 3453 3800 3506 quc-

586 3501 612 3539 ¹³
642 3501 735 3592 Nu:I
782 3503 1167 3592 Theodericum.
1193 3505 1324 3592 fuit;
1340 3516 1430 3561 aut
1459 3508 1748 3590 admodum
1788 3509 2100 3592 cmcus,_qui
2128 3503 2172 3566 C
2204 3501 2630 3592 {immittuntque
2660 3511 2711 3563 in
2741 3509 2968 3592 epistola
3015 3507 3084 3561 84
3118 3523 3190 3592 ex
3209 3524 3276 3592 eo
3301 3501 3476 3592 natam
3503 3501 3802 3592 causa-tur,

514 3571 843 3652 non.viderit
871 3574 1234 3652 blasphemias
1281 3577 1511 3652 Nestorii
1533 3588 1670 3652 ;_aut
1700 3581 1750 3632 in
1764 3581 1956 3652 paucis
1972 3571 2089 3634 Nc-

515 3645 805 3722 storianus,
837 3645 927 3722 qui
947 3645 1127 3722 _has_ce
1156 3647 1531 3722 blasphemias
1555 3645 1800 3722 habuerit
1829 3666 1927 3718 pro
1956 3667 2089 3706 sana

514 3711 786 3788 doctrina;
813 3721 869 3765 ut
890 3715 1071 3788 mirari
1101 3717 1230 3788 satis
1258 3711 1366 3771 non
1392 3719 1590 3786 possim
1621 3711 1883 3788 placuisse
1910 3722 2090 3775 multis

514 3781 780 3852 Agabardi
803 3785 1124 3840 sententiam
1153 3781 1405 3852 dicentis,
1425 3781 1685 3842 inventum
1713 3807 1745 3843 α
1777 3790 2089 3845 Theodoram

512 3851 733 3932 medium
759 3852 925 3906 locum
954 3856 1095 3932 linter
1118 3851 1419 3911 Nestorium
1447 3859 1744 3932 liwreticum
1768 3871 1816 3914 et
1845 3861 2092 3930 Cyrillum

509 3921 834 3988 catholicum,
858 3924 992 3978 unde
1011 3942 1248 3996 pugnans
1266 3945 1362 3998 pro
1381 3930 1590 3983 veritate
1610 3940 1779 4000 ageret
1799 3921 1977 3986 contra
2005 3947 2091 3986 vc-

2194 3582 2406 3649 quodin
2431 3577 2647 3634 Oriente
2667 3577 2882 3648 quidam
2913 3580 2986 3633 ita
3015 3579 3294 3649 sentirent.
3315 3577 3440 3632 Haec
3459 3585 3643 3649 autem
3669 3580 3804 3647 epi-

2195 3646 2333 3707 stola
2362 3650 2667 3706 inscribitur
2686 3646 2754 3704 ad
2780 3650 3062 3718 episcopos
3081 3647 3302 3712 Ciliciae,
3326 3649 3394 3701 ad
3414 3662 3575 3716 quam
3601 3646 3769 3718 Theo
3785 3677 3801 3687 -

2195 3723 2315 3798 duri
2361 3722 2515 3798 sedes
2552 3717 2932 3798 Mopsuestena
2953 3717 3142 3798 civitas
3179 3717 3440 3787 pertinet;
3490 3717 3638 3798 apud
3687 3718 3800 3773 hos

2197 3793 2338 3847 enim
2367 3788 2666 3860 suspicatur
2705 3791 2913 3859 aliquos
2942 3802 3062 3844 esse
3083 3788 3268 3860 eiusce
3309 3788 3624 3860 sententiae,
3637 3803 3802 3860 quos

2197 3857 2744 3930 redargui—postulat,
2778 3857 2846 3913 ne
2882 3874 2954 3914 ex
2991 3859 3285 3914 amicorum
3312 3859 3534 3914 crimine
3575 3857 3802 3926 aliquid

2200 3933 2252 3986 in
2273 3948 2331 3987 se
2346 3929 2557 3987 invidia:
2575 3929 2919 3986 redundaret.
