4022 6182
320 340 459 403 1,083

315 479 643 497 _I——

1235 352 1627 415 EUTHERIUS
1663 359 2118 424 TllYANENSIS.
2154 397 2229 411 —
2264 371 2659 433 PREFATIO.

652 485 3548 545 ______________________________

3449 394 3581 450 l085

1866 612 2016 685 III.

910 776 1790 894 EUTHERIUS
1918 793 2977 909 THYANENSIS.

1588 1015 2276 1043 Ἢ

992 1161 1337 1249 MARII
1410 1168 2183 1256 MERCATORIS
2260 1177 2905 1277 PR/EFATIO.

440 1347 466 1375 "
506 1339 588 1399 De
616 1340 911 1403 Eutherio
945 1343 1337 1407 Nestoriance
1362 1349 1975 1444 partis'episcopo,_l’
2002 1356 2251 1434 ejusque
2291 1363 2679 1444 sermonibus
2717 1364 3011 1426 adversus
3046 1367 3112 1427 S.
3148 1367 3368 1444 Cyrillt
3404 1378 3458 1427 et

1393 1427 1841 1488 catholicorum
1873 1427 2111 1511 aliquot
2143 1427 2505 1500 sententias.

392 1562 414 1590 ε
440 1551 721 1658 Ιῗαξςίατξὶε
743 1556 989 1611 hactenus
1014 1557 1244 1614 Nestor-ii
1275 1559 1623 1633 Tlteodorique
1645 1580 1706 1615 ac
1729 1563 1890 1618 Theo-
1917 1572 1965 1629 Α
1992 1591 2037 1628 ο,
2082 1574 2134 1645 5)
2164 1593 2175 1627 ε
2227 1576 2565 1643 Moriebatur,
2614 1592 2665 1635 et
2702 1600 2804 1637 non
2835 1585 3179 1651 moriebatur;
3225 1587 3576 1658 sepeliebatur,

320 1641 483 1696 doreti
512 1642 857 1714 blasphemiis,
890 1649 1026 1719 quod
1056 1652 1234 1704 eadem
1267 1654 1422 1723 fuerit
1469 1652 1704 1707 Eutherii
1743 1672 1804 1707 ac
1832 1655 1895 1710 il—

318 1731 485 1787 lorum
512 1736 766 1805 impietas,
797 1738 888 1790 sed
914 1739 1170 1805 callidius,
1204 1750 1355 1812 atque
1383 1742 1510 1796 adeo
1539 1746 1891 1814 perniciosius,

317 1825 581 1879 insinuata
610 1826 840 1896 ﬁdelium
868 1833 1073 1897 animis,
1099 1834 1438 1903 approbemus
1471 1852 1536 1888 ea:
1577 1838 1898 1892 sermonibus

317 1931 445 1985 quos
471 1917 794 1987 conscripsit,
818 1920 871 1971 in
893 1921 1087 1992 aliquot
1117 1923 1485 1977 catholicorum
1515 1929 1813 1992 sententias,
1845 1935 1901 1983 et

315 2018 440 2059 eam
468 2007 703 2061 maxime
717 2007 859 2062 beati
873 2008 1056 2080 Cyrilli
1071 2011 1417 2067 Alexandrini
1432 2016 1719 2083 pontiﬁcis,
1736 2032 1897 2086 quam

314 2097 387 2151 de
414 2095 627 2153 Christo
654 2101 877 2168 protulit
906 2102 1127 2157 dicens:
1160 2101 1188 2140 ἀ
1232 2103 1430 2160 Passus
1478 2122 1573 2161 csr
1613 2124 1895 2163 lMPASSlBl-

313 2203 497 2241 una.
524 2186 652 2253 Quae
680 2192 940 2245 sententia
968 2193 1243 2248 catholica:
1277 2195 1520 2251 veritatis
1574 2200 1897 2255 auctoritate

309 2278 521 2332 munita
546 2278 649 2334 hoc
669 2295 910 2337 asserere
932 2283 1137 2350 nititur,
1173 2292 1231 2338 ut
1258 2302 1394 2341 unus
1423 2286 1673 2358 idemque
1699 2289 1794 2344 Dei
1817 2289 1897 2344 Fi-

308 2373 436 2440 lius,
468 2375 761 2431 secundum
782 2377 1045 2435 Deitatem
1068 2380 1425 2451 impassibilis,
1458 2382 1749 2439 secundum
1778 2398 1897 2438 car-

312 2480 439 2519 nem
485 2467 748 2536 passibilis
788 2484 904 2525 esse
925 2471 1198 2537 credatur;
1222 2472 1360 2528 sicut
1383 2483 1437 2528 et
1470 2486 1491 2512 ε
1515 2484 1730 2529 sanctus
1771 2474 1899 2527 Am-

308 2555 525 2612 brosius
566 2557 978 2616 Mediolanensis
1007 2564 1292 2633 episcopus
1320 2565 1372 2618 in
1402 2566 1539 2620 libro
1560 2566 1627 2621 de
1654 2566 1899 2621 Incarna-

308 2645 460 2704 tione
500 2647 694 2705 Christi
738 2651 823 2705 his
862 2650 1107 2708 edisserit
1138 2655 1311 2710 verbis
1336 2654 1479 2727 (Lib.
1514 2656 1576 2711 de
1622 2656 1890 2709 Incarnat.

1968 1738 1971 1747 ν
1996 1676 2168 1722 etnon
2189 1667 2554 1739 sepeliebatur;
2586 1674 2895 1743 resurgebat,
2921 1685 2968 1727 et
2994 1692 3094 1729 nor.
3126 1678 3435 1747 resurgebat,
3461 1682 3580 1752 quia

1996 1776 2179 1830 corpus
2208 1762 2471 1832 proprium
2492 1763 2804 1828 suscitabat;
2834 1767 2953 1836 quia
2982 1768 3115 1837 quod
3143 1769 3339 1835 cecidit,
3374 1771 3465 1824 hoc
3496 1791 3580 1826 re-

1997 1853 2194 1921 surgit;
2225 1853 2360 1923 quod
2382 1871 2483 1907 non
2500 1854 2703 1918 cecidit,
2727 1872 2831 1909 non
2854 1859 3090 1925 resurgit.

2072 1944 2179 1999 Sed
2234 1945 2465 2000 Nestorii
2509 1953 2802 2001 sectatores
2838 1963 3002 2002 unum
3035 1949 3086 2002 in
3114 1949 3248 2004 duos
3279 1951 3414 2006 ﬁlios
3440 1953 3579 2007 divi-

2002 2038 2212 2102 dentes,
2251 2037 2472 2092 alterius
2498 2037 2823 2104 voluntates,
2854 2047 2907 2093 et
2935 2040 3154 2095 alterius
3181 2044 3457 2112 passiones
3494 2060 3580 2101 se-

2003 2137 2226 2198 parant;
2259 2143 2356 2183 nec
2376 2128 2599 2183 credunt
2627 2137 2808 2182 natUm
2847 2129 3015 2183 Deum
3044 2129 3111 2185 de
3146 2132 3360 2200 Virgine
3389 2151 3581 2189 secun-

2001 2218 2126 2273 dum
2171 2233 2420 2283 carnem;
2473 2234 2573 2272 nec
2623 2217 2806 2273 dicunt
2845 2218 3137 2274 secundum
3166 2236 3379 2277 carnem
3407 2226 3579 2279 crucis

2001 2308 2251 2377 injuriam
2273 2308 2588 2378 pertulisse;
2612 2308 2706 2364 sed
2736 2310 2968 2365 hominis
2996 2312 3091 2366 bas
3119 2315 3473 2369 contumelias
3493 2332 3579 2369 as—

2000 2408 2260 2464 serentes,
2313 2414 2567 2454 arcanum
2595 2400 2881 2456 salutifera:
2909 2401 3322 2472 dispensationis
3340 2421 3372 2460 a
3401 2406 3578 2462 Verbo

2001 2490 2097 2544 Dei
2126 2496 2434 2556 secernunt,
2462 2504 2525 2543 ac
2545 2490 2622 2545 sic
2641 2490 2835 2560 ingrati
2855 2492 3016 2547 tantis
3042 2492 3159 2563 ejus
3184 2494 3456 2551 beneﬁciis
3482 2512 3577 2567 ap-

2002 2583 2319 2655 probantur.
2341 2611 2345 2615 ’

1580 2807 1748 2861 Verba
1798 2805 1955 2860 Marii
1993 2800 2315 2857 Mercatoris.

425 2913 488 2969 ed
510 2912 622 2983 jam
647 2914 937 2986 supradicti
975 2914 1213 2971 Eutherii
1259 2926 1473 2971 versuta
1521 2918 1775 2987 pravitas,
1828 2922 1883 2971 et

1991 2912 2124 2968 nihil
2148 2910 2288 2981 apud
2314 2907 2495 2964 ﬁdeles
2516 2908 2739 2964 ulterius
2759 2909 2984 2964 valitura
3012 2912 3285 2981 prodatur.

1477 3064 2017 3121 CASTIGATIONES
2053 3064 2145 3119 ΕΤ
2185 3062 2411 3117 NOTAE.

380 3186 407 3214 ι
434 3178 508 3232 De
535 3178 697 3247 ipsius
725 3194 846 3233 cum
878 3194 1107 3247 persona
1137 3188 1251 3235 tum
1280 3180 1427 3236 libris
1454 3182 1887 3239 dissertationem

302 3247 563 3302 addemus
589 3249 639 3302 in
671 3249 962 3318 appendice
983 3250 1049 3303 ad
1071 3252 1367 3305 auctarium
1391 3252 1747 3317 Theodoreti;
1772 3253 1886 3307 hmo

305 3318 361 3371 in
378 3326 733 3391 antecessum.
754 3318 972 3391 Fuitqille
995 3320 1339 3390 Tbyanorum
1362 3324 1722 3391 metropolita,
1740 3322 1886 3377 Con—

303 3387 801 3461 stantinopplitanai
835 3387 1099 3461 dimcesis,
1142 3391 1389 3461 Nestorio
1445 3387 1704 3461 imprimis
1732 3392 1883 3446 addi-

306 3466 427 3512 ctus
456 3476 468 3509 :
519 3457 831 3525 subscripsit
867 3459 1094 3524 septimo
1123 3458 1335 3525 quidem
1359 3460 1478 3515 loco
1507 3457 1749 3517 relationi
1782 3462 1888 3516 Nc-

304 3528 462 3581 storii
503 3526 571 3580 de
614 3526 792 3599 prima
813 3528 1025 3599 actione
1064 3528 1283 3599 concilii
1298 3530 1591 3599 Ephesiiii;
1624 3532 1883 3599 vigesimo

300 3608 509 3667 autem
539 3594 712 3663 scito,
764 3596 1086 3664 depositioni
1125 3594 1308 3667 Cyrilli
1352 3594 1409 3651 et
1438 3594 1754 3653 Memnonis.
1800 3600 1884 3652 Fit

302 3667 467 3720 etiam
501 3666 689 3737 ipsius
713 3667 914 3737 mentio
954 3667 1005 3719 in
1055 3666 1205 3737 sacra
1256 3667 1594 3737 imperatoris
1616 3668 1680 3720 ad
1708 3669 1883 3737 Ephe-

301 3738 480 3790 sinum
504 3734 807 3799 concilium,
842 3736 893 3789 in
923 3736 1277 3790 conciliabulo
1303 3734 1523 3789 Joannis
1564 3734 1883 3792 Antiocheni

378 3804 682 3860 rJoannem
711 3820 986 3860 sacrarum
1010 3807 1263 3860 comitem
1287 3805 1447 3870 lecta,
1480 3814 1535 3860 et
1554 3808 1801 3861 omnibus
1830 3809 1881 3861 in

327 3876 441 3931 ocis
485 3876 537 3929 in
570 3876 777 3945 quibus
797 3876 1043 3931 catholici
1068 3875 1528 3945 schismaticorum
1551 3877 1766 3931 nomina
1794 3892 1881 3932 re-

300 3953 544 4000 censent.
568 3943 711 3999 lnter
740 3946 1073 3999 conditiones
1100 3946 1247 4014 pacis
1299 3943 1659 3999 Ecclesiarum
1706 3947 1881 4001 disce-

300 4015 548 4138 pltandas,
608 4022 899 4084 pugnatum
925 4022 1034 4095 .cst
1080 4013 1160 4093 an
1193 4013 1552 4096 Orientalibus
1594 4031 1691 4096 pro
1718 4018 1883 4099 ipsius

354 4084 638 4138 elladuaue
691 4084 985 4138 Tarsensns.
1018 4092 1074 4138 et
1100 4083 1319 4138 Himern
1348 4085 1786 4138 Nmomednensns.
1819 4102 1883 4138 ac

354 4083 638 4152 elladiique
691 4084 985 4148 Tarsensis,
1018 4092 1074 4138 et
1100 4083 1319 4139 Himerii
1348 4083 1786 4152 Nicomediensis,
1819 4102 1883 4142 ac

302 4154 560 4208 Dorotbei
586 4153 1074 4225 Martianopolitani
1096 4155 1469 4225 restitutione;
1500 4156 1596 4211 sed
1616 4170 1883 4225 repugna-

301 4232 429 4278 runt
449 4226 643 4278 acriter
663 4224 1028 4289 Alexandrini,
1065 4231 1226 4292 atque
1257 4224 1328 4278 ita
1359 4225 1603 4280 homines
1629 4224 1702 4279 illi
1750 4224 1882 4294 qua-

303 4300 430 4365 tuor
455 4295 601 4365 pacis
618 4294 882 4365 beneﬁcio
910 4294 1075 4363 gavisi
1100 4309 1202 4365 non
1226 4301 1367 4365 sun_t.
1395 4294 1524 4349 Vide
1548 4295 1827 4365 epistolam
1850 4312 1882 4351 a

301 4362 503 4444 Cyrillo
525 4364 591 4417 ad
614 4364 895 4431 Donatum,
920 4362 1041 4435 post
1062 4364 1276 4418 sedatas
1310 4362 1675 4420 Ecclesiarum
1695 4367 1880 4421 turbas

302 4442 574 4502 scriptam.

378 4504 402 4541 δ
433 4503 661 4573 ιηίιιιιιιε
692 4520 859 4571 usque
888 4504 1030 4559 diem
1070 4520 1347 4560 sermones
1394 4504 1484 4573 qui
1542 4505 1593 4559 in
1643 4504 1880 4561 secundo

304 4581 451 4627 tomo
480 4572 711 4641 Operum
736 4574 1013 4628 Athanasii
1042 4576 1400 4630 inscribuntur
1414 4572 1480 4628 fin
1513 4575 1685 4629 varias
1713 4574 1881 4628 lia-re-

301 4656 409 4708 ses,
441 4642 680 4698 Sculteto
701 4643 1011 4713 interprete,
1028 4655 1247 4699 auctore
1275 4646 1481 4699 incerto
1503 4645 1702 4713 vulgati
1722 4653 1876 4710 sunt;

278 4713 393 4787 alii
423 4713 737 4787 Athanasio,
768 4714 856 4768 alii
880 4714 1111 4787 Maximo
1138 4716 1379 4787 martyri,
1405 4715 1494 4787 alii
1517 4715 1700 4783 ignoto
1721 4714 1880 4769 alicui

302 4783 615 4837 tribuendos
637 4792 909 4853 putarunt.
944 4784 1138 4839 Verum
1162 4783 1438 4853 parentem
1463 4786 1794 4840 demonstrat
1814 4800 1879 4839 eo

300 4854 502 4923 certius
530 4853 809 4923 Mercator,
840 4869 949 4922 quo
985 4854 1568 4923 insigneilragmentum
1617 4854 1879 4908 sermonis

302 4922 540 4977 adducit.
582 4921 687 4977 Sed
715 4923 781 4977 de
831 4921 1167 4977 sermonibus
1190 4921 1429 4978 Eutherii
1452 4926 1608 4992 longe
1639 4925 1793 4993 plura
1822 4926 1875 4978 in

297 4993 677 5048 dissertatione
695 5008 823 5046 mox
852 4994 1135 5063 appellata.

378 5073 400 5101 ε
434 5063 799 5126 Restituimus,
823 5062 1081 5132 quantum
1106 5062 1414 5131 conjectura
1456 5078 1520 5118 ex
1551 5062 1874 5118 anteceden—

302 5133 445 5185 tibus
471 5140 525 5186 et
549 5134 996 5200 consequentibus
1024 5132 1163 5187 facta
1193 5134 1337 5196 sinit,
1370 5148 1432 5187 ea
1461 5147 1579 5199 quae
1608 5134 1661 5186 in
1682 5150 1871 5187 manu-

298 5204 515 5271 scriptis
560 5203 829 5258 codicibus
871 5203 1259 5267 desiderantur,
1293 5204 1513 5272 ipsaque
1542 5202 1739 5257 idcirco
1769 5204 1874 5257 alio

298 5274 615 5327 charactere
639 5272 993 5337 distinximus,
1024 5288 1093 5327 ne
1122 5272 1346 5328 fortasse
1377 5272 1643 5342 quispiam
1671 5288 1873 5342 suppo-

298 5342 513 5411 sitionis
540 5343 724 5396 vitium
755 5342 909 5397 nobis
937 5342 1213 5411 objiceret.

374 5410 400 5447 ἀ
432 5412 824 5483 llancllyrillus
851 5410 1169 5468 sententiam
1197 5412 1417 5483 protulit
1439 5420 1549 5483 tum
1568 5412 1624 5483 in
1648 5411 1872 5483 epistola

299 5485 460 5538 tertia
490 5483 557 5537 ad
580 5482 900 5548 Nestorium,
931 5483 1153 5551 aliisque
1174 5482 1369 5551 passim
1400 5483 1449 5537 in
1475 5482 1606 5536 locis
1628 5520 1642 5543 ,
1677 5490 1788 5535 tum
1820 5482 1872 5535 in

296 5553 539 5617 scholiis,
570 5567 794 5620 eamque
816 5554 867 5607 in
896 5551 1205 5607 defensione
1232 5551 1534 5607 duodecimi
1555 5552 1871 5605 anathema-

300 5623 445 5675 tismi
475 5622 726 5677 adversus
753 5621 1049 5679 Orientales
1094 5622 1284 5688 innuit,
1329 5622 1646 5675 auctoritate
1693 5621 1872 5689 magni

300 5692 482 5747 Basilii
509 5692 734 5749 dicentis
754 5693 920 5749 Deum
949 5693 1341 5763 impassibiliter
1368 5708 1462 5760 per
1483 5706 1695 5745 carnem
1713 5690 1871 5744 murti

300 5778 420 5818 csse
440 5764 801 5836 coniunctum,
832 5766 914 5822 τὸν
945 5766 1061 5821 Θεὸν
1093 5763 1173 5821 διὰ
1200 5766 1388 5834 σαρκὸς
1420 5764 1763 5823 συαηλακῆναι
1797 5770 1867 5835 τῷ

1987 3184 2184 3253 θανάτῳ
2216 3180 2625 3253 ἁπᾳθῶςηΑριιά
2667 3180 3089 3253 Theodoretum,
3142 3183 3193 3234 in
3235 3183 3567 3253 impassibili,

1988 3250 2264 3309 EraniStes
2290 3250 2432 3305 hanc
2452 3250 2700 3320 loquendi
2736 3250 3019 3304 formulam
3047 3253 3200 3318 quasi
3230 3250 3567 3309 communem

1989 3324 2128 3390 apud
2152 3322 2447 3391 catholicos
2475 3319 2706 3376 admittit
2731 3339 2743 3374 :
2779 3319 3140 3390 Impatibiliter
3160 3324 3329 3391 ipsum
3357 3340 3567 3391 passum

1988 3410 2101 3447 esse
2120 3392 2359 3445 dicimus.
2394 3390 2546 3456 Quod
2566 3391 2763 3445 dictum
2794 3390 3568 3448 Theodoretus’velut’ridicu-

1987 3461 2096 3515 lmn
2121 3462 2347 3515 traducit
2374 3480 2384 3513 ε
2420 3460 2546 3525 Quis
2582 3477 2788 3530 compos
2816 3462 2998 3514 utentis
3026 3461 3272 3515 ridiculus
3306 3463 3429 3515 istas
3453 3480 3565 3517 rer-

1988 3532 2165 3585 borum
2205 3532 2446 3601 ambages
2495 3533 2667 3601 ferat?
2707 3530 3055 3601 Impatibilem
3100 3533 3239 3584 enim
3275 3535 3565 3601 passionem

1918 3587 1958 3644 Β
1988 3618 2134 3655 nemo
2164 3587 2402 3672 umquam
2429 3587 2642 3672 audivit,
2669 3617 2760 3653 nec
2781 3587 2994 3654 mortem
3028 3587 3383 3655 immortalem.
3416 3600 3567 3667 Quod

1986 3674 2122 3723 enim
2167 3680 2243 3723 est
2264 3671 2591 3742 iimpatibile,
2635 3687 2843 3742 passum
2872 3686 2974 3724 non
2996 3678 3092 3742 est,
3123 3679 3170 3722 et
3199 3672 3334 3740 quod
3355 3691 3564 3742 passum

1984 3748 2081 3812 est,
2103 3741 2384 3812 impatibile
2406 3748 2717 3812 ammonet.
2754 3739 2964 3791 Riserat
2983 3741 3129 3807 prius
3169 3739 3223 3792 et
3254 3739 3407 3793 istam
3454 3743 3562 3812 (3y-

1956 3809 2089 3862 .rilli
2117 3809 2458 3870 sententiam,
2518 3807 2738 3860 Verbum
2783 3825 2940 3861 carne
2971 3825 3182 3876 passum
3229 3819 3322 3871 est,
3354 3819 3412 3863 ut
3442 3807 3564 3865 inde

1985 3893 2091 3932 non
2114 3878 2341 3932 obscure
2360 3884 2541 3946 pateat
2565 3877 2819 3948 Eranistuz
2856 3878 3083 3948 Annlnine
3110 3893 3214 3930 non
3246 3878 3557 3948 Eutycbem,

1984 3963 2101 4012 quae
2131 3948 2419 4002 multorum
2440 3947 2744 4012 credulitas,
2776 3946 2869 4000 sed
2898 3946 3153 4016 Cyrillum
3187 3946 3364 4017 reipsa
3392 3949 3559 4016 signi-

1984 4018 2151 4073 ﬁcari.

2059 4099 2082 4127 ο
2104 4086 2337 4143 Observa
2360 4101 2524 4157 porro
2546 4086 2755 4141 curiose
2779 4085 3172 4141 Theodoretum
3193 4100 3263 4157 ex
3282 4086 3418 4139 libro
3428 4085 3560 4157 Am-

1982 4159 2149 4214 brosii
2178 4160 2243 4213 de
2288 4156 2679 4220 lucarnatione,
2711 4167 2765 4210 et
2791 4157 3004 4223 quidem
3046 4170 3114 4209 ex
3146 4156 3321 4224 capite
3348 4156 3554 4223 quinto,

1984 4229 2347 4284 testimonium
2369 4227 2720 4297 decerpsisse,
2738 4241 2856 4297 quo
2878 4235 3117 4297 uteretur
3137 4226 3201 4277 ad
3232 4240 3344 4278 rem
3374 4240 3554 4297 suam;

1984 4315 2084 4353 nec
2112 4315 2175 4353 ea
2202 4307 2378 4351 tamen
2400 4294 2560 4350 verba
2592 4294 2834 4348 attulisse
2856 4310 2974 4363 qua:
3003 4294 3285 4359 Mercator,
3318 4296 3558 4362 quamvis

1982 4368 2183 4423 faciant
2207 4368 2493 4437 plurimum
2515 4366 2581 4419 ad
2604 4365 2991 4437 discernendas‘
3003 4365 3061 4437 in
3078 4364 3296 4437 Christo
3320 4373 3554 4437 naturas,

1982 4455 2092 4493 non
2113 4434 2225 4492 alia
2237 4436 2423 4507 procul
2451 4435 2524 4507 de_
2543 4450 2702 4490 causa
2722 4450 2883 4507 quam
2903 4435 3027 4503 quia
3050 4435 3153 4507 isto
3182 4434 3367 4507 capite
3384 4434 3555 4490 admi-

1982 4509 2166 4561 rabilis
2187 4504 2491 4561 continetur
2512 4504 2661 4560 locus
2689 4505 2754 4557 ad
2776 4519 2888 4558 rem
2915 4519 3019 4573 qua
3049 4505 3115 4558 de
3138 4506 3330 4572 agitur,
3357 4505 3558 4572 ipsum-

2022 4592 2087 4630 ue
2116 4577 2532 4639 Theodoretum,
2557 4584 2647 4627 ant
2676 4583 2821 4629 certe
2855 4573 3180 4637 Nestorium,
3229 4575 3556 4627 convincen-

2018 4662 2125 4700 um.
2151 4648 2405 4699 Adversus
2426 4660 2598 4715 omnes
2614 4644 2894 4715 (haereses)
2918 4644 3171 4715 generalis
3192 4645 3293 4696 ista
3314 4643 3555 4715 est_ﬁdes,

1982 4718 2103 4787 quia
2122 4716 2450 4787 Christusest
2476 4714 2574 4769 Dei
2590 4712 2649 4787 Γ
2650 4716 2791 4778 ilius,
2836 4712 3248 4787 etsempiternus
3276 4729 3343 4765 ea:
3372 4712 3553 4787 Patre,

1982 4781 2030 4839 et
2050 4796 2201 4840 natus
2230 4802 2293 4839 ea:
2323 4785 2548 4855 Virgine.
2577 4781 2737 4846 Quem
2756 4784 2901 4855 quasi
2930 4781 3189 4855 gigantem
3211 4791 3416 4837 sanctus
3447 4782 3556 4836 Da—

1983 4856 2067 4909 vid
2094 4856 2341 4926 pmpheta
2364 4852 2622 4917 describit,
2646 4871 2708 4926 eo
2729 4852 2863 4926 quod
2885 4852 3115 4926 biformis
3133 4856 3445 4926 gentiumque
3460 4868 3555 4904 na-

1983 4935 2113 4978 tura:
2139 4923 2270 4978 unus
2299 4926 2367 4978 sit
2393 4940 2605 4977 consors
2634 4923 2992 4976 Divinitatiset
3020 4924 3271 4991 corporis,
3303 4924 3387 4991 qui
3420 4930 3555 4991 tam-

1979 5012 2134 5066 quam
2186 5011 2410 5065 sponsus
2445 4993 2740 5066 procedens
2769 4992 2833 5045 de
2873 4990 3240 5066 thalamosuo,
3281 4990 3556 5066 exsultavit

1979 5063 2248 5136 tamquam
2260 5066 2408 5136 gigas
2436 5063 2503 5117 ad
2523 5063 2826 5136 currendum
2846 5063 2978 5136 riam
2989 5079 3007 5126 ;
3030 5078 3246 5130 sponsus
3270 5063 3557 5136 animaist:-

1979 5130 2201 5189 cundum
2231 5130 2471 5198 Verbum,
2486 5134 2655 5212 .gigas
2686 5140 2854 5196 terra’,
2888 5133 3005 5202 quia
3047 5148 3170 5183 usus
3199 5130 3359 5212 nostri
3389 5132 3555 5201 officia

1980 5221 2305 5275 percurrens,
2336 5219 2447 5256 cum
2478 5211 2615 5256 Deus
2643 5219 2840 5275 semper
2864 5211 3264 5275 essetqatternus,
3312 5211 3555 5275 incarna-

1979 5272 2137 5329 tionis
2157 5282 2483 5328 sacramenta
2510 5274 2761 5342 suscepit;
2785 5288 2889 5325 nou
2906 5272 3129 5334 divisus,
3158 5272 3249 5325 sed
3267 5286 3419 5342 unus,
3436 5272 3556 5342 quia

1978 5355 2247 5415 utrumque
2270 5359 2422 5407 unus,
2453 5352 2501 5395 et
2520 5338 2991 5415 unus'inutroque.
3014 5342 3230 5415 hoc_est,
3263 5338 3556 5415 rchiviui-

1980 5360 2247 5415 utrumque
2270 5360 2422 5407 unus,
2453 5360 2501 5395 et
2522 5360 2653 5396 unus
2681 5360 2732 5395 in
2761 5360 2875 5395 utro
2912 5360 2991 5400 ue.
3014 5360 3108 5395 noc
3137 5360 3230 5405 est,
3263 5360 3554 5394 rctuwuu-

1980 5424 2103 5479 tate,
2134 5414 2208 5469 vel
2241 5430 2472 5483 corpore.
2509 5411 2629 5467 Non
2669 5412 2806 5465 enim
2830 5360 2972 5483 μεῖον
2999 5410 3269 5483 exhl’utre,
3319 5408 3461 5483 alter
3489 5423 3554 5459 ea:

1983 5478 2225 5557 Virgine;
2267 5478 2359 5536 scd
2387 5482 2521 5557 idem
2547 5483 2698 5557 aliter
2725 5499 2790 5535 ex
2817 5481 2999 5557 Patren,
3028 5481 3177 5533 aliter
3208 5497 3272 5533 ea:
3321 5478 3547 5557 Virgine.

1975 5549 2248 5626 Generatio
2277 5554 2595 5626 generationi
2634 5568 2737 5626 non
2760 5551 3105 5626 _prwjudi_cat,
3146 5566 3237 5603 nec
3257 5564 3378 5626 caro
3399 5549 3554 5626 _l)iri-

1974 5625 2142 5687 nitati,
2166 5618 2396 5695 quia'nec
2417 5624 2600 5695 pignus
2621 5618 2791 5687 Patri,
2814 5618 2905 5675 nec
2928 5619 3159 5676 voluntas
3182 5618 3429 5691 passioni,
3463 5629 3553 5667 mc

1972 5695 2147 5759 passio
2172 5693 2440 5749 voluntati.
