4022 6182
492 378 627 437 1087

1019 372 1209 431 MAR"
1251 365 1686 426 MERCATORIS
1728 344 2293 419 TRMSLATIONES
2331 351 2685 413 VARIORUM
2724 343 3245 408 ονυδουιοῐωιι.

3605 339 3748 395 1088

492 456 3728 620 W

646 665 751 723 Ea:
786 656 1079 721 Eutherii
1109 654 1175 717 Ν
1179 653 1477 714 estoriani
1503 668 1779 711 sermone
1805 647 2103 709 adversus
2131 645 2203 705 S.
2229 640 2573 721 Cyrillum,
2599 639 2934 714 interprete
2961 628 3175 691 Mario
3203 626 3581 688 Mercatore.

552 784 597 838 0
625 780 961 837 considerata
1002 775 1410 831 inconsiderata:
1463 771 1740 843 sapientia:
1769 780 1795 807 ι
1825 766 2058 829 luxnria,
2086 766 2137 824 Δ
2165 801 2257 839 sus
2283 790 2385 849 est,
2414 790 2477 837 ιιι
2502 796 2599 852 ρει-
2626 778 2803 834 omnia
2838 772 3125 830 similitudo
3152 780 3414 836 servetur,
3463 779 3556 825 aut
3601 782 3749 826 certe

479 882 534 929 et
562 872 840 942 disciplina
890 867 1156 923 mdilicans
1188 866 1344 921 simul
1371 873 1425 919 et
1452 865 1751 925 destruens,
1783 862 1921 915 sicut
1969 860 2054 913 in-

480 963 653 1018 fantes
681 964 735 1017 in
763 975 924 1015 arena
948 957 1133 1013 ludere
1153 956 1509 1025 conspicimus
1534 973 1545 1008 :
1596 952 1795 1008 Passus
1837 967 1931 1006 ssr
1964 965 2054 1004 ιιι-

481 1074 851 1114 rassnnu'rsn.
878 1054 1191 1124 Priusquam
1213 1053 1424 1107 audiam
1452 1049 1594 1120 quod
1622 1064 1811 1119 passus
1840 1056 1939 1112 est,
1974 1047 2057 1100 in-

482 1151 832 1219 telligentiam
861 1147 992 1216 fugit
1013 1146 1154 1217 quod
1192 1160 1380 1214 passus
1423 1151 1542 1198 est:
1574 1142 1781 1195 illatum
1827 1153 2060 1207 namque

486 1242 900 1313 impassibiliter,
926 1255 1032 1293 non
1054 1232 1180 1292 sinit
1207 1251 1423 1290 manere
1451 1233 1593 1303 quod
1614 1247 1803 1303 passus
1823 1239 1905 1285 est
1926 1230 2058 1301 (Ba-

488 1334 594 1387 tus.
625 1330 752 1385 add.
781 1324 1217 1399 impassibiliter].
1252 1326 1308 1381 Si
1332 1340 1520 1395 passus
1540 1331 1641 1388 est,
1665 1319 1936 1390 quomodo
1959 1320 2065 1373 im-

485 1422 837 1491 passibiliter?
866 1420 922 1473 Si
944 1416 1355 1487 impassibiliter,
1404 1412 1675 1482 quomodo
1718 1426 1907 1481 passus
1946 1409 2065 1464 est?

487 1511 516 1549 δ
556 1510 876 1565 Fabulemur
904 1506 1259 1571 inell'abiliter,
1279 1514 1333 1559 et
1349 1504 1642 1558 sentiamus
1663 1501 2062 1556 insensibiliter.

489 1601 618 1667 Quis
640 1614 889 1667 umquam
921 1597 1049 1651 vidit
1077 1604 1321 1649 ruentem
1351 1595 1466 1648 sine
1494 1594 1667 1657 ruina,
1701 1598 2067 1659 resurgentem

446 1726 453 1742 .
488 1692 603 1746 sine
632 1689 1045 1752 resurrectione,
1080 1685 1351 1739 dolentem
1380 1685 1496 1738 sine
1522 1683 1727 1746 dolore,
1769 1682 2065 1750 sapientem

488 1782 604 1835 sine
624 1779 907 1848 sapientia,
926 1776 1201 1845 juvantem
1223 1775 1339 1828 sine
1360 1773 1644 1842 adjutorio,
1669 1772 1965 1827 solventem
1990 1770 2072 1823 in-

488 1871 821 1929 sOlubiliter?
844 1868 910 1921 Et
932 1867 1206 1921 admittam
1234 1884 1245 1918 :
1275 1865 1469 1919 Passus
1499 1873 1573 1918 est
1597 1862 1995 1933 impassibiliter.

564 1960 780 2024 Paulus,
826 1960 1010 2029 inquit,
1063 1959 1114 2011 in
1145 1957 1358 2011 tertium
1381 1956 1573 2010 ecelum
1602 1954 1984 2016 conscendens,
2017 1959 2073 2007 et

492 2051 791 2106 ineil'abiles
836 2050 891 2105 in
920 2050 1055 2105 caelo
1084 2048 1290 2122 [Baluz.
1332 2046 1601 2118 paradiso)
1650 2060 1924 2100 sermones
1973 2058 2071 2097 au-

2164 876 2255 930 alii
2290 858 2663 930 monstrentur
2702 865 3099 937 impassibiliter
3143 862 3303 932 passi,
3331 872 3389 915 ut
3416 860 3751 917 custodiatur

2162 982 2352 1023 eorum
2372 962 2668 1021 similitudo
2696 975 2856 1029 quam
2876 956 3058 1026 gessit.

2231 1060 2416 1128 Itaque
2458 1064 2553 1112 aut
2596 1055 2930 1110 Salvatorem
2960 1065 3173 1121 passum
3196 1047 3460 1102 veraciter
3486 1043 3753 1099 conﬁten-

2162 1150 2292 1206 dum
2343 1156 2445 1214 est,
2479 1154 2573 1201 ant
2593 1146 2728 1199 alios
2755 1150 2999 1212 quosque
3019 1137 3229 1212 [Baluz.
3252 1132 3487 1205 quoque]
3517 1134 3751 1189 creden-

2163 1241 2289 1294 dum
2319 1236 2715 1308 impassibiliter
2733 1248 2939 1304 passos,
2964 1231 3030 1284 ad
3051 1244 3280 1299 quorum
3296 1233 3532 1281 tentatus
3558 1224 3753 1280 simili-

2162 1330 2402 1385 tudinem
2424 1328 2683 1382 Dominus
2709 1323 3047 1395 prmdicatur.

2236 1421 2368 1487 Qua:
2408 1426 2587 1473 autem
2635 1414 2907 1486 patientia:
2951 1412 3055 1467 erit
3098 1419 3355 1475 ostensio,
3379 1409 3422 1462 si
3443 1423 3635 1478 passus
3664 1414 3755 1462 est

2166 1512 2237 1568 im
2246 1508 2601 1581 passibiliter?
2622 1503 2901 1572 Quomodo
2924 1500 3299 1573 pmdicabitm
3319 1498 3572 1569 patientia
3594 1496 3757 1550 Chri-

2167 1602 2255 1665 sti,
2288 1601 2332 1654 si
2355 1598 2594 1653 dolorem
2619 1595 2872 1665 patiendo
2900 1608 3009 1646 non
3035 1591 3233 1645 sensit?
3267 1588 3546 1655 Quomodo
3583 1588 3757 1641 etiam

2168 1686 2552 1745 monstrabitur
2573 1681 2856 1738 incll‘abilis
2878 1687 2932 1734 et
2962 1677 3398 1747 incomparabilis
3418 1689 3540 1743 erga
3570 1674 3754 1729 homi-

2171 1797 2267 1835 nes
2294 1777 2509 1833 dilectio
2534 1773 2753 1836 Christi,
2778 1773 2825 1827 si
2854 1770 3030 1841 passio
3052 1769 3169 1838 ejus
3192 1768 3308 1822 sine
3328 1766 3512 1821 dolore
3532 1772 3761 1835 peracta

2172 1876 2289 1928 est?
2318 1871 2447 1938 Quis
2476 1884 2583 1923 non
2612 1868 2798 1935 diligat
2825 1865 3029 1936 [Baluz.
3061 1861 3245 1933 eligat]
3267 1862 3399 1931 pati,
3431 1874 3536 1914 non
3575 1858 3763 1911 solum

2172 1979 2273 2033 pro
2298 1960 2503 2025 amicis,
2526 1956 2621 2014 sed
2642 1957 2802 2012 etiam
2827 1971 2927 2025 pro
2957 1953 3206 2018 inimicis,
3229 1951 3273 2005 si
3302 1950 3413 2021 pati
3450 1945 3764 2018 impassibi-

2174 2056 2297 2110 liter
2323 2053 2482 2109 liceat
2501 2052 2525 2105 ?

494 2143 665 2207 dicns,
690 2142 821 2196 nihil
851 2143 957 2195 tale
985 2141 1224 2211 protulit,
1257 2139 1479 2194 forsitan
1512 2139 1625 2194 istis
1678 2137 2068 2207 expositionem
2097 2131 2144 2190 Β
2242 2145 2351 2200 cur
2380 2151 2560 2198 autem
2607 2148 2663 2196 et
2692 2139 2950 2196 Dominus
2980 2136 3158 2191 aiebat
3193 2152 3207 2189 :
3240 2134 3466 2204 Spiritus
3493 2139 3766 2201 promptus

492 2228 921 2287 sublimissimam
945 2231 1274 2298 relinquens.
1301 2227 1399 2282 Hic
1425 2228 1566 2282 enim
1597 2243 1704 2282 non
1724 2226 1856 2280 dixit
1888 2245 1900 2279 :
1936 2225 2069 2280 Pas-

493 2340 583 2377 sus
602 2331 678 2377 est
706 2322 1110 2392 impassibilitcr,
1134 2321 1229 2376 sed
1255 2339 1267 2373 :
1312 2319 1505 2373 Didicit
1532 2337 1596 2373 ex
1623 2321 1702 2374 liis
1737 2336 1869 2391 qum
1887 2336 2072 2390 passus

492 2423 569 2467 cst
596 2413 959 2483 subjectionem
991 2410 1148 2481 (Heb.
1176 2428 1228 2475 v,
1251 2410 1340 2479 8);
1372 2419 1461 2465 et:
1495 2410 1744 2463 Tentatus
1782 2428 1872 2481 per
1899 2411 2072 2463 omnia

498 2503 643 2556 iuxta
672 2503 1059 2557 similitudinem
1089 2500 1277 2572 absque
1304 2510 1511 2572 peccato
1540 2499 1695 2572 (Hel).
1730 2517 1799 2565 Iv,
1835 2499 1955 2570 15);
1987 2507 2071 2553 at-

499 2607 606 2660 que
631 2593 701 2646 ita
730 2591 919 2662 procul
947 2590 1165 2645 abstulit
1193 2591 1376 2645 talium
1397 2590 1745 2645 deliramenta
1765 2592 2069 2645 verborum.

498 2681 600 2748 Qui
630 2683 768 2736 enim
798 2700 889 2753 per
916 2683 1089 2737 omnia
1130 2690 1353 2735 tentatus
1377 2690 1455 2735 est
1484 2682 1642 2751 juxta
1670 2681 2074 2746 similitudinem,

497 2774 543 2828 si
572 2789 762 2845 passus
782 2781 881 2839 est,
904 2773 1230 2843 passibiliter
1268 2771 1474 2845 [Bolus
1507 2771 1925 2844 impassihiliter]
1956 2790 2079 2844 pas-

2171 2244 2268 2300 est,
2299 2250 2419 2288 caro
2450 2242 2619 2286 autem
2659 2230 2871 2301 inﬁrma
2903 2226 3115 2297 (Matth.
3148 2241 3293 2289 xxvr,
3324 2221 3436 2292 42).
3467 2221 3512 2276 si
3551 2221 3768 2291 passio-

2174 2344 2298 2383 nem
2350 2325 2639 2395 incipiebat
2666 2323 2781 2378 sine
2830 2320 3016 2377 dolore
3062 2317 3337 2390 perferre?
3366 2314 3541 2382 Quare
3591 2321 3650 2367 ct
3696 2310 3770 2365 ad

2174 2417 2388 2471 Patrem
2431 2413 2734 2469 clamabat:
2772 2411 2949 2474 Pater,
2977 2410 3021 2463 si
3049 2405 3290 2479 possibile
3342 2413 3438 2468 est,
3470 2410 3704 2456 transeat
3736 2418 3771 2453 a

2177 2526 2257 2563 me
2287 2508 2426 2561 catis:
2445 2508 2541 2560 iste
2570 2502 2757 2576 (Ibid.,
2780 2520 2826 2556 υ.
2852 2499 2962 2572 59).
2993 2499 3221 2568 Propter
3239 2495 3365 2567 quid
3395 2495 3551 2549 etiam
3583 2509 3773 2564 preces

2176 2596 2248 2652 ad
2296 2613 2411 2651 eum
2462 2594 2957 2665 supplicationesque
3016 2606 3129 2642 cum
3196 2587 3419 2640 clamore
3484 2584 3653 2638 valido
3720 2594 3773 2636 et

2182 2688 2425 2758 lacrymis
2472 2683 2751 2753 o/ferebat,
2793 2683 2879 2754 qui
2915 2697 3031 2735 eum
3070 2679 3132 2733 de
3158 2685 3322 2733 morte
3363 2683 3531 2746 posset
3564 2675 3773 2743 eripere

2186 2777 2345 2849 (Heln
2376 2793 2465 2843 vn,
2491 2777 2585 2845 7)?

1646 2862 2186 2928 CASTIGATIONES
2225 2869 2315 2925 ET
2352 2866 2586 2924 NOTA'I.

570 2964 596 2994 ι
627 2956 845 3011 Lusoria
873 2955 1166 3026 disciplina.
1193 2954 1282 3026 Sic
1308 2956 1641 3026 restituimus
1668 2970 1734 3009 ex
1764 2955 1946 3026 codice
1973 2960 2080 3015 Va-

495 3028 674 3082 ticano
694 3041 792 3095 pro
812 3040 877 3079 eo
891 3024 1034 3094 quod
1046 3041 1111 3079 ex
1128 3025 1494 3095 Bellovacensi
1514 3024 1754 3080 ediderat
1765 3025 2076 3094 Garnerius,

500 3094 711 3153 luxuria
734 3104 783 3149 et
810 3095 1106 3166 disciplina.
1160 3094 1249 3149 Sic
1269 3094 1405 3166 alibi
1417 3094 1620 3166 lusoria
1640 3096 1927 3165 aliquando
1946 3101 2082 3154 scri—

540 3177 651 3238 tu_m
672 3166 846 3238 fuisse
863 3164 961 3238 pro
985 3166 1193 3238 tuguria
1221 3164 1550 3220 ostendimus
1578 3165 1631 3218 in
1656 3164 1798 3238 notis
1817 3167 1881 3220 ad
1920 3176 2084 3238 caput

543 3237 562 3289 l
591 3233 958 3291 Lactantii’de
1001 3233 1885 3302 Mortibuspersecutorum.Porro
1922 3233 2083 3292 istam

2184 2959 2615 3016 emendationem
2635 2957 2867 3027 probant
2884 2952 3252 3027 verba_Grgeca
3274 2951 3426 3027 istius
3458 2948 3773 3027 fragmen“,

2181 3045 2304 3098 quae
2325 3036 2539 3088 exstant
2560 3030 2613 3082 in
2638 3017 2792 3098 tonio
2814 3026 2854 3079 ll
2884 3024 3020 3098 Opp.
3047 3022 3107 3098 S1
3136 3022 3413 3098 Athanasii
3425 3017 3665 3098 _p._505;
3710 3029 3774 3075 et

2186 3045 2304 3098 quae
2325 3040 2539 3088 exstant
2560 3043 2613 3082 In
2646 3040 2792 3081 tomo
2815 3040 2854 3079 ll
2884 3040 2927 3077 U
3007 3063 3020 3077 .
3047 3040 3103 3077 δ.
3136 3040 3413 3077 Atnanasn
3442 3040 3495 3090 p.
3530 3040 3665 3084 ouo;

2186 3100 2310 3154 inde
2331 3100 2383 3153 in
2414 3099 2653 3153 auctario
2668 3094 2900 3165 Operum
2927 3040 3250 3148 Jmeodoreti
3271 3108 3326 3163 p.
3348 3090 3465 3144 70L
3492 3089 3695 3144 Bth.

2257 3169 2284 3209 δ
2313 3169 2371 3225 id
2396 3175 2496 3232 est,
2522 3169 2821 3237 loquamur.
2854 3165 3050 3219 waz.

3353 3337 3751 3358 ———~

1822 3410 2437 3496 EPILOGUS.

569 3526 697 3581 Harc
725 3526 939 3581 interim
966 3525 1161 3582 cursim
1182 3566 1196 3591 ,
1230 3541 1299 3581 ne
1338 3522 1555 3579 modum
1604 3525 1725 3580 libri
1770 3527 2080 3596 supergredi
2106 3528 2150 3590 C
2181 3528 2446 3594 videatur,
2480 3527 2641 3583 umim
2682 3526 3041 3596 enmdemque
3064 3525 3279 3589 Filimn,
3308 3528 3530 3593 propter
3555 3526 3775 3573 utram-

499 3617 800 3682 videamur,
822 3616 1200 3687 expressimus,
1225 3615 1577 3686 plurimorum
1608 3616 1867 3671 virulenta
1896 3625 2084 3673 conta-

500 3708 588 3775 gia
617 3707 1010 3776 simplicitatem
1031 3705 1267 3760 ﬁdelium
1297 3705 1502 3779 [Baluz.
1520 3705 1644 3759 add.
1675 3706 1901 3777 simplici
1924 3706 2081 3778 teste]

502 3797 817 3862 tallentium,
848 3809 1090 3867 congruo
1120 3803 1382 3865 tempore,
1427 3793 1645 3851 favente
1675 3794 1805 3863 Deo,
1838 3795 2083 3852 diffusius

504 3886 784 3957 prodituri.

574 3976 681 4032 Sed
709 3992 849 4031 nunc
870 3978 1009 4032 banc
1037 3978 1207 4046 ipsam
1247 3976 1620 4032 Nestorianam
1649 3977 1927 4048 perfidiam
1955 3980 2083 4037 licet

504 4068 558 4123 in
576 4068 739 4137 huius
764 4070 940 4138 operis
964 4068 1069 4123 line
1095 4070 1363 4124 nonnullis
1391 4071 1652 4139 exemplis
1681 4086 1926 4139 arguere.

575 4160 688 4223 Dic,
714 4175 747 4214 ο
774 4160 992 4214 haeresis
1008 4160 1232 4228 ingrata,
1256 4160 1505 4225 crudelis,
1531 4169 1585 4215 et
1614 4161 1796 4231 impia,
1826 4162 1909 4215 cui
1931 4160 2085 4217 Chri-

500 4250 569 4305 sti
596 4248 809 4304 Domini
839 4248 1009 4303 nostri
1031 4248 1331 4303 voluntaria
1362 4265 1461 4319 pro
1490 4240 1644 4304 nobis
1670 4250 1965 4305 exinanitio
1986 4250 2083 4303 im-

501 4341 725 4410 probata
768 4339 973 4411 [Balus.
1003 4338 1286 4410 probrosa]
1316 4351 1419 4403 est,
1450 4349 1506 4395 et
1544 4342 1655 4395 visa
1695 4342 1967 4396 humilitas
1994 4341 2079 4397 di-

500 4429 640 4482 vina:
666 4427 985 4496 dignationis
1014 4429 1228 4498 indigna
1256 4448 1268 4482 :
1295 4445 1414 4499 qua:
1436 4446 1555 4485 cum
1584 4430 1781 4485 Judzcis
1820 4438 1875 4487 et
1902 4432 2079 4501 genti-

502 4517 641 4574 libus
668 4533 881 4573 crucem
903 4517 1101 4573 Christi
1130 4520 1440 4574 scandalum
1462 4530 1515 4575 et
1535 4522 1815 4576 stultitiam
1839 4529 2075 4591 reputas,

502 4624 606 4665 nec
633 4608 802 4663 Deum
823 4608 1021 4663 factum
1048 4608 1320 4663 hominem
1349 4610 1534 4664 tulisse
1561 4612 1842 4679 passiones
1882 4612 2080 4681 impas-

500 4701 728 4755 sibiliter
751 4699 1051 4764 confiteris;
1085 4700 1131 4754 si
1177 4699 1326 4754 Nilus
1373 4698 1593 4769 )Egypti
1640 4703 1693 4755 in
1739 4716 1836 4758 sna
1886 4710 2076 4757 natura

500 4794 813 4865 persistens,
832 4792 929 4847 fuit
950 4792 1219 4865 Egyptiis
1243 4792 1460 4861 sanguis
1487 4790 1682 4864 (Exod.
1708 4811 1797 4862 vn,
1820 4794 1941 4865 20);
1970 4794 2077 4849 lle-

2184 3633 2289 3688 que
2318 3624 2585 3681 naturam,
2616 3631 2717 3687 pro
2745 3616 2901 3672 nobis
2922 3614 3319 3685 impassibiliter
3345 3611 3507 3665 fuisse
3536 3624 3771 3679 perpes-

2184 3709 2337 3763 sum?
2367 3707 2424 3762 Si
2462 3707 2577 3762 hznc
2604 3708 2684 3762 vis
2704 3715 2960 3762 creatura:
2988 3715 3149 3774 atque
3174 3704 3415 3775 potentia
3443 3708 3554 3766 est,
3586 3716 3682 3755 cur
3714 3700 3774 3754 id

2184 3798 2357 3867 ipsum
2378 3797 2604 3853 Creator
2629 3797 2853 3866 implere
2878 3811 2983 3850 non
3004 3795 3199 3865 potuit,
3217 3795 3302 3864 qui
3322 3794 3495 3847 omnia
3514 3806 3778 3862 quaem-

2184 3906 2280 3961 que
2302 3889 2479 3955 uoluit,
2511 3890 2649 3959 fecit,
2673 3890 2729 3941 in
2758 3887 2881 3943 cwlo
2901 3895 2950 3941 et
2973 3888 3026 3939 in
3057 3897 3214 3953 terra,
3241 3886 3297 3937 in
3325 3885 3478 3949 mari,
3500 3892 3547 3936 et
3574 3883 3626 3934 in
3646 3897 3773 3934 οπε-

2183 3978 2331 4033 nibus
2360 3978 2559 4051 abyssis
2587 3976 2761 4050 (Psal.
2791 3992 2999 4041 cxxxsv,
3028 3974 3123 4045 6)?

2255 4069 2320 4141 [ι
2355 4068 2461 4124 Sed
2488 4084 2557 4124 ne
2592 4068 2748 4124 solita
2778 4066 3044 4123 calumnia
3069 4065 3301 4121 Nestorii
3357 4070 3653 4119 sectatores
3712 4071 3775 4116 et

2183 4158 2211 4199 δ
2236 4158 2601 4230 Eutycbianos
2626 4158 2975 4213 criminentur
2985 4156 3073 4227 qui
3088 4169 3187 4209 suo
3200 4153 3437 4222 dogmati
3454 4152 3655 4206 nefario
3669 4166 3771 4205 re-

2184 4252 2472 4307 luctantur.
2495 4250 2590 4305 Est
2617 4252 2760 4305 enim
2788 4251 2893 4306 hoc
2916 4249 3206 4315 bmresibus
3234 4242 3508 4316 utriusque
3537 4260 3773 4301 concre-

2183 4350 2316 4407 tum,
2347 4350 2407 4397 ut
2434 4350 2623 4397 contra
2650 4341 2948 4411 quamlibet
2972 4355 3155 4395 earum
3179 4338 3477 4394 catholicus
3515 4335 3767 4405 disputa-

2182 4444 2269 4489 tor
2296 4441 2558 4502 assurgat,
2588 4433 2765 4488 neutri
2788 4433 2990 4488 crimen
3020 4431 3339 4501 suspicionis
3366 4430 3600 4499 ellngiat,
3630 4427 3765 4481 dun

2182 4540 2282 4579 nos
2292 4523 2681 4595 Eutychianam
2692 4521 2999 4577 refellentes
3021 4521 3282 4576 insaniam
3298 4518 3642 4575 Nestorianos
3659 4532 3768 4586 ap-

2179 4617 2384 4688 pellare
2407 4631 2517 4670 non
2540 4614 2820 4679 desinant,
2841 4620 2898 4668 et
2929 4628 2962 4668 e
2994 4620 3184 4668 contra
3211 4610 3441 4687 Nestorii
3470 4609 3765 4678 complices

2179 4704 2443 4761 catholica
2487 4704 2715 4759 veritate
2728 4702 2960 4758 convicti
2981 4702 3302 4756 retutatores
3317 4714 3445 4756 suos
3464 4698 3763 4768 Eutychia-

2178 4810 2277 4849 nos
2288 4794 2520 4849 existere
2534 4791 2880 4857 mentiantur;
2898 4790 3260 4849 necessarium
3274 4790 3515 4859 profecto
3526 4786 3766 4843 credidi-

501 4885 658 4941 braeis
676 4893 867 4940 autem
894 4898 1033 4952 aqua
1063 4882 1344 4954 potabilis;
1366 4883 1410 4937 si
1449 4884 1564 4940 dies
1602 4884 1781 4940 lumen
1821 4884 2073 4940 lsraelitis
2099 4901 2153 4962 ι)
2178 4901 2297 4941 mus
2324 4893 2605 4952 utramque
2632 4883 2952 4953 pravitatem
2972 4897 3069 4940 sua
3093 4894 3192 4952 per
3220 4880 3482 4950 plurimos
3508 4880 3763 4948 ignoran-

501 4977 746 5032 cxhibuit
778 4975 976 5046 (Exod.
1020 4992 1076 5040 x,
1100 4974 1202 5040 23;
1232 4973 1360 5045 Sap.
1395 4991 1539 5041 mn,
1574 4975 1650 5045 l),
1688 4978 1938 5031 tenebras
1960 4977 2072 5032 rho-

501 5070 692 5135 stibus,
713 5083 848 5139 quas
866 5068 1231 5131 merebantur,
1251 5065 1469 5132 effudit;
1499 5066 1545 5121 si
1573 5066 1759 5121 fornax
1782 5067 2069 5139 Babylonia

501 5167 610 5212 tres
637 5172 832 5227 pueros
854 5155 1124 5217 rorefecit,
1144 5155 1467 5227 Babylonios
1493 5155 1741 5211 incendio
1760 5172 2073 5213 concrema-

2177 4979 2251 5033 tia
2303 4983 2611 5047 serpentem
2657 4973 2949 5029 beatissimi
2998 4970 3174 5027 Patris
3212 4969 3434 5026 Joannis
3460 4968 3764 5025 Tomitana

2174 5067 2584 5227 urbislepiscopi
2612 5064 2901 5137 provincia
2933 5063 3185 5136 Scythiae,
3218 5074 3241 5103 ο
3270 5061 3607 5119 semonibu
3630 5076 3769 5133 pro-

2174 5156 2318 5213 dere.

498 5248 573 5299 vit
594 5246 757 5317 (Dan.
800 5262 873 5311 ιιι,
904 5244 1030 5314 24);
1062 5261 1158 5298 cur
1189 5244 1283 5300 tibi
1310 5245 1585 5314 indignum
1613 5256 1705 5302 aut
1746 5248 2074 5317 impossibile

1645 5336 2185 5393 CASTIGATIONES
2225 5318 2577 5393 sr'Ntima.

568 5434 593 5463 ι
616 5424 826 5505 (possunt
870 5422 1010 5505 apud
1046 5422 1388 5505 _Ga.rnerium.
1421 5426 1535 5482 haec
1583 5426 2060 5505 uncinis_in_clusa.

498 5494 848 5549 Restituimus
875 5493 941 5549 ex
970 5493 1203 5556 Baluzio,
1227 5498 1315 5564 qui
1347 5498 1423 5551 sic
1451 5498 1688 5564 exagitat
1717 5497 2064 5554 emissionem

497 5564 736 5646 {imperii
772 5564 1003 5646 :‘c_lsta
1052 5565 1365 5646 exciderunt
1412 5567 1463 5646 in
1514 5564 1748 5646 editione
1795 5566 2059 5623 Garnerii.

501 5634 840 5706 Exciderunt,
866 5635 1107 5706 inquam:
1138 5650 1261 5689 nam
1280 5636 1391 5705 ipse
1420 5637 1471 5690 in
1500 5637 1809 5706 pratfationc
1830 5638 2065 5706 generali

496 5721 550 5828 Β.
567 5721 615 5757 vl
629 5704 893 5785 (Supaco'l.
913 5703 1094 5772 15-16)
1107 5703 1517 5787 eorum—parte.in
1530 5706 1707 5769 refert.
1724 5713 1782 5788 _ct
1795 5703 1875 5761 his
1888 5707 2061 5789 claudi

535 5774 687 5828 brum
701 5776 899 5828 scribit.
918 5775 1055 5828 Sunt
1067 5785 1244 5828 autem
1256 5792 1434 5828 omnia
1451 5784 1549 5828 ista
1562 5791 1737 5828 mnam
1748 5787 2024 5828 momenti.
2040 5797 2055 5828 ι

535 5774 687 5829 brum
701 5776 899 5832 scribit.
918 5775 1055 5834 Sunt
1067 5785 1244 5833 autem
1256 5774 1434 5833 omnia
1451 5776 1549 5832 ista
1562 5778 1737 5848 magni
1748 5778 2024 5836 momenti.
2040 5797 2055 5831 ι

2169 5428 2435 5579 Εῗῗιξτίιίιιε
2472 5495 2654 5579 colligi
2698 5503 2876 5579 potest
2902 5496 3003 5551 ista
3031 5497 3228 5579 scripta
3258 5511 3376 5579 esse
3396 5512 3433 5579 _a
3458 5496 3765 5579 licrcamre

2170 5568 2449 5693 aliquanto
2510 5576 2635 5637 post
2697 5574 2941 5638 tempora
3006 5566 3220 5623 concilii
3278 5566 3759 5623 Chalcedonensis.

2216 5652 2374 5692 sLuz.

2216 5676 2676 5777 “:S-erliicbantur
2732 5720 2862 5775 ergo
2884 5714 3077 5777 postea
3096 5714 3357 5777 excerpta
3402 5721 3466 5760 cx
3505 5705 3768 5777 operibus

2168 5776 2388 5835 Joannis
2417 5775 2703 5846 Tomitani,
2729 5791 2852 5847 qum
2879 5775 3285 5833 interciderith
3320 5775 3517 5831 waz.
