  <div class='ocr_page' id='page_1' title='image "/cluster/home/n/w/nwhite01/storage/ocr_20150623/48/hvd.32044096580691/552.png"; bbox 0 0 4022 6182; ppageno 0'>
   <div class='ocr_carea' id='block_1_1' title="bbox 249 298 388 356">
    <p class='ocr_par' dir='ltr' id='par_1_1' title="bbox 249 298 388 356">
     <span class='ocr_line' id='line_1_1' title="bbox 249 298 388 356; baseline 0.014 -2"><span class='ocrx_word' id='word_1_1' title='bbox 249 298 270 354; x_wconf 85' lang='grc' dir='ltr'><strong>Ι</strong></span> <span class='ocrx_word' id='word_1_2' title='bbox 282 298 388 356; x_wconf 75' lang='lat'><strong><em>093</em></strong></span> 
     </span>
    </p>
   </div>
   <div class='ocr_carea' id='block_1_2' title="bbox 1010 275 2677 360">
    <p class='ocr_par' dir='ltr' id='par_1_2' title="bbox 1010 275 2677 360">
     <span class='ocr_line' id='line_1_2' title="bbox 1010 275 2677 360; baseline -0.001 -8"><span class='ocrx_word' id='word_1_3' title='bbox 1010 275 1013 280; x_wconf 15' lang='grc' dir='ltr'><em>Υ</em></span> <span class='ocrx_word' id='word_1_4' title='bbox 1077 294 1386 360; x_wconf 62' lang='grc' dir='ltr'><strong><em>υιδδειῑτ.</em></strong></span> <span class='ocrx_word' id='word_1_5' title='bbox 1426 293 1468 350; x_wconf 87' lang='grc' dir='ltr'><strong>Ι.</strong></span> <span class='ocrx_word' id='word_1_6' title='bbox 1508 293 1598 350; x_wconf 79' lang='lat' dir='ltr'><strong><em>DE</em></strong></span> <span class='ocrx_word' id='word_1_7' title='bbox 1639 292 1910 352; x_wconf 67' lang='lat' dir='ltr'><strong><em>[IEBESI</em></strong></span> <span class='ocrx_word' id='word_1_8' title='bbox 1950 291 2039 350; x_wconf 75' lang='lat' dir='ltr'><strong><em>ET</em></strong></span> <span class='ocrx_word' id='word_1_9' title='bbox 2077 293 2303 350; x_wconf 82' lang='lat' dir='ltr'><strong><em>LIBRIS</em></strong></span> <span class='ocrx_word' id='word_1_10' title='bbox 2337 293 2677 352; x_wconf 78' lang='lat' dir='ltr'><strong><em>NESTORII.</em></strong></span> 
     </span>
    </p>
   </div>
   <div class='ocr_carea' id='block_1_3' title="bbox 3369 301 3508 362">
    <p class='ocr_par' dir='ltr' id='par_1_3' title="bbox 3369 301 3508 362">
     <span class='ocr_line' id='line_1_3' title="bbox 3369 301 3508 362; baseline 0.029 -6"><span class='ocrx_word' id='word_1_11' title='bbox 3369 301 3508 362; x_wconf 68' lang='grc' dir='ltr'><strong><em>ιοει</em></strong></span> 
     </span>
    </p>
   </div>
   <div class='ocr_carea' id='block_1_4' title="bbox 241 410 3510 494">
    <p class='ocr_par' dir='ltr' id='par_1_4' title="bbox 241 410 3510 494">
     <span class='ocr_line' id='line_1_4' title="bbox 241 410 3510 494; baseline 0.002 -28"><span class='ocrx_word' id='word_1_12' title='bbox 241 423 341 494; x_wconf 76' lang='lat' dir='ltr'><strong><em>tem</em></strong></span> <span class='ocrx_word' id='word_1_13' title='bbox 365 411 502 494; x_wconf 65' lang='lat' dir='ltr'><strong><em>quod</em></strong></span> <span class='ocrx_word' id='word_1_14' title='bbox 528 413 834 494; x_wconf 50' lang='lat' dir='ltr'><strong><em>coniunctus</em></strong></span> <span class='ocrx_word' id='word_1_15' title='bbox 852 410 985 479; x_wconf 88' lang='lat' dir='ltr'><strong><em>Deo,</em></strong></span> <span class='ocrx_word' id='word_1_16' title='bbox 1007 421 1189 468; x_wconf 83' lang='lat' dir='ltr'><strong><em>nostra</em></strong></span> <span class='ocrx_word' id='word_1_17' title='bbox 1207 422 1318 468; x_wconf 89' lang='lat' dir='ltr'><strong><em>erat</em></strong></span> <span class='ocrx_word' id='word_1_18' title='bbox 1335 414 1502 484; x_wconf 88' lang='lat' dir='ltr'><strong><em>longe,</em></strong></span> <span class='ocrx_word' id='word_1_19' title='bbox 1520 413 1640 484; x_wconf 83' lang='lat' dir='ltr'><strong><em>quia</em></strong></span> <span class='ocrx_word' id='word_1_20' title='bbox 1659 411 1821 480; x_wconf 87' lang='lat' dir='ltr'><strong><em>Deus,</em></strong></span> <span class='ocrx_word' id='word_1_21' title='bbox 1851 421 1899 479; x_wconf 72' lang='grc' dir='ltr'>Α</span> <span class='ocrx_word' id='word_1_22' title='bbox 1927 429 2018 494; x_wconf 76' lang='lat' dir='ltr'><strong><em>per</em></strong></span> <span class='ocrx_word' id='word_1_23' title='bbox 2045 429 2244 494; x_wconf 72' lang='lat' dir='ltr'><strong><em>menses</em></strong></span> <span class='ocrx_word' id='word_1_24' title='bbox 2253 485 2263 494; x_wconf 38' lang='lat'><strong>.</strong></span> <span class='ocrx_word' id='word_1_25' title='bbox 2272 412 2521 494; x_wconf 75' lang='lat' dir='ltr'><strong><em>paulatim</em></strong></span> <span class='ocrx_word' id='word_1_26' title='bbox 2549 413 2856 494; x_wconf 81' lang='lat' dir='ltr'><strong><em>compositus</em></strong></span> <span class='ocrx_word' id='word_1_27' title='bbox 2890 413 2945 494; x_wconf 78' lang='lat' dir='ltr'><strong><em>in</em></strong></span> <span class='ocrx_word' id='word_1_28' title='bbox 2972 422 3116 468; x_wconf 86' lang='lat' dir='ltr'><strong><em>utero</em></strong></span> <span class='ocrx_word' id='word_1_29' title='bbox 3149 413 3382 488; x_wconf 81' lang='lat' dir='ltr'><strong><em>Virginis</em></strong></span> <span class='ocrx_word' id='word_1_30' title='bbox 3401 429 3510 486; x_wconf 85' lang='lat' dir='ltr'><strong><em>est,</em></strong></span> 
     </span>
    </p>
   </div>
   <div class='ocr_carea' id='block_1_5' title="bbox 239 481 754 538">
    <p class='ocr_par' dir='ltr' id='par_1_5' title="bbox 239 481 754 538">
     <span class='ocr_line' id='line_1_5' title="bbox 239 481 754 538; baseline -0.002 -2"><span class='ocrx_word' id='word_1_31' title='bbox 239 481 527 536; x_wconf 83' lang='lat' dir='ltr'><strong><em>substantia</em></strong></span> <span class='ocrx_word' id='word_1_32' title='bbox 553 481 754 538; x_wconf 83' lang='lat' dir='ltr'><strong><em>melior.</em></strong></span> 
     </span>
    </p>
   </div>
   <div class='ocr_carea' id='block_1_6' title="bbox 256 551 1826 623">
    <p class='ocr_par' dir='ltr' id='par_1_6' title="bbox 256 551 1826 623">
     <span class='ocr_line' id='line_1_6' title="bbox 256 551 1826 623; baseline -0.001 -16"><span class='ocrx_word' id='word_1_33' title='bbox 256 581 282 623; x_wconf 35' lang='grc' dir='ltr'>ι,</span> <span class='ocrx_word' id='word_1_34' title='bbox 312 552 395 607; x_wconf 86' lang='lat' dir='ltr'><strong><em>Ad</em></strong></span> <span class='ocrx_word' id='word_1_35' title='bbox 427 553 542 623; x_wconf 62' lang='lat' dir='ltr'><strong><em>haec</em></strong></span> <span class='ocrx_word' id='word_1_36' title='bbox 578 552 802 623; x_wconf 80' lang='lat' dir='ltr'><strong><em>accedat</em></strong></span> <span class='ocrx_word' id='word_1_37' title='bbox 847 551 1153 623; x_wconf 85' lang='lat' dir='ltr'><strong><em>symbolum</em></strong></span> <span class='ocrx_word' id='word_1_38' title='bbox 1203 551 1492 618; x_wconf 87' lang='lat' dir='ltr'><strong><em>Theodori,</em></strong></span> <span class='ocrx_word' id='word_1_39' title='bbox 1527 551 1826 623; x_wconf 80' lang='lat' dir='ltr'><strong><em>quodcum</em></strong></span> 
     </span>
    </p>
   </div>
   <div class='ocr_carea' id='block_1_7' title="bbox 239 620 1822 691">
    <p class='ocr_par' dir='ltr' id='par_1_7' title="bbox 239 620 1822 691">
     <span class='ocr_line' id='line_1_7' title="bbox 239 620 1822 691; baseline -0.001 -13"><span class='ocrx_word' id='word_1_40' title='bbox 239 621 517 688; x_wconf 73' lang='lat' dir='ltr'><strong><em>Nestorius</em></strong></span> <span class='ocrx_word' id='word_1_41' title='bbox 544 620 1111 690; x_wconf 60' lang='lat' dir='ltr'><strong><em>credendum&#39;populis</em></strong></span> <span class='ocrx_word' id='word_1_42' title='bbox 1139 623 1438 691; x_wconf 77' lang='lat' dir='ltr'><strong><em>proposuit,</em></strong></span> <span class='ocrx_word' id='word_1_43' title='bbox 1467 620 1623 676; x_wconf 86' lang='lat' dir='ltr'><strong><em>suum</em></strong></span> <span class='ocrx_word' id='word_1_44' title='bbox 1650 620 1778 676; x_wconf 79' lang='lat' dir='ltr'><strong><em>fecit</em></strong></span> <span class='ocrx_word' id='word_1_45' title='bbox 1804 640 1822 676; x_wconf 84' lang='lat'><strong>;</strong></span> 
     </span>
    </p>
   </div>
   <div class='ocr_carea' id='block_1_8' title="bbox 239 691 1826 762">
    <p class='ocr_par' dir='ltr' id='par_1_8' title="bbox 239 691 1826 762">
     <span class='ocr_line' id='line_1_8' title="bbox 239 691 1826 762; baseline 0 -16"><span class='ocrx_word' id='word_1_46' title='bbox 239 692 296 746; x_wconf 87' lang='lat' dir='ltr'><strong><em>in</em></strong></span> <span class='ocrx_word' id='word_1_47' title='bbox 335 692 440 762; x_wconf 84' lang='lat' dir='ltr'><strong><em>hoc</em></strong></span> <span class='ocrx_word' id='word_1_48' title='bbox 465 699 646 748; x_wconf 83' lang='lat' dir='ltr'><strong><em>autem</em></strong></span> <span class='ocrx_word' id='word_1_49' title='bbox 673 693 952 762; x_wconf 82' lang='lat' dir='ltr'><strong><em>manifesta</em></strong></span> <span class='ocrx_word' id='word_1_50' title='bbox 981 692 1246 762; x_wconf 68' lang='grc' dir='ltr'><strong><em>ὁμαουσίον</em></strong></span> <span class='ocrx_word' id='word_1_51' title='bbox 1274 691 1540 762; x_wconf 66' lang='lat' dir='ltr'><strong><em>confessio</em></strong></span> <span class='ocrx_word' id='word_1_52' title='bbox 1576 693 1826 747; x_wconf 87' lang='lat' dir='ltr'><strong><em>contine-</em></strong></span> 
     </span>
    </p>
   </div>
   <div class='ocr_carea' id='block_1_9' title="bbox 241 759 1827 817">
    <p class='ocr_par' dir='ltr' id='par_1_9' title="bbox 241 759 1827 817">
     <span class='ocr_line' id='line_1_9' title="bbox 241 759 1827 817; baseline 0.001 -3"><span class='ocrx_word' id='word_1_53' title='bbox 241 769 348 816; x_wconf 88' lang='lat' dir='ltr'><strong><em>tur.</em></strong></span> <span class='ocrx_word' id='word_1_54' title='bbox 373 761 606 817; x_wconf 79' lang='lat' dir='ltr'><strong><em>Accedat</em></strong></span> <span class='ocrx_word' id='word_1_55' title='bbox 641 762 805 816; x_wconf 87' lang='lat' dir='ltr'><strong><em>etiam</em></strong></span> <span class='ocrx_word' id='word_1_56' title='bbox 832 759 1145 816; x_wconf 80' lang='lat' dir='ltr'><strong><em>Mercatoris</em></strong></span> <span class='ocrx_word' id='word_1_57' title='bbox 1183 763 1249 817; x_wconf 91' lang='lat' dir='ltr'><strong><em>de</em></strong></span> <span class='ocrx_word' id='word_1_58' title='bbox 1279 759 1448 817; x_wconf 86' lang='lat' dir='ltr'><strong><em>Paulo</em></strong></span> <span class='ocrx_word' id='word_1_59' title='bbox 1471 761 1827 816; x_wconf 86' lang='lat' dir='ltr'><strong><em>Samosateno</em></strong></span> 
     </span>
    </p>
   </div>
   <div class='ocr_carea' id='block_1_10' title="bbox 239 830 1828 893">
    <p class='ocr_par' dir='ltr' id='par_1_10' title="bbox 239 830 1828 893">
     <span class='ocr_line' id='line_1_10' title="bbox 239 830 1828 893; baseline 0.003 -11"><span class='ocrx_word' id='word_1_60' title='bbox 239 831 628 893; x_wconf 84' lang='lat' dir='ltr'><strong><em>testimonium,</em></strong></span> <span class='ocrx_word' id='word_1_61' title='bbox 658 845 783 886; x_wconf 91' lang='lat' dir='ltr'><strong><em>cum</em></strong></span> <span class='ocrx_word' id='word_1_62' title='bbox 813 831 1054 886; x_wconf 71' lang='lat' dir='ltr'><strong><em>hmresim</em></strong></span> <span class='ocrx_word' id='word_1_63' title='bbox 1097 830 1331 886; x_wconf 85' lang='lat' dir='ltr'><strong><em>Nestorii</em></strong></span> <span class='ocrx_word' id='word_1_64' title='bbox 1358 846 1391 885; x_wconf 91' lang='lat' dir='ltr'><strong><em>a</em></strong></span> <span class='ocrx_word' id='word_1_65' title='bbox 1420 830 1678 886; x_wconf 85' lang='lat' dir='ltr'><strong><em>Pauliana</em></strong></span> <span class='ocrx_word' id='word_1_66' title='bbox 1718 832 1828 886; x_wconf 81' lang='lat' dir='ltr'><strong><em>dis-</em></strong></span> 
     </span>
    </p>
   </div>
   <div class='ocr_carea' id='block_1_11' title="bbox 241 899 1824 972">
    <p class='ocr_par' dir='ltr' id='par_1_11' title="bbox 241 899 1824 972">
     <span class='ocr_line' id='line_1_11' title="bbox 241 899 1824 972; baseline 0 -18"><span class='ocrx_word' id='word_1_67' title='bbox 241 909 534 972; x_wconf 84' lang='lat' dir='ltr'><strong><em>cerneret:</em></strong></span> <span class='ocrx_word' id='word_1_68' title='bbox 578 899 875 972; x_wconf 73' lang='lat' dir='ltr'><strong><em>Nestorias,</em></strong></span> <span class='ocrx_word' id='word_1_69' title='bbox 924 900 1098 972; x_wconf 85' lang='lat' dir='ltr'><strong><em>inquit</em></strong></span> <span class='ocrx_word' id='word_1_70' title='bbox 1149 900 1340 972; x_wconf 84' lang='lat' dir='ltr'><strong><em>(Epist.</em></strong></span> <span class='ocrx_word' id='word_1_71' title='bbox 1369 902 1430 972; x_wconf 84' lang='lat' dir='ltr'><strong><em>de</em></strong></span> <span class='ocrx_word' id='word_1_72' title='bbox 1475 899 1662 972; x_wconf 58' lang='lat' dir='ltr'><strong><em>Dim,</em></strong></span> <span class='ocrx_word' id='word_1_73' title='bbox 1692 909 1824 968; x_wconf 88' lang='lat' dir='ltr'><strong><em>etc.,</em></strong></span> 
     </span>
    </p>
   </div>
   <div class='ocr_carea' id='block_1_12' title="bbox 243 969 1828 1041">
    <p class='ocr_par' dir='ltr' id='par_1_12' title="bbox 243 969 1828 1041">
     <span class='ocr_line' id='line_1_12' title="bbox 243 969 1828 1041; baseline 0.001 -18"><span class='ocrx_word' id='word_1_74' title='bbox 243 987 386 1024; x_wconf 87' lang='lat' dir='ltr'><strong><em>num.</em></strong></span> <span class='ocrx_word' id='word_1_75' title='bbox 437 970 511 1038; x_wconf 84' lang='grc'>1),</span> <span class='ocrx_word' id='word_1_76' title='bbox 541 972 680 1024; x_wconf 87' lang='lat' dir='ltr'><strong><em>circa</em></strong></span> <span class='ocrx_word' id='word_1_77' title='bbox 716 970 938 1041; x_wconf 81' lang='lat' dir='ltr'><strong><em>Verbum</em></strong></span> <span class='ocrx_word' id='word_1_78' title='bbox 978 969 1096 1036; x_wconf 89' lang='lat' dir='ltr'><strong><em>Dei,</em></strong></span> <span class='ocrx_word' id='word_1_79' title='bbox 1129 969 1234 1041; x_wconf 79' lang='lat' dir='ltr'><strong><em>non</em></strong></span> <span class='ocrx_word' id='word_1_80' title='bbox 1276 971 1481 1041; x_wconf 80' lang='lat' dir='ltr'><strong><em>quidem</em></strong></span> <span class='ocrx_word' id='word_1_81' title='bbox 1524 978 1580 1024; x_wconf 87' lang='lat' dir='ltr'><strong><em>ut</em></strong></span> <span class='ocrx_word' id='word_1_82' title='bbox 1625 971 1828 1024; x_wconf 81' lang='lat' dir='ltr'><strong><em>Paulus</em></strong></span> 
     </span>
    </p>
   </div>
   <div class='ocr_carea' id='block_1_13' title="bbox 244 1039 1831 1121">
    <p class='ocr_par' dir='ltr' id='par_1_13' title="bbox 244 1039 1831 1121">
     <span class='ocr_line' id='line_1_13' title="bbox 244 1039 1831 1121; baseline 0.002 -29"><span class='ocrx_word' id='word_1_83' title='bbox 244 1042 418 1121; x_wconf 48' lang='lat' dir='ltr'><strong><em>sentis,</em></strong></span> <span class='ocrx_word' id='word_1_84' title='bbox 447 1041 531 1121; x_wconf 89' lang='lat' dir='ltr'><strong><em>qui</em></strong></span> <span class='ocrx_word' id='word_1_85' title='bbox 532 1057 661 1121; x_wconf 68' lang='lat' dir='ltr'><strong><em>_uon</em></strong></span> <span class='ocrx_word' id='word_1_86' title='bbox 688 1040 1079 1121; x_wconf 61' lang='lat' dir='ltr'><strong><em>subslantivum,</em></strong></span> <span class='ocrx_word' id='word_1_87' title='bbox 1100 1039 1197 1121; x_wconf 68' lang='lat' dir='ltr'><strong><em>sed</em></strong></span> <span class='ocrx_word' id='word_1_88' title='bbox 1210 1039 1543 1121; x_wconf 73' lang='lat' dir='ltr'><strong><em>prolatitium,</em></strong></span> <span class='ocrx_word' id='word_1_89' title='bbox 1567 1042 1831 1121; x_wconf 70' lang='lat' dir='ltr'><strong><em>potentia:-</em></strong></span> 
     </span>
    </p>
   </div>
   <div class='ocr_carea' id='block_1_14' title="bbox 242 1109 1830 1180">
    <p class='ocr_par' dir='ltr' id='par_1_14' title="bbox 242 1109 1830 1180">
     <span class='ocr_line' id='line_1_14' title="bbox 242 1109 1830 1180; baseline 0.001 -18"><span class='ocrx_word' id='word_1_90' title='bbox 242 1125 341 1179; x_wconf 86' lang='lat' dir='ltr'><strong><em>que</em></strong></span> <span class='ocrx_word' id='word_1_91' title='bbox 367 1109 467 1180; x_wconf 84' lang='lat' dir='ltr'><strong><em>Dei</em></strong></span> <span class='ocrx_word' id='word_1_92' title='bbox 491 1111 672 1180; x_wconf 76' lang='lat' dir='ltr'><strong><em>efficax</em></strong></span> <span class='ocrx_word' id='word_1_93' title='bbox 708 1109 929 1164; x_wconf 86' lang='lat' dir='ltr'><strong><em>Verbum</em></strong></span> <span class='ocrx_word' id='word_1_94' title='bbox 958 1109 1311 1180; x_wconf 76' lang='lat' dir='ltr'><strong><em>essedeﬁnit;</em></strong></span> <span class='ocrx_word' id='word_1_95' title='bbox 1337 1127 1442 1164; x_wconf 82' lang='lat' dir='ltr'><strong><em>non</em></strong></span> <span class='ocrx_word' id='word_1_96' title='bbox 1463 1109 1736 1179; x_wconf 78' lang='lat' dir='ltr'><strong><em>conﬁtetur</em></strong></span> <span class='ocrx_word' id='word_1_97' title='bbox 1756 1121 1830 1164; x_wconf 87' lang='lat' dir='ltr'><strong><em>ta-</em></strong></span> 
     </span>
    </p>
   </div>
   <div class='ocr_carea' id='block_1_15' title="bbox 243 1178 1827 1250">
    <p class='ocr_par' dir='ltr' id='par_1_15' title="bbox 243 1178 1827 1250">
     <span class='ocr_line' id='line_1_15' title="bbox 243 1178 1827 1250; baseline 0.001 -19"><span class='ocrx_word' id='word_1_98' title='bbox 243 1178 363 1250; x_wconf 74' lang='lat' dir='ltr'><strong><em>men</em></strong></span> <span class='ocrx_word' id='word_1_99' title='bbox 385 1178 833 1234; x_wconf 74' lang='lat' dir='ltr'><strong><em>idemNestorius</em></strong></span> <span class='ocrx_word' id='word_1_100' title='bbox 870 1181 935 1233; x_wconf 85' lang='lat' dir='ltr'><strong><em>de</em></strong></span> <span class='ocrx_word' id='word_1_101' title='bbox 973 1178 1136 1233; x_wconf 87' lang='lat' dir='ltr'><strong><em>Verbo</em></strong></span> <span class='ocrx_word' id='word_1_102' title='bbox 1161 1178 1500 1246; x_wconf 78' lang='lat' dir='ltr'><strong><em>substantive,</em></strong></span> <span class='ocrx_word' id='word_1_103' title='bbox 1532 1178 1700 1250; x_wconf 81' lang='lat' dir='ltr'><strong><em>ipsum</em></strong></span> <span class='ocrx_word' id='word_1_104' title='bbox 1727 1180 1827 1233; x_wconf 92' lang='lat' dir='ltr'><strong><em>Dei</em></strong></span> 
     </span>
    </p>
   </div>
   <div class='ocr_carea' id='block_1_16' title="bbox 243 1248 1828 1322">
    <p class='ocr_par' dir='ltr' id='par_1_16' title="bbox 243 1248 1828 1322">
     <span class='ocr_line' id='line_1_16' title="bbox 243 1248 1828 1322; baseline 0.002 -22"><span class='ocrx_word' id='word_1_105' title='bbox 243 1248 444 1302; x_wconf 84' lang='lat' dir='ltr'><strong><em>Filium</em></strong></span> <span class='ocrx_word' id='word_1_106' title='bbox 469 1250 774 1322; x_wconf 83' lang='lat' dir='ltr'><strong><em>naturaliter</em></strong></span> <span class='ocrx_word' id='word_1_107' title='bbox 800 1266 948 1314; x_wconf 88' lang='lat' dir='ltr'><strong><em>esse;</em></strong></span> <span class='ocrx_word' id='word_1_108' title='bbox 977 1249 1066 1303; x_wconf 90' lang='lat' dir='ltr'><strong><em>sed</em></strong></span> <span class='ocrx_word' id='word_1_109' title='bbox 1076 1251 1238 1322; x_wconf 76' lang='lat' dir='ltr'><strong><em>_d_icit,</em></strong></span> <span class='ocrx_word' id='word_1_110' title='bbox 1266 1258 1445 1320; x_wconf 80' lang='lat' dir='ltr'><strong><em>argute</em></strong></span> <span class='ocrx_word' id='word_1_111' title='bbox 1463 1248 1828 1322; x_wconf 80' lang='lat' dir='ltr'><strong><em>quidem,_quia</em></strong></span> 
     </span>
    </p>
   </div>
   <div class='ocr_carea' id='block_1_17' title="bbox 245 1318 1828 1388">
    <p class='ocr_par' dir='ltr' id='par_1_17' title="bbox 245 1318 1828 1388">
     <span class='ocr_line' id='line_1_17' title="bbox 245 1318 1828 1388; baseline 0.003 -18"><span class='ocrx_word' id='word_1_112' title='bbox 245 1334 352 1388; x_wconf 86' lang='lat' dir='ltr'><strong><em>non</em></strong></span> <span class='ocrx_word' id='word_1_113' title='bbox 374 1335 633 1388; x_wconf 70' lang='lat' dir='ltr'><strong><em>expresse,</em></strong></span> <span class='ocrx_word' id='word_1_114' title='bbox 665 1319 729 1372; x_wconf 89' lang='lat' dir='ltr'><strong><em>ab</em></strong></span> <span class='ocrx_word' id='word_1_115' title='bbox 758 1322 1040 1374; x_wconf 68' lang='lat' dir='ltr'><strong><em>aeternitate</em></strong></span> <span class='ocrx_word' id='word_1_116' title='bbox 1065 1318 1263 1388; x_wconf 81' lang='lat' dir='ltr'><strong><em>Filium</em></strong></span> <span class='ocrx_word' id='word_1_117' title='bbox 1291 1318 1394 1373; x_wconf 82' lang='lat' dir='ltr'><strong><em>non</em></strong></span> <span class='ocrx_word' id='word_1_118' title='bbox 1421 1318 1551 1386; x_wconf 77' lang='lat' dir='ltr'><strong><em>esse,</em></strong></span> <span class='ocrx_word' id='word_1_119' title='bbox 1575 1319 1667 1373; x_wconf 89' lang='lat' dir='ltr'><strong><em>sed</em></strong></span> <span class='ocrx_word' id='word_1_120' title='bbox 1697 1318 1828 1388; x_wconf 86' lang='lat' dir='ltr'><strong><em>Ver-</em></strong></span> 
     </span>
    </p>
   </div>
   <div class='ocr_carea' id='block_1_18' title="bbox 249 1387 1828 1460">
    <p class='ocr_par' dir='ltr' id='par_1_18' title="bbox 249 1387 1828 1460">
     <span class='ocr_line' id='line_1_18' title="bbox 249 1387 1828 1460; baseline 0.003 -21"><span class='ocrx_word' id='word_1_121' title='bbox 249 1387 366 1460; x_wconf 72' lang='lat' dir='ltr'><strong><em>bum</em></strong></span> <span class='ocrx_word' id='word_1_122' title='bbox 395 1387 591 1460; x_wconf 83' lang='lat' dir='ltr'><strong><em>tantum</em></strong></span> <span class='ocrx_word' id='word_1_123' title='bbox 608 1428 624 1453; x_wconf 92' lang='lat'><strong><em>,</em></strong></span> <span class='ocrx_word' id='word_1_124' title='bbox 649 1387 784 1460; x_wconf 85' lang='lat' dir='ltr'><strong><em>quod</em></strong></span> <span class='ocrx_word' id='word_1_125' title='bbox 810 1390 865 1442; x_wconf 89' lang='lat' dir='ltr'><strong><em>in</em></strong></span> <span class='ocrx_word' id='word_1_126' title='bbox 891 1389 1177 1460; x_wconf 73' lang='lat' dir='ltr'><strong><em>substantia</em></strong></span> <span class='ocrx_word' id='word_1_127' title='bbox 1213 1387 1389 1460; x_wconf 84' lang='lat' dir='ltr'><strong><em>Patris</em></strong></span> <span class='ocrx_word' id='word_1_128' title='bbox 1413 1405 1650 1460; x_wconf 86' lang='lat' dir='ltr'><strong><em>manens,</em></strong></span> <span class='ocrx_word' id='word_1_129' title='bbox 1688 1387 1828 1443; x_wconf 90' lang='lat' dir='ltr'><strong><em>Deus</em></strong></span> 
     </span>
    </p>
   </div>
   <div class='ocr_carea' id='block_1_19' title="bbox 246 1456 1781 1528">
    <p class='ocr_par' dir='ltr' id='par_1_19' title="bbox 246 1456 1781 1528">
     <span class='ocr_line' id='line_1_19' title="bbox 246 1456 1781 1528; baseline 0 -18"><span class='ocrx_word' id='word_1_130' title='bbox 246 1456 808 1528; x_wconf 79' lang='lat' dir='ltr'><strong><em>sit_consubstantialis,</em></strong></span> <span class='ocrx_word' id='word_1_131' title='bbox 838 1475 986 1528; x_wconf 80' lang='lat' dir='ltr'><strong><em>quem</em></strong></span> <span class='ocrx_word' id='word_1_132' title='bbox 1013 1456 1180 1528; x_wconf 64' lang='grc' dir='ltr'><strong><em>ὢνωοὶ</em></strong></span> <span class='ocrx_word' id='word_1_133' title='bbox 1210 1459 1476 1528; x_wconf 62' lang='lat' dir='ltr'><strong><em>amona-ias</em></strong></span> <span class='ocrx_word' id='word_1_134' title='bbox 1503 1459 1698 1511; x_wconf 86' lang='lat' dir='ltr'><strong><em>dicunt.</em></strong></span> <span class='ocrx_word' id='word_1_135' title='bbox 1732 1526 1738 1528; x_wconf 79' lang='lat'><strong><em>_</em></strong></span> <span class='ocrx_word' id='word_1_136' title='bbox 1779 1491 1781 1494; x_wconf 66' lang='grc'>‹</span> 
     </span>
    </p>
   </div>
   <div class='ocr_carea' id='block_1_20' title="bbox 317 1526 1830 1591">
    <p class='ocr_par' dir='ltr' id='par_1_20' title="bbox 317 1526 1830 1591">
     <span class='ocr_line' id='line_1_20' title="bbox 317 1526 1830 1591; baseline 0.001 -11"><span class='ocrx_word' id='word_1_137' title='bbox 317 1526 396 1582; x_wconf 86' lang='lat' dir='ltr'><strong><em>Ita</em></strong></span> <span class='ocrx_word' id='word_1_138' title='bbox 417 1527 692 1583; x_wconf 87' lang='lat' dir='ltr'><strong><em>Nestorius</em></strong></span> <span class='ocrx_word' id='word_1_139' title='bbox 717 1529 783 1583; x_wconf 90' lang='lat' dir='ltr'><strong><em>de</em></strong></span> <span class='ocrx_word' id='word_1_140' title='bbox 813 1526 973 1582; x_wconf 82' lang='lat' dir='ltr'><strong><em>Verbi</em></strong></span> <span class='ocrx_word' id='word_1_141' title='bbox 1001 1526 1308 1591; x_wconf 68' lang='lat' dir='ltr'><strong><em>divinitate;</em></strong></span> <span class='ocrx_word' id='word_1_142' title='bbox 1342 1543 1486 1584; x_wconf 88' lang='lat' dir='ltr'><strong><em>nunc</em></strong></span> <span class='ocrx_word' id='word_1_143' title='bbox 1503 1528 1570 1581; x_wconf 90' lang='lat' dir='ltr'><strong><em>de</em></strong></span> <span class='ocrx_word' id='word_1_144' title='bbox 1599 1526 1830 1581; x_wconf 85' lang='lat' dir='ltr'><strong>hominis</strong></span> 
     </span>
    </p>
   </div>
   <div class='ocr_carea' id='block_1_21' title="bbox 248 1597 1850 1666">
    <p class='ocr_par' dir='ltr' id='par_1_21' title="bbox 248 1597 1850 1666">
     <span class='ocr_line' id='line_1_21' title="bbox 248 1597 1850 1666; baseline -0.001 -15"><span class='ocrx_word' id='word_1_145' title='bbox 248 1605 460 1652; x_wconf 87' lang='lat' dir='ltr'><strong><em>natura.</em></strong></span> <span class='ocrx_word' id='word_1_146' title='bbox 483 1597 751 1666; x_wconf 81' lang='lat' dir='ltr'><strong><em>lntegram</em></strong></span> <span class='ocrx_word' id='word_1_147' title='bbox 772 1614 802 1652; x_wconf 87' lang='lat' dir='ltr'><strong><em>a</em></strong></span> <span class='ocrx_word' id='word_1_148' title='bbox 825 1597 1003 1653; x_wconf 84' lang='lat' dir='ltr'><strong><em>Verbo</em></strong></span> <span class='ocrx_word' id='word_1_149' title='bbox 1029 1604 1360 1665; x_wconf 83' lang='lat' dir='ltr'><strong><em>assumptam</em></strong></span> <span class='ocrx_word' id='word_1_150' title='bbox 1384 1610 1532 1661; x_wconf 89' lang='lat' dir='ltr'><strong><em>esse;</em></strong></span> <span class='ocrx_word' id='word_1_151' title='bbox 1561 1612 1671 1651; x_wconf 91' lang='lat' dir='ltr'><strong><em>non</em></strong></span> <span class='ocrx_word' id='word_1_152' title='bbox 1697 1597 1850 1650; x_wconf 89' lang='lat' dir='ltr'><strong><em>item</em></strong></span> 
     </span>
    </p>
   </div>
   <div class='ocr_carea' id='block_1_22' title="bbox 249 1666 1832 1736">
    <p class='ocr_par' dir='ltr' id='par_1_22' title="bbox 249 1666 1832 1736">
     <span class='ocr_line' id='line_1_22' title="bbox 249 1666 1832 1736; baseline 0.001 -16"><span class='ocrx_word' id='word_1_153' title='bbox 249 1682 500 1736; x_wconf 85' lang='lat' dir='ltr'><strong><em>carnem,</em></strong></span> <span class='ocrx_word' id='word_1_154' title='bbox 537 1669 624 1722; x_wconf 86' lang='lat' dir='ltr'><strong><em>vel</em></strong></span> <span class='ocrx_word' id='word_1_155' title='bbox 661 1667 837 1721; x_wconf 88' lang='lat' dir='ltr'><strong><em>anima</em></strong></span> <span class='ocrx_word' id='word_1_156' title='bbox 887 1668 999 1736; x_wconf 91' lang='lat' dir='ltr'><strong><em>ipsa</em></strong></span> <span class='ocrx_word' id='word_1_157' title='bbox 1036 1667 1290 1722; x_wconf 88' lang='lat' dir='ltr'><strong><em>sensitiva</em></strong></span> <span class='ocrx_word' id='word_1_158' title='bbox 1343 1673 1648 1736; x_wconf 84' lang='lat' dir='ltr'><strong><em>carentem,</em></strong></span> <span class='ocrx_word' id='word_1_159' title='bbox 1687 1666 1832 1734; x_wconf 88' lang='lat' dir='ltr'><strong><em>quod</em></strong></span> 
     </span>
    </p>
   </div>
   <div class='ocr_carea' id='block_1_23' title="bbox 247 1735 1832 1807">
    <p class='ocr_par' dir='ltr' id='par_1_23' title="bbox 247 1735 1832 1807">
     <span class='ocr_line' id='line_1_23' title="bbox 247 1735 1832 1807; baseline 0.001 -18"><span class='ocrx_word' id='word_1_160' title='bbox 247 1735 458 1807; x_wconf 59' lang='lat' dir='ltr'><strong><em>Ariani;</em></strong></span> <span class='ocrx_word' id='word_1_161' title='bbox 487 1738 571 1792; x_wconf 83' lang='lat' dir='ltr'><strong><em>vel</em></strong></span> <span class='ocrx_word' id='word_1_162' title='bbox 595 1737 788 1791; x_wconf 90' lang='lat' dir='ltr'><strong><em>mentis</em></strong></span> <span class='ocrx_word' id='word_1_163' title='bbox 813 1735 1109 1807; x_wconf 78' lang='lat' dir='ltr'><strong><em>expertem,</em></strong></span> <span class='ocrx_word' id='word_1_164' title='bbox 1130 1736 1276 1804; x_wconf 90' lang='lat' dir='ltr'><strong><em>quod</em></strong></span> <span class='ocrx_word' id='word_1_165' title='bbox 1297 1735 1660 1807; x_wconf 80' lang='lat' dir='ltr'><strong><em>Apollinarius</em></strong></span> <span class='ocrx_word' id='word_1_166' title='bbox 1682 1737 1832 1807; x_wconf 76' lang='lat' dir='ltr'><strong><em>vole-</em></strong></span> 
     </span>
    </p>
   </div>
   <div class='ocr_carea' id='block_1_24' title="bbox 246 1783 1906 1875">
    <p class='ocr_par' dir='ltr' id='par_1_24' title="bbox 246 1783 1906 1875">
     <span class='ocr_line' id='line_1_24' title="bbox 246 1783 1906 1875; baseline -0.001 -15"><span class='ocrx_word' id='word_1_167' title='bbox 246 1805 361 1872; x_wconf 89' lang='lat' dir='ltr'><strong><em>bat,</em></strong></span> <span class='ocrx_word' id='word_1_168' title='bbox 393 1783 729 1875; x_wconf 43' lang='lat' dir='ltr'><strong><em>adn-aperiis</em></strong></span> <span class='ocrx_word' id='word_1_169' title='bbox 750 1783 954 1862; x_wconf 69' lang='lat' dir='ltr'><strong><em>tamdiu</em></strong></span> <span class='ocrx_word' id='word_1_170' title='bbox 982 1783 1167 1860; x_wconf 60' lang='lat' dir='ltr'><strong><em>verbis:</em></strong></span> <span class='ocrx_word' id='word_1_171' title='bbox 1184 1783 1572 1875; x_wconf 73' lang='lat' dir='ltr'><strong><em>demohstravit</em></strong></span> <span class='ocrx_word' id='word_1_172' title='bbox 1589 1844 1604 1870; x_wconf 94' lang='lat'><strong><em>,</em></strong></span> <span class='ocrx_word' id='word_1_173' title='bbox 1628 1805 1720 1860; x_wconf 90' lang='lat' dir='ltr'><strong><em>sed</em></strong></span> <span class='ocrx_word' id='word_1_174' title='bbox 1749 1804 1832 1858; x_wconf 76' lang='lat' dir='ltr'><strong><em>fa-</em></strong></span> <span class='ocrx_word' id='word_1_175' title='bbox 1863 1783 1906 1841; x_wconf 78' lang='grc' dir='ltr'>Β</span> 
     </span>
    </p>
   </div>
   <div class='ocr_carea' id='block_1_25' title="bbox 248 1874 1835 1944">
    <p class='ocr_par' dir='ltr' id='par_1_25' title="bbox 248 1874 1835 1944">
     <span class='ocr_line' id='line_1_25' title="bbox 248 1874 1835 1944; baseline 0 -14"><span class='ocrx_word' id='word_1_176' title='bbox 248 1885 340 1930; x_wconf 90' lang='lat' dir='ltr'><strong><em>cto</em></strong></span> <span class='ocrx_word' id='word_1_177' title='bbox 391 1874 646 1939; x_wconf 84' lang='lat' dir='ltr'><strong><em>maxime,</em></strong></span> <span class='ocrx_word' id='word_1_178' title='bbox 684 1890 806 1929; x_wconf 90' lang='lat' dir='ltr'><strong><em>cum</em></strong></span> <span class='ocrx_word' id='word_1_179' title='bbox 845 1875 1158 1944; x_wconf 85' lang='lat' dir='ltr'><strong><em>Apollinarii</em></strong></span> <span class='ocrx_word' id='word_1_180' title='bbox 1194 1875 1415 1943; x_wconf 85' lang='lat' dir='ltr'><strong><em>Ariique</em></strong></span> <span class='ocrx_word' id='word_1_181' title='bbox 1450 1874 1553 1929; x_wconf 86' lang='lat' dir='ltr'><strong><em>hac</em></strong></span> <span class='ocrx_word' id='word_1_182' title='bbox 1588 1876 1642 1928; x_wconf 88' lang='lat' dir='ltr'><strong><em>in</em></strong></span> <span class='ocrx_word' id='word_1_183' title='bbox 1680 1884 1835 1944; x_wconf 87' lang='lat' dir='ltr'><strong><em>parte</em></strong></span> 
     </span>
    </p>
   </div>
   <div class='ocr_carea' id='block_1_26' title="bbox 245 1944 1836 2015">
    <p class='ocr_par' dir='ltr' id='par_1_26' title="bbox 245 1944 1836 2015">
     <span class='ocr_line' id='line_1_26' title="bbox 245 1944 1836 2015; baseline -0.001 -16"><span class='ocrx_word' id='word_1_184' title='bbox 245 1947 663 2000; x_wconf 84' lang='lat' dir='ltr'><strong><em>consensionem</em></strong></span> <span class='ocrx_word' id='word_1_185' title='bbox 687 1945 1025 2000; x_wconf 90' lang='lat' dir='ltr'><strong><em>continenter</em></strong></span> <span class='ocrx_word' id='word_1_186' title='bbox 1045 1944 1262 2015; x_wconf 84' lang='lat' dir='ltr'><strong><em>unionis</em></strong></span> <span class='ocrx_word' id='word_1_187' title='bbox 1279 1944 1631 2015; x_wconf 75' lang='lat' dir='ltr'><strong><em>hypostatica:</em></strong></span> <span class='ocrx_word' id='word_1_188' title='bbox 1649 1944 1836 1999; x_wconf 80' lang='lat' dir='ltr'><strong><em>defen-</em></strong></span> 
     </span>
    </p>
   </div>
   <div class='ocr_carea' id='block_1_27' title="bbox 246 2012 1839 2082">
    <p class='ocr_par' dir='ltr' id='par_1_27' title="bbox 246 2012 1839 2082">
     <span class='ocr_line' id='line_1_27' title="bbox 246 2012 1839 2082; baseline 0 -14"><span class='ocrx_word' id='word_1_189' title='bbox 246 2016 484 2079; x_wconf 87' lang='lat' dir='ltr'><strong><em>soribus,</em></strong></span> <span class='ocrx_word' id='word_1_190' title='bbox 515 2015 566 2069; x_wconf 89' lang='lat' dir='ltr'><strong><em>id</em></strong></span> <span class='ocrx_word' id='word_1_191' title='bbox 596 2022 698 2078; x_wconf 88' lang='lat' dir='ltr'><strong><em>est,</em></strong></span> <span class='ocrx_word' id='word_1_192' title='bbox 729 2015 1006 2069; x_wconf 89' lang='lat' dir='ltr'><strong><em>catholicis</em></strong></span> <span class='ocrx_word' id='word_1_193' title='bbox 1035 2013 1253 2082; x_wconf 88' lang='lat' dir='ltr'><strong><em>objecit.</em></strong></span> <span class='ocrx_word' id='word_1_194' title='bbox 1279 2012 1506 2070; x_wconf 78' lang='lat' dir='ltr'><strong><em>Perinde</em></strong></span> <span class='ocrx_word' id='word_1_195' title='bbox 1533 2029 1597 2068; x_wconf 91' lang='lat' dir='ltr'><strong><em>ac</em></strong></span> <span class='ocrx_word' id='word_1_196' title='bbox 1623 2017 1665 2068; x_wconf 86' lang='lat' dir='ltr'><strong><em>si</em></strong></span> <span class='ocrx_word' id='word_1_197' title='bbox 1709 2015 1839 2068; x_wconf 63' lang='lat' dir='ltr'><strong><em>sub—</em></strong></span> 
     </span>
    </p>
   </div>
   <div class='ocr_carea' id='block_1_28' title="bbox 243 2085 1832 2153">
    <p class='ocr_par' dir='ltr' id='par_1_28' title="bbox 243 2085 1832 2153">
     <span class='ocr_line' id='line_1_28' title="bbox 243 2085 1832 2153; baseline 0 -15"><span class='ocrx_word' id='word_1_198' title='bbox 243 2085 557 2140; x_wconf 90' lang='lat' dir='ltr'><strong><em>stantialem</em></strong></span> <span class='ocrx_word' id='word_1_199' title='bbox 586 2091 893 2138; x_wconf 79' lang='lat' dir='ltr'><strong><em>naturarum</em></strong></span> <span class='ocrx_word' id='word_1_200' title='bbox 915 2085 1169 2138; x_wconf 90' lang='lat' dir='ltr'><strong><em>unionem</em></strong></span> <span class='ocrx_word' id='word_1_201' title='bbox 1191 2085 1430 2152; x_wconf 78' lang='lat' dir='ltr'><strong><em>cogitare</em></strong></span> <span class='ocrx_word' id='word_1_202' title='bbox 1450 2099 1608 2138; x_wconf 90' lang='lat' dir='ltr'><strong><em>nemo</em></strong></span> <span class='ocrx_word' id='word_1_203' title='bbox 1629 2093 1832 2153; x_wconf 85' lang='lat' dir='ltr'><strong><em>posset,</em></strong></span> 
     </span>
    </p>
   </div>
   <div class='ocr_carea' id='block_1_29' title="bbox 243 2153 1836 2221">
    <p class='ocr_par' dir='ltr' id='par_1_29' title="bbox 243 2153 1836 2221">
     <span class='ocr_line' id='line_1_29' title="bbox 243 2153 1836 2221; baseline 0.001 -15"><span class='ocrx_word' id='word_1_204' title='bbox 243 2155 354 2208; x_wconf 89' lang='lat' dir='ltr'><strong><em>nisi</em></strong></span> <span class='ocrx_word' id='word_1_205' title='bbox 382 2154 473 2221; x_wconf 90' lang='lat' dir='ltr'><strong>qui</strong></span> <span class='ocrx_word' id='word_1_206' title='bbox 504 2153 734 2208; x_wconf 80' lang='lat' dir='ltr'><strong><em>Verbum</em></strong></span> <span class='ocrx_word' id='word_1_207' title='bbox 762 2161 855 2208; x_wconf 91' lang='lat' dir='ltr'><strong><em>aut</em></strong></span> <span class='ocrx_word' id='word_1_208' title='bbox 881 2153 1073 2208; x_wconf 69' lang='lat' dir='ltr'><strong><em>animae</em></strong></span> <span class='ocrx_word' id='word_1_209' title='bbox 1101 2154 1286 2221; x_wconf 78' lang='lat' dir='ltr'><strong><em>totius,</em></strong></span> <span class='ocrx_word' id='word_1_210' title='bbox 1315 2162 1410 2211; x_wconf 84' lang='lat' dir='ltr'><strong><em>aut</em></strong></span> <span class='ocrx_word' id='word_1_211' title='bbox 1429 2155 1624 2209; x_wconf 88' lang='lat' dir='ltr'><strong><em>mentis</em></strong></span> <span class='ocrx_word' id='word_1_212' title='bbox 1645 2155 1836 2208; x_wconf 89' lang='lat' dir='ltr'><strong><em>saltem</em></strong></span> 
     </span>
    </p>
   </div>
   <div class='ocr_carea' id='block_1_30' title="bbox 242 2223 1466 2292">
    <p class='ocr_par' dir='ltr' id='par_1_30' title="bbox 242 2223 1466 2292">
     <span class='ocr_line' id='line_1_30' title="bbox 242 2223 1466 2292; baseline 0 -16"><span class='ocrx_word' id='word_1_213' title='bbox 242 2224 372 2278; x_wconf 80' lang='lat' dir='ltr'><strong><em>vice</em></strong></span> <span class='ocrx_word' id='word_1_214' title='bbox 400 2223 544 2292; x_wconf 78' lang='lat' dir='ltr'><strong><em>fungi</em></strong></span> <span class='ocrx_word' id='word_1_215' title='bbox 572 2224 794 2280; x_wconf 79' lang='lat' dir='ltr'><strong><em>diceret.</em></strong></span> <span class='ocrx_word' id='word_1_216' title='bbox 1341 2291 1350 2292; x_wconf 17' lang='grc' dir='ltr'>ί</span> <span class='ocrx_word' id='word_1_217' title='bbox 1461 2275 1466 2284; x_wconf 84' lang='grc'><strong><em>,</em></strong></span> 
     </span>
    </p>
   </div>
   <div class='ocr_carea' id='block_1_31' title="bbox 323 2291 1838 2365">
    <p class='ocr_par' dir='ltr' id='par_1_31' title="bbox 323 2291 1838 2365">
     <span class='ocr_line' id='line_1_31' title="bbox 323 2291 1838 2365; baseline 0.001 -19"><span class='ocrx_word' id='word_1_218' title='bbox 323 2291 513 2365; x_wconf 28' lang='lat' dir='ltr'><strong><em>Quam:</em></strong></span> <span class='ocrx_word' id='word_1_219' title='bbox 525 2294 855 2365; x_wconf 69' lang='lat' dir='ltr'><strong><em>calumniam</em></strong></span> <span class='ocrx_word' id='word_1_220' title='bbox 876 2300 936 2346; x_wconf 89' lang='lat' dir='ltr'><strong><em>ut</em></strong></span> <span class='ocrx_word' id='word_1_221' title='bbox 958 2293 1298 2365; x_wconf 85' lang='lat' dir='ltr'><strong><em>propulsaret</em></strong></span> <span class='ocrx_word' id='word_1_222' title='bbox 1323 2291 1576 2365; x_wconf 86' lang='lat' dir='ltr'><strong><em>Cyrillus,</em></strong></span> <span class='ocrx_word' id='word_1_223' title='bbox 1605 2309 1727 2349; x_wconf 91' lang='lat' dir='ltr'><strong><em>cum</em></strong></span> <span class='ocrx_word' id='word_1_224' title='bbox 1757 2309 1838 2365; x_wconf 80' lang='lat' dir='ltr'><strong><em>re-</em></strong></span> 
     </span>
    </p>
   </div>
   <div class='ocr_carea' id='block_1_32' title="bbox 245 2361 1837 2434">
    <p class='ocr_par' dir='ltr' id='par_1_32' title="bbox 245 2361 1837 2434">
     <span class='ocr_line' id='line_1_32' title="bbox 245 2361 1837 2434; baseline 0.001 -18"><span class='ocrx_word' id='word_1_225' title='bbox 245 2370 355 2434; x_wconf 74' lang='lat' dir='ltr'><strong><em>ctae</em></strong></span> <span class='ocrx_word' id='word_1_226' title='bbox 381 2361 506 2434; x_wconf 75' lang='lat' dir='ltr'><strong><em>lidei</em></strong></span> <span class='ocrx_word' id='word_1_227' title='bbox 533 2377 776 2416; x_wconf 83' lang='lat' dir='ltr'><strong><em>normam</em></strong></span> <span class='ocrx_word' id='word_1_228' title='bbox 799 2361 1105 2434; x_wconf 75' lang='lat' dir='ltr'><strong><em>Theodosio</em></strong></span> <span class='ocrx_word' id='word_1_229' title='bbox 1135 2361 1394 2428; x_wconf 66' lang='lat' dir='ltr'><strong><em>traderet,</em></strong></span> <span class='ocrx_word' id='word_1_230' title='bbox 1425 2372 1593 2420; x_wconf 86' lang='lat' dir='ltr'><strong><em>totam</em></strong></span> <span class='ocrx_word' id='word_1_231' title='bbox 1620 2364 1837 2434; x_wconf 87' lang='lat' dir='ltr'><strong><em>scripsit</em></strong></span> 
     </span>
    </p>
   </div>
   <div class='ocr_carea' id='block_1_33' title="bbox 247 2430 1838 2502">
    <p class='ocr_par' dir='ltr' id='par_1_33' title="bbox 247 2430 1838 2502">
     <span class='ocr_line' id='line_1_33' title="bbox 247 2430 1838 2502; baseline 0.001 -17"><span class='ocrx_word' id='word_1_232' title='bbox 247 2447 280 2485; x_wconf 88' lang='lat' dir='ltr'><strong><em>a</em></strong></span> <span class='ocrx_word' id='word_1_233' title='bbox 308 2430 484 2502; x_wconf 76' lang='lat' dir='ltr'><strong><em>Verbo</em></strong></span> <span class='ocrx_word' id='word_1_234' title='bbox 512 2441 761 2486; x_wconf 90' lang='lat' dir='ltr'><strong><em>naturam</em></strong></span> <span class='ocrx_word' id='word_1_235' title='bbox 804 2433 1035 2488; x_wconf 86' lang='lat' dir='ltr'><strong><em>hominis</em></strong></span> <span class='ocrx_word' id='word_1_236' title='bbox 1061 2443 1411 2502; x_wconf 76' lang='lat' dir='ltr'><strong><em>assumptum,</em></strong></span> <span class='ocrx_word' id='word_1_237' title='bbox 1442 2443 1502 2490; x_wconf 91' lang='lat' dir='ltr'><strong><em>ut</em></strong></span> <span class='ocrx_word' id='word_1_238' title='bbox 1545 2442 1658 2488; x_wconf 88' lang='lat' dir='ltr'><strong><em>tota</em></strong></span> <span class='ocrx_word' id='word_1_239' title='bbox 1685 2430 1838 2489; x_wconf 79' lang='lat' dir='ltr'><strong><em>sana-</em></strong></span> 
     </span>
    </p>
   </div>
   <div class='ocr_carea' id='block_1_34' title="bbox 245 2499 1836 2588">
    <p class='ocr_par' dir='ltr' id='par_1_34' title="bbox 245 2499 1836 2588">
     <span class='ocr_line' id='line_1_34' title="bbox 245 2499 1836 2588; baseline 0.001 -33"><span class='ocrx_word' id='word_1_240' title='bbox 245 2510 420 2588; x_wconf 68' lang='lat' dir='ltr'><strong><em>retur.</em></strong></span> <span class='ocrx_word' id='word_1_241' title='bbox 437 2499 684 2588; x_wconf 75' lang='lat' dir='ltr'><strong><em>Cumque</em></strong></span> <span class='ocrx_word' id='word_1_242' title='bbox 709 2518 862 2588; x_wconf 59' lang='lat' dir='ltr'><strong><em>suam</em></strong></span> <span class='ocrx_word' id='word_1_243' title='bbox 877 2499 1538 2588; x_wconf 48' lang='lat' dir='ltr'><strong><em>‘blemnonisqueii‘lphesii</em></strong></span> <span class='ocrx_word' id='word_1_244' title='bbox 1563 2502 1722 2588; x_wconf 59' lang='lat' dir='ltr'><strong><em>fidem</em></strong></span> <span class='ocrx_word' id='word_1_245' title='bbox 1749 2505 1836 2558; x_wconf 87' lang='lat' dir='ltr'><strong><em>de-</em></strong></span> 
     </span>
    </p>
   </div>
   <div class='ocr_carea' id='block_1_35' title="bbox 248 2571 1838 2644">
    <p class='ocr_par' dir='ltr' id='par_1_35' title="bbox 248 2571 1838 2644">
     <span class='ocr_line' id='line_1_35' title="bbox 248 2571 1838 2644; baseline 0.004 -21"><span class='ocrx_word' id='word_1_246' title='bbox 248 2571 528 2644; x_wconf 65' lang='lat' dir='ltr'><strong><em>tonderet,</em></strong></span> <span class='ocrx_word' id='word_1_247' title='bbox 542 2573 732 2644; x_wconf 82' lang='lat' dir='ltr'><strong><em>Arium.</em></strong></span> <span class='ocrx_word' id='word_1_248' title='bbox 755 2572 1250 2644; x_wconf 88' lang='lat' dir='ltr'><strong><em>Apollinariumque</em></strong></span> <span class='ocrx_word' id='word_1_249' title='bbox 1269 2581 1325 2629; x_wconf 90' lang='lat' dir='ltr'><strong><em>et</em></strong></span> <span class='ocrx_word' id='word_1_250' title='bbox 1351 2571 1674 2628; x_wconf 87' lang='lat' dir='ltr'><strong><em>Eunomium</em></strong></span> <span class='ocrx_word' id='word_1_251' title='bbox 1693 2575 1838 2630; x_wconf 86' lang='lat' dir='ltr'><strong><em>dam-</em></strong></span> 
     </span>
    </p>
   </div>
   <div class='ocr_carea' id='block_1_36' title="bbox 248 2643 1120 2698">
    <p class='ocr_par' dir='ltr' id='par_1_36' title="bbox 248 2643 1120 2698">
     <span class='ocr_line' id='line_1_36' title="bbox 248 2643 1120 2698; baseline 0.001 -3"><span class='ocrx_word' id='word_1_252' title='bbox 248 2656 386 2696; x_wconf 83' lang='lat' dir='ltr'><strong><em>nare</em></strong></span> <span class='ocrx_word' id='word_1_253' title='bbox 412 2643 590 2698; x_wconf 88' lang='lat' dir='ltr'><strong><em>libello</em></strong></span> <span class='ocrx_word' id='word_1_254' title='bbox 618 2643 746 2697; x_wconf 90' lang='lat' dir='ltr'><strong><em>dato</em></strong></span> <span class='ocrx_word' id='word_1_255' title='bbox 773 2652 992 2698; x_wconf 88' lang='lat' dir='ltr'><strong><em>coactus</em></strong></span> <span class='ocrx_word' id='word_1_256' title='bbox 1019 2652 1120 2698; x_wconf 87' lang='lat' dir='ltr'><strong><em>est.</em></strong></span> 
     </span>
    </p>
   </div>
   <div class='ocr_carea' id='block_1_37' title="bbox 326 2709 1850 2783">
    <p class='ocr_par' dir='ltr' id='par_1_37' title="bbox 326 2709 1850 2783">
     <span class='ocr_line' id='line_1_37' title="bbox 326 2709 1850 2783; baseline 0 -19"><span class='ocrx_word' id='word_1_257' title='bbox 326 2711 720 2783; x_wconf 70' lang='lat' dir='ltr'><strong><em>llancCyrillo</em></strong></span> <span class='ocrx_word' id='word_1_258' title='bbox 775 2709 1098 2783; x_wconf 78' lang='lat' dir='ltr'><strong><em>calumniam</em></strong></span> <span class='ocrx_word' id='word_1_259' title='bbox 1145 2711 1392 2783; x_wconf 65' lang='lat' dir='ltr'><strong><em>Andreas</em></strong></span> <span class='ocrx_word' id='word_1_260' title='bbox 1446 2713 1850 2770; x_wconf 81' lang='lat' dir='ltr'><strong><em>Samosatenus.</em></strong></span> 
     </span>
    </p>
   </div>
   <div class='ocr_carea' id='block_1_38' title="bbox 248 2777 1828 2850">
    <p class='ocr_par' dir='ltr' id='par_1_38' title="bbox 248 2777 1828 2850">
     <span class='ocr_line' id='line_1_38' title="bbox 248 2777 1828 2850; baseline 0.003 -16"><span class='ocrx_word' id='word_1_261' title='bbox 248 2777 603 2850; x_wconf 75' lang='lat' dir='ltr'><strong><em>Orientalium</em></strong></span> <span class='ocrx_word' id='word_1_262' title='bbox 632 2783 847 2837; x_wconf 89' lang='lat' dir='ltr'><strong><em>nomine</em></strong></span> <span class='ocrx_word' id='word_1_263' title='bbox 875 2781 1096 2839; x_wconf 81' lang='lat' dir='ltr'><strong><em>fecerat.</em></strong></span> <span class='ocrx_word' id='word_1_264' title='bbox 1118 2782 1343 2838; x_wconf 85' lang='lat' dir='ltr'><strong><em>Fecerat</em></strong></span> <span class='ocrx_word' id='word_1_265' title='bbox 1363 2791 1418 2838; x_wconf 90' lang='lat' dir='ltr'><strong><em>et</em></strong></span> <span class='ocrx_word' id='word_1_266' title='bbox 1439 2784 1828 2850; x_wconf 81' lang='lat' dir='ltr'><strong><em>Theodoretus,</em></strong></span> 
     </span>
    </p>
   </div>
   <div class='ocr_carea' id='block_1_39' title="bbox 246 2849 1846 2921">
    <p class='ocr_par' dir='ltr' id='par_1_39' title="bbox 246 2849 1846 2921">
     <span class='ocr_line' id='line_1_39' title="bbox 246 2849 1846 2921; baseline 0.004 -17"><span class='ocrx_word' id='word_1_267' title='bbox 246 2849 512 2921; x_wconf 86' lang='lat' dir='ltr'><strong><em>Cyrillum</em></strong></span> <span class='ocrx_word' id='word_1_268' title='bbox 538 2852 852 2907; x_wconf 90' lang='lat' dir='ltr'><strong><em>criminatus</em></strong></span> <span class='ocrx_word' id='word_1_269' title='bbox 869 2854 980 2908; x_wconf 87' lang='lat' dir='ltr'><strong><em>suis</em></strong></span> <span class='ocrx_word' id='word_1_270' title='bbox 999 2853 1460 2909; x_wconf 87' lang='lat' dir='ltr'><strong><em>anathematismis</em></strong></span> <span class='ocrx_word' id='word_1_271' title='bbox 1483 2854 1537 2908; x_wconf 91' lang='lat' dir='ltr'><strong><em>in</em></strong></span> <span class='ocrx_word' id='word_1_272' title='bbox 1557 2849 1846 2910; x_wconf 64' lang='lat' dir='ltr'><strong><em>haereticus-</em></strong></span> 
     </span>
    </p>
   </div>
   <div class='ocr_carea' id='block_1_40' title="bbox 247 2920 1836 2992">
    <p class='ocr_par' dir='ltr' id='par_1_40' title="bbox 247 2920 1836 2992">
     <span class='ocr_line' id='line_1_40' title="bbox 247 2920 1836 2992; baseline 0.003 -19"><span class='ocrx_word' id='word_1_273' title='bbox 247 2920 312 2992; x_wconf 82' lang='lat' dir='ltr'><strong><em>et</em></strong></span> <span class='ocrx_word' id='word_1_274' title='bbox 337 2920 674 2992; x_wconf 84' lang='lat' dir='ltr'><strong><em>blasphemas</em></strong></span> <span class='ocrx_word' id='word_1_275' title='bbox 702 2937 863 2976; x_wconf 85' lang='lat' dir='ltr'><strong><em>voces</em></strong></span> <span class='ocrx_word' id='word_1_276' title='bbox 889 2924 1150 2992; x_wconf 82' lang='lat' dir='ltr'><strong><em>empisse,</em></strong></span> <span class='ocrx_word' id='word_1_277' title='bbox 1181 2923 1606 2992; x_wconf 81' lang='lat' dir='ltr'><strong><em>exstinctamque</em></strong></span> <span class='ocrx_word' id='word_1_278' title='bbox 1633 2923 1836 2978; x_wconf 89' lang='lat' dir='ltr'><strong><em>dudum</em></strong></span> 
     </span>
    </p>
   </div>
   <div class='ocr_carea' id='block_1_41' title="bbox 247 2988 1838 3063">
    <p class='ocr_par' dir='ltr' id='par_1_41' title="bbox 247 2988 1838 3063">
     <span class='ocr_line' id='line_1_41' title="bbox 247 2988 1838 3063; baseline 0.004 -19"><span class='ocrx_word' id='word_1_279' title='bbox 247 2988 573 3060; x_wconf 80' lang='lat' dir='ltr'><strong><em>Apolliriarii</em></strong></span> <span class='ocrx_word' id='word_1_280' title='bbox 593 2993 810 3047; x_wconf 86' lang='lat' dir='ltr'><strong><em>inanem</em></strong></span> <span class='ocrx_word' id='word_1_281' title='bbox 829 2988 1340 3063; x_wconf 57' lang='lat' dir='ltr'><strong><em>simul&#39;impiamque</em></strong></span> <span class='ocrx_word' id='word_1_282' title='bbox 1360 2988 1658 3049; x_wconf 80' lang='lat' dir='ltr'><strong><em>doctrinam</em></strong></span> <span class='ocrx_word' id='word_1_283' title='bbox 1675 3009 1838 3050; x_wconf 82' lang='lat' dir='ltr'><strong><em>reno—</em></strong></span> 
     </span>
    </p>
   </div>
   <div class='ocr_carea' id='block_1_42' title="bbox 245 3075 494 3116">
    <p class='ocr_par' dir='ltr' id='par_1_42' title="bbox 245 3075 494 3116">
     <span class='ocr_line' id='line_1_42' title="bbox 245 3075 494 3116; baseline -0.008 0"><span class='ocrx_word' id='word_1_284' title='bbox 245 3075 430 3116; x_wconf 86' lang='lat' dir='ltr'><strong><em>vasse.</em></strong></span> <span class='ocrx_word' id='word_1_285' title='bbox 490 3101 494 3105; x_wconf 70' lang='grc' dir='ltr'><em>ι</em></span> 
     </span>
    </p>
   </div>
   <div class='ocr_carea' id='block_1_43' title="bbox 330 3129 1834 3204">
    <p class='ocr_par' dir='ltr' id='par_1_43' title="bbox 330 3129 1834 3204">
     <span class='ocr_line' id='line_1_43' title="bbox 330 3129 1834 3204; baseline -0.013 0"><span class='ocrx_word' id='word_1_286' title='bbox 330 3129 660 3204; x_wconf 48' lang='lat' dir='ltr'><strong><em>N996,”in</em></strong></span> <span class='ocrx_word' id='word_1_287' title='bbox 690 3139 899 3204; x_wconf 60' lang='lat' dir='ltr'><strong><em>tantum</em></strong></span> <span class='ocrx_word' id='word_1_288' title='bbox 936 3133 1026 3188; x_wconf 72' lang='lat' dir='ltr'><strong><em>me</em></strong></span> <span class='ocrx_word' id='word_1_289' title='bbox 1044 3172 1059 3198; x_wconf 72' lang='grc' dir='ltr'><strong>ν</strong></span> <span class='ocrx_word' id='word_1_290' title='bbox 1089 3132 1184 3204; x_wconf 75' lang='lat' dir='ltr'><strong><em>sed</em></strong></span> <span class='ocrx_word' id='word_1_291' title='bbox 1221 3133 1470 3204; x_wconf 78' lang='lat' dir='ltr'><strong><em>Omnibus</em></strong></span> <span class='ocrx_word' id='word_1_292' title='bbox 1500 3147 1716 3204; x_wconf 88' lang='lat' dir='ltr'><strong><em>quoque</em></strong></span> <span class='ocrx_word' id='word_1_293' title='bbox 1742 3148 1834 3204; x_wconf 27' lang='lat' dir='ltr'><strong><em>syt-</em></strong></span> 
     </span>
    </p>
   </div>
   <div class='ocr_carea' id='block_1_44' title="bbox 247 3199 1834 3272">
    <p class='ocr_par' dir='ltr' id='par_1_44' title="bbox 247 3199 1834 3272">
     <span class='ocr_line' id='line_1_44' title="bbox 247 3199 1834 3272; baseline 0.001 -16"><span class='ocrx_word' id='word_1_294' title='bbox 247 3199 693 3272; x_wconf 19' lang='lat' dir='ltr'><strong><em>nodilEphesinae</em></strong></span> <span class='ocrx_word' id='word_1_295' title='bbox 722 3201 987 3266; x_wconf 89' lang='lat' dir='ltr'><strong><em>Patribus,</em></strong></span> <span class='ocrx_word' id='word_1_296' title='bbox 1017 3203 1290 3258; x_wconf 75' lang='lat' dir='ltr'><strong><em>modestia:</em></strong></span> <span class='ocrx_word' id='word_1_297' title='bbox 1318 3199 1749 3272; x_wconf 49' lang='lat' dir='ltr'><strong><em>oblitus—suique,</em></strong></span> <span class='ocrx_word' id='word_1_298' title='bbox 1772 3199 1834 3257; x_wconf 80' lang='lat' dir='ltr'><strong><em>id</em></strong></span> 
     </span>
    </p>
   </div>
   <div class='ocr_carea' id='block_1_45' title="bbox 245 3271 1836 3344">
    <p class='ocr_par' dir='ltr' id='par_1_45' title="bbox 245 3271 1836 3344">
     <span class='ocr_line' id='line_1_45' title="bbox 245 3271 1836 3344; baseline 0.001 -20"><span class='ocrx_word' id='word_1_299' title='bbox 245 3271 493 3344; x_wconf 73' lang='lat' dir='ltr'><strong><em>criminis</em></strong></span> <span class='ocrx_word' id='word_1_300' title='bbox 520 3272 854 3344; x_wconf 75' lang='lat' dir='ltr'><strong><em>imponebat;</em></strong></span> <span class='ocrx_word' id='word_1_301' title='bbox 887 3289 1010 3327; x_wconf 87' lang='lat' dir='ltr'><strong><em>nam</em></strong></span> <span class='ocrx_word' id='word_1_302' title='bbox 1037 3289 1156 3328; x_wconf 89' lang='lat' dir='ltr'><strong><em>cum</em></strong></span> <span class='ocrx_word' id='word_1_303' title='bbox 1187 3274 1280 3327; x_wconf 67' lang='lat' dir='ltr'><strong><em>iraa</em></strong></span> <span class='ocrx_word' id='word_1_304' title='bbox 1314 3271 1581 3344; x_wconf 86' lang='lat' dir='ltr'><strong><em>impotens</em></strong></span> <span class='ocrx_word' id='word_1_305' title='bbox 1613 3271 1836 3343; x_wconf 81' lang='lat' dir='ltr'><strong><em>propter</em></strong></span> 
     </span>
    </p>
   </div>
   <div class='ocr_carea' id='block_1_46' title="bbox 245 3341 1836 3400">
    <p class='ocr_par' dir='ltr' id='par_1_46' title="bbox 245 3341 1836 3400">
     <span class='ocr_line' id='line_1_46' title="bbox 245 3341 1836 3400; baseline 0 -4"><span class='ocrx_word' id='word_1_306' title='bbox 245 3341 567 3396; x_wconf 84' lang='lat' dir='ltr'><strong><em>damnatum</em></strong></span> <span class='ocrx_word' id='word_1_307' title='bbox 603 3341 907 3396; x_wconf 69' lang='lat' dir='ltr'><strong><em>Nestorium</em></strong></span> <span class='ocrx_word' id='word_1_308' title='bbox 943 3359 1100 3396; x_wconf 88' lang='lat' dir='ltr'><strong><em>suum</em></strong></span> <span class='ocrx_word' id='word_1_309' title='bbox 1143 3341 1405 3398; x_wconf 76' lang='lat' dir='ltr'><strong><em>adversus</em></strong></span> <span class='ocrx_word' id='word_1_310' title='bbox 1433 3341 1836 3400; x_wconf 75' lang='lat' dir='ltr'><strong><em>sacrosanctum</em></strong></span> 
     </span>
    </p>
   </div>
   <div class='ocr_carea' id='block_1_47' title="bbox 249 3411 1837 3482">
    <p class='ocr_par' dir='ltr' id='par_1_47' title="bbox 249 3411 1837 3482">
     <span class='ocr_line' id='line_1_47' title="bbox 249 3411 1837 3482; baseline 0 -14"><span class='ocrx_word' id='word_1_311' title='bbox 249 3411 548 3482; x_wconf 87' lang='lat' dir='ltr'><strong><em>concilium</em></strong></span> <span class='ocrx_word' id='word_1_312' title='bbox 568 3411 891 3482; x_wconf 69' lang='lat' dir='ltr'><strong><em>yirulentum</em></strong></span> <span class='ocrx_word' id='word_1_313' title='bbox 913 3413 1111 3482; x_wconf 77' lang='lat' dir='ltr'><strong><em>stylpm</em></strong></span> <span class='ocrx_word' id='word_1_314' title='bbox 1139 3413 1444 3482; x_wconf 74' lang='lat' dir='ltr'><strong><em>stringeret,</em></strong></span> <span class='ocrx_word' id='word_1_315' title='bbox 1473 3420 1688 3470; x_wconf 87' lang='lat' dir='ltr'><strong><em>sanctos</em></strong></span> <span class='ocrx_word' id='word_1_316' title='bbox 1713 3413 1837 3468; x_wconf 82' lang='lat' dir='ltr'><strong><em>ﬁdei</em></strong></span> 
     </span>
    </p>
   </div>
   <div class='ocr_carea' id='block_1_48' title="bbox 247 3479 1840 3552">
    <p class='ocr_par' dir='ltr' id='par_1_48' title="bbox 247 3479 1840 3552">
     <span class='ocr_line' id='line_1_48' title="bbox 247 3479 1840 3552; baseline 0.001 -16"><span class='ocrx_word' id='word_1_317' title='bbox 247 3481 544 3552; x_wconf 75' lang='lat' dir='ltr'><strong><em>magistros</em></strong></span> <span class='ocrx_word' id='word_1_318' title='bbox 571 3479 645 3552; x_wconf 82' lang='lat' dir='ltr'><strong><em>ita</em></strong></span> <span class='ocrx_word' id='word_1_319' title='bbox 674 3479 1122 3552; x_wconf 49' lang='lat' dir='ltr'><strong><em>compellat&#39;(Lib.</em></strong></span> <span class='ocrx_word' id='word_1_320' title='bbox 1145 3498 1179 3536; x_wconf 66' lang='grc' dir='ltr'><strong>γ</strong></span> <span class='ocrx_word' id='word_1_321' title='bbox 1204 3479 1522 3552; x_wconf 82' lang='lat' dir='ltr'><strong><em>Pentalogii)</em></strong></span> <span class='ocrx_word' id='word_1_322' title='bbox 1568 3502 1586 3536; x_wconf 88' lang='lat'><strong><em>:-</em></strong></span> <span class='ocrx_word' id='word_1_323' title='bbox 1617 3483 1840 3538; x_wconf 86' lang='lat' dir='ltr'><strong><em>Tantum</em></strong></span> 
     </span>
    </p>
   </div>
   <div class='ocr_carea' id='block_1_49' title="bbox 247 3550 1838 3622">
    <p class='ocr_par' dir='ltr' id='par_1_49' title="bbox 247 3550 1838 3622">
     <span class='ocr_line' id='line_1_49' title="bbox 247 3550 1838 3622; baseline 0.001 -17"><span class='ocrx_word' id='word_1_324' title='bbox 247 3551 418 3605; x_wconf 76' lang='lat' dir='ltr'><strong><em>ualuit</em></strong></span> <span class='ocrx_word' id='word_1_325' title='bbox 445 3550 674 3622; x_wconf 79' lang='lat' dir='ltr'><strong><em>invidia,</em></strong></span> <span class='ocrx_word' id='word_1_326' title='bbox 706 3551 787 3603; x_wconf 86' lang='lat' dir='ltr'><strong><em>cui</em></strong></span> <span class='ocrx_word' id='word_1_327' title='bbox 822 3567 910 3622; x_wconf 82' lang='lat' dir='ltr'><strong><em>vos</em></strong></span> <span class='ocrx_word' id='word_1_328' title='bbox 945 3550 1398 3622; x_wconf 15' lang='lat' dir='ltr'><strong><em>mancipas_tis,lut</em></strong></span> <span class='ocrx_word' id='word_1_329' title='bbox 1432 3550 1545 3622; x_wconf 73' lang='lat' dir='ltr'><strong><em>quae</em></strong></span> <span class='ocrx_word' id='word_1_330' title='bbox 1585 3553 1708 3622; x_wconf 88' lang='lat' dir='ltr'><strong><em>olim</em></strong></span> <span class='ocrx_word' id='word_1_331' title='bbox 1747 3569 1838 3621; x_wconf 79' lang='lat' dir='ltr'><strong><em>per</em></strong></span> 
     </span>
    </p>
   </div>
   <div class='ocr_carea' id='block_1_50' title="bbox 210 3619 1835 3692">
    <p class='ocr_par' dir='ltr' id='par_1_50' title="bbox 210 3619 1835 3692">
     <span class='ocr_line' id='line_1_50' title="bbox 210 3619 1835 3692; baseline 0.001 -19"><span class='ocrx_word' id='word_1_332' title='bbox 210 3685 214 3687; x_wconf 17' lang='grc' dir='ltr'><em>Α</em></span> <span class='ocrx_word' id='word_1_333' title='bbox 246 3637 416 3692; x_wconf 78' lang='lat' dir='ltr'><strong><em>unum</em></strong></span> <span class='ocrx_word' id='word_1_334' title='bbox 453 3628 542 3675; x_wconf 91' lang='lat' dir='ltr'><strong><em>aut</em></strong></span> <span class='ocrx_word' id='word_1_335' title='bbox 562 3619 712 3684; x_wconf 87' lang='lat' dir='ltr'><strong><em>duos,</em></strong></span> <span class='ocrx_word' id='word_1_336' title='bbox 734 3629 787 3692; x_wconf 80' lang='lat' dir='ltr'><strong><em>et</em></strong></span> <span class='ocrx_word' id='word_1_337' title='bbox 812 3619 1166 3692; x_wconf 81' lang='lat' dir='ltr'><strong><em>hos__latentes,</em></strong></span> <span class='ocrx_word' id='word_1_338' title='bbox 1184 3619 1498 3690; x_wconf 67' lang='lat' dir='ltr'><strong><em>Apollinaris</em></strong></span> <span class='ocrx_word' id='word_1_339' title='bbox 1519 3619 1835 3692; x_wconf 80' lang='lat' dir='ltr'><strong><em>loquebatur,</em></strong></span> 
     </span>
    </p>
   </div>
   <div class='ocr_carea' id='block_1_51' title="bbox 247 3687 1837 3760">
    <p class='ocr_par' dir='ltr' id='par_1_51' title="bbox 247 3687 1837 3760">
     <span class='ocr_line' id='line_1_51' title="bbox 247 3687 1837 3760; baseline 0 -16"><span class='ocrx_word' id='word_1_340' title='bbox 247 3691 366 3760; x_wconf 73' lang='lat' dir='ltr'><strong><em>lucc</em></strong></span> <span class='ocrx_word' id='word_1_341' title='bbox 390 3706 526 3760; x_wconf 68' lang='lat' dir='ltr'><strong><em>nunc</em></strong></span> <span class='ocrx_word' id='word_1_342' title='bbox 564 3707 656 3760; x_wconf 87' lang='lat' dir='ltr'><strong><em>per</em></strong></span> <span class='ocrx_word' id='word_1_343' title='bbox 683 3690 868 3744; x_wconf 84' lang='lat' dir='ltr'><strong><em>multos</em></strong></span> <span class='ocrx_word' id='word_1_344' title='bbox 897 3687 1160 3760; x_wconf 58' lang='lat' dir='ltr'><strong><em>Ecclesia</em></strong></span> <span class='ocrx_word' id='word_1_345' title='bbox 1184 3687 1447 3760; x_wconf 73' lang='lat' dir='ltr'><strong><em>prwsules,</em></strong></span> <span class='ocrx_word' id='word_1_346' title='bbox 1483 3687 1837 3760; x_wconf 79' lang='lat' dir='ltr'><strong><em>congregatio—</em></strong></span> 
     </span>
    </p>
   </div>
   <div class='ocr_carea' id='block_1_52' title="bbox 247 3758 1839 3830">
    <p class='ocr_par' dir='ltr' id='par_1_52' title="bbox 247 3758 1839 3830">
     <span class='ocr_line' id='line_1_52' title="bbox 247 3758 1839 3830; baseline 0.001 -17"><span class='ocrx_word' id='word_1_347' title='bbox 247 3759 408 3813; x_wconf 79' lang='lat' dir='ltr'><strong><em>nibus</em></strong></span> <span class='ocrx_word' id='word_1_348' title='bbox 454 3758 803 3830; x_wconf 83' lang='lat' dir='ltr'><strong><em>Ecclesiarum</em></strong></span> <span class='ocrx_word' id='word_1_349' title='bbox 828 3763 992 3814; x_wconf 86' lang='lat' dir='ltr'><strong><em>sacris</em></strong></span> <span class='ocrx_word' id='word_1_350' title='bbox 1019 3758 1288 3825; x_wconf 73' lang='lat' dir='ltr'><strong><em>exhibeat;</em></strong></span> <span class='ocrx_word' id='word_1_351' title='bbox 1316 3769 1364 3815; x_wconf 89' lang='lat' dir='ltr'><strong><em>et</em></strong></span> <span class='ocrx_word' id='word_1_352' title='bbox 1382 3760 1510 3814; x_wconf 84' lang='lat' dir='ltr'><strong><em>tales</em></strong></span> <span class='ocrx_word' id='word_1_353' title='bbox 1551 3758 1722 3814; x_wconf 68' lang='lat' dir='ltr'><strong><em>herba:</em></strong></span> <span class='ocrx_word' id='word_1_354' title='bbox 1748 3777 1839 3830; x_wconf 88' lang='lat' dir='ltr'><strong><em>per</em></strong></span> 
     </span>
    </p>
   </div>
   <div class='ocr_carea' id='block_1_53' title="bbox 247 3829 1839 3910">
    <p class='ocr_par' dir='ltr' id='par_1_53' title="bbox 247 3829 1839 3910">
     <span class='ocr_line' id='line_1_53' title="bbox 247 3829 1839 3910; baseline 0.001 -28"><span class='ocrx_word' id='word_1_355' title='bbox 247 3839 491 3910; x_wconf 67' lang='lat' dir='ltr'><strong><em>pastores</em></strong></span> <span class='ocrx_word' id='word_1_356' title='bbox 517 3829 751 3910; x_wconf 75' lang='lat' dir='ltr'><strong><em>gregibus</em></strong></span> <span class='ocrx_word' id='word_1_357' title='bbox 773 3831 1074 3910; x_wconf 65' lang='lat' dir='ltr'><strong><em>offerantur,</em></strong></span> <span class='ocrx_word' id='word_1_358' title='bbox 1097 3831 1428 3910; x_wconf 61' lang='lat' dir='ltr'><strong><em>luporumque</em></strong></span> <span class='ocrx_word' id='word_1_359' title='bbox 1446 3845 1646 3884; x_wconf 82' lang='lat' dir='ltr'><strong><em>morsus</em></strong></span> <span class='ocrx_word' id='word_1_360' title='bbox 1670 3829 1839 3910; x_wconf 44' lang='lat' dir='ltr'><strong><em>recto:</em></strong></span> 
     </span>
    </p>
   </div>
   <div class='ocr_carea' id='block_1_54' title="bbox 247 3899 1844 3970">
    <p class='ocr_par' dir='ltr' id='par_1_54' title="bbox 247 3899 1844 3970">
     <span class='ocr_line' id='line_1_54' title="bbox 247 3899 1844 3970; baseline 0.003 -18"><span class='ocrx_word' id='word_1_361' title='bbox 247 3899 377 3970; x_wconf 65' lang='lat' dir='ltr'><strong><em>rum</em></strong></span> <span class='ocrx_word' id='word_1_362' title='bbox 403 3899 687 3970; x_wconf 77' lang='lat' dir='ltr'><strong><em>ministerio</em></strong></span> <span class='ocrx_word' id='word_1_363' title='bbox 725 3899 1065 3954; x_wconf 83' lang='lat' dir='ltr'><strong><em>rationalibus</em></strong></span> <span class='ocrx_word' id='word_1_364' title='bbox 1103 3899 1276 3970; x_wconf 86' lang='lat' dir='ltr'><strong><em>ovibus</em></strong></span> <span class='ocrx_word' id='word_1_365' title='bbox 1312 3899 1633 3970; x_wconf 83' lang='lat' dir='ltr'><strong><em>inﬁgantur;</em></strong></span> <span class='ocrx_word' id='word_1_366' title='bbox 1663 3908 1712 3954; x_wconf 88' lang='lat' dir='ltr'><strong><em>et</em></strong></span> <span class='ocrx_word' id='word_1_367' title='bbox 1752 3900 1844 3970; x_wconf 71' lang='lat' dir='ltr'><strong><em>qui,</em></strong></span> 
     </span>
    </p>
   </div>
   <div class='ocr_carea' id='block_1_55' title="bbox 247 3967 1840 4034">
    <p class='ocr_par' dir='ltr' id='par_1_55' title="bbox 247 3967 1840 4034">
     <span class='ocr_line' id='line_1_55' title="bbox 247 3967 1840 4034; baseline 0.001 -12"><span class='ocrx_word' id='word_1_368' title='bbox 247 3967 316 4023; x_wconf 81' lang='lat' dir='ltr'><strong><em>in</em></strong></span> <span class='ocrx_word' id='word_1_369' title='bbox 338 3967 538 4022; x_wconf 86' lang='lat' dir='ltr'><strong><em>duabus</em></strong></span> <span class='ocrx_word' id='word_1_370' title='bbox 566 3979 652 4023; x_wconf 90' lang='lat' dir='ltr'><strong><em>aut</em></strong></span> <span class='ocrx_word' id='word_1_371' title='bbox 677 3971 731 4022; x_wconf 87' lang='lat' dir='ltr'><strong><em>in</em></strong></span> <span class='ocrx_word' id='word_1_372' title='bbox 760 3971 918 4025; x_wconf 88' lang='lat' dir='ltr'><strong><em>tribus</em></strong></span> <span class='ocrx_word' id='word_1_373' title='bbox 947 3969 1262 4034; x_wconf 85' lang='lat' dir='ltr'><strong><em>civitatibus,</em></strong></span> <span class='ocrx_word' id='word_1_374' title='bbox 1291 3967 1442 4024; x_wconf 61' lang='lat' dir='ltr'><strong><em>extra</em></strong></span> <span class='ocrx_word' id='word_1_375' title='bbox 1468 3987 1731 4024; x_wconf 87' lang='lat' dir='ltr'><strong><em>murorum</em></strong></span> <span class='ocrx_word' id='word_1_376' title='bbox 1758 3967 1840 4023; x_wconf 78' lang='lat' dir='ltr'><strong><em>se-</em></strong></span> 
     </span>
    </p>
   </div>
   <div class='ocr_carea' id='block_1_56' title="bbox 247 4040 1840 4111">
    <p class='ocr_par' dir='ltr' id='par_1_56' title="bbox 247 4040 1840 4111">
     <span class='ocr_line' id='line_1_56' title="bbox 247 4040 1840 4111; baseline 0.001 -20"><span class='ocrx_word' id='word_1_377' title='bbox 247 4046 369 4111; x_wconf 70' lang='lat' dir='ltr'><strong><em>pta,</em></strong></span> <span class='ocrx_word' id='word_1_378' title='bbox 393 4056 582 4111; x_wconf 81' lang='lat' dir='ltr'><strong><em>paucos</em></strong></span> <span class='ocrx_word' id='word_1_379' title='bbox 610 4040 981 4111; x_wconf 85' lang='lat' dir='ltr'><strong><em>alloquebatur,</em></strong></span> <span class='ocrx_word' id='word_1_380' title='bbox 1010 4057 1137 4111; x_wconf 87' lang='lat' dir='ltr'><strong><em>quos</em></strong></span> <span class='ocrx_word' id='word_1_381' title='bbox 1158 4041 1313 4111; x_wconf 83' lang='lat' dir='ltr'><strong><em>etiam</em></strong></span> <span class='ocrx_word' id='word_1_382' title='bbox 1337 4042 1494 4111; x_wconf 88' lang='lat' dir='ltr'><strong><em>variis</em></strong></span> <span class='ocrx_word' id='word_1_383' title='bbox 1515 4041 1729 4111; x_wconf 82' lang='lat' dir='ltr'><strong><em>canticis</em></strong></span> <span class='ocrx_word' id='word_1_384' title='bbox 1758 4055 1840 4093; x_wconf 88' lang='lat' dir='ltr'><strong><em>se-</em></strong></span> 
     </span>
    </p>
   </div>
   <div class='ocr_carea' id='block_1_57' title="bbox 252 4108 1837 4181">
    <p class='ocr_par' dir='ltr' id='par_1_57' title="bbox 252 4108 1837 4181">
     <span class='ocr_line' id='line_1_57' title="bbox 252 4108 1837 4181; baseline 0.001 -20"><span class='ocrx_word' id='word_1_385' title='bbox 252 4108 496 4181; x_wconf 75' lang='lat' dir='ltr'><strong><em>ducebat,</em></strong></span> <span class='ocrx_word' id='word_1_386' title='bbox 528 4126 663 4163; x_wconf 82' lang='lat' dir='ltr'><strong><em>nunc</em></strong></span> <span class='ocrx_word' id='word_1_387' title='bbox 690 4108 788 4167; x_wconf 82' lang='lat' dir='ltr'><strong><em>iste</em></strong></span> <span class='ocrx_word' id='word_1_388' title='bbox 806 4127 897 4181; x_wconf 90' lang='lat' dir='ltr'><strong><em>per</em></strong></span> <span class='ocrx_word' id='word_1_389' title='bbox 917 4127 1004 4165; x_wconf 90' lang='lat' dir='ltr'><strong><em>vos</em></strong></span> <span class='ocrx_word' id='word_1_390' title='bbox 1023 4108 1078 4163; x_wconf 85' lang='lat' dir='ltr'><strong><em>in</em></strong></span> <span class='ocrx_word' id='word_1_391' title='bbox 1106 4109 1287 4165; x_wconf 86' lang='lat' dir='ltr'><strong><em>mediis</em></strong></span> <span class='ocrx_word' id='word_1_392' title='bbox 1318 4110 1570 4181; x_wconf 85' lang='lat' dir='ltr'><strong><em>tripudiat</em></strong></span> <span class='ocrx_word' id='word_1_393' title='bbox 1597 4108 1837 4173; x_wconf 86' lang='lat' dir='ltr'><strong><em>urbibus;</em></strong></span> 
     </span>
    </p>
   </div>
   <div class='ocr_carea' id='block_1_58' title="bbox 251 4179 1838 4250">
    <p class='ocr_par' dir='ltr' id='par_1_58' title="bbox 251 4179 1838 4250">
     <span class='ocr_line' id='line_1_58' title="bbox 251 4179 1838 4250; baseline 0.001 -17"><span class='ocrx_word' id='word_1_394' title='bbox 251 4179 373 4250; x_wconf 84' lang='lat' dir='ltr'><strong><em>ejus</em></strong></span> <span class='ocrx_word' id='word_1_395' title='bbox 417 4182 553 4233; x_wconf 82' lang='lat' dir='ltr'><strong><em>enim</em></strong></span> <span class='ocrx_word' id='word_1_396' title='bbox 602 4179 896 4250; x_wconf 67' lang='lat' dir='ltr'><strong><em>praedicatis</em></strong></span> <span class='ocrx_word' id='word_1_397' title='bbox 942 4197 1169 4243; x_wconf 86' lang='lat' dir='ltr'><strong><em>errores,</em></strong></span> <span class='ocrx_word' id='word_1_398' title='bbox 1216 4190 1266 4234; x_wconf 92' lang='lat' dir='ltr'><strong><em>et</em></strong></span> <span class='ocrx_word' id='word_1_399' title='bbox 1307 4179 1483 4235; x_wconf 81' lang='lat' dir='ltr'><strong><em>vocum</em></strong></span> <span class='ocrx_word' id='word_1_400' title='bbox 1530 4180 1838 4234; x_wconf 83' lang='lat' dir='ltr'><strong><em>novitatibus</em></strong></span> 
     </span>
    </p>
   </div>
   <div class='ocr_carea' id='block_1_59' title="bbox 295 4250 1840 4373">
    <p class='ocr_par' dir='ltr' id='par_1_59' title="bbox 295 4250 1840 4373">
     <span class='ocr_line' id='line_1_59' title="bbox 295 4250 1840 4373; baseline 0 -71"><span class='ocrx_word' id='word_1_401' title='bbox 295 4251 597 4314; x_wconf 83' lang='lat' dir='ltr'><strong><em>ecoramini,</em></strong></span> <span class='ocrx_word' id='word_1_402' title='bbox 643 4259 940 4320; x_wconf 83' lang='lat' dir='ltr'><strong><em>reparantes</em></strong></span> <span class='ocrx_word' id='word_1_403' title='bbox 991 4251 1103 4373; x_wconf 44' lang='lat' dir='ltr'><strong><em>cipis</em></strong></span> <span class='ocrx_word' id='word_1_404' title='bbox 1145 4250 1543 4322; x_wconf 85' lang='lat' dir='ltr'><strong><em>blasphemiam,</em></strong></span> <span class='ocrx_word' id='word_1_405' title='bbox 1583 4265 1697 4320; x_wconf 77' lang='lat' dir='ltr'><strong><em>qua:</em></strong></span> <span class='ocrx_word' id='word_1_406' title='bbox 1724 4251 1840 4316; x_wconf 84' lang='lat' dir='ltr'><strong><em>jam</em></strong></span> 
     </span>
     <span class='ocr_line' id='line_1_60' title="bbox 295 4327 1124 4373; baseline 0.001 -1"><span class='ocrx_word' id='word_1_407' title='bbox 295 4327 436 4373; x_wconf 85' lang='lat' dir='ltr'><strong><em>uerat</em></strong></span> <span class='ocrx_word' id='word_1_408' title='bbox 463 4329 764 4373; x_wconf 77' lang='lat' dir='ltr'><strong><em>consumma</em></strong></span> <span class='ocrx_word' id='word_1_409' title='bbox 793 4328 1006 4373; x_wconf 80' lang='lat' dir='ltr'><strong><em>temnon</em></strong></span> <span class='ocrx_word' id='word_1_410' title='bbox 1079 4337 1124 4373; x_wconf 89' lang='lat' dir='ltr'><strong><em>s.</em></strong></span> 
     </span>
    </p>
   </div>
   <div class='ocr_carea' id='block_1_60' title="bbox 257 4321 1124 4392">
    <p class='ocr_par' dir='ltr' id='par_1_60' title="bbox 257 4321 1124 4392">
     <span class='ocr_line' id='line_1_61' title="bbox 257 4321 1124 4392; baseline 0.002 -20"><span class='ocrx_word' id='word_1_411' title='bbox 257 4321 436 4392; x_wconf 77' lang='lat' dir='ltr'><strong><em>fuerat</em></strong></span> <span class='ocrx_word' id='word_1_412' title='bbox 463 4329 764 4391; x_wconf 86' lang='lat' dir='ltr'><strong><em>consumpta</em></strong></span> <span class='ocrx_word' id='word_1_413' title='bbox 793 4321 1124 4391; x_wconf 82' lang='lat' dir='ltr'><strong><em>temporibus.</em></strong></span> 
     </span>
    </p>
   </div>
   <div class='ocr_carea' id='block_1_61' title="bbox 326 4427 1779 4492">
    <p class='ocr_par' dir='ltr' id='par_1_61' title="bbox 326 4427 1779 4492">
     <span class='ocr_line' id='line_1_62' title="bbox 326 4427 1779 4492; baseline 0 -14"><span class='ocrx_word' id='word_1_414' title='bbox 326 4427 460 4492; x_wconf 61' lang='lat' dir='ltr'><strong><em>sill.</em></strong></span> <span class='ocrx_word' id='word_1_415' title='bbox 496 4429 620 4490; x_wconf 87' lang='lat' dir='ltr'><strong><em>Quid</em></strong></span> <span class='ocrx_word' id='word_1_416' title='bbox 645 4429 899 4481; x_wconf 79' lang='lat' dir='ltr'><strong><em>Nestorius</em></strong></span> <span class='ocrx_word' id='word_1_417' title='bbox 937 4430 1154 4492; x_wconf 84' lang='lat' dir='ltr'><strong><em>senserit</em></strong></span> <span class='ocrx_word' id='word_1_418' title='bbox 1191 4431 1255 4480; x_wconf 90' lang='lat' dir='ltr'><strong><em>de</em></strong></span> <span class='ocrx_word' id='word_1_419' title='bbox 1288 4431 1481 4480; x_wconf 80' lang='lat' dir='ltr'><strong><em>unionis</em></strong></span> <span class='ocrx_word' id='word_1_420' title='bbox 1501 4433 1779 4479; x_wconf 80' lang='lat' dir='ltr'><strong><em>naturarum</em></strong></span> 
     </span>
    </p>
   </div>
   <div class='ocr_carea' id='block_1_62' title="bbox 739 4491 1383 4554">
    <p class='ocr_par' dir='ltr' id='par_1_62' title="bbox 739 4491 1383 4554">
     <span class='ocr_line' id='line_1_63' title="bbox 739 4491 1383 4554; baseline 0.002 -14"><span class='ocrx_word' id='word_1_421' title='bbox 739 4492 1018 4554; x_wconf 84' lang='lat' dir='ltr'><strong><em>inceptioue</em></strong></span> <span class='ocrx_word' id='word_1_422' title='bbox 1035 4499 1086 4542; x_wconf 88' lang='lat' dir='ltr'><strong><em>et</em></strong></span> <span class='ocrx_word' id='word_1_423' title='bbox 1107 4491 1383 4543; x_wconf 86' lang='lat' dir='ltr'><strong><em>duratione.</em></strong></span> 
     </span>
    </p>
   </div>
   <div class='ocr_carea' id='block_1_63' title="bbox 336 4592 1842 4653">
    <p class='ocr_par' dir='ltr' id='par_1_63' title="bbox 336 4592 1842 4653">
     <span class='ocr_line' id='line_1_64' title="bbox 336 4592 1842 4653; baseline 0.001 -3"><span class='ocrx_word' id='word_1_424' title='bbox 336 4592 403 4650; x_wconf 87' lang='lat' dir='ltr'><strong><em>Ut</em></strong></span> <span class='ocrx_word' id='word_1_425' title='bbox 427 4595 495 4650; x_wconf 89' lang='lat' dir='ltr'><strong><em>de</em></strong></span> <span class='ocrx_word' id='word_1_426' title='bbox 515 4595 728 4650; x_wconf 89' lang='lat' dir='ltr'><strong><em>unionis</em></strong></span> <span class='ocrx_word' id='word_1_427' title='bbox 747 4597 1002 4651; x_wconf 77' lang='lat' dir='ltr'><strong><em>extremis</em></strong></span> <span class='ocrx_word' id='word_1_428' title='bbox 1023 4596 1232 4653; x_wconf 89' lang='lat' dir='ltr'><strong><em>duobus</em></strong></span> <span class='ocrx_word' id='word_1_429' title='bbox 1249 4597 1526 4653; x_wconf 83' lang='lat' dir='ltr'><strong><em>Nestorius</em></strong></span> <span class='ocrx_word' id='word_1_430' title='bbox 1559 4595 1630 4651; x_wconf 86' lang='lat' dir='ltr'><strong><em>ab</em></strong></span> <span class='ocrx_word' id='word_1_431' title='bbox 1656 4595 1842 4652; x_wconf 83' lang='lat' dir='ltr'><strong><em>Eccle-</em></strong></span> 
     </span>
    </p>
   </div>
   <div class='ocr_carea' id='block_1_64' title="bbox 256 4666 1842 4737">
    <p class='ocr_par' dir='ltr' id='par_1_64' title="bbox 256 4666 1842 4737">
     <span class='ocr_line' id='line_1_65' title="bbox 256 4666 1842 4737; baseline -0.001 -15"><span class='ocrx_word' id='word_1_432' title='bbox 256 4666 356 4737; x_wconf 63' lang='lat' dir='ltr'><strong><em>sia:</em></strong></span> <span class='ocrx_word' id='word_1_433' title='bbox 377 4666 646 4737; x_wconf 81' lang='lat' dir='ltr'><strong><em>sententia</em></strong></span> <span class='ocrx_word' id='word_1_434' title='bbox 669 4681 775 4737; x_wconf 90' lang='lat' dir='ltr'><strong><em>non</em></strong></span> <span class='ocrx_word' id='word_1_435' title='bbox 794 4668 1034 4737; x_wconf 81' lang='lat' dir='ltr'><strong><em>recessit,</em></strong></span> <span class='ocrx_word' id='word_1_436' title='bbox 1063 4669 1136 4722; x_wconf 86' lang='lat' dir='ltr'><strong><em>ita</em></strong></span> <span class='ocrx_word' id='word_1_437' title='bbox 1152 4683 1251 4723; x_wconf 89' lang='lat' dir='ltr'><strong><em>nec</em></strong></span> <span class='ocrx_word' id='word_1_438' title='bbox 1269 4667 1518 4723; x_wconf 69' lang='lat' dir='ltr'><strong><em>Ecclesiae</em></strong></span> <span class='ocrx_word' id='word_1_439' title='bbox 1538 4667 1842 4737; x_wconf 88' lang='lat' dir='ltr'><strong><em>oppositum</em></strong></span> 
     </span>
    </p>
   </div>
   <div class='ocr_carea' id='block_1_65' title="bbox 256 4735 1844 4806">
    <p class='ocr_par' dir='ltr' id='par_1_65' title="bbox 256 4735 1844 4806">
     <span class='ocr_line' id='line_1_66' title="bbox 256 4735 1844 4806; baseline 0.003 -18"><span class='ocrx_word' id='word_1_440' title='bbox 256 4735 556 4806; x_wconf 86' lang='lat' dir='ltr'><strong><em>quidquam</em></strong></span> <span class='ocrx_word' id='word_1_441' title='bbox 586 4736 753 4806; x_wconf 86' lang='lat' dir='ltr'><strong><em>sensit</em></strong></span> <span class='ocrx_word' id='word_1_442' title='bbox 796 4735 864 4790; x_wconf 91' lang='lat' dir='ltr'><strong><em>de</em></strong></span> <span class='ocrx_word' id='word_1_443' title='bbox 883 4745 1147 4806; x_wconf 74' lang='lat' dir='ltr'><strong><em>tempore</em></strong></span> <span class='ocrx_word' id='word_1_444' title='bbox 1188 4753 1296 4806; x_wconf 91' lang='lat' dir='ltr'><strong><em>quo</em></strong></span> <span class='ocrx_word' id='word_1_445' title='bbox 1326 4739 1454 4793; x_wconf 90' lang='lat' dir='ltr'><strong><em>unio</em></strong></span> <span class='ocrx_word' id='word_1_446' title='bbox 1485 4735 1589 4792; x_wconf 52' lang='lat' dir='ltr'><strong><em>vel&#39;</em></strong></span> <span class='ocrx_word' id='word_1_447' title='bbox 1615 4735 1844 4806; x_wconf 89' lang='lat' dir='ltr'><strong><em>primum</em></strong></span> 
     </span>
    </p>
   </div>
   <div class='ocr_carea' id='block_1_66' title="bbox 257 4805 1837 4876">
    <p class='ocr_par' dir='ltr' id='par_1_66' title="bbox 257 4805 1837 4876">
     <span class='ocr_line' id='line_1_67' title="bbox 257 4805 1837 4876; baseline 0.001 -17"><span class='ocrx_word' id='word_1_448' title='bbox 257 4805 489 4876; x_wconf 77' lang='lat' dir='ltr'><strong><em>exstitit,</em></strong></span> <span class='ocrx_word' id='word_1_449' title='bbox 515 4806 601 4860; x_wconf 81' lang='lat' dir='ltr'><strong><em>vel</em></strong></span> <span class='ocrx_word' id='word_1_450' title='bbox 627 4805 838 4876; x_wconf 81' lang='lat' dir='ltr'><strong><em>duravit</em></strong></span> <span class='ocrx_word' id='word_1_451' title='bbox 864 4805 1148 4876; x_wconf 84' lang='lat' dir='ltr'><strong><em>deinceps,</em></strong></span> <span class='ocrx_word' id='word_1_452' title='bbox 1171 4805 1264 4862; x_wconf 74' lang='lat' dir='ltr'><strong><em>‘vel</em></strong></span> <span class='ocrx_word' id='word_1_453' title='bbox 1289 4808 1543 4862; x_wconf 85' lang='lat' dir='ltr'><strong><em>duratura</em></strong></span> <span class='ocrx_word' id='word_1_454' title='bbox 1572 4805 1686 4871; x_wconf 82' lang='lat' dir='ltr'><strong><em>est;</em></strong></span> <span class='ocrx_word' id='word_1_455' title='bbox 1713 4823 1837 4860; x_wconf 83' lang='lat' dir='ltr'><strong><em>sen-</em></strong></span> 
     </span>
    </p>
   </div>
   <div class='ocr_carea' id='block_1_67' title="bbox 256 4874 1844 4946">
    <p class='ocr_par' dir='ltr' id='par_1_67' title="bbox 256 4874 1844 4946">
     <span class='ocr_line' id='line_1_68' title="bbox 256 4874 1844 4946; baseline 0.002 -17"><span class='ocrx_word' id='word_1_456' title='bbox 256 4875 333 4929; x_wconf 89' lang='lat' dir='ltr'><strong><em>sit</em></strong></span> <span class='ocrx_word' id='word_1_457' title='bbox 359 4875 502 4929; x_wconf 90' lang='lat' dir='ltr'><strong><em>enim</em></strong></span> <span class='ocrx_word' id='word_1_458' title='bbox 522 4876 803 4946; x_wconf 80' lang='lat' dir='ltr'><strong><em>exstitisse</em></strong></span> <span class='ocrx_word' id='word_1_459' title='bbox 810 4874 933 4946; x_wconf 85' lang='lat' dir='ltr'><strong><em>jam</em></strong></span> <span class='ocrx_word' id='word_1_460' title='bbox 962 4874 1238 4946; x_wconf 76' lang='lat' dir='ltr'><strong><em>tuuccum</em></strong></span> <span class='ocrx_word' id='word_1_461' title='bbox 1275 4885 1590 4946; x_wconf 89' lang='lat' dir='ltr'><strong><em>operaretur</em></strong></span> <span class='ocrx_word' id='word_1_462' title='bbox 1616 4876 1844 4946; x_wconf 85' lang='lat' dir='ltr'><strong><em>Spiritus</em></strong></span> 
     </span>
    </p>
   </div>
   <div class='ocr_carea' id='block_1_68' title="bbox 257 4944 1842 5014">
    <p class='ocr_par' dir='ltr' id='par_1_68' title="bbox 257 4944 1842 5014">
     <span class='ocr_line' id='line_1_69' title="bbox 257 4944 1842 5014; baseline -0.002 -14"><span class='ocrx_word' id='word_1_463' title='bbox 257 4953 484 5000; x_wconf 85' lang='lat' dir='ltr'><strong><em>sanctus</em></strong></span> <span class='ocrx_word' id='word_1_464' title='bbox 519 4945 572 5000; x_wconf 90' lang='lat' dir='ltr'><strong><em>in</em></strong></span> <span class='ocrx_word' id='word_1_465' title='bbox 603 4954 755 5001; x_wconf 88' lang='lat' dir='ltr'><strong><em>utero</em></strong></span> <span class='ocrx_word' id='word_1_466' title='bbox 786 4945 1015 5014; x_wconf 81' lang='lat' dir='ltr'><strong><em>Virginis</em></strong></span> <span class='ocrx_word' id='word_1_467' title='bbox 1035 4984 1050 5009; x_wconf 93' lang='lat'><strong><em>,</em></strong></span> <span class='ocrx_word' id='word_1_468' title='bbox 1081 4944 1364 5014; x_wconf 81' lang='lat' dir='ltr'><strong><em>Verboque</em></strong></span> <span class='ocrx_word' id='word_1_469' title='bbox 1393 4944 1842 5014; x_wconf 27' lang='lat' dir='ltr'><strong><em>templum‘azdili-</em></strong></span> 
     </span>
    </p>
   </div>
   <div class='ocr_carea' id='block_1_69' title="bbox 258 5014 1842 5086">
    <p class='ocr_par' dir='ltr' id='par_1_69' title="bbox 258 5014 1842 5086">
     <span class='ocr_line' id='line_1_70' title="bbox 258 5014 1842 5086; baseline 0 -16"><span class='ocrx_word' id='word_1_470' title='bbox 258 5022 432 5079; x_wconf 88' lang='lat' dir='ltr'><strong><em>caret,</em></strong></span> <span class='ocrx_word' id='word_1_471' title='bbox 461 5014 512 5068; x_wconf 89' lang='lat' dir='ltr'><strong><em>id</em></strong></span> <span class='ocrx_word' id='word_1_472' title='bbox 535 5023 634 5078; x_wconf 74' lang='lat' dir='ltr'><strong><em>est,</em></strong></span> <span class='ocrx_word' id='word_1_473' title='bbox 665 5016 717 5070; x_wconf 91' lang='lat' dir='ltr'><strong><em>in</em></strong></span> <span class='ocrx_word' id='word_1_474' title='bbox 745 5015 864 5086; x_wconf 82' lang='lat' dir='ltr'><strong><em>ipso</em></strong></span> <span class='ocrx_word' id='word_1_475' title='bbox 895 5016 1126 5072; x_wconf 87' lang='lat' dir='ltr'><strong><em>hominis</em></strong></span> <span class='ocrx_word' id='word_1_476' title='bbox 1169 5024 1448 5086; x_wconf 86' lang='lat' dir='ltr'><strong><em>conceptu.</em></strong></span> <span class='ocrx_word' id='word_1_477' title='bbox 1483 5015 1540 5070; x_wconf 89' lang='lat' dir='ltr'><strong><em>ld</em></strong></span> <span class='ocrx_word' id='word_1_478' title='bbox 1579 5032 1706 5071; x_wconf 89' lang='lat' dir='ltr'><strong><em>vero</em></strong></span> <span class='ocrx_word' id='word_1_479' title='bbox 1735 5024 1842 5070; x_wconf 87' lang='lat' dir='ltr'><strong><em>tam</em></strong></span> 
     </span>
    </p>
   </div>
   <div class='ocr_carea' id='block_1_70' title="bbox 259 5085 1845 5156">
    <p class='ocr_par' dir='ltr' id='par_1_70' title="bbox 259 5085 1845 5156">
     <span class='ocr_line' id='line_1_71' title="bbox 259 5085 1845 5156; baseline 0.001 -17"><span class='ocrx_word' id='word_1_480' title='bbox 259 5092 453 5156; x_wconf 87' lang='lat' dir='ltr'><strong><em>aperte</em></strong></span> <span class='ocrx_word' id='word_1_481' title='bbox 493 5092 708 5156; x_wconf 80' lang='lat' dir='ltr'><strong><em>tamque</em></strong></span> <span class='ocrx_word' id='word_1_482' title='bbox 737 5085 1043 5156; x_wconf 78' lang='lat' dir='ltr'><strong><em>frequenter</em></strong></span> <span class='ocrx_word' id='word_1_483' title='bbox 1082 5085 1258 5156; x_wconf 87' lang='lat' dir='ltr'><strong><em>tradit,</em></strong></span> <span class='ocrx_word' id='word_1_484' title='bbox 1291 5085 1351 5140; x_wconf 88' lang='lat' dir='ltr'><strong><em>ut</em></strong></span> <span class='ocrx_word' id='word_1_485' title='bbox 1374 5086 1555 5139; x_wconf 88' lang='lat' dir='ltr'><strong><em>mirari</em></strong></span> <span class='ocrx_word' id='word_1_486' title='bbox 1583 5087 1712 5140; x_wconf 88' lang='lat' dir='ltr'><strong><em>satis</em></strong></span> <span class='ocrx_word' id='word_1_487' title='bbox 1739 5102 1845 5140; x_wconf 91' lang='lat' dir='ltr'><strong><em>non</em></strong></span> 
     </span>
    </p>
   </div>
   <div class='ocr_carea' id='block_1_71' title="bbox 260 5155 1848 5226">
    <p class='ocr_par' dir='ltr' id='par_1_71' title="bbox 260 5155 1848 5226">
     <span class='ocr_line' id='line_1_72' title="bbox 260 5155 1848 5226; baseline 0 -16"><span class='ocrx_word' id='word_1_488' title='bbox 260 5155 469 5226; x_wconf 85' lang='lat' dir='ltr'><strong><em>possim</em></strong></span> <span class='ocrx_word' id='word_1_489' title='bbox 495 5155 773 5212; x_wconf 85' lang='lat' dir='ltr'><strong><em>hominum</em></strong></span> <span class='ocrx_word' id='word_1_490' title='bbox 804 5155 950 5212; x_wconf 88' lang='lat' dir='ltr'><strong><em>aliud</em></strong></span> <span class='ocrx_word' id='word_1_491' title='bbox 981 5155 1227 5212; x_wconf 83' lang='lat' dir='ltr'><strong><em>Nestorio</em></strong></span> <span class='ocrx_word' id='word_1_492' title='bbox 1255 5156 1604 5210; x_wconf 89' lang='lat' dir='ltr'><strong><em>tribuentium</em></strong></span> <span class='ocrx_word' id='word_1_493' title='bbox 1629 5165 1848 5212; x_wconf 84' lang='lat' dir='ltr'><strong><em>senten-</em></strong></span> 
     </span>
    </p>
   </div>
   <div class='ocr_carea' id='block_1_72' title="bbox 260 5227 420 5281">
    <p class='ocr_par' dir='ltr' id='par_1_72' title="bbox 260 5227 420 5281">
     <span class='ocr_line' id='line_1_73' title="bbox 260 5227 420 5281; baseline 0 -1"><span class='ocrx_word' id='word_1_494' title='bbox 260 5227 420 5281; x_wconf 89' lang='lat' dir='ltr'><strong><em>tiam.</em></strong></span> 
     </span>
    </p>
   </div>
   <div class='ocr_carea' id='block_1_73' title="bbox 337 5293 1848 5366">
    <p class='ocr_par' dir='ltr' id='par_1_73' title="bbox 337 5293 1848 5366">
     <span class='ocr_line' id='line_1_74' title="bbox 337 5293 1848 5366; baseline -0.003 -14"><span class='ocrx_word' id='word_1_495' title='bbox 337 5296 600 5352; x_wconf 88' lang='lat' dir='ltr'><strong><em>Sermone</em></strong></span> <span class='ocrx_word' id='word_1_496' title='bbox 625 5296 658 5349; x_wconf 80' lang='lat'>&#39;5</span> <span class='ocrx_word' id='word_1_497' title='bbox 675 5294 860 5366; x_wconf 82' lang='lat' dir='ltr'><strong><em>(Nunt.</em></strong></span> <span class='ocrx_word' id='word_1_498' title='bbox 894 5296 945 5364; x_wconf 82' lang='lat'><strong><em>5,</em></strong></span> <span class='ocrx_word' id='word_1_499' title='bbox 964 5298 1018 5365; x_wconf 80' lang='lat'><strong><em>6)</em></strong></span> <span class='ocrx_word' id='word_1_500' title='bbox 1045 5316 1056 5350; x_wconf 94' lang='lat'><strong>:</strong></span> <span class='ocrx_word' id='word_1_501' title='bbox 1087 5293 1214 5361; x_wconf 84' lang='lat' dir='ltr'><strong><em>Quis</em></strong></span> <span class='ocrx_word' id='word_1_502' title='bbox 1234 5304 1403 5350; x_wconf 88' lang='lat' dir='ltr'><strong><em>autem</em></strong></span> <span class='ocrx_word' id='word_1_503' title='bbox 1429 5296 1705 5366; x_wconf 76' lang='lat' dir='ltr'><strong><em>secundum</em></strong></span> <span class='ocrx_word' id='word_1_504' title='bbox 1727 5295 1848 5350; x_wconf 85' lang='lat' dir='ltr'><strong><em>sub-</em></strong></span> 
     </span>
    </p>
   </div>
   <div class='ocr_carea' id='block_1_74' title="bbox 260 5363 1845 5437">
    <p class='ocr_par' dir='ltr' id='par_1_74' title="bbox 260 5363 1845 5437">
     <span class='ocr_line' id='line_1_75' title="bbox 260 5363 1845 5437; baseline -0.001 -15"><span class='ocrx_word' id='word_1_505' title='bbox 260 5368 515 5437; x_wconf 72' lang='lat' dir='ltr'><strong><em>stantiam</em></strong></span> <span class='ocrx_word' id='word_1_506' title='bbox 552 5367 661 5437; x_wconf 78' lang='lat' dir='ltr'><strong><em>ejus</em></strong></span> <span class='ocrx_word' id='word_1_507' title='bbox 685 5363 904 5436; x_wconf 71' lang='lat' dir='ltr'><strong><em>(Mariae</em></strong></span> <span class='ocrx_word' id='word_1_508' title='bbox 932 5363 1190 5437; x_wconf 61' lang='lat' dir='ltr'><strong><em>Virginis)</em></strong></span> <span class='ocrx_word' id='word_1_509' title='bbox 1228 5369 1326 5420; x_wconf 89' lang='lat' dir='ltr'><strong><em>erit</em></strong></span> <span class='ocrx_word' id='word_1_510' title='bbox 1377 5367 1603 5437; x_wconf 75' lang='lat' dir='ltr'><strong><em>similis?</em></strong></span> <span class='ocrx_word' id='word_1_511' title='bbox 1640 5363 1696 5420; x_wconf 86' lang='lat' dir='ltr'><strong><em>Is</em></strong></span> <span class='ocrx_word' id='word_1_512' title='bbox 1734 5368 1845 5420; x_wconf 88' lang='lat' dir='ltr'><strong><em>sine</em></strong></span> 
     </span>
    </p>
   </div>
   <div class='ocr_carea' id='block_1_75' title="bbox 260 5434 1846 5509">
    <p class='ocr_par' dir='ltr' id='par_1_75' title="bbox 260 5434 1846 5509">
     <span class='ocr_line' id='line_1_76' title="bbox 260 5434 1846 5509; baseline -0.001 -18"><span class='ocrx_word' id='word_1_513' title='bbox 260 5436 422 5491; x_wconf 79' lang='lat' dir='ltr'><strong><em>dubio</em></strong></span> <span class='ocrx_word' id='word_1_514' title='bbox 446 5437 530 5507; x_wconf 85' lang='lat' dir='ltr'><strong><em>qui</em></strong></span> <span class='ocrx_word' id='word_1_515' title='bbox 547 5434 965 5509; x_wconf 19' lang='lat' dir='ltr'><strong><em>Spirituslsancti</em></strong></span> <span class='ocrx_word' id='word_1_516' title='bbox 991 5434 1194 5509; x_wconf 78' lang='lat' dir='ltr'><strong><em>opiﬁcio</em></strong></span> <span class='ocrx_word' id='word_1_517' title='bbox 1217 5439 1430 5492; x_wconf 73' lang='lat' dir='ltr'><strong><em>exstitit.</em></strong></span> <span class='ocrx_word' id='word_1_518' title='bbox 1457 5434 1607 5509; x_wconf 81' lang='lat' dir='ltr'><strong><em>Quod</em></strong></span> <span class='ocrx_word' id='word_1_519' title='bbox 1630 5437 1764 5509; x_wconf 83' lang='lat' dir='ltr'><strong><em>enim</em></strong></span> <span class='ocrx_word' id='word_1_520' title='bbox 1790 5438 1846 5490; x_wconf 90' lang='lat' dir='ltr'><strong><em>in</em></strong></span> 
     </span>
    </p>
   </div>
   <div class='ocr_carea' id='block_1_76' title="bbox 262 5505 1847 5577">
    <p class='ocr_par' dir='ltr' id='par_1_76' title="bbox 262 5505 1847 5577">
     <span class='ocr_line' id='line_1_77' title="bbox 262 5505 1847 5577; baseline -0.002 -15"><span class='ocrx_word' id='word_1_521' title='bbox 262 5526 325 5562; x_wconf 78' lang='lat' dir='ltr'><strong><em>ea</em></strong></span> <span class='ocrx_word' id='word_1_522' title='bbox 354 5505 636 5577; x_wconf 83' lang='lat' dir='ltr'><strong><em>natumest</em></strong></span> <span class='ocrx_word' id='word_1_523' title='bbox 659 5507 722 5560; x_wconf 91' lang='lat' dir='ltr'><strong><em>de</em></strong></span> <span class='ocrx_word' id='word_1_524' title='bbox 749 5505 950 5577; x_wconf 84' lang='lat' dir='ltr'><strong><em>Spiritu</em></strong></span> <span class='ocrx_word' id='word_1_525' title='bbox 973 5505 1150 5563; x_wconf 82' lang='lat' dir='ltr'><strong><em>sancto</em></strong></span> <span class='ocrx_word' id='word_1_526' title='bbox 1177 5516 1272 5572; x_wconf 90' lang='lat' dir='ltr'><strong><em>est,</em></strong></span> <span class='ocrx_word' id='word_1_527' title='bbox 1302 5523 1414 5561; x_wconf 83' lang='lat' dir='ltr'><strong><em>cum</em></strong></span> <span class='ocrx_word' id='word_1_528' title='bbox 1435 5525 1530 5577; x_wconf 85' lang='lat' dir='ltr'><strong><em>quo</em></strong></span> <span class='ocrx_word' id='word_1_529' title='bbox 1553 5507 1847 5560; x_wconf 83' lang='lat' dir='ltr'><strong><em>indesinen-</em></strong></span> 
     </span>
    </p>
   </div>
   <div class='ocr_carea' id='block_1_77' title="bbox 265 5575 1847 5649">
    <p class='ocr_par' dir='ltr' id='par_1_77' title="bbox 265 5575 1847 5649">
     <span class='ocr_line' id='line_1_78' title="bbox 265 5575 1847 5649; baseline -0.001 -18"><span class='ocrx_word' id='word_1_530' title='bbox 265 5589 344 5631; x_wconf 86' lang='lat' dir='ltr'><strong><em>ter</em></strong></span> <span class='ocrx_word' id='word_1_531' title='bbox 365 5587 488 5649; x_wconf 88' lang='lat' dir='ltr'><strong><em>erat_</em></strong></span> <span class='ocrx_word' id='word_1_532' title='bbox 500 5575 734 5649; x_wconf 67' lang='lat' dir='ltr'><strong><em>Verbum</em></strong></span> <span class='ocrx_word' id='word_1_533' title='bbox 759 5575 920 5649; x_wconf 81' lang='lat' dir='ltr'><strong><em>Deus.</em></strong></span> <span class='ocrx_word' id='word_1_534' title='bbox 962 5577 1181 5633; x_wconf 84' lang='lat' dir='ltr'><strong><em>Verbum</em></strong></span> <span class='ocrx_word' id='word_1_535' title='bbox 1205 5595 1325 5649; x_wconf 90' lang='lat' dir='ltr'><strong><em>ergo</em></strong></span> <span class='ocrx_word' id='word_1_536' title='bbox 1353 5575 1495 5632; x_wconf 81' lang='lat' dir='ltr'><strong><em>Deus</em></strong></span> <span class='ocrx_word' id='word_1_537' title='bbox 1521 5593 1626 5631; x_wconf 89' lang='lat' dir='ltr'><strong><em>non</em></strong></span> <span class='ocrx_word' id='word_1_538' title='bbox 1653 5585 1731 5630; x_wconf 88' lang='lat' dir='ltr'><strong><em>est</em></strong></span> <span class='ocrx_word' id='word_1_539' title='bbox 1750 5593 1847 5630; x_wconf 87' lang='lat' dir='ltr'><strong><em>na-</em></strong></span> 
     </span>
    </p>
   </div>
   <div class='ocr_carea' id='block_1_78' title="bbox 264 5645 1840 5719">
    <p class='ocr_par' dir='ltr' id='par_1_78' title="bbox 264 5645 1840 5719">
     <span class='ocr_line' id='line_1_79' title="bbox 264 5645 1840 5719; baseline -0.003 -17"><span class='ocrx_word' id='word_1_540' title='bbox 264 5659 346 5719; x_wconf 70' lang='lat' dir='ltr'><strong><em>tus</em></strong></span> <span class='ocrx_word' id='word_1_541' title='bbox 367 5663 431 5700; x_wconf 77' lang='lat' dir='ltr'><strong><em>ea:</em></strong></span> <span class='ocrx_word' id='word_1_542' title='bbox 462 5645 656 5719; x_wconf 64' lang='lat' dir='ltr'><strong><em>Mqria,</em></strong></span> <span class='ocrx_word' id='word_1_543' title='bbox 682 5646 772 5702; x_wconf 86' lang='lat' dir='ltr'><strong><em>sed</em></strong></span> <span class='ocrx_word' id='word_1_544' title='bbox 813 5649 866 5700; x_wconf 89' lang='lat' dir='ltr'><strong><em>in</em></strong></span> <span class='ocrx_word' id='word_1_545' title='bbox 895 5649 1005 5712; x_wconf 91' lang='lat' dir='ltr'><strong><em>illo,</em></strong></span> <span class='ocrx_word' id='word_1_546' title='bbox 1033 5649 1119 5719; x_wconf 86' lang='lat' dir='ltr'><strong><em>qui</em></strong></span> <span class='ocrx_word' id='word_1_547' title='bbox 1145 5663 1210 5702; x_wconf 75' lang='lat' dir='ltr'><strong><em>ea:</em></strong></span> <span class='ocrx_word' id='word_1_548' title='bbox 1237 5645 1298 5701; x_wconf 76' lang='lat' dir='ltr'><strong><em>ea</em></strong></span> <span class='ocrx_word' id='word_1_549' title='bbox 1327 5658 1477 5719; x_wconf 87' lang='lat' dir='ltr'><strong><em>natus</em></strong></span> <span class='ocrx_word' id='word_1_550' title='bbox 1505 5656 1602 5719; x_wconf 89' lang='lat' dir='ltr'><strong><em>est,</em></strong></span> <span class='ocrx_word' id='word_1_551' title='bbox 1629 5649 1840 5719; x_wconf 84' lang='lat' dir='ltr'><strong><em>mansit.</em></strong></span> 
     </span>
    </p>
   </div>
   <div class='ocr_carea' id='block_1_79' title="bbox 267 5715 1844 5794">
    <p class='ocr_par' dir='ltr' id='par_1_79' title="bbox 267 5715 1844 5794">
     <span class='ocr_line' id='line_1_80' title="bbox 267 5715 1844 5794; baseline -0.002 -22"><span class='ocrx_word' id='word_1_552' title='bbox 267 5717 392 5772; x_wconf 77' lang='lat' dir='ltr'><strong><em>Non</em></strong></span> <span class='ocrx_word' id='word_1_553' title='bbox 415 5733 478 5772; x_wconf 74' lang='lat' dir='ltr'><strong><em>ex</em></strong></span> <span class='ocrx_word' id='word_1_554' title='bbox 513 5715 732 5794; x_wconf 80' lang='lat' dir='ltr'><strong><em>Virgine</em></strong></span> <span class='ocrx_word' id='word_1_555' title='bbox 751 5719 951 5773; x_wconf 85' lang='lat' dir='ltr'><strong><em>initium</em></strong></span> <span class='ocrx_word' id='word_1_556' title='bbox 988 5715 1191 5791; x_wconf 82' lang='lat' dir='ltr'><strong><em>habuit,</em></strong></span> <span class='ocrx_word' id='word_1_557' title='bbox 1217 5719 1308 5775; x_wconf 85' lang='lat' dir='ltr'><strong><em>sed</em></strong></span> <span class='ocrx_word' id='word_1_558' title='bbox 1341 5718 1418 5774; x_wconf 85' lang='lat' dir='ltr'><strong><em>illi</em></strong></span> <span class='ocrx_word' id='word_1_559' title='bbox 1456 5718 1540 5791; x_wconf 80' lang='lat' dir='ltr'><strong><em>qui</em></strong></span> <span class='ocrx_word' id='word_1_560' title='bbox 1572 5716 1844 5779; x_wconf 81' lang='lat' dir='ltr'><strong><em>crescendo</em></strong></span> 
     </span>
    </p>
   </div>
   <div class='ocr_carea' id='block_1_80' title="bbox 1925 482 3142 554">
    <p class='ocr_par' dir='ltr' id='par_1_80' title="bbox 1925 482 3142 554">
     <span class='ocr_line' id='line_1_81' title="bbox 1925 482 3142 554; baseline 0.002 -19"><span class='ocrx_word' id='word_1_561' title='bbox 1925 482 2344 554; x_wconf 75' lang='lat' dir='ltr'><strong><em>inseparabiliter</em></strong></span> <span class='ocrx_word' id='word_1_562' title='bbox 2378 484 2519 554; x_wconf 66' lang='lat' dir='ltr'><strong><em>qmni</em></strong></span> <span class='ocrx_word' id='word_1_563' title='bbox 2547 482 2768 554; x_wconf 76' lang='lat' dir='ltr'><strong><em>tempore</em></strong></span> <span class='ocrx_word' id='word_1_564' title='bbox 2797 487 3020 554; x_wconf 80' lang='lat' dir='ltr'><strong><em>sociatus</em></strong></span> <span class='ocrx_word' id='word_1_565' title='bbox 3048 494 3142 538; x_wconf 88' lang='lat' dir='ltr'><strong><em>est.</em></strong></span> 
     </span>
    </p>
   </div>
   <div class='ocr_carea' id='block_1_81' title="bbox 1995 551 3510 626">
    <p class='ocr_par' dir='ltr' id='par_1_81' title="bbox 1995 551 3510 626">
     <span class='ocr_line' id='line_1_82' title="bbox 1995 551 3510 626; baseline 0.006 -21"><span class='ocrx_word' id='word_1_566' title='bbox 1995 551 2257 626; x_wconf 76' lang='lat' dir='ltr'><strong><em>Sermone</em></strong></span> <span class='ocrx_word' id='word_1_567' title='bbox 2281 553 2316 604; x_wconf 71' lang='grc'><strong>4</strong></span> <span class='ocrx_word' id='word_1_568' title='bbox 2343 551 2529 624; x_wconf 86' lang='lat' dir='ltr'><strong><em>(Num.</em></strong></span> <span class='ocrx_word' id='word_1_569' title='bbox 2573 551 2668 622; x_wconf 58' lang='grc' dir='ltr'><strong><em>αυτ</em></strong></span> <span class='ocrx_word' id='word_1_570' title='bbox 2701 551 2881 626; x_wconf 83' lang='lat' dir='ltr'><strong><em>Neque</em></strong></span> <span class='ocrx_word' id='word_1_571' title='bbox 2903 553 3069 609; x_wconf 88' lang='lat' dir='ltr'><strong><em>Deum</em></strong></span> <span class='ocrx_word' id='word_1_572' title='bbox 3107 565 3302 626; x_wconf 89' lang='lat' dir='ltr'><strong><em>oportet</em></strong></span> <span class='ocrx_word' id='word_1_573' title='bbox 3340 559 3510 614; x_wconf 85' lang='lat' dir='ltr'><strong><em>dicere</em></strong></span> 
     </span>
    </p>
   </div>
   <div class='ocr_carea' id='block_1_82' title="bbox 1926 622 3509 697">
    <p class='ocr_par' dir='ltr' id='par_1_82' title="bbox 1926 622 3509 697">
     <span class='ocr_line' id='line_1_83' title="bbox 1926 622 3509 697; baseline 0.005 -23"><span class='ocrx_word' id='word_1_574' title='bbox 1926 622 2061 697; x_wconf 83' lang='lat' dir='ltr'><strong><em>nude</em></strong></span> <span class='ocrx_word' id='word_1_575' title='bbox 2087 633 2135 675; x_wconf 89' lang='lat' dir='ltr'><strong><em>et</em></strong></span> <span class='ocrx_word' id='word_1_576' title='bbox 2156 622 2423 693; x_wconf 86' lang='lat' dir='ltr'><strong><em>utcumque</em></strong></span> <span class='ocrx_word' id='word_1_577' title='bbox 2449 635 2766 697; x_wconf 77' lang='lat' dir='ltr'><strong><em>generatum,</em></strong></span> <span class='ocrx_word' id='word_1_578' title='bbox 2790 622 2936 678; x_wconf 83' lang='lat' dir='ltr'><strong><em>nemo</em></strong></span> <span class='ocrx_word' id='word_1_579' title='bbox 2964 627 3101 678; x_wconf 86' lang='lat' dir='ltr'><strong><em>enim</em></strong></span> <span class='ocrx_word' id='word_1_580' title='bbox 3129 622 3287 697; x_wconf 78' lang='lat' dir='ltr'><strong><em>quise</em></strong></span> <span class='ocrx_word' id='word_1_581' title='bbox 3305 640 3380 682; x_wconf 91' lang='lat' dir='ltr'><strong><em>est</em></strong></span> <span class='ocrx_word' id='word_1_582' title='bbox 3409 646 3509 682; x_wconf 84' lang='lat' dir='ltr'><strong><em>an-</em></strong></span> 
     </span>
    </p>
   </div>
   <div class='ocr_carea' id='block_1_83' title="bbox 1927 693 3508 770">
    <p class='ocr_par' dir='ltr' id='par_1_83' title="bbox 1927 693 3508 770">
     <span class='ocr_line' id='line_1_84' title="bbox 1927 693 3508 770; baseline 0.006 -26"><span class='ocrx_word' id='word_1_583' title='bbox 1927 693 2112 770; x_wconf 76' lang='lat' dir='ltr'><strong><em>tiquior</em></strong></span> <span class='ocrx_word' id='word_1_584' title='bbox 2131 703 2375 770; x_wconf 72' lang='lat' dir='ltr'><strong><em>generat;</em></strong></span> <span class='ocrx_word' id='word_1_585' title='bbox 2401 710 2494 770; x_wconf 75' lang='lat' dir='ltr'><strong><em>nec</em></strong></span> <span class='ocrx_word' id='word_1_586' title='bbox 2527 694 2709 770; x_wconf 83' lang='lat' dir='ltr'><strong><em>iterum</em></strong></span> <span class='ocrx_word' id='word_1_587' title='bbox 2739 695 3108 770; x_wconf 75' lang='lat' dir='ltr'><strong><em>humanitatem</em></strong></span> <span class='ocrx_word' id='word_1_588' title='bbox 3128 693 3319 770; x_wconf 76' lang='lat' dir='ltr'><strong><em>nudam</em></strong></span> <span class='ocrx_word' id='word_1_589' title='bbox 3347 702 3508 770; x_wconf 77' lang='lat' dir='ltr'><strong><em>proﬁ-</em></strong></span> 
     </span>
    </p>
   </div>
   <div class='ocr_carea' id='block_1_84' title="bbox 1927 761 3512 840">
    <p class='ocr_par' dir='ltr' id='par_1_84' title="bbox 1927 761 3512 840">
     <span class='ocr_line' id='line_1_85' title="bbox 1927 761 3512 840; baseline 0.006 -26"><span class='ocrx_word' id='word_1_590' title='bbox 1927 761 2375 822; x_wconf 29' lang='lat' dir='ltr'><strong><em>tendum’estased</em></strong></span> <span class='ocrx_word' id='word_1_591' title='bbox 2403 763 2772 818; x_wconf 78' lang='lat' dir='ltr'><strong><em>humanitatem</em></strong></span> <span class='ocrx_word' id='word_1_592' title='bbox 2801 765 3126 835; x_wconf 85' lang='lat' dir='ltr'><strong><em>conjunctam</em></strong></span> <span class='ocrx_word' id='word_1_593' title='bbox 3157 765 3266 820; x_wconf 84' lang='lat' dir='ltr'><strong><em>Deo</em></strong></span> <span class='ocrx_word' id='word_1_594' title='bbox 3294 761 3404 821; x_wconf 73' lang='lat' dir='ltr'><strong><em>esse</em></strong></span> <span class='ocrx_word' id='word_1_595' title='bbox 3423 761 3512 840; x_wconf 75' lang='lat' dir='ltr'><strong><em>ge-</em></strong></span> 
     </span>
    </p>
   </div>
   <div class='ocr_carea' id='block_1_85' title="bbox 1928 841 2292 888">
    <p class='ocr_par' dir='ltr' id='par_1_85' title="bbox 1928 841 2292 888">
     <span class='ocr_line' id='line_1_86' title="bbox 1928 841 2292 888; baseline 0.014 -5"><span class='ocrx_word' id='word_1_596' title='bbox 1928 841 2186 886; x_wconf 86' lang='lat' dir='ltr'><strong><em>neratam.</em></strong></span> <span class='ocrx_word' id='word_1_597' title='bbox 2289 885 2292 888; x_wconf 95' lang='lat'><strong><em>.</em></strong></span> 
     </span>
    </p>
   </div>
   <div class='ocr_carea' id='block_1_86' title="bbox 1997 899 3507 976">
    <p class='ocr_par' dir='ltr' id='par_1_86' title="bbox 1997 899 3507 976">
     <span class='ocr_line' id='line_1_87' title="bbox 1997 899 3507 976; baseline 0.001 -20"><span class='ocrx_word' id='word_1_598' title='bbox 1997 900 2257 976; x_wconf 60' lang='lat' dir='ltr'><strong><em>Sermqne</em></strong></span> <span class='ocrx_word' id='word_1_599' title='bbox 2286 899 2318 952; x_wconf 80' lang='lat'><strong>5</strong></span> <span class='ocrx_word' id='word_1_600' title='bbox 2339 899 2522 976; x_wconf 67' lang='lat' dir='ltr'><strong><em>(Nam.</em></strong></span> <span class='ocrx_word' id='word_1_601' title='bbox 2557 899 2664 976; x_wconf 78' lang='lat'><strong><em>5)__:</em></strong></span> <span class='ocrx_word' id='word_1_602' title='bbox 2699 901 2769 976; x_wconf 75' lang='lat' dir='ltr'><strong><em>Ut</em></strong></span> <span class='ocrx_word' id='word_1_603' title='bbox 2795 904 2951 974; x_wconf 86' lang='lat' dir='ltr'><strong><em>igitur</em></strong></span> <span class='ocrx_word' id='word_1_604' title='bbox 2978 905 3162 976; x_wconf 80' lang='lat' dir='ltr'><strong><em>mulier</em></strong></span> <span class='ocrx_word' id='word_1_605' title='bbox 3189 921 3370 976; x_wconf 80' lang='lat' dir='ltr'><strong><em>corpus</em></strong></span> <span class='ocrx_word' id='word_1_606' title='bbox 3410 923 3507 976; x_wconf 91' lang='lat' dir='ltr'><strong><em>pa-</em></strong></span> 
     </span>
    </p>
   </div>
   <div class='ocr_carea' id='block_1_87' title="bbox 1926 969 3508 1044">
    <p class='ocr_par' dir='ltr' id='par_1_87' title="bbox 1926 969 3508 1044">
     <span class='ocr_line' id='line_1_88' title="bbox 1926 969 3508 1044; baseline 0.003 -20"><span class='ocrx_word' id='word_1_607' title='bbox 1926 972 2013 1044; x_wconf 85' lang='lat' dir='ltr'><strong><em>rit,</em></strong></span> <span class='ocrx_word' id='word_1_608' title='bbox 2042 971 2134 1024; x_wconf 88' lang='lat' dir='ltr'><strong><em>sed</em></strong></span> <span class='ocrx_word' id='word_1_609' title='bbox 2157 969 2296 1044; x_wconf 84' lang='lat' dir='ltr'><strong><em>Deus</em></strong></span> <span class='ocrx_word' id='word_1_610' title='bbox 2308 969 2548 1044; x_wconf 79' lang='lat' dir='ltr'><strong><em>animum</em></strong></span> <span class='ocrx_word' id='word_1_611' title='bbox 2567 971 2774 1037; x_wconf 80' lang='lat' dir='ltr'><strong><em>tribuit;</em></strong></span> <span class='ocrx_word' id='word_1_612' title='bbox 2797 969 2954 1044; x_wconf 74' lang='lat' dir='ltr'><strong><em>neque</em></strong></span> <span class='ocrx_word' id='word_1_613' title='bbox 2975 974 3088 1027; x_wconf 86' lang='lat' dir='ltr'><strong><em>ideo</em></strong></span> <span class='ocrx_word' id='word_1_614' title='bbox 3114 969 3294 1028; x_wconf 72' lang='lat' dir='ltr'><strong><em>mulier</em></strong></span> <span class='ocrx_word' id='word_1_615' title='bbox 3314 969 3508 1028; x_wconf 84' lang='lat' dir='ltr'><strong><em>dicetur</em></strong></span> 
     </span>
    </p>
   </div>
   <div class='ocr_carea' id='block_1_88' title="bbox 1927 1042 3510 1112">
    <p class='ocr_par' dir='ltr' id='par_1_88' title="bbox 1927 1042 3510 1112">
     <span class='ocr_line' id='line_1_89' title="bbox 1927 1042 3510 1112; baseline 0.004 -20"><span class='ocrx_word' id='word_1_616' title='bbox 1927 1042 2116 1094; x_wconf 67' lang='lat' dir='ltr'><strong><em>animm</em></strong></span> <span class='ocrx_word' id='word_1_617' title='bbox 2133 1042 2374 1112; x_wconf 70' lang='lat' dir='ltr'><strong><em>genitrix,</em></strong></span> <span class='ocrx_word' id='word_1_618' title='bbox 2389 1043 2506 1111; x_wconf 87' lang='lat' dir='ltr'><strong><em>quia</em></strong></span> <span class='ocrx_word' id='word_1_619' title='bbox 2522 1043 2717 1112; x_wconf 84' lang='lat' dir='ltr'><strong><em>peperit</em></strong></span> <span class='ocrx_word' id='word_1_620' title='bbox 2736 1042 3037 1112; x_wconf 82' lang='lat' dir='ltr'><strong><em>animatum,</em></strong></span> <span class='ocrx_word' id='word_1_621' title='bbox 3054 1044 3143 1096; x_wconf 84' lang='lat' dir='ltr'><strong><em>sed</em></strong></span> <span class='ocrx_word' id='word_1_622' title='bbox 3164 1047 3327 1112; x_wconf 86' lang='lat' dir='ltr'><strong><em>potius</em></strong></span> <span class='ocrx_word' id='word_1_623' title='bbox 3351 1046 3510 1098; x_wconf 88' lang='lat' dir='ltr'><strong><em>homi-</em></strong></span> 
     </span>
    </p>
   </div>
   <div class='ocr_carea' id='block_1_89' title="bbox 1927 1109 3509 1182">
    <p class='ocr_par' dir='ltr' id='par_1_89' title="bbox 1927 1109 3509 1182">
     <span class='ocr_line' id='line_1_90' title="bbox 1927 1109 3509 1182; baseline 0.003 -20"><span class='ocrx_word' id='word_1_624' title='bbox 1927 1113 2008 1165; x_wconf 87' lang='lat' dir='ltr'><strong><em>nis</em></strong></span> <span class='ocrx_word' id='word_1_625' title='bbox 2037 1109 2293 1182; x_wconf 59' lang='lat' dir='ltr'><strong><em>genitrix:</em></strong></span> <span class='ocrx_word' id='word_1_626' title='bbox 2323 1109 2611 1182; x_wconf 48' lang='lat' dir='ltr'><strong><em>sic&#39;quoque</em></strong></span> <span class='ocrx_word' id='word_1_627' title='bbox 2634 1109 2781 1164; x_wconf 90' lang='lat' dir='ltr'><strong><em>beata</em></strong></span> <span class='ocrx_word' id='word_1_628' title='bbox 2811 1111 2989 1182; x_wconf 79' lang='lat' dir='ltr'><strong><em>Virgo,</em></strong></span> <span class='ocrx_word' id='word_1_629' title='bbox 3013 1115 3107 1182; x_wconf 76' lang='lat' dir='ltr'><strong><em>etsi</em></strong></span> <span class='ocrx_word' id='word_1_630' title='bbox 3129 1109 3322 1182; x_wconf 81' lang='lat' dir='ltr'><strong><em>peperit</em></strong></span> <span class='ocrx_word' id='word_1_631' title='bbox 3344 1115 3509 1168; x_wconf 87' lang='lat' dir='ltr'><strong><em>homi-</em></strong></span> 
     </span>
    </p>
   </div>
   <div class='ocr_carea' id='block_1_90' title="bbox 1928 1180 3508 1250">
    <p class='ocr_par' dir='ltr' id='par_1_90' title="bbox 1928 1180 3508 1250">
     <span class='ocr_line' id='line_1_91' title="bbox 1928 1180 3508 1250; baseline 0.004 -18"><span class='ocrx_word' id='word_1_632' title='bbox 1928 1197 2064 1250; x_wconf 77' lang='lat' dir='ltr'><strong><em>nem,</em></strong></span> <span class='ocrx_word' id='word_1_633' title='bbox 2085 1180 2237 1234; x_wconf 85' lang='lat' dir='ltr'><strong><em>simul</em></strong></span> <span class='ocrx_word' id='word_1_634' title='bbox 2265 1197 2380 1234; x_wconf 89' lang='lat' dir='ltr'><strong><em>cum</em></strong></span> <span class='ocrx_word' id='word_1_635' title='bbox 2400 1180 2490 1250; x_wconf 63' lang='lat' dir='ltr'><strong><em>illo</em></strong></span> <span class='ocrx_word' id='word_1_636' title='bbox 2509 1180 3024 1250; x_wconf 27' lang='lat' dir='ltr'><strong><em>pertranseunte‘Dei</em></strong></span> <span class='ocrx_word' id='word_1_637' title='bbox 3065 1180 3246 1245; x_wconf 84' lang='lat' dir='ltr'><strong><em>Verbo,</em></strong></span> <span class='ocrx_word' id='word_1_638' title='bbox 3271 1199 3373 1236; x_wconf 89' lang='lat' dir='ltr'><strong><em>non</em></strong></span> <span class='ocrx_word' id='word_1_639' title='bbox 3394 1183 3508 1238; x_wconf 87' lang='lat' dir='ltr'><strong><em>ideo</em></strong></span> 
     </span>
    </p>
   </div>
   <div class='ocr_carea' id='block_1_91' title="bbox 1926 1248 3511 1322">
    <p class='ocr_par' dir='ltr' id='par_1_91' title="bbox 1926 1248 3511 1322">
     <span class='ocr_line' id='line_1_92' title="bbox 1926 1248 3511 1322; baseline 0.001 -18"><span class='ocrx_word' id='word_1_640' title='bbox 1926 1260 2010 1322; x_wconf 83' lang='lat' dir='ltr'><strong><em>est</em></strong></span> <span class='ocrx_word' id='word_1_641' title='bbox 2028 1249 2127 1322; x_wconf 82' lang='lat' dir='ltr'><strong><em>Dei</em></strong></span> <span class='ocrx_word' id='word_1_642' title='bbox 2170 1251 2412 1322; x_wconf 78' lang='lat' dir='ltr'><strong><em>genitrix.</em></strong></span> <span class='ocrx_word' id='word_1_643' title='bbox 2539 1258 2725 1322; x_wconf 83' lang='lat' dir='ltr'><strong><em>postea</em></strong></span> <span class='ocrx_word' id='word_1_644' title='bbox 2757 1248 3029 1322; x_wconf 21' lang='lat' dir='ltr'><strong><em>(Num178)</em></strong></span> <span class='ocrx_word' id='word_1_645' title='bbox 3063 1269 3075 1303; x_wconf 89' lang='lat'>:</span> <span class='ocrx_word' id='word_1_646' title='bbox 3119 1250 3246 1322; x_wconf 85' lang='lat' dir='ltr'><strong><em>Vide</em></strong></span> <span class='ocrx_word' id='word_1_647' title='bbox 3271 1253 3393 1322; x_wconf 88' lang='lat' dir='ltr'><strong><em>quid</em></strong></span> <span class='ocrx_word' id='word_1_648' title='bbox 3420 1270 3511 1305; x_wconf 72' lang='lat' dir='ltr'><strong><em>ac-</em></strong></span> 
     </span>
    </p>
   </div>
   <div class='ocr_carea' id='block_1_92' title="bbox 1928 1319 3507 1395">
    <p class='ocr_par' dir='ltr' id='par_1_92' title="bbox 1928 1319 3507 1395">
     <span class='ocr_line' id='line_1_93' title="bbox 1928 1319 3507 1395; baseline 0.003 -23"><span class='ocrx_word' id='word_1_649' title='bbox 1928 1320 2084 1395; x_wconf 77' lang='lat' dir='ltr'><strong><em>cidat,</em></strong></span> <span class='ocrx_word' id='word_1_650' title='bbox 2105 1319 2361 1395; x_wconf 77' lang='lat' dir='ltr'><strong><em>hceretice,</em></strong></span> <span class='ocrx_word' id='word_1_651' title='bbox 2383 1336 2485 1374; x_wconf 86' lang='lat' dir='ltr'><strong><em>non</em></strong></span> <span class='ocrx_word' id='word_1_652' title='bbox 2507 1319 2708 1395; x_wconf 78' lang='lat' dir='ltr'><strong><em>invideo</em></strong></span> <span class='ocrx_word' id='word_1_653' title='bbox 2729 1319 2911 1376; x_wconf 84' lang='lat' dir='ltr'><strong><em>nomen</em></strong></span> <span class='ocrx_word' id='word_1_654' title='bbox 2933 1319 3132 1391; x_wconf 85' lang='lat' dir='ltr'><strong><em>Virgini</em></strong></span> <span class='ocrx_word' id='word_1_655' title='bbox 3153 1319 3507 1395; x_wconf 53' lang='lat' dir='ltr'><strong><em>Xptqﬂgéxqo;</em></strong></span> 
     </span>
    </p>
   </div>
   <div class='ocr_carea' id='block_1_93' title="bbox 1930 1389 3506 1461">
    <p class='ocr_par' dir='ltr' id='par_1_93' title="bbox 1930 1389 3506 1461">
     <span class='ocr_line' id='line_1_94' title="bbox 1930 1389 3506 1461; baseline 0.001 -19"><span class='ocrx_word' id='word_1_656' title='bbox 1930 1392 2098 1460; x_wconf 78' lang='lat' dir='ltr'><strong><em>fateor</em></strong></span> <span class='ocrx_word' id='word_1_657' title='bbox 2116 1391 2252 1442; x_wconf 90' lang='lat' dir='ltr'><strong><em>enim</em></strong></span> <span class='ocrx_word' id='word_1_658' title='bbox 2281 1389 2605 1461; x_wconf 75' lang='lat' dir='ltr'><strong><em>reverendam</em></strong></span> <span class='ocrx_word' id='word_1_659' title='bbox 2631 1406 2740 1442; x_wconf 89' lang='lat' dir='ltr'><strong><em>esse</em></strong></span> <span class='ocrx_word' id='word_1_660' title='bbox 2767 1407 2879 1443; x_wconf 90' lang='lat' dir='ltr'><strong><em>eam</em></strong></span> <span class='ocrx_word' id='word_1_661' title='bbox 2907 1389 3297 1461; x_wconf 48' lang='lat' dir='ltr'><strong><em>quaz&#39;recep&#39;erit</em></strong></span> <span class='ocrx_word' id='word_1_662' title='bbox 3320 1389 3506 1458; x_wconf 82' lang='lat' dir='ltr'><strong><em>Deum,</em></strong></span> 
     </span>
    </p>
   </div>
   <div class='ocr_carea' id='block_1_94' title="bbox 1929 1459 3510 1532">
    <p class='ocr_par' dir='ltr' id='par_1_94' title="bbox 1929 1459 3510 1532">
     <span class='ocr_line' id='line_1_95' title="bbox 1929 1459 3510 1532; baseline 0.001 -19"><span class='ocrx_word' id='word_1_663' title='bbox 1929 1459 2534 1532; x_wconf 57' lang='lat' dir='ltr'><strong><em>per_quamfrutusmmr</em></strong></span> <span class='ocrx_word' id='word_1_664' title='bbox 2551 1459 2816 1532; x_wconf 81' lang='lat' dir='ltr'><strong><em>_Dominus</em></strong></span> <span class='ocrx_word' id='word_1_665' title='bbox 2840 1459 3095 1532; x_wconf 74' lang='lat' dir='ltr'><strong><em>omnium;</em></strong></span> <span class='ocrx_word' id='word_1_666' title='bbox 3131 1459 3220 1532; x_wconf 84' lang='lat' dir='ltr'><strong><em>per</em></strong></span> <span class='ocrx_word' id='word_1_667' title='bbox 3245 1477 3395 1531; x_wconf 84' lang='lat' dir='ltr'><strong><em>quam</em></strong></span> <span class='ocrx_word' id='word_1_668' title='bbox 3416 1462 3510 1532; x_wconf 84' lang='lat' dir='ltr'><strong><em>ju-</em></strong></span> 
     </span>
    </p>
   </div>
   <div class='ocr_carea' id='block_1_95' title="bbox 1929 1528 3512 1595">
    <p class='ocr_par' dir='ltr' id='par_1_95' title="bbox 1929 1528 3512 1595">
     <span class='ocr_line' id='line_1_96' title="bbox 1929 1528 3512 1595; baseline 0.003 -15"><span class='ocrx_word' id='word_1_669' title='bbox 1929 1528 2084 1582; x_wconf 79' lang='lat' dir='ltr'><strong><em>stitia:</em></strong></span> <span class='ocrx_word' id='word_1_670' title='bbox 2128 1529 2207 1582; x_wconf 86' lang='lat' dir='ltr'><strong><em>sol</em></strong></span> <span class='ocrx_word' id='word_1_671' title='bbox 2243 1529 2512 1583; x_wconf 72' lang='lat' dir='ltr'><strong><em>illuxerit:</em></strong></span> <span class='ocrx_word' id='word_1_672' title='bbox 2539 1528 2680 1582; x_wconf 88' lang='lat' dir='ltr'><strong><em>Deus</em></strong></span> <span class='ocrx_word' id='word_1_673' title='bbox 2717 1532 2850 1583; x_wconf 89' lang='lat' dir='ltr'><strong><em>enim</em></strong></span> <span class='ocrx_word' id='word_1_674' title='bbox 2887 1539 2998 1583; x_wconf 86' lang='lat' dir='ltr'><strong><em>erat</em></strong></span> <span class='ocrx_word' id='word_1_675' title='bbox 3031 1528 3279 1595; x_wconf 69' lang='lat' dir='ltr'><strong><em>Verbum,</em></strong></span> <span class='ocrx_word' id='word_1_676' title='bbox 3320 1540 3368 1584; x_wconf 92' lang='lat' dir='ltr'><strong><em>et</em></strong></span> <span class='ocrx_word' id='word_1_677' title='bbox 3397 1528 3512 1585; x_wconf 77' lang='lat' dir='ltr'><strong><em>cum</em></strong></span> 
     </span>
    </p>
   </div>
   <div class='ocr_carea' id='block_1_96' title="bbox 1931 1598 3510 1671">
    <p class='ocr_par' dir='ltr' id='par_1_96' title="bbox 1931 1598 3510 1671">
     <span class='ocr_line' id='line_1_97' title="bbox 1931 1598 3510 1671; baseline 0.003 -21"><span class='ocrx_word' id='word_1_678' title='bbox 1931 1598 2134 1671; x_wconf 82' lang='lat' dir='ltr'><strong><em>homine</em></strong></span> <span class='ocrx_word' id='word_1_679' title='bbox 2150 1599 2498 1671; x_wconf 72' lang='lat' dir='ltr'><strong><em>conjunctum,</em></strong></span> <span class='ocrx_word' id='word_1_680' title='bbox 2517 1601 2644 1671; x_wconf 83' lang='lat' dir='ltr'><strong><em>etin</em></strong></span> <span class='ocrx_word' id='word_1_681' title='bbox 2667 1616 2726 1654; x_wconf 91' lang='lat' dir='ltr'><strong><em>eo</em></strong></span> <span class='ocrx_word' id='word_1_682' title='bbox 2753 1600 3010 1671; x_wconf 77' lang='lat' dir='ltr'><strong><em>habitans.</em></strong></span> <span class='ocrx_word' id='word_1_683' title='bbox 3037 1598 3143 1654; x_wconf 83' lang='lat' dir='ltr'><strong><em>Sed</em></strong></span> <span class='ocrx_word' id='word_1_684' title='bbox 3157 1617 3312 1670; x_wconf 87' lang='lat' dir='ltr'><strong><em>porro</em></strong></span> <span class='ocrx_word' id='word_1_685' title='bbox 3340 1603 3510 1671; x_wconf 85' lang='lat' dir='ltr'><strong><em>suspi-</em></strong></span> 
     </span>
    </p>
   </div>
   <div class='ocr_carea' id='block_1_97' title="bbox 1933 1666 3511 1740">
    <p class='ocr_par' dir='ltr' id='par_1_97' title="bbox 1933 1666 3511 1740">
     <span class='ocr_line' id='line_1_98' title="bbox 1933 1666 3511 1740; baseline -0.008 -1"><span class='ocrx_word' id='word_1_686' title='bbox 1933 1685 2025 1740; x_wconf 58' lang='grc' dir='ltr'><strong><em>θοῇ</em></strong></span> <span class='ocrx_word' id='word_1_687' title='bbox 2041 1666 2594 1740; x_wconf 12' lang='grc' dir='ltr'><strong><em>Ριαιιεῑιΐὴε-ραοίιηοάο</em></strong></span> <span class='ocrx_word' id='word_1_688' title='bbox 2627 1669 2720 1722; x_wconf 86' lang='lat' dir='ltr'><strong><em>hoc</em></strong></span> <span class='ocrx_word' id='word_1_689' title='bbox 2741 1670 2876 1740; x_wconf 86' lang='lat' dir='ltr'><strong><em>quod</em></strong></span> <span class='ocrx_word' id='word_1_690' title='bbox 2904 1670 3030 1733; x_wconf 73' lang='lat' dir='ltr'><strong><em>dixi,</em></strong></span> <span class='ocrx_word' id='word_1_691' title='bbox 3062 1666 3396 1740; x_wconf 53' lang='lat' dir='ltr'><strong><em>&#39;rns&#39;Nsiunn,</em></strong></span> <span class='ocrx_word' id='word_1_692' title='bbox 3427 1666 3511 1725; x_wconf 84' lang='lat' dir='ltr'><strong><em>in-</em></strong></span> 
     </span>
    </p>
   </div>
   <div class='ocr_carea' id='block_1_98' title="bbox 1936 1737 3514 1810">
    <p class='ocr_par' dir='ltr' id='par_1_98' title="bbox 1936 1737 3514 1810">
     <span class='ocr_line' id='line_1_99' title="bbox 1936 1737 3514 1810; baseline 0.002 -19"><span class='ocrx_word' id='word_1_693' title='bbox 1936 1737 2240 1793; x_wconf 75' lang='lat' dir='ltr'><strong><em>tellexistis?</em></strong></span> <span class='ocrx_word' id='word_1_694' title='bbox 2265 1737 2386 1792; x_wconf 88' lang='lat' dir='ltr'><strong><em>Non</em></strong></span> <span class='ocrx_word' id='word_1_695' title='bbox 2411 1739 2521 1792; x_wconf 70' lang='lat' dir='ltr'><strong><em>dixi</em></strong></span> <span class='ocrx_word' id='word_1_696' title='bbox 2545 1737 2908 1801; x_wconf 51' lang='lat' dir='ltr'><strong><em>reurnaﬁsur,</em></strong></span> <span class='ocrx_word' id='word_1_697' title='bbox 2927 1755 3020 1808; x_wconf 88' lang='lat' dir='ltr'><strong><em>pro</em></strong></span> <span class='ocrx_word' id='word_1_698' title='bbox 3043 1756 3102 1810; x_wconf 81' lang='lat' dir='ltr'><strong><em>eo</em></strong></span> <span class='ocrx_word' id='word_1_699' title='bbox 3117 1739 3252 1810; x_wconf 87' lang='lat' dir='ltr'><strong><em>quod</em></strong></span> <span class='ocrx_word' id='word_1_700' title='bbox 3271 1750 3354 1810; x_wconf 73' lang='lat' dir='ltr'><strong><em>est</em></strong></span> <span class='ocrx_word' id='word_1_701' title='bbox 3368 1742 3514 1808; x_wconf 87' lang='lat' dir='ltr'><strong><em>geni-</em></strong></span> 
     </span>
    </p>
   </div>
   <div class='ocr_carea' id='block_1_99' title="bbox 1938 1808 3514 1881">
    <p class='ocr_par' dir='ltr' id='par_1_99' title="bbox 1938 1808 3514 1881">
     <span class='ocr_line' id='line_1_100' title="bbox 1938 1808 3514 1881; baseline 0.003 -21"><span class='ocrx_word' id='word_1_702' title='bbox 1938 1818 2014 1862; x_wconf 88' lang='lat' dir='ltr'><strong><em>tus</em></strong></span> <span class='ocrx_word' id='word_1_703' title='bbox 2032 1825 2048 1872; x_wconf 88' lang='lat'><strong><em>;</em></strong></span> <span class='ocrx_word' id='word_1_704' title='bbox 2067 1825 2168 1881; x_wconf 73' lang='lat' dir='ltr'><strong><em>ngn</em></strong></span> <span class='ocrx_word' id='word_1_705' title='bbox 2184 1810 2316 1862; x_wconf 87' lang='lat' dir='ltr'><strong><em>enim</em></strong></span> <span class='ocrx_word' id='word_1_706' title='bbox 2330 1812 2402 1862; x_wconf 85' lang='lat' dir='ltr'><strong><em>ita</em></strong></span> <span class='ocrx_word' id='word_1_707' title='bbox 2419 1809 2572 1881; x_wconf 81' lang='lat' dir='ltr'><strong><em>facile</em></strong></span> <span class='ocrx_word' id='word_1_708' title='bbox 2586 1825 2711 1862; x_wconf 73' lang='lat' dir='ltr'><strong><em>mea:</em></strong></span> <span class='ocrx_word' id='word_1_709' title='bbox 2731 1811 2994 1862; x_wconf 79' lang='lat' dir='ltr'><strong><em>sententia:</em></strong></span> <span class='ocrx_word' id='word_1_710' title='bbox 3009 1808 3295 1881; x_wconf 63' lang='lat' dir='ltr'><strong><em>obliviscor.</em></strong></span> <span class='ocrx_word' id='word_1_711' title='bbox 3317 1809 3514 1864; x_wconf 63' lang='lat' dir='ltr'><strong><em>Tanus-</em></strong></span> 
     </span>
    </p>
   </div>
   <div class='ocr_carea' id='block_1_100' title="bbox 1935 1877 3512 1955">
    <p class='ocr_par' dir='ltr' id='par_1_100' title="bbox 1935 1877 3512 1955">
     <span class='ocr_line' id='line_1_101' title="bbox 1935 1877 3512 1955; baseline 0 -23"><span class='ocrx_word' id='word_1_712' title='bbox 1935 1894 2065 1955; x_wconf 74' lang='lat' dir='ltr'><strong><em>llSSE</em></strong></span> <span class='ocrx_word' id='word_1_713' title='bbox 2092 1877 2256 1932; x_wconf 88' lang='lat' dir='ltr'><strong><em>Deum</em></strong></span> <span class='ocrx_word' id='word_1_714' title='bbox 2286 1896 2377 1949; x_wconf 88' lang='lat' dir='ltr'><strong><em>per</em></strong></span> <span class='ocrx_word' id='word_1_715' title='bbox 2404 1877 2647 1949; x_wconf 78' lang='lat' dir='ltr'><strong><em>virginem</em></strong></span> <span class='ocrx_word' id='word_1_716' title='bbox 2669 1881 3001 1955; x_wconf 59' lang='grc' dir='ltr'><strong><em>Χρωτοτόκον</em></strong></span> <span class='ocrx_word' id='word_1_717' title='bbox 3020 1896 3051 1931; x_wconf 91' lang='lat' dir='ltr'><strong><em>a</em></strong></span> <span class='ocrx_word' id='word_1_718' title='bbox 3088 1878 3358 1948; x_wconf 82' lang='lat' dir='ltr'><strong><em>Scriptura</em></strong></span> <span class='ocrx_word' id='word_1_719' title='bbox 3395 1897 3512 1950; x_wconf 87' lang='lat' dir='ltr'><strong><em>per-</em></strong></span> 
     </span>
    </p>
   </div>
   <div class='ocr_carea' id='block_1_101' title="bbox 1937 1948 3006 2013">
    <p class='ocr_par' dir='ltr' id='par_1_101' title="bbox 1937 1948 3006 2013">
     <span class='ocr_line' id='line_1_102' title="bbox 1937 1948 3006 2013; baseline -0.001 -11"><span class='ocrx_word' id='word_1_720' title='bbox 1937 1948 2114 2002; x_wconf 89' lang='lat' dir='ltr'><strong><em>doctus</em></strong></span> <span class='ocrx_word' id='word_1_721' title='bbox 2142 1964 2254 2001; x_wconf 88' lang='lat' dir='ltr'><strong><em>sum</em></strong></span> <span class='ocrx_word' id='word_1_722' title='bbox 2265 1948 2292 2013; x_wconf 47' lang='grc'><strong><em>;“</em></strong></span> <span class='ocrx_word' id='word_1_723' title='bbox 2313 1948 2494 2002; x_wconf 67' lang='lat' dir='ltr'><strong><em>num</em></strong></span> <span class='ocrx_word' id='word_1_724' title='bbox 2519 1966 2619 2002; x_wconf 86' lang='lat' dir='ltr'><strong><em>non</em></strong></span> <span class='ocrx_word' id='word_1_725' title='bbox 2641 1948 2847 2002; x_wconf 81' lang='lat' dir='ltr'><strong><em>edoctus</em></strong></span> <span class='ocrx_word' id='word_1_726' title='bbox 2876 1965 3006 2001; x_wconf 90' lang='lat' dir='ltr'><strong><em>sum.</em></strong></span> 
     </span>
    </p>
   </div>
   <div class='ocr_carea' id='block_1_102' title="bbox 2007 2016 3513 2088">
    <p class='ocr_par' dir='ltr' id='par_1_102' title="bbox 2007 2016 3513 2088">
     <span class='ocr_line' id='line_1_103' title="bbox 2007 2016 3513 2088; baseline 0.001 -18"><span class='ocrx_word' id='word_1_727' title='bbox 2007 2017 2268 2072; x_wconf 90' lang='lat' dir='ltr'><strong><em>Sermone</em></strong></span> <span class='ocrx_word' id='word_1_728' title='bbox 2292 2017 2356 2071; x_wconf 74' lang='grc'><strong><em>15</em></strong></span> <span class='ocrx_word' id='word_1_729' title='bbox 2380 2016 2566 2086; x_wconf 90' lang='lat' dir='ltr'><strong><em>(Num.</em></strong></span> <span class='ocrx_word' id='word_1_730' title='bbox 2596 2018 2648 2088; x_wconf 81' lang='grc'>5)</span> <span class='ocrx_word' id='word_1_731' title='bbox 2677 2037 2688 2070; x_wconf 86' lang='lat'><strong>:</strong></span> <span class='ocrx_word' id='word_1_732' title='bbox 2717 2017 2845 2081; x_wconf 67' lang='lat' dir='ltr'><strong><em>Quae</em></strong></span> <span class='ocrx_word' id='word_1_733' title='bbox 2862 2028 2937 2070; x_wconf 88' lang='lat' dir='ltr'><strong><em>est</em></strong></span> <span class='ocrx_word' id='word_1_734' title='bbox 2956 2026 3124 2071; x_wconf 88' lang='lat' dir='ltr'><strong><em>autem</em></strong></span> <span class='ocrx_word' id='word_1_735' title='bbox 3147 2019 3245 2088; x_wconf 86' lang='lat' dir='ltr'><strong><em>ista</em></strong></span> <span class='ocrx_word' id='word_1_736' title='bbox 3271 2017 3513 2088; x_wconf 49' lang='lat' dir='ltr'><strong><em>(sonantia</em></strong></span> 
     </span>
    </p>
   </div>
   <div class='ocr_carea' id='block_1_103' title="bbox 1935 2085 3517 2163">
    <p class='ocr_par' dir='ltr' id='par_1_103' title="bbox 1935 2085 3517 2163">
     <span class='ocr_line' id='line_1_104' title="bbox 1935 2085 3517 2163; baseline 0.001 -24"><span class='ocrx_word' id='word_1_737' title='bbox 1935 2087 2172 2163; x_wconf 76' lang='lat' dir='ltr'><strong><em>pietatis)</em></strong></span> <span class='ocrx_word' id='word_1_738' title='bbox 2197 2090 2295 2141; x_wconf 86' lang='lat' dir='ltr'><strong><em>nisi</em></strong></span> <span class='ocrx_word' id='word_1_739' title='bbox 2322 2085 2603 2163; x_wconf 64' lang='grc' dir='ltr'><strong><em>ὀρθολῡγῇα,</em></strong></span> <span class='ocrx_word' id='word_1_740' title='bbox 2625 2085 2674 2163; x_wconf 73' lang='lat' dir='ltr'><strong><em>et</em></strong></span> <span class='ocrx_word' id='word_1_741' title='bbox 2694 2088 3120 2163; x_wconf 70' lang='lat' dir='ltr'><strong><em>consubstantiva:</em></strong></span> <span class='ocrx_word' id='word_1_742' title='bbox 3140 2085 3323 2141; x_wconf 74' lang='lat' dir='ltr'><strong><em>divinte</em></strong></span> <span class='ocrx_word' id='word_1_743' title='bbox 3343 2085 3517 2163; x_wconf 61' lang='lat' dir='ltr'><strong><em>Trini-</em></strong></span> 
     </span>
    </p>
   </div>
   <div class='ocr_carea' id='block_1_104' title="bbox 1941 2155 3516 2222">
    <p class='ocr_par' dir='ltr' id='par_1_104' title="bbox 1941 2155 3516 2222">
     <span class='ocr_line' id='line_1_105' title="bbox 1941 2155 3516 2222; baseline 0.001 -12"><span class='ocrx_word' id='word_1_744' title='bbox 1941 2155 2082 2222; x_wconf 80' lang='lat' dir='ltr'><strong><em>tatis,</em></strong></span> <span class='ocrx_word' id='word_1_745' title='bbox 2114 2155 2163 2210; x_wconf 87' lang='lat' dir='ltr'><strong><em>et</em></strong></span> <span class='ocrx_word' id='word_1_746' title='bbox 2191 2155 2775 2211; x_wconf 64' lang='lat' dir='ltr'><strong><em>assunientis&#39;hominem</em></strong></span> <span class='ocrx_word' id='word_1_747' title='bbox 2796 2155 2980 2209; x_wconf 71' lang='lat' dir='ltr'><strong><em>divina:</em></strong></span> <span class='ocrx_word' id='word_1_748' title='bbox 2999 2166 3218 2220; x_wconf 71' lang='lat' dir='ltr'><strong><em>natura),</em></strong></span> <span class='ocrx_word' id='word_1_749' title='bbox 3250 2169 3298 2210; x_wconf 90' lang='lat' dir='ltr'><strong><em>et</em></strong></span> <span class='ocrx_word' id='word_1_750' title='bbox 3336 2158 3389 2210; x_wconf 85' lang='lat' dir='ltr'><strong><em>in</em></strong></span> <span class='ocrx_word' id='word_1_751' title='bbox 3414 2161 3516 2211; x_wconf 87' lang='lat' dir='ltr'><strong><em>vir-</em></strong></span> 
     </span>
    </p>
   </div>
   <div class='ocr_carea' id='block_1_105' title="bbox 1843 2224 3513 2297">
    <p class='ocr_par' dir='ltr' id='par_1_105' title="bbox 1843 2224 3513 2297">
     <span class='ocr_line' id='line_1_106' title="bbox 1843 2224 3513 2297; baseline 0.001 -19"><span class='ocrx_word' id='word_1_752' title='bbox 1843 2279 1848 2284; x_wconf 92' lang='lat'>_</span> <span class='ocrx_word' id='word_1_753' title='bbox 1936 2227 2083 2297; x_wconf 82' lang='lat' dir='ltr'><strong><em>gineo</em></strong></span> <span class='ocrx_word' id='word_1_754' title='bbox 2110 2236 2252 2280; x_wconf 88' lang='lat' dir='ltr'><strong><em>utero</em></strong></span> <span class='ocrx_word' id='word_1_755' title='bbox 2279 2229 2446 2280; x_wconf 84' lang='lat' dir='ltr'><strong><em>carnis</em></strong></span> <span class='ocrx_word' id='word_1_756' title='bbox 2477 2236 2743 2297; x_wconf 68' lang='lat' dir='ltr'><strong><em>susceptio,</em></strong></span> <span class='ocrx_word' id='word_1_757' title='bbox 2776 2234 2882 2280; x_wconf 89' lang='lat' dir='ltr'><strong><em>etc.</em></strong></span> <span class='ocrx_word' id='word_1_758' title='bbox 2910 2224 2975 2278; x_wconf 88' lang='lat' dir='ltr'><strong><em>Et</em></strong></span> <span class='ocrx_word' id='word_1_759' title='bbox 2997 2235 3182 2297; x_wconf 64' lang='lat' dir='ltr'><strong><em>postea</em></strong></span> <span class='ocrx_word' id='word_1_760' title='bbox 3207 2225 3390 2292; x_wconf 89' lang='lat' dir='ltr'><strong><em>(Num.</em></strong></span> <span class='ocrx_word' id='word_1_761' title='bbox 3418 2226 3470 2297; x_wconf 62' lang='grc' dir='ltr'><strong><em>ξ)</em></strong></span> <span class='ocrx_word' id='word_1_762' title='bbox 3499 2267 3513 2280; x_wconf 93' lang='grc'><strong>.</strong></span> 
     </span>
    </p>
   </div>
   <div class='ocr_carea' id='block_1_106' title="bbox 1939 2291 3517 2367">
    <p class='ocr_par' dir='ltr' id='par_1_106' title="bbox 1939 2291 3517 2367">
     <span class='ocr_line' id='line_1_107' title="bbox 1939 2291 3517 2367; baseline -0.001 -15"><span class='ocrx_word' id='word_1_763' title='bbox 1939 2291 2155 2352; x_wconf 72' lang='lat' dir='ltr'><strong><em>Summa</em></strong></span> <span class='ocrx_word' id='word_1_764' title='bbox 2194 2313 2311 2351; x_wconf 85' lang='lat' dir='ltr'><strong><em>voce</em></strong></span> <span class='ocrx_word' id='word_1_765' title='bbox 2346 2291 2878 2367; x_wconf 47' lang='lat' dir='ltr'><strong><em>proclamo&#39;quoniam</em></strong></span> <span class='ocrx_word' id='word_1_766' title='bbox 2916 2291 3095 2367; x_wconf 72' lang='lat' dir='ltr'><strong><em>sancta</em></strong></span> <span class='ocrx_word' id='word_1_767' title='bbox 3118 2291 3298 2367; x_wconf 25' lang='lat' dir='ltr'><strong><em>‘Virgo</em></strong></span> <span class='ocrx_word' id='word_1_768' title='bbox 3324 2303 3373 2350; x_wconf 90' lang='lat' dir='ltr'><strong><em>et</em></strong></span> <span class='ocrx_word' id='word_1_769' title='bbox 3396 2291 3517 2350; x_wconf 81' lang='lat' dir='ltr'><strong><em>Dei</em></strong></span> 
     </span>
    </p>
   </div>
   <div class='ocr_carea' id='block_1_107' title="bbox 1936 2363 3517 2436">
    <p class='ocr_par' dir='ltr' id='par_1_107' title="bbox 1936 2363 3517 2436">
     <span class='ocr_line' id='line_1_108' title="bbox 1936 2363 3517 2436; baseline 0.002 -18"><span class='ocrx_word' id='word_1_770' title='bbox 1936 2375 2012 2419; x_wconf 88' lang='lat' dir='ltr'><strong><em>est</em></strong></span> <span class='ocrx_word' id='word_1_771' title='bbox 2034 2376 2082 2436; x_wconf 90' lang='lat' dir='ltr'><strong><em>et</em></strong></span> <span class='ocrx_word' id='word_1_772' title='bbox 2107 2367 2327 2419; x_wconf 81' lang='lat' dir='ltr'><strong><em>hominis</em></strong></span> <span class='ocrx_word' id='word_1_773' title='bbox 2347 2363 2606 2436; x_wconf 70' lang='lat' dir='ltr'><strong><em>geniti-ix;</em></strong></span> <span class='ocrx_word' id='word_1_774' title='bbox 2637 2363 2857 2435; x_wconf 81' lang='lat' dir='ltr'><strong><em>genitria:</em></strong></span> <span class='ocrx_word' id='word_1_775' title='bbox 2879 2365 3079 2436; x_wconf 83' lang='lat' dir='ltr'><strong><em>quidem</em></strong></span> <span class='ocrx_word' id='word_1_776' title='bbox 3109 2363 3517 2436; x_wconf 43' lang='lat' dir='ltr'><strong><em>Det—propterea</em></strong></span> 
     </span>
    </p>
   </div>
   <div class='ocr_carea' id='block_1_108' title="bbox 1936 2435 3517 2506">
    <p class='ocr_par' dir='ltr' id='par_1_108' title="bbox 1936 2435 3517 2506">
     <span class='ocr_line' id='line_1_109' title="bbox 1936 2435 3517 2506; baseline 0.001 -18"><span class='ocrx_word' id='word_1_777' title='bbox 1936 2435 2072 2506; x_wconf 89' lang='lat' dir='ltr'><strong><em>quod</em></strong></span> <span class='ocrx_word' id='word_1_778' title='bbox 2113 2435 2350 2506; x_wconf 82' lang='lat' dir='ltr'><strong><em>templum</em></strong></span> <span class='ocrx_word' id='word_1_779' title='bbox 2373 2435 2508 2506; x_wconf 88' lang='lat' dir='ltr'><strong><em>quod</em></strong></span> <span class='ocrx_word' id='word_1_780' title='bbox 2528 2437 2578 2489; x_wconf 88' lang='lat' dir='ltr'><strong><em>in</em></strong></span> <span class='ocrx_word' id='word_1_781' title='bbox 2605 2453 2667 2488; x_wconf 90' lang='lat' dir='ltr'><strong><em>ea</em></strong></span> <span class='ocrx_word' id='word_1_782' title='bbox 2694 2435 2918 2488; x_wconf 86' lang='lat' dir='ltr'><strong><em>creatum</em></strong></span> <span class='ocrx_word' id='word_1_783' title='bbox 2938 2445 3030 2500; x_wconf 89' lang='lat' dir='ltr'><strong><em>est,</em></strong></span> <span class='ocrx_word' id='word_1_784' title='bbox 3048 2436 3248 2488; x_wconf 88' lang='lat' dir='ltr'><strong><em>unitum</em></strong></span> <span class='ocrx_word' id='word_1_785' title='bbox 3267 2435 3349 2492; x_wconf 86' lang='lat' dir='ltr'><strong><em>est</em></strong></span> <span class='ocrx_word' id='word_1_786' title='bbox 3370 2435 3517 2490; x_wconf 88' lang='lat' dir='ltr'><strong><em>Divi-</em></strong></span> 
     </span>
    </p>
   </div>
   <div class='ocr_carea' id='block_1_109' title="bbox 1937 2507 3526 2568">
    <p class='ocr_par' dir='ltr' id='par_1_109' title="bbox 1937 2507 3526 2568">
     <span class='ocr_line' id='line_1_110' title="bbox 1937 2507 3526 2568; baseline 0.001 -10"><span class='ocrx_word' id='word_1_787' title='bbox 1937 2507 2105 2568; x_wconf 84' lang='lat' dir='ltr'><strong><em>nitati,</em></strong></span> <span class='ocrx_word' id='word_1_788' title='bbox 2128 2513 2234 2559; x_wconf 89' lang='lat' dir='ltr'><strong><em>etc.</em></strong></span> <span class='ocrx_word' id='word_1_789' title='bbox 2340 2551 2345 2561; x_wconf 84' lang='lat'><strong><em>,.</em></strong></span> <span class='ocrx_word' id='word_1_790' title='bbox 3523 2527 3526 2530; x_wconf 89' lang='grc'><strong>·</strong></span> 
     </span>
    </p>
   </div>
   <div class='ocr_carea' id='block_1_110' title="bbox 2005 2572 3521 2644">
    <p class='ocr_par' dir='ltr' id='par_1_110' title="bbox 2005 2572 3521 2644">
     <span class='ocr_line' id='line_1_111' title="bbox 2005 2572 3521 2644; baseline 0.001 -17"><span class='ocrx_word' id='word_1_791' title='bbox 2005 2575 2143 2641; x_wconf 87' lang='lat' dir='ltr'><strong><em>Quid</em></strong></span> <span class='ocrx_word' id='word_1_792' title='bbox 2171 2574 2314 2643; x_wconf 89' lang='lat' dir='ltr'><strong><em>quod</em></strong></span> <span class='ocrx_word' id='word_1_793' title='bbox 2343 2574 2568 2644; x_wconf 87' lang='lat' dir='ltr'><strong><em>epistola</em></strong></span> <span class='ocrx_word' id='word_1_794' title='bbox 2599 2572 2622 2626; x_wconf 76' lang='grc'>1</span> <span class='ocrx_word' id='word_1_795' title='bbox 2658 2575 2722 2628; x_wconf 87' lang='lat' dir='ltr'><strong><em>ad</em></strong></span> <span class='ocrx_word' id='word_1_796' title='bbox 2743 2583 2985 2631; x_wconf 86' lang='lat' dir='ltr'><strong><em>sanctum</em></strong></span> <span class='ocrx_word' id='word_1_797' title='bbox 3013 2573 3380 2636; x_wconf 74' lang='lat' dir='ltr'><strong><em>leestinum,</em></strong></span> <span class='ocrx_word' id='word_1_798' title='bbox 3421 2591 3521 2629; x_wconf 79' lang='lat' dir='ltr'><strong><em>na-</em></strong></span> 
     </span>
    </p>
   </div>
   <div class='ocr_carea' id='block_1_111' title="bbox 1935 2645 3514 2714">
    <p class='ocr_par' dir='ltr' id='par_1_111' title="bbox 1935 2645 3514 2714">
     <span class='ocr_line' id='line_1_112' title="bbox 1935 2645 3514 2714; baseline 0.001 -18"><span class='ocrx_word' id='word_1_799' title='bbox 1935 2649 2045 2697; x_wconf 91' lang='lat' dir='ltr'><strong><em>tam</em></strong></span> <span class='ocrx_word' id='word_1_800' title='bbox 2075 2645 2150 2698; x_wconf 90' lang='lat' dir='ltr'><strong><em>ait</em></strong></span> <span class='ocrx_word' id='word_1_801' title='bbox 2188 2645 2571 2714; x_wconf 83' lang='lat' dir='ltr'><strong><em>humanitatem</em></strong></span> <span class='ocrx_word' id='word_1_802' title='bbox 2603 2645 2942 2712; x_wconf 88' lang='lat' dir='ltr'><strong><em>conjunctam</em></strong></span> <span class='ocrx_word' id='word_1_803' title='bbox 2983 2645 3092 2698; x_wconf 92' lang='lat' dir='ltr'><strong><em>Deo</em></strong></span> <span class='ocrx_word' id='word_1_804' title='bbox 3120 2660 3218 2713; x_wconf 90' lang='lat' dir='ltr'><strong><em>per</em></strong></span> <span class='ocrx_word' id='word_1_805' title='bbox 3244 2647 3514 2714; x_wconf 87' lang='lat' dir='ltr'><strong><em>spiritum;</em></strong></span> 
     </span>
    </p>
   </div>
   <div class='ocr_carea' id='block_1_112' title="bbox 1935 2713 3518 2784">
    <p class='ocr_par' dir='ltr' id='par_1_112' title="bbox 1935 2713 3518 2784">
     <span class='ocr_line' id='line_1_113' title="bbox 1935 2713 3518 2784; baseline 0 -16"><span class='ocrx_word' id='word_1_806' title='bbox 1935 2722 1990 2768; x_wconf 89' lang='lat' dir='ltr'><strong><em>et</em></strong></span> <span class='ocrx_word' id='word_1_807' title='bbox 2009 2715 2456 2784; x_wconf 16' lang='lat' dir='ltr'><strong><em>anathemfatismo</em></strong></span> <span class='ocrx_word' id='word_1_808' title='bbox 2477 2713 2510 2766; x_wconf 90' lang='lat'><strong>9</strong></span> <span class='ocrx_word' id='word_1_809' title='bbox 2529 2715 2596 2768; x_wconf 86' lang='lat' dir='ltr'><strong><em>ab</em></strong></span> <span class='ocrx_word' id='word_1_810' title='bbox 2618 2716 2730 2784; x_wconf 88' lang='lat' dir='ltr'><strong><em>ipsa</em></strong></span> <span class='ocrx_word' id='word_1_811' title='bbox 2753 2714 3105 2784; x_wconf 89' lang='lat' dir='ltr'><strong><em>conceptione</em></strong></span> <span class='ocrx_word' id='word_1_812' title='bbox 3125 2713 3518 2784; x_wconf 86' lang='lat' dir='ltr'><strong><em>copulationem</em></strong></span> 
     </span>
    </p>
   </div>
   <div class='ocr_carea' id='block_1_113' title="bbox 1937 2783 3522 2858">
    <p class='ocr_par' dir='ltr' id='par_1_113' title="bbox 1937 2783 3522 2858">
     <span class='ocr_line' id='line_1_114' title="bbox 1937 2783 3522 2858; baseline 0.001 -20"><span class='ocrx_word' id='word_1_813' title='bbox 1937 2784 2203 2858; x_wconf 82' lang='lat' dir='ltr'><strong><em>habuisse.</em></strong></span> <span class='ocrx_word' id='word_1_814' title='bbox 2236 2783 2372 2858; x_wconf 80' lang='lat' dir='ltr'><strong><em>Quid</em></strong></span> <span class='ocrx_word' id='word_1_815' title='bbox 2415 2784 2606 2854; x_wconf 85' lang='lat' dir='ltr'><strong><em>plura?</em></strong></span> <span class='ocrx_word' id='word_1_816' title='bbox 2645 2783 2761 2838; x_wconf 79' lang='lat' dir='ltr'><strong><em>Vox</em></strong></span> <span class='ocrx_word' id='word_1_817' title='bbox 2810 2783 3308 2858; x_wconf 53' lang='grc' dir='ltr'><strong><em>ἱρδᾳξχριστᾳτὸὲεορ,</em></strong></span> <span class='ocrx_word' id='word_1_818' title='bbox 3354 2800 3522 2858; x_wconf 82' lang='lat' dir='ltr'><strong><em>quam</em></strong></span> 
     </span>
    </p>
   </div>
   <div class='ocr_carea' id='block_1_114' title="bbox 1935 2853 3516 2924">
    <p class='ocr_par' dir='ltr' id='par_1_114' title="bbox 1935 2853 3516 2924">
     <span class='ocr_line' id='line_1_115' title="bbox 1935 2853 3516 2924; baseline -0.001 -15"><span class='ocrx_word' id='word_1_819' title='bbox 1935 2855 2135 2924; x_wconf 84' lang='lat' dir='ltr'><strong><em>ubique</em></strong></span> <span class='ocrx_word' id='word_1_820' title='bbox 2165 2854 2385 2922; x_wconf 82' lang='lat' dir='ltr'><strong><em>ingerit,</em></strong></span> <span class='ocrx_word' id='word_1_821' title='bbox 2420 2869 2537 2908; x_wconf 89' lang='lat' dir='ltr'><strong><em>rem</em></strong></span> <span class='ocrx_word' id='word_1_822' title='bbox 2583 2865 2768 2922; x_wconf 89' lang='lat' dir='ltr'><strong><em>aperte</em></strong></span> <span class='ocrx_word' id='word_1_823' title='bbox 2795 2853 3040 2917; x_wconf 81' lang='lat' dir='ltr'><strong><em>coniicit;</em></strong></span> <span class='ocrx_word' id='word_1_824' title='bbox 3091 2854 3135 2924; x_wconf 84' lang='lat' dir='ltr'><strong><em>si</em></strong></span> <span class='ocrx_word' id='word_1_825' title='bbox 3183 2855 3325 2908; x_wconf 88' lang='lat' dir='ltr'><strong><em>enim</em></strong></span> <span class='ocrx_word' id='word_1_826' title='bbox 3354 2853 3516 2921; x_wconf 82' lang='lat' dir='ltr'><strong><em>Virgo</em></strong></span> 
     </span>
    </p>
   </div>
   <div class='ocr_carea' id='block_1_115' title="bbox 1935 2923 3518 2993">
    <p class='ocr_par' dir='ltr' id='par_1_115' title="bbox 1935 2923 3518 2993">
     <span class='ocr_line' id='line_1_116' title="bbox 1935 2923 3518 2993; baseline 0 -15"><span class='ocrx_word' id='word_1_827' title='bbox 1935 2923 2205 2980; x_wconf 88' lang='lat' dir='ltr'><strong><em>Christum</em></strong></span> <span class='ocrx_word' id='word_1_828' title='bbox 2235 2924 2460 2993; x_wconf 84' lang='lat' dir='ltr'><strong><em>peperit,</em></strong></span> <span class='ocrx_word' id='word_1_829' title='bbox 2494 2924 2636 2986; x_wconf 88' lang='lat' dir='ltr'><strong><em>Deus</em></strong></span> <span class='ocrx_word' id='word_1_830' title='bbox 2665 2931 2718 2978; x_wconf 90' lang='lat' dir='ltr'><strong><em>ct</em></strong></span> <span class='ocrx_word' id='word_1_831' title='bbox 2746 2925 2908 2993; x_wconf 85' lang='lat' dir='ltr'><strong><em>homo</em></strong></span> <span class='ocrx_word' id='word_1_832' title='bbox 2939 2925 2992 2977; x_wconf 91' lang='lat' dir='ltr'><strong><em>in</em></strong></span> <span class='ocrx_word' id='word_1_833' title='bbox 3021 2923 3187 2993; x_wconf 86' lang='lat' dir='ltr'><strong><em>ipsius</em></strong></span> <span class='ocrx_word' id='word_1_834' title='bbox 3208 2932 3361 2978; x_wconf 88' lang='lat' dir='ltr'><strong><em>utero</em></strong></span> <span class='ocrx_word' id='word_1_835' title='bbox 3388 2941 3518 2993; x_wconf 82' lang='lat' dir='ltr'><strong><em>cou-</em></strong></span> 
     </span>
    </p>
   </div>
   <div class='ocr_carea' id='block_1_116' title="bbox 1930 2939 3520 3063">
    <p class='ocr_par' dir='ltr' id='par_1_116' title="bbox 1930 2939 3520 3063">
     <span class='ocr_line' id='line_1_117' title="bbox 1935 2939 3518 2993; baseline 0 -15"><span class='ocrx_word' id='word_1_836' title='bbox 1935 2939 2205 2980; x_wconf 67' lang='lat' dir='ltr'><strong><em>bnrismm</em></strong></span> <span class='ocrx_word' id='word_1_837' title='bbox 2235 2940 2302 2993; x_wconf 89' lang='lat' dir='ltr'><strong><em>pe</em></strong></span> <span class='ocrx_word' id='word_1_838' title='bbox 2375 2939 2460 2988; x_wconf 82' lang='lat' dir='ltr'><strong><em>rit,</em></strong></span> <span class='ocrx_word' id='word_1_839' title='bbox 2494 2939 2636 2986; x_wconf 88' lang='lat' dir='ltr'><strong><em>ueus</em></strong></span> <span class='ocrx_word' id='word_1_840' title='bbox 2665 2939 2718 2978; x_wconf 87' lang='lat' dir='ltr'><strong><em>ct</em></strong></span> <span class='ocrx_word' id='word_1_841' title='bbox 2746 2939 2908 2977; x_wconf 91' lang='lat' dir='ltr'><strong><em>nomo</em></strong></span> <span class='ocrx_word' id='word_1_842' title='bbox 2939 2940 2992 2977; x_wconf 80' lang='grc' dir='ltr'><strong><em>ιιι</em></strong></span> <span class='ocrx_word' id='word_1_843' title='bbox 3021 2940 3035 2976; x_wconf 86' lang='grc' dir='ltr'>ι</span> <span class='ocrx_word' id='word_1_844' title='bbox 3077 2939 3187 2977; x_wconf 87' lang='lat' dir='ltr'><strong><em>sms</em></strong></span> <span class='ocrx_word' id='word_1_845' title='bbox 3208 2939 3361 2978; x_wconf 86' lang='lat' dir='ltr'><strong><em>utero</em></strong></span> <span class='ocrx_word' id='word_1_846' title='bbox 3388 2941 3518 2978; x_wconf 82' lang='lat' dir='ltr'><strong><em>cou-</em></strong></span> 
     </span>
     <span class='ocr_line' id='line_1_118' title="bbox 1930 2939 3520 3063; baseline -0.001 -15"><span class='ocrx_word' id='word_1_847' title='bbox 1930 2995 2102 3062; x_wconf 81' lang='lat' dir='ltr'><strong><em>juncti</em></strong></span> <span class='ocrx_word' id='word_1_848' title='bbox 2127 3004 2266 3048; x_wconf 90' lang='lat' dir='ltr'><strong><em>sunt.</em></strong></span> <span class='ocrx_word' id='word_1_849' title='bbox 2286 2939 2511 3059; x_wconf 41' lang='lat' dir='ltr'><strong><em>(ﬂando</em></strong></span> <span class='ocrx_word' id='word_1_850' title='bbox 2527 2993 2740 3063; x_wconf 86' lang='lat' dir='ltr'><strong><em>quidem</em></strong></span> <span class='ocrx_word' id='word_1_851' title='bbox 2769 2991 3010 3047; x_wconf 89' lang='lat' dir='ltr'><strong><em>Christus</em></strong></span> <span class='ocrx_word' id='word_1_852' title='bbox 3043 2940 3290 3048; x_wconf 52' lang='lat' dir='ltr'><strong><em>giestorio</em></strong></span> <span class='ocrx_word' id='word_1_853' title='bbox 3319 3002 3400 3046; x_wconf 89' lang='lat' dir='ltr'><strong><em>est</em></strong></span> <span class='ocrx_word' id='word_1_854' title='bbox 3427 2990 3520 3048; x_wconf 82' lang='grc' dir='ltr'><strong><em>ἄν-</em></strong></span> 
     </span>
    </p>
   </div>
   <div class='ocr_carea' id='block_1_117' title="bbox 1936 3063 3523 3140">
    <p class='ocr_par' dir='ltr' id='par_1_117' title="bbox 1936 3063 3523 3140">
     <span class='ocr_line' id='line_1_119' title="bbox 1936 3063 3523 3140; baseline 0.003 -23"><span class='ocrx_word' id='word_1_855' title='bbox 1936 3067 2132 3139; x_wconf 79' lang='grc' dir='ltr'><strong><em>θρωπος</em></strong></span> <span class='ocrx_word' id='word_1_856' title='bbox 2159 3066 2414 3140; x_wconf 75' lang='grc' dir='ltr'><strong><em>θεοφόρος,</em></strong></span> <span class='ocrx_word' id='word_1_857' title='bbox 2439 3063 2850 3132; x_wconf 82' lang='lat' dir='ltr'><strong><em>etconjunctum</em></strong></span> <span class='ocrx_word' id='word_1_858' title='bbox 2879 3063 3177 3117; x_wconf 84' lang='lat' dir='ltr'><strong><em>Divinitatis</em></strong></span> <span class='ocrx_word' id='word_1_859' title='bbox 3198 3063 3523 3122; x_wconf 85' lang='lat' dir='ltr'><strong><em>instrumeu-.</em></strong></span> 
     </span>
    </p>
   </div>
   <div class='ocr_carea' id='block_1_118' title="bbox 1863 3143 2072 3216">
    <p class='ocr_par' dir='ltr' id='par_1_118' title="bbox 1863 3143 2072 3216">
     <span class='ocr_line' id='line_1_120' title="bbox 1863 3143 2072 3216; baseline 0 0"><span class='ocrx_word' id='word_1_860' title='bbox 1863 3154 1908 3216; x_wconf 90' lang='lat' dir='ltr'><strong><em>C</em></strong></span> <span class='ocrx_word' id='word_1_861' title='bbox 1939 3143 2072 3216; x_wconf 66' lang='lat'><strong><em>“&quot;2:</em></strong></span> 
     </span>
    </p>
   </div>
   <div class='ocr_carea' id='block_1_119' title="bbox 2008 3199 3518 3272">
    <p class='ocr_par' dir='ltr' id='par_1_119' title="bbox 2008 3199 3518 3272">
     <span class='ocr_line' id='line_1_121' title="bbox 2008 3199 3518 3272; baseline 0 -16"><span class='ocrx_word' id='word_1_862' title='bbox 2008 3203 2076 3258; x_wconf 90' lang='lat' dir='ltr'><strong><em>Et</em></strong></span> <span class='ocrx_word' id='word_1_863' title='bbox 2103 3219 2230 3258; x_wconf 86' lang='lat' dir='ltr'><strong><em>vero</em></strong></span> <span class='ocrx_word' id='word_1_864' title='bbox 2252 3203 2567 3258; x_wconf 88' lang='lat' dir='ltr'><strong><em>Theodorus</em></strong></span> <span class='ocrx_word' id='word_1_865' title='bbox 2597 3204 2709 3272; x_wconf 91' lang='lat' dir='ltr'><strong><em>ipse</em></strong></span> <span class='ocrx_word' id='word_1_866' title='bbox 2736 3203 2990 3270; x_wconf 87' lang='lat' dir='ltr'><strong><em>magister</em></strong></span> <span class='ocrx_word' id='word_1_867' title='bbox 3025 3199 3253 3255; x_wconf 83' lang='lat' dir='ltr'><strong><em>Nestorii</em></strong></span> <span class='ocrx_word' id='word_1_868' title='bbox 3275 3200 3437 3255; x_wconf 88' lang='lat' dir='ltr'><strong><em>tradit</em></strong></span> <span class='ocrx_word' id='word_1_869' title='bbox 3464 3201 3518 3257; x_wconf 92' lang='lat' dir='ltr'><strong><em>in</em></strong></span> 
     </span>
    </p>
   </div>
   <div class='ocr_carea' id='block_1_120' title="bbox 1937 3271 3516 3344">
    <p class='ocr_par' dir='ltr' id='par_1_120' title="bbox 1937 3271 3516 3344">
     <span class='ocr_line' id='line_1_122' title="bbox 1937 3271 3516 3344; baseline -0.001 -16"><span class='ocrx_word' id='word_1_870' title='bbox 1937 3275 2199 3344; x_wconf 81' lang='lat' dir='ltr'><strong><em>symbolo,</em></strong></span> <span class='ocrx_word' id='word_1_871' title='bbox 2231 3273 2465 3329; x_wconf 86' lang='lat' dir='ltr'><strong><em>Verbum</em></strong></span> <span class='ocrx_word' id='word_1_872' title='bbox 2503 3271 3093 3344; x_wconf 48' lang='lat' dir='ltr'><strong><em>suxepmse_lioiiiinein</em></strong></span> <span class='ocrx_word' id='word_1_873' title='bbox 3119 3271 3310 3326; x_wconf 85' lang='lat' dir='ltr'><strong><em>virtute</em></strong></span> <span class='ocrx_word' id='word_1_874' title='bbox 3335 3281 3390 3325; x_wconf 89' lang='lat' dir='ltr'><strong><em>et</em></strong></span> <span class='ocrx_word' id='word_1_875' title='bbox 3416 3287 3516 3340; x_wconf 91' lang='lat' dir='ltr'><strong><em>po-</em></strong></span> 
     </span>
    </p>
   </div>
   <div class='ocr_carea' id='block_1_121' title="bbox 1937 3338 3520 3424">
    <p class='ocr_par' dir='ltr' id='par_1_121' title="bbox 1937 3338 3520 3424">
     <span class='ocr_line' id='line_1_123' title="bbox 1937 3338 3520 3424; baseline -0.002 -27"><span class='ocrx_word' id='word_1_876' title='bbox 1937 3338 2356 3424; x_wconf 44' lang='lat' dir='ltr'><strong><em>téntiaHSpiritus</em></strong></span> <span class='ocrx_word' id='word_1_877' title='bbox 2374 3342 2616 3424; x_wconf 65' lang='lat' dir='ltr'><strong><em>sancliin</em></strong></span> <span class='ocrx_word' id='word_1_878' title='bbox 2639 3338 2794 3396; x_wconf 82' lang='lat' dir='ltr'><strong><em>utero</em></strong></span> <span class='ocrx_word' id='word_1_879' title='bbox 2811 3341 3040 3424; x_wconf 68' lang='lat' dir='ltr'><strong><em>Virginis</em></strong></span> <span class='ocrx_word' id='word_1_880' title='bbox 3062 3338 3361 3424; x_wconf 71' lang='lat' dir='ltr'><strong><em>figuratum,</em></strong></span> <span class='ocrx_word' id='word_1_881' title='bbox 3377 3338 3520 3424; x_wconf 75' lang='lat' dir='ltr'><strong><em>eunt-</em></strong></span> 
     </span>
    </p>
   </div>
   <div class='ocr_carea' id='block_1_122' title="bbox 1936 3411 3524 3481">
    <p class='ocr_par' dir='ltr' id='par_1_122' title="bbox 1936 3411 3524 3481">
     <span class='ocr_line' id='line_1_124' title="bbox 1936 3411 3524 3481; baseline -0.002 -14"><span class='ocrx_word' id='word_1_882' title='bbox 1936 3427 2041 3481; x_wconf 90' lang='lat' dir='ltr'><strong>que</strong></span> <span class='ocrx_word' id='word_1_883' title='bbox 2075 3411 2182 3467; x_wconf 84' lang='lat' dir='ltr'><strong><em>sibi</em></strong></span> <span class='ocrx_word' id='word_1_884' title='bbox 2221 3412 2650 3468; x_wconf 86' lang='lat' dir='ltr'><strong><em>inenarrabiliter</em></strong></span> <span class='ocrx_word' id='word_1_885' title='bbox 2697 3412 2977 3481; x_wconf 86' lang='lat' dir='ltr'><strong><em>copulasse</em></strong></span> <span class='ocrx_word' id='word_1_886' title='bbox 3026 3429 3038 3464; x_wconf 89' lang='lat'><strong>:</strong></span> <span class='ocrx_word' id='word_1_887' title='bbox 3089 3411 3233 3481; x_wconf 77' lang='lat' dir='ltr'><strong><em>quod</em></strong></span> <span class='ocrx_word' id='word_1_888' title='bbox 3283 3413 3524 3480; x_wconf 77' lang='lat' dir='ltr'><strong><em>apertius</em></strong></span> 
     </span>
    </p>
   </div>
   <div class='ocr_carea' id='block_1_123' title="bbox 1937 3479 3519 3554">
    <p class='ocr_par' dir='ltr' id='par_1_123' title="bbox 1937 3479 3519 3554">
     <span class='ocr_line' id='line_1_125' title="bbox 1937 3479 3519 3554; baseline 0 -18"><span class='ocrx_word' id='word_1_889' title='bbox 1937 3479 2161 3554; x_wconf 60' lang='lat' dir='ltr'><strong><em>exponit</em></strong></span> <span class='ocrx_word' id='word_1_890' title='bbox 2180 3483 2232 3536; x_wconf 91' lang='lat' dir='ltr'><strong><em>in</em></strong></span> <span class='ocrx_word' id='word_1_891' title='bbox 2254 3485 2390 3539; x_wconf 89' lang='lat' dir='ltr'><strong><em>libro</em></strong></span> <span class='ocrx_word' id='word_1_892' title='bbox 2410 3483 2478 3538; x_wconf 90' lang='lat' dir='ltr'><strong><em>ad</em></strong></span> <span class='ocrx_word' id='word_1_893' title='bbox 2498 3479 2960 3554; x_wconf 77' lang='lat' dir='ltr'><strong><em>baptizatos,_cnm</em></strong></span> <span class='ocrx_word' id='word_1_894' title='bbox 2990 3482 3065 3536; x_wconf 88' lang='lat' dir='ltr'><strong><em>ait</em></strong></span> <span class='ocrx_word' id='word_1_895' title='bbox 3089 3499 3101 3533; x_wconf 88' lang='lat'>:</span> <span class='ocrx_word' id='word_1_896' title='bbox 3130 3479 3338 3534; x_wconf 82' lang='lat' dir='ltr'><strong><em>Occulte</em></strong></span> <span class='ocrx_word' id='word_1_897' title='bbox 3356 3481 3519 3537; x_wconf 87' lang='lat' dir='ltr'><strong><em>eidem</em></strong></span> 
     </span>
    </p>
   </div>
   <div class='ocr_carea' id='block_1_124' title="bbox 1939 3551 3517 3624">
    <p class='ocr_par' dir='ltr' id='par_1_124' title="bbox 1939 3551 3517 3624">
     <span class='ocr_line' id='line_1_126' title="bbox 1939 3551 3517 3624; baseline 0.001 -18"><span class='ocrx_word' id='word_1_898' title='bbox 1939 3551 2152 3607; x_wconf 79' lang='lat' dir='ltr'><strong><em>Creator</em></strong></span> <span class='ocrx_word' id='word_1_899' title='bbox 2189 3555 2452 3624; x_wconf 88' lang='lat' dir='ltr'><strong><em>copulatus</em></strong></span> <span class='ocrx_word' id='word_1_900' title='bbox 2481 3551 2588 3618; x_wconf 72' lang='lat' dir='ltr'><strong><em>est;</em></strong></span> <span class='ocrx_word' id='word_1_901' title='bbox 2631 3569 2732 3606; x_wconf 88' lang='lat' dir='ltr'><strong><em>non</em></strong></span> <span class='ocrx_word' id='word_1_902' title='bbox 2781 3551 2987 3616; x_wconf 84' lang='lat' dir='ltr'><strong><em>aberat,</em></strong></span> <span class='ocrx_word' id='word_1_903' title='bbox 3017 3569 3130 3605; x_wconf 86' lang='lat' dir='ltr'><strong><em>cum</em></strong></span> <span class='ocrx_word' id='word_1_904' title='bbox 3171 3555 3517 3624; x_wconf 64' lang='lat' dir='ltr'><strong><em>(armaretur;</em></strong></span> 
     </span>
    </p>
   </div>
   <div class='ocr_carea' id='block_1_125' title="bbox 1939 3624 3041 3688">
    <p class='ocr_par' dir='ltr' id='par_1_125' title="bbox 1939 3624 3041 3688">
     <span class='ocr_line' id='line_1_127' title="bbox 1939 3624 3041 3688; baseline 0 -14"><span class='ocrx_word' id='word_1_905' title='bbox 1939 3638 2041 3675; x_wconf 87' lang='lat' dir='ltr'><strong><em>non</em></strong></span> <span class='ocrx_word' id='word_1_906' title='bbox 2075 3624 2414 3688; x_wconf 86' lang='lat' dir='ltr'><strong><em>dividebatur,</em></strong></span> <span class='ocrx_word' id='word_1_907' title='bbox 2446 3641 2560 3677; x_wconf 88' lang='lat' dir='ltr'><strong><em>cum</em></strong></span> <span class='ocrx_word' id='word_1_908' title='bbox 2589 3632 2903 3682; x_wconf 86' lang='lat' dir='ltr'><strong><em>nasceretur,</em></strong></span> <span class='ocrx_word' id='word_1_909' title='bbox 2936 3631 3041 3676; x_wconf 90' lang='lat' dir='ltr'><strong><em>etc.</em></strong></span> 
     </span>
    </p>
   </div>
   <div class='ocr_carea' id='block_1_126' title="bbox 2008 3689 3523 3762">
    <p class='ocr_par' dir='ltr' id='par_1_126' title="bbox 2008 3689 3523 3762">
     <span class='ocr_line' id='line_1_128' title="bbox 2008 3689 3523 3762; baseline 0.003 -19"><span class='ocrx_word' id='word_1_910' title='bbox 2008 3691 2125 3746; x_wconf 83' lang='lat' dir='ltr'><strong><em>Non</em></strong></span> <span class='ocrx_word' id='word_1_911' title='bbox 2154 3692 2362 3759; x_wconf 78' lang='lat' dir='ltr'><strong><em>longius</em></strong></span> <span class='ocrx_word' id='word_1_912' title='bbox 2390 3694 2659 3762; x_wconf 84' lang='lat' dir='ltr'><strong><em>aberravit</em></strong></span> <span class='ocrx_word' id='word_1_913' title='bbox 2677 3689 2963 3762; x_wconf 21' lang='lat' dir='ltr'><strong><em>ANestorius</em></strong></span> <span class='ocrx_word' id='word_1_914' title='bbox 3001 3706 3031 3743; x_wconf 90' lang='lat' dir='ltr'><strong><em>a</em></strong></span> <span class='ocrx_word' id='word_1_915' title='bbox 3061 3691 3288 3762; x_wconf 81' lang='lat' dir='ltr'><strong><em>veritate</em></strong></span> <span class='ocrx_word' id='word_1_916' title='bbox 3311 3692 3377 3746; x_wconf 87' lang='lat' dir='ltr'><strong><em>de</em></strong></span> <span class='ocrx_word' id='word_1_917' title='bbox 3398 3709 3523 3762; x_wconf 89' lang='lat' dir='ltr'><strong><em>per-</em></strong></span> 
     </span>
    </p>
   </div>
   <div class='ocr_carea' id='block_1_127' title="bbox 1937 3760 3530 3830">
    <p class='ocr_par' dir='ltr' id='par_1_127' title="bbox 1937 3760 3530 3830">
     <span class='ocr_line' id='line_1_129' title="bbox 1937 3760 3530 3830; baseline 0.002 -16"><span class='ocrx_word' id='word_1_918' title='bbox 1937 3769 2101 3830; x_wconf 89' lang='lat' dir='ltr'><strong><em>petuo</em></strong></span> <span class='ocrx_word' id='word_1_919' title='bbox 2121 3769 2432 3815; x_wconf 87' lang='lat' dir='ltr'><strong><em>naturarum</em></strong></span> <span class='ocrx_word' id='word_1_920' title='bbox 2454 3777 2615 3823; x_wconf 78' lang='lat' dir='ltr'><strong><em>nexu,</em></strong></span> <span class='ocrx_word' id='word_1_921' title='bbox 2641 3760 2696 3814; x_wconf 88' lang='lat' dir='ltr'><strong><em>id</em></strong></span> <span class='ocrx_word' id='word_1_922' title='bbox 2721 3769 2822 3824; x_wconf 85' lang='lat' dir='ltr'><strong><em>est,</em></strong></span> <span class='ocrx_word' id='word_1_923' title='bbox 2850 3763 2940 3830; x_wconf 88' lang='lat' dir='ltr'><strong><em>qui</em></strong></span> <span class='ocrx_word' id='word_1_924' title='bbox 2961 3775 3135 3827; x_wconf 88' lang='lat' dir='ltr'><strong><em>neque</em></strong></span> <span class='ocrx_word' id='word_1_925' title='bbox 3165 3760 3424 3830; x_wconf 78' lang='lat' dir='ltr'><strong><em>hactenus</em></strong></span> <span class='ocrx_word' id='word_1_926' title='bbox 3451 3765 3530 3817; x_wconf 73' lang='lat' dir='ltr'><strong><em>sit&#39;</em></strong></span> 
     </span>
    </p>
   </div>
   <div class='ocr_carea' id='block_1_128' title="bbox 1937 3828 3522 3898">
    <p class='ocr_par' dir='ltr' id='par_1_128' title="bbox 1937 3828 3522 3898">
     <span class='ocr_line' id='line_1_130' title="bbox 1937 3828 3522 3898; baseline 0.003 -14"><span class='ocrx_word' id='word_1_927' title='bbox 1937 3828 2284 3898; x_wconf 86' lang='lat' dir='ltr'><strong><em>interruptus,</em></strong></span> <span class='ocrx_word' id='word_1_928' title='bbox 2309 3845 2409 3885; x_wconf 92' lang='lat' dir='ltr'><strong><em>nec</em></strong></span> <span class='ocrx_word' id='word_1_929' title='bbox 2431 3845 2678 3897; x_wconf 87' lang='lat' dir='ltr'><strong><em>umquam</em></strong></span> <span class='ocrx_word' id='word_1_930' title='bbox 2696 3837 2880 3898; x_wconf 86' lang='lat' dir='ltr'><strong><em>postea</em></strong></span> <span class='ocrx_word' id='word_1_931' title='bbox 2900 3828 3284 3883; x_wconf 78' lang='lat' dir='ltr'><strong><em>dissolvendus.</em></strong></span> <span class='ocrx_word' id='word_1_932' title='bbox 3310 3829 3442 3884; x_wconf 86' lang='lat' dir='ltr'><strong><em>Nam</em></strong></span> <span class='ocrx_word' id='word_1_933' title='bbox 3466 3842 3522 3888; x_wconf 87' lang='lat' dir='ltr'><strong><em>et</em></strong></span> 
     </span>
    </p>
   </div>
   <div class='ocr_carea' id='block_1_129' title="bbox 1939 3897 3520 3970">
    <p class='ocr_par' dir='ltr' id='par_1_129' title="bbox 1939 3897 3520 3970">
     <span class='ocr_line' id='line_1_131' title="bbox 1939 3897 3520 3970; baseline 0.001 -18"><span class='ocrx_word' id='word_1_934' title='bbox 1939 3897 2324 3970; x_wconf 78' lang='lat' dir='ltr'><strong><em>humanitatem</em></strong></span> <span class='ocrx_word' id='word_1_935' title='bbox 2356 3908 2512 3954; x_wconf 85' lang='lat' dir='ltr'><strong><em>vocat</em></strong></span> <span class='ocrx_word' id='word_1_936' title='bbox 2538 3897 3233 3970; x_wconf 64' lang='lat' dir='ltr'><strong><em>inspoliabllevestimentum</em></strong></span> <span class='ocrx_word' id='word_1_937' title='bbox 3256 3899 3520 3954; x_wconf 86' lang='lat' dir='ltr'><strong><em>Divinita-</em></strong></span> 
     </span>
    </p>
   </div>
   <div class='ocr_carea' id='block_1_130' title="bbox 1941 3968 3518 4050">
    <p class='ocr_par' dir='ltr' id='par_1_130' title="bbox 1941 3968 3518 4050">
     <span class='ocr_line' id='line_1_132' title="bbox 1941 3968 3518 4050; baseline 0.001 -28"><span class='ocrx_word' id='word_1_938' title='bbox 1941 3971 2004 4050; x_wconf 71' lang='lat' dir='ltr'><strong><em>tis</em></strong></span> <span class='ocrx_word' id='word_1_939' title='bbox 2036 3968 2229 4050; x_wconf 88' lang='lat' dir='ltr'><strong><em>(Serm.</em></strong></span> <span class='ocrx_word' id='word_1_940' title='bbox 2245 3969 2378 4050; x_wconf 49' lang='lat' dir='ltr'><strong><em>id),</em></strong></span> <span class='ocrx_word' id='word_1_941' title='bbox 2399 3979 2454 4050; x_wconf 71' lang='lat' dir='ltr'><strong><em>et</em></strong></span> <span class='ocrx_word' id='word_1_942' title='bbox 2483 3968 2770 4024; x_wconf 79' lang='lat' dir='ltr'><strong><em>incarnatae</em></strong></span> <span class='ocrx_word' id='word_1_943' title='bbox 2793 3968 3016 4023; x_wconf 89' lang='lat' dir='ltr'><strong><em>Deitatis</em></strong></span> <span class='ocrx_word' id='word_1_944' title='bbox 3045 3969 3338 4050; x_wconf 61' lang='lat' dir='ltr'><strong><em>unitionem</em></strong></span> <span class='ocrx_word' id='word_1_945' title='bbox 3367 3985 3518 4050; x_wconf 63' lang='lat' dir='ltr'><strong><em>asse-</em></strong></span> 
     </span>
    </p>
   </div>
   <div class='ocr_carea' id='block_1_131' title="bbox 1937 4039 3518 4109">
    <p class='ocr_par' dir='ltr' id='par_1_131' title="bbox 1937 4039 3518 4109">
     <span class='ocr_line' id='line_1_133' title="bbox 1937 4039 3518 4109; baseline 0 -17"><span class='ocrx_word' id='word_1_946' title='bbox 1937 4040 2008 4093; x_wconf 91' lang='lat' dir='ltr'><strong><em>rit</em></strong></span> <span class='ocrx_word' id='word_1_947' title='bbox 2037 4039 2524 4094; x_wconf 88' lang='lat' dir='ltr'><strong><em>incommutabilem</em></strong></span> <span class='ocrx_word' id='word_1_948' title='bbox 2564 4055 2628 4094; x_wconf 89' lang='lat' dir='ltr'><strong><em>ac</em></strong></span> <span class='ocrx_word' id='word_1_949' title='bbox 2654 4054 2865 4108; x_wconf 85' lang='lat' dir='ltr'><strong><em>semper</em></strong></span> <span class='ocrx_word' id='word_1_950' title='bbox 2885 4045 3190 4092; x_wconf 89' lang='lat' dir='ltr'><strong><em>manentem</em></strong></span> <span class='ocrx_word' id='word_1_951' title='bbox 3216 4039 3408 4109; x_wconf 88' lang='lat' dir='ltr'><strong><em>(Serm.</em></strong></span> <span class='ocrx_word' id='word_1_952' title='bbox 3428 4040 3518 4108; x_wconf 85' lang='lat'><strong><em>7);</em></strong></span> 
     </span>
    </p>
   </div>
   <div class='ocr_carea' id='block_1_132' title="bbox 1939 4109 3514 4180">
    <p class='ocr_par' dir='ltr' id='par_1_132' title="bbox 1939 4109 3514 4180">
     <span class='ocr_line' id='line_1_134' title="bbox 1939 4109 3514 4180; baseline -0.001 -17"><span class='ocrx_word' id='word_1_953' title='bbox 1939 4116 1994 4163; x_wconf 90' lang='lat' dir='ltr'><strong><em>et</em></strong></span> <span class='ocrx_word' id='word_1_954' title='bbox 2021 4109 2293 4164; x_wconf 85' lang='lat' dir='ltr'><strong><em>hominem</em></strong></span> <span class='ocrx_word' id='word_1_955' title='bbox 2321 4111 2449 4164; x_wconf 90' lang='lat' dir='ltr'><strong><em>dicit</em></strong></span> <span class='ocrx_word' id='word_1_956' title='bbox 2469 4118 2785 4180; x_wconf 88' lang='lat' dir='ltr'><strong><em>perpetuum</em></strong></span> <span class='ocrx_word' id='word_1_957' title='bbox 2807 4109 3118 4180; x_wconf 46' lang='lat' dir='ltr'><strong><em>[ﬁrmitatis</em></strong></span> <span class='ocrx_word' id='word_1_958' title='bbox 3128 4109 3514 4180; x_wconf 73' lang='lat' dir='ltr'><strong><em>possessorem,</em></strong></span> 
     </span>
    </p>
   </div>
   <div class='ocr_carea' id='block_1_133' title="bbox 1939 4178 3516 4249">
    <p class='ocr_par' dir='ltr' id='par_1_133' title="bbox 1939 4178 3516 4249">
     <span class='ocr_line' id='line_1_135' title="bbox 1939 4178 3516 4249; baseline -0.002 -15"><span class='ocrx_word' id='word_1_959' title='bbox 1939 4185 1995 4234; x_wconf 81' lang='lat' dir='ltr'><strong><em>et</em></strong></span> <span class='ocrx_word' id='word_1_960' title='bbox 2022 4194 2145 4249; x_wconf 74' lang='lat' dir='ltr'><strong><em>cum</em></strong></span> <span class='ocrx_word' id='word_1_961' title='bbox 2167 4180 2285 4248; x_wconf 89' lang='lat' dir='ltr'><strong><em>ipso</em></strong></span> <span class='ocrx_word' id='word_1_962' title='bbox 2307 4178 2670 4249; x_wconf 80' lang='lat' dir='ltr'><strong><em>indesinenter</em></strong></span> <span class='ocrx_word' id='word_1_963' title='bbox 2691 4193 2808 4234; x_wconf 90' lang='lat' dir='ltr'><strong><em>esse</em></strong></span> <span class='ocrx_word' id='word_1_964' title='bbox 2840 4178 3069 4234; x_wconf 87' lang='lat' dir='ltr'><strong><em>Verbum</em></strong></span> <span class='ocrx_word' id='word_1_965' title='bbox 3097 4178 3192 4233; x_wconf 89' lang='lat' dir='ltr'><strong><em>Dei</em></strong></span> <span class='ocrx_word' id='word_1_966' title='bbox 3215 4178 3404 4249; x_wconf 87' lang='lat' dir='ltr'><strong><em>(Serm.</em></strong></span> <span class='ocrx_word' id='word_1_967' title='bbox 3432 4178 3516 4248; x_wconf 83' lang='lat'><strong><em>6);</em></strong></span> 
     </span>
    </p>
   </div>
   <div class='ocr_carea' id='block_1_134' title="bbox 1940 4247 3520 4316">
    <p class='ocr_par' dir='ltr' id='par_1_134' title="bbox 1940 4247 3520 4316">
     <span class='ocr_line' id='line_1_136' title="bbox 1940 4247 3520 4316; baseline -0.001 -13"><span class='ocrx_word' id='word_1_968' title='bbox 1940 4257 1995 4303; x_wconf 91' lang='lat' dir='ltr'><strong><em>et</em></strong></span> <span class='ocrx_word' id='word_1_969' title='bbox 2015 4249 2067 4302; x_wconf 92' lang='lat' dir='ltr'><strong><em>in</em></strong></span> <span class='ocrx_word' id='word_1_970' title='bbox 2096 4247 2402 4304; x_wconf 78' lang='lat' dir='ltr'><strong><em>Marcellum</em></strong></span> <span class='ocrx_word' id='word_1_971' title='bbox 2425 4247 2666 4302; x_wconf 87' lang='lat' dir='ltr'><strong><em>Galatam</em></strong></span> <span class='ocrx_word' id='word_1_972' title='bbox 2688 4250 2843 4301; x_wconf 86' lang='lat' dir='ltr'><strong><em>aliter</em></strong></span> <span class='ocrx_word' id='word_1_973' title='bbox 2862 4249 3176 4302; x_wconf 89' lang='lat' dir='ltr'><strong><em>sentientem</em></strong></span> <span class='ocrx_word' id='word_1_974' title='bbox 3206 4247 3520 4316; x_wconf 75' lang='lat' dir='ltr'><strong><em>gravissima</em></strong></span> 
     </span>
    </p>
   </div>
   <div class='ocr_carea' id='block_1_135' title="bbox 1941 4317 3518 4389">
    <p class='ocr_par' dir='ltr' id='par_1_135' title="bbox 1941 4317 3518 4389">
     <span class='ocr_line' id='line_1_137' title="bbox 1941 4317 3518 4389; baseline 0 -18"><span class='ocrx_word' id='word_1_975' title='bbox 1941 4319 2184 4374; x_wconf 85' lang='lat' dir='ltr'><strong><em>oratione</em></strong></span> <span class='ocrx_word' id='word_1_976' title='bbox 2213 4319 2483 4373; x_wconf 83' lang='lat' dir='ltr'><strong><em>invehitur</em></strong></span> <span class='ocrx_word' id='word_1_977' title='bbox 2512 4318 2705 4389; x_wconf 88' lang='lat' dir='ltr'><strong><em>(Serm.</em></strong></span> <span class='ocrx_word' id='word_1_978' title='bbox 2738 4317 2820 4380; x_wconf 68' lang='grc'>12,</span> <span class='ocrx_word' id='word_1_979' title='bbox 2845 4334 2985 4372; x_wconf 88' lang='lat' dir='ltr'><strong><em>num.</em></strong></span> <span class='ocrx_word' id='word_1_980' title='bbox 3017 4317 3106 4386; x_wconf 63' lang='lat'><strong><em>2):</em></strong></span> <span class='ocrx_word' id='word_1_981' title='bbox 3135 4317 3376 4371; x_wconf 76' lang='lat' dir='ltr'><strong><em>omnium</em></strong></span> <span class='ocrx_word' id='word_1_982' title='bbox 3403 4317 3518 4372; x_wconf 92' lang='lat' dir='ltr'><strong><em>Do-</em></strong></span> 
     </span>
    </p>
   </div>
   <div class='ocr_carea' id='block_1_136' title="bbox 1941 4389 3520 4458">
    <p class='ocr_par' dir='ltr' id='par_1_136' title="bbox 1941 4389 3520 4458">
     <span class='ocr_line' id='line_1_138' title="bbox 1941 4389 3520 4458; baseline 0.001 -18"><span class='ocrx_word' id='word_1_983' title='bbox 1941 4389 2110 4458; x_wconf 82' lang='lat' dir='ltr'><strong><em>minus</em></strong></span> <span class='ocrx_word' id='word_1_984' title='bbox 2133 4389 2347 4458; x_wconf 78' lang='lat' dir='ltr'><strong><em>indutus</em></strong></span> <span class='ocrx_word' id='word_1_985' title='bbox 2359 4398 2434 4441; x_wconf 85' lang='lat' dir='ltr'><strong><em>est</em></strong></span> <span class='ocrx_word' id='word_1_986' title='bbox 2462 4398 2693 4441; x_wconf 89' lang='lat' dir='ltr'><strong><em>nostram</em></strong></span> <span class='ocrx_word' id='word_1_987' title='bbox 2730 4395 3000 4451; x_wconf 88' lang='lat' dir='ltr'><strong><em>naturam,</em></strong></span> <span class='ocrx_word' id='word_1_988' title='bbox 3035 4404 3308 4458; x_wconf 85' lang='lat' dir='ltr'><strong><em>numquam</em></strong></span> <span class='ocrx_word' id='word_1_989' title='bbox 3331 4390 3520 4458; x_wconf 88' lang='lat' dir='ltr'><strong><em>spolia-</em></strong></span> 
     </span>
    </p>
   </div>
   <div class='ocr_carea' id='block_1_137' title="bbox 1943 4455 3520 4526">
    <p class='ocr_par' dir='ltr' id='par_1_137' title="bbox 1943 4455 3520 4526">
     <span class='ocr_line' id='line_1_139' title="bbox 1943 4455 3520 4526; baseline 0.002 -18"><span class='ocrx_word' id='word_1_990' title='bbox 1943 4455 2040 4510; x_wconf 77' lang='lat' dir='ltr'><strong><em>bile</em></strong></span> <span class='ocrx_word' id='word_1_991' title='bbox 2083 4459 2277 4511; x_wconf 89' lang='lat' dir='ltr'><strong><em>scilicet</em></strong></span> <span class='ocrx_word' id='word_1_992' title='bbox 2308 4457 2527 4511; x_wconf 88' lang='lat' dir='ltr'><strong><em>Deitatis</em></strong></span> <span class='ocrx_word' id='word_1_993' title='bbox 2566 4459 2930 4520; x_wconf 81' lang='lat' dir='ltr'><strong><em>vestimentum,</em></strong></span> <span class='ocrx_word' id='word_1_994' title='bbox 2982 4455 3323 4526; x_wconf 78' lang='lat' dir='ltr'><strong><em>inseparabile</em></strong></span> <span class='ocrx_word' id='word_1_995' title='bbox 3359 4455 3520 4511; x_wconf 79' lang='lat' dir='ltr'><strong><em>indu-</em></strong></span> 
     </span>
    </p>
   </div>
   <div class='ocr_carea' id='block_1_138' title="bbox 1865 4517 3518 4596">
    <p class='ocr_par' dir='ltr' id='par_1_138' title="bbox 1865 4517 3518 4596">
     <span class='ocr_line' id='line_1_140' title="bbox 1865 4517 3518 4596; baseline 0.002 -18"><span class='ocrx_word' id='word_1_996' title='bbox 1865 4517 1919 4578; x_wconf 84' lang='lat' dir='ltr'><strong><em>D</em></strong></span> <span class='ocrx_word' id='word_1_997' title='bbox 1943 4538 2164 4580; x_wconf 73' lang='lat' dir='ltr'><strong><em>mentum</em></strong></span> <span class='ocrx_word' id='word_1_998' title='bbox 2198 4529 2386 4581; x_wconf 71' lang='lat' dir='ltr'><strong><em>divina:</em></strong></span> <span class='ocrx_word' id='word_1_999' title='bbox 2411 4526 2728 4592; x_wconf 77' lang='lat' dir='ltr'><strong><em>substantite,</em></strong></span> <span class='ocrx_word' id='word_1_1000' title='bbox 2757 4517 3015 4596; x_wconf 85' lang='lat' dir='ltr'><strong><em>speculum</em></strong></span> <span class='ocrx_word' id='word_1_1001' title='bbox 3035 4517 3243 4580; x_wconf 79' lang='lat' dir='ltr'><strong><em>Domini</em></strong></span> <span class='ocrx_word' id='word_1_1002' title='bbox 3269 4529 3518 4592; x_wconf 86' lang='lat' dir='ltr'><strong><em>omnium,</em></strong></span> 
     </span>
    </p>
   </div>
   <div class='ocr_carea' id='block_1_139' title="bbox 1941 4597 3521 4668">
    <p class='ocr_par' dir='ltr' id='par_1_139' title="bbox 1941 4597 3521 4668">
     <span class='ocr_line' id='line_1_141' title="bbox 1941 4597 3521 4668; baseline -0.001 -18"><span class='ocrx_word' id='word_1_1003' title='bbox 1941 4597 2085 4668; x_wconf 87' lang='lat' dir='ltr'><strong><em>quod</em></strong></span> <span class='ocrx_word' id='word_1_1004' title='bbox 2112 4614 2225 4668; x_wconf 82' lang='lat' dir='ltr'><strong><em>cum</em></strong></span> <span class='ocrx_word' id='word_1_1005' title='bbox 2250 4606 2450 4668; x_wconf 73' lang='lat' dir='ltr'><strong><em>natura:</em></strong></span> <span class='ocrx_word' id='word_1_1006' title='bbox 2478 4597 2779 4668; x_wconf 86' lang='lat' dir='ltr'><strong><em>dignitatem</em></strong></span> <span class='ocrx_word' id='word_1_1007' title='bbox 2801 4598 3067 4668; x_wconf 74' lang='lat' dir='ltr'><strong><em>propriam</em></strong></span> <span class='ocrx_word' id='word_1_1008' title='bbox 3087 4597 3408 4668; x_wconf 80' lang='lat' dir='ltr'><strong><em>perdidisset,</em></strong></span> <span class='ocrx_word' id='word_1_1009' title='bbox 3442 4607 3521 4668; x_wconf 64' lang='grc' dir='ltr'><em>ιιι-τ</em></span> 
     </span>
    </p>
   </div>
   <div class='ocr_carea' id='block_1_140' title="bbox 1942 4665 3520 4730">
    <p class='ocr_par' dir='ltr' id='par_1_140' title="bbox 1942 4665 3520 4730">
     <span class='ocr_line' id='line_1_142' title="bbox 1942 4665 3520 4730; baseline -0.001 -10"><span class='ocrx_word' id='word_1_1010' title='bbox 1942 4665 2088 4720; x_wconf 85' lang='lat' dir='ltr'><strong><em>metsi</em></strong></span> <span class='ocrx_word' id='word_1_1011' title='bbox 2109 4666 2274 4721; x_wconf 86' lang='lat' dir='ltr'><strong><em>decies</em></strong></span> <span class='ocrx_word' id='word_1_1012' title='bbox 2294 4667 2477 4722; x_wconf 88' lang='lat' dir='ltr'><strong><em>millies</em></strong></span> <span class='ocrx_word' id='word_1_1013' title='bbox 2506 4665 2760 4721; x_wconf 78' lang='lat' dir='ltr'><strong><em>irascatur</em></strong></span> <span class='ocrx_word' id='word_1_1014' title='bbox 2779 4665 2992 4720; x_wconf 81' lang='lat' dir='ltr'><strong><em>audiens</em></strong></span> <span class='ocrx_word' id='word_1_1015' title='bbox 3014 4665 3309 4730; x_wconf 78' lang='lat' dir='ltr'><strong><em>Marcellus,</em></strong></span> <span class='ocrx_word' id='word_1_1016' title='bbox 3329 4682 3429 4719; x_wconf 89' lang='lat' dir='ltr'><strong><em>non</em></strong></span> <span class='ocrx_word' id='word_1_1017' title='bbox 3452 4666 3520 4719; x_wconf 85' lang='lat' dir='ltr'><strong><em>ad</em></strong></span> 
     </span>
    </p>
   </div>
   <div class='ocr_carea' id='block_1_141' title="bbox 1942 4735 3521 4806">
    <p class='ocr_par' dir='ltr' id='par_1_141' title="bbox 1942 4735 3521 4806">
     <span class='ocr_line' id='line_1_143' title="bbox 1942 4735 3521 4806; baseline -0.001 -17"><span class='ocrx_word' id='word_1_1018' title='bbox 1942 4753 2086 4790; x_wconf 84' lang='lat' dir='ltr'><strong><em>usum</em></strong></span> <span class='ocrx_word' id='word_1_1019' title='bbox 2130 4737 2418 4791; x_wconf 87' lang='lat' dir='ltr'><strong><em>naturalem</em></strong></span> <span class='ocrx_word' id='word_1_1020' title='bbox 2447 4740 2639 4806; x_wconf 88' lang='lat' dir='ltr'><strong><em>accepit</em></strong></span> <span class='ocrx_word' id='word_1_1021' title='bbox 2671 4737 2766 4790; x_wconf 87' lang='lat' dir='ltr'><strong><em>hoc</em></strong></span> <span class='ocrx_word' id='word_1_1022' title='bbox 2793 4739 3158 4801; x_wconf 79' lang='lat' dir='ltr'><strong><em>vestimentum,</em></strong></span> <span class='ocrx_word' id='word_1_1023' title='bbox 3189 4735 3278 4789; x_wconf 87' lang='lat' dir='ltr'><strong><em>sed</em></strong></span> <span class='ocrx_word' id='word_1_1024' title='bbox 3305 4737 3356 4789; x_wconf 88' lang='lat' dir='ltr'><strong><em>in</em></strong></span> <span class='ocrx_word' id='word_1_1025' title='bbox 3387 4753 3521 4789; x_wconf 88' lang='lat' dir='ltr'><strong><em>sem-</em></strong></span> 
     </span>
    </p>
   </div>
   <div class='ocr_carea' id='block_1_142' title="bbox 1943 4806 3519 4877">
    <p class='ocr_par' dir='ltr' id='par_1_142' title="bbox 1943 4806 3519 4877">
     <span class='ocr_line' id='line_1_144' title="bbox 1943 4806 3519 4877; baseline 0 -19"><span class='ocrx_word' id='word_1_1026' title='bbox 1943 4809 2217 4877; x_wconf 86' lang='lat' dir='ltr'><strong><em>piternum,</em></strong></span> <span class='ocrx_word' id='word_1_1027' title='bbox 2242 4817 2298 4859; x_wconf 92' lang='lat' dir='ltr'><strong><em>ut</em></strong></span> <span class='ocrx_word' id='word_1_1028' title='bbox 2325 4807 2394 4859; x_wconf 89' lang='lat' dir='ltr'><strong><em>ad</em></strong></span> <span class='ocrx_word' id='word_1_1029' title='bbox 2421 4807 2686 4860; x_wconf 72' lang='lat' dir='ltr'><strong><em>dexteram</em></strong></span> <span class='ocrx_word' id='word_1_1030' title='bbox 2713 4822 2820 4860; x_wconf 75' lang='lat' dir='ltr'><strong><em>sua:</em></strong></span> <span class='ocrx_word' id='word_1_1031' title='bbox 2847 4806 3144 4860; x_wconf 86' lang='lat' dir='ltr'><strong><em>Diviuitatis</em></strong></span> <span class='ocrx_word' id='word_1_1032' title='bbox 3175 4808 3365 4877; x_wconf 80' lang='lat' dir='ltr'><strong><em>faceret</em></strong></span> <span class='ocrx_word' id='word_1_1033' title='bbox 3395 4823 3519 4858; x_wconf 85' lang='lat' dir='ltr'><strong><em>con-</em></strong></span> 
     </span>
    </p>
   </div>
   <div class='ocr_carea' id='block_1_143' title="bbox 1942 4875 3514 4941">
    <p class='ocr_par' dir='ltr' id='par_1_143' title="bbox 1942 4875 3514 4941">
     <span class='ocr_line' id='line_1_145' title="bbox 1942 4875 3514 4941; baseline -0.002 -11"><span class='ocrx_word' id='word_1_1034' title='bbox 1942 4875 2141 4941; x_wconf 81' lang='lat' dir='ltr'><strong><em>sidere;</em></strong></span> <span class='ocrx_word' id='word_1_1035' title='bbox 2167 4878 2294 4930; x_wconf 83' lang='lat' dir='ltr'><strong><em>nihil</em></strong></span> <span class='ocrx_word' id='word_1_1036' title='bbox 2323 4878 2434 4930; x_wconf 85' lang='lat' dir='ltr'><strong><em>sine</em></strong></span> <span class='ocrx_word' id='word_1_1037' title='bbox 2460 4879 2558 4930; x_wconf 85' lang='lat' dir='ltr'><strong><em>isto</em></strong></span> <span class='ocrx_word' id='word_1_1038' title='bbox 2583 4893 2674 4930; x_wconf 89' lang='lat' dir='ltr'><strong><em>suo</em></strong></span> <span class='ocrx_word' id='word_1_1039' title='bbox 2702 4878 2996 4929; x_wconf 85' lang='lat' dir='ltr'><strong><em>vestimento</em></strong></span> <span class='ocrx_word' id='word_1_1040' title='bbox 3025 4875 3298 4930; x_wconf 85' lang='lat' dir='ltr'><strong><em>viventibus</em></strong></span> <span class='ocrx_word' id='word_1_1041' title='bbox 3330 4875 3514 4938; x_wconf 87' lang='lat' dir='ltr'><strong><em>donat;</em></strong></span> 
     </span>
    </p>
   </div>
   <div class='ocr_carea' id='block_1_144' title="bbox 1945 4947 3520 5010">
    <p class='ocr_par' dir='ltr' id='par_1_144' title="bbox 1945 4947 3520 5010">
     <span class='ocr_line' id='line_1_146' title="bbox 1945 4947 3520 5010; baseline 0 -11"><span class='ocrx_word' id='word_1_1042' title='bbox 1945 4963 2048 5001; x_wconf 89' lang='lat' dir='ltr'><strong><em>non</em></strong></span> <span class='ocrx_word' id='word_1_1043' title='bbox 2083 4947 2287 5010; x_wconf 87' lang='lat' dir='ltr'><strong><em>judicat</em></strong></span> <span class='ocrx_word' id='word_1_1044' title='bbox 2318 4957 2542 5000; x_wconf 88' lang='lat' dir='ltr'><strong><em>mortuos</em></strong></span> <span class='ocrx_word' id='word_1_1045' title='bbox 2572 4947 2684 5000; x_wconf 90' lang='lat' dir='ltr'><strong><em>sine</em></strong></span> <span class='ocrx_word' id='word_1_1046' title='bbox 2717 4948 2844 5010; x_wconf 89' lang='lat' dir='ltr'><strong><em>isto;</em></strong></span> <span class='ocrx_word' id='word_1_1047' title='bbox 2867 4963 3021 4999; x_wconf 85' lang='lat' dir='ltr'><strong><em>unum</em></strong></span> <span class='ocrx_word' id='word_1_1048' title='bbox 3062 4962 3171 4999; x_wconf 87' lang='lat' dir='ltr'><strong><em>esse</em></strong></span> <span class='ocrx_word' id='word_1_1049' title='bbox 3210 4947 3365 4998; x_wconf 85' lang='lat' dir='ltr'><strong><em>voluit</em></strong></span> <span class='ocrx_word' id='word_1_1050' title='bbox 3407 4962 3520 5000; x_wconf 87' lang='lat' dir='ltr'><strong><em>cum</em></strong></span> 
     </span>
    </p>
   </div>
   <div class='ocr_carea' id='block_1_145' title="bbox 1943 5018 2759 5087">
    <p class='ocr_par' dir='ltr' id='par_1_145' title="bbox 1943 5018 2759 5087">
     <span class='ocr_line' id='line_1_147' title="bbox 1943 5018 2759 5087; baseline -0.002 -17"><span class='ocrx_word' id='word_1_1051' title='bbox 1943 5018 2044 5071; x_wconf 86' lang='lat' dir='ltr'><strong><em>isto</em></strong></span> <span class='ocrx_word' id='word_1_1052' title='bbox 2073 5018 2372 5072; x_wconf 78' lang='lat' dir='ltr'><strong><em>Dirinitatis</em></strong></span> <span class='ocrx_word' id='word_1_1053' title='bbox 2399 5033 2505 5070; x_wconf 74' lang='lat' dir='ltr'><strong><em>sua:</em></strong></span> <span class='ocrx_word' id='word_1_1054' title='bbox 2530 5033 2759 5087; x_wconf 85' lang='lat' dir='ltr'><strong><em>regnum.</em></strong></span> 
     </span>
    </p>
   </div>
   <div class='ocr_carea' id='block_1_146' title="bbox 2017 5083 3524 5156">
    <p class='ocr_par' dir='ltr' id='par_1_146' title="bbox 2017 5083 3524 5156">
     <span class='ocr_line' id='line_1_148' title="bbox 2017 5083 3524 5156; baseline -0.001 -16"><span class='ocrx_word' id='word_1_1055' title='bbox 2017 5087 2096 5141; x_wconf 83' lang='lat' dir='ltr'><strong><em>Ex</em></strong></span> <span class='ocrx_word' id='word_1_1056' title='bbox 2133 5087 2216 5142; x_wconf 90' lang='lat' dir='ltr'><strong><em>his</em></strong></span> <span class='ocrx_word' id='word_1_1057' title='bbox 2242 5103 2360 5156; x_wconf 76' lang='lat' dir='ltr'><strong><em>qua:</em></strong></span> <span class='ocrx_word' id='word_1_1058' title='bbox 2389 5083 2644 5142; x_wconf 83' lang='lat' dir='ltr'><strong><em>hactenus</em></strong></span> <span class='ocrx_word' id='word_1_1059' title='bbox 2672 5085 2913 5155; x_wconf 81' lang='lat' dir='ltr'><strong><em>exposita</em></strong></span> <span class='ocrx_word' id='word_1_1060' title='bbox 2954 5091 3107 5149; x_wconf 84' lang='lat' dir='ltr'><strong><em>sunt,</em></strong></span> <span class='ocrx_word' id='word_1_1061' title='bbox 3159 5083 3358 5153; x_wconf 90' lang='lat' dir='ltr'><strong><em>liquido</em></strong></span> <span class='ocrx_word' id='word_1_1062' title='bbox 3393 5099 3524 5140; x_wconf 81' lang='lat' dir='ltr'><strong><em>con-</em></strong></span> 
     </span>
    </p>
   </div>
   <div class='ocr_carea' id='block_1_147' title="bbox 1945 5156 3524 5226">
    <p class='ocr_par' dir='ltr' id='par_1_147' title="bbox 1945 5156 3524 5226">
     <span class='ocr_line' id='line_1_149' title="bbox 1945 5156 3524 5226; baseline -0.001 -15"><span class='ocrx_word' id='word_1_1063' title='bbox 1945 5163 2054 5211; x_wconf 87' lang='lat' dir='ltr'><strong><em>stat</em></strong></span> <span class='ocrx_word' id='word_1_1064' title='bbox 2092 5159 2442 5226; x_wconf 81' lang='lat' dir='ltr'><strong><em>quaestionem</em></strong></span> <span class='ocrx_word' id='word_1_1065' title='bbox 2477 5173 2507 5210; x_wconf 89' lang='lat' dir='ltr'><strong><em>a</em></strong></span> <span class='ocrx_word' id='word_1_1066' title='bbox 2549 5156 2814 5226; x_wconf 10' lang='lat' dir='ltr'><strong><em>Noster-io,</em></strong></span> <span class='ocrx_word' id='word_1_1067' title='bbox 2837 5164 3036 5226; x_wconf 84' lang='lat' dir='ltr'><strong><em>motam</em></strong></span> <span class='ocrx_word' id='word_1_1068' title='bbox 3073 5156 3218 5208; x_wconf 90' lang='lat' dir='ltr'><strong><em>omni</em></strong></span> <span class='ocrx_word' id='word_1_1069' title='bbox 3258 5169 3325 5210; x_wconf 83' lang='lat' dir='ltr'><strong><em>ex</em></strong></span> <span class='ocrx_word' id='word_1_1070' title='bbox 3368 5166 3524 5226; x_wconf 87' lang='lat' dir='ltr'><strong><em>parte</em></strong></span> 
     </span>
    </p>
   </div>
   <div class='ocr_carea' id='block_1_148' title="bbox 1945 5224 3525 5295">
    <p class='ocr_par' dir='ltr' id='par_1_148' title="bbox 1945 5224 3525 5295">
     <span class='ocr_line' id='line_1_150' title="bbox 1945 5224 3525 5295; baseline -0.002 -13"><span class='ocrx_word' id='word_1_1071' title='bbox 1945 5224 2216 5295; x_wconf 76' lang='lat' dir='ltr'><strong><em>pertinere</em></strong></span> <span class='ocrx_word' id='word_1_1072' title='bbox 2244 5227 2310 5285; x_wconf 83' lang='lat' dir='ltr'><strong><em>ad</em></strong></span> <span class='ocrx_word' id='word_1_1073' title='bbox 2338 5227 2550 5281; x_wconf 89' lang='lat' dir='ltr'><strong><em>unionis</em></strong></span> <span class='ocrx_word' id='word_1_1074' title='bbox 2583 5239 2751 5294; x_wconf 81' lang='lat' dir='ltr'><strong><em>genus</em></strong></span> <span class='ocrx_word' id='word_1_1075' title='bbox 2779 5225 2890 5280; x_wconf 76' lang='lat' dir='ltr'><strong><em>sive</em></strong></span> <span class='ocrx_word' id='word_1_1076' title='bbox 2910 5224 3123 5294; x_wconf 84' lang='lat' dir='ltr'><strong><em>modum</em></strong></span> <span class='ocrx_word' id='word_1_1077' title='bbox 3146 5239 3253 5293; x_wconf 88' lang='lat' dir='ltr'><strong><em>quo</em></strong></span> <span class='ocrx_word' id='word_1_1078' title='bbox 3279 5224 3448 5279; x_wconf 64' lang='lat' dir='ltr'><strong><em>ambae</em></strong></span> <span class='ocrx_word' id='word_1_1079' title='bbox 3472 5228 3525 5280; x_wconf 88' lang='lat' dir='ltr'><strong><em>in</em></strong></span> 
     </span>
    </p>
   </div>
   <div class='ocr_carea' id='block_1_149' title="bbox 1947 5295 3523 5365">
    <p class='ocr_par' dir='ltr' id='par_1_149' title="bbox 1947 5295 3523 5365">
     <span class='ocr_line' id='line_1_151' title="bbox 1947 5295 3523 5365; baseline -0.001 -14"><span class='ocrx_word' id='word_1_1080' title='bbox 1947 5295 2162 5352; x_wconf 74' lang='lat' dir='ltr'><strong><em>Christo</em></strong></span> <span class='ocrx_word' id='word_1_1081' title='bbox 2191 5306 2392 5351; x_wconf 70' lang='lat' dir='ltr'><strong><em>natura:</em></strong></span> <span class='ocrx_word' id='word_1_1082' title='bbox 2415 5295 2748 5365; x_wconf 87' lang='lat' dir='ltr'><strong><em>copulantur.</em></strong></span> <span class='ocrx_word' id='word_1_1083' title='bbox 2779 5295 2910 5348; x_wconf 79' lang='lat' dir='ltr'><strong><em>Nam</em></strong></span> <span class='ocrx_word' id='word_1_1084' title='bbox 2940 5310 3059 5349; x_wconf 86' lang='lat' dir='ltr'><strong><em>cum</em></strong></span> <span class='ocrx_word' id='word_1_1085' title='bbox 3083 5297 3334 5365; x_wconf 84' lang='lat' dir='ltr'><strong><em>unionem</em></strong></span> <span class='ocrx_word' id='word_1_1086' title='bbox 3365 5303 3523 5349; x_wconf 88' lang='lat' dir='ltr'><strong><em>natu-</em></strong></span> 
     </span>
    </p>
   </div>
   <div class='ocr_carea' id='block_1_150' title="bbox 1948 5364 3526 5431">
    <p class='ocr_par' dir='ltr' id='par_1_150' title="bbox 1948 5364 3526 5431">
     <span class='ocr_line' id='line_1_152' title="bbox 1948 5364 3526 5431; baseline -0.001 -10"><span class='ocrx_word' id='word_1_1087' title='bbox 1948 5382 2129 5422; x_wconf 88' lang='lat' dir='ltr'><strong><em>rarum</em></strong></span> <span class='ocrx_word' id='word_1_1088' title='bbox 2175 5368 2228 5421; x_wconf 92' lang='lat' dir='ltr'><strong><em>in</em></strong></span> <span class='ocrx_word' id='word_1_1089' title='bbox 2271 5364 2692 5424; x_wconf 72' lang='lat' dir='ltr'><strong><em>controversiam</em></strong></span> <span class='ocrx_word' id='word_1_1090' title='bbox 2737 5365 3052 5427; x_wconf 81' lang='lat' dir='ltr'><strong><em>adduxerit,</em></strong></span> <span class='ocrx_word' id='word_1_1091' title='bbox 3097 5364 3240 5431; x_wconf 86' lang='lat' dir='ltr'><strong><em>quod</em></strong></span> <span class='ocrx_word' id='word_1_1092' title='bbox 3276 5366 3526 5420; x_wconf 89' lang='lat' dir='ltr'><strong><em>omnibus</em></strong></span> 
     </span>
    </p>
   </div>
   <div class='ocr_carea' id='block_1_151' title="bbox 1950 5434 3526 5506">
    <p class='ocr_par' dir='ltr' id='par_1_151' title="bbox 1950 5434 3526 5506">
     <span class='ocr_line' id='line_1_153' title="bbox 1950 5434 3526 5506; baseline -0.001 -15"><span class='ocrx_word' id='word_1_1093' title='bbox 1950 5447 2135 5491; x_wconf 88' lang='lat' dir='ltr'><strong><em>notum</em></strong></span> <span class='ocrx_word' id='word_1_1094' title='bbox 2176 5445 2286 5501; x_wconf 89' lang='lat' dir='ltr'><strong><em>est;</em></strong></span> <span class='ocrx_word' id='word_1_1095' title='bbox 2338 5451 2564 5506; x_wconf 90' lang='lat' dir='ltr'><strong><em>cumque</em></strong></span> <span class='ocrx_word' id='word_1_1096' title='bbox 2601 5444 2781 5504; x_wconf 88' lang='lat' dir='ltr'><strong><em>partes</em></strong></span> <span class='ocrx_word' id='word_1_1097' title='bbox 2807 5435 3055 5489; x_wconf 85' lang='lat' dir='ltr'><strong><em>catholici</em></strong></span> <span class='ocrx_word' id='word_1_1098' title='bbox 3093 5434 3159 5488; x_wconf 88' lang='lat' dir='ltr'><strong><em>de</em></strong></span> <span class='ocrx_word' id='word_1_1099' title='bbox 3188 5435 3385 5489; x_wconf 91' lang='lat' dir='ltr'><strong><em>unione</em></strong></span> <span class='ocrx_word' id='word_1_1100' title='bbox 3424 5436 3526 5491; x_wconf 85' lang='lat' dir='ltr'><strong><em>ista</em></strong></span> 
     </span>
    </p>
   </div>
   <div class='ocr_carea' id='block_1_152' title="bbox 1948 5506 3527 5575">
    <p class='ocr_par' dir='ltr' id='par_1_152' title="bbox 1948 5506 3527 5575">
     <span class='ocr_line' id='line_1_154' title="bbox 1948 5506 3527 5575; baseline -0.003 -13"><span class='ocrx_word' id='word_1_1101' title='bbox 1948 5507 2211 5574; x_wconf 80' lang='lat' dir='ltr'><strong><em>dogmatis</em></strong></span> <span class='ocrx_word' id='word_1_1102' title='bbox 2230 5506 2463 5575; x_wconf 87' lang='lat' dir='ltr'><strong><em>quinque</em></strong></span> <span class='ocrx_word' id='word_1_1103' title='bbox 2491 5507 2708 5561; x_wconf 89' lang='lat' dir='ltr'><strong><em>omnino</em></strong></span> <span class='ocrx_word' id='word_1_1104' title='bbox 2728 5506 3051 5575; x_wconf 76' lang='lat' dir='ltr'><strong><em>exstiterint,</em></strong></span> <span class='ocrx_word' id='word_1_1105' title='bbox 3076 5511 3319 5575; x_wconf 75' lang='lat' dir='ltr'><strong><em>utantea</em></strong></span> <span class='ocrx_word' id='word_1_1106' title='bbox 3346 5515 3527 5575; x_wconf 88' lang='lat' dir='ltr'><strong><em>ost_e_n-</em></strong></span> 
     </span>
    </p>
   </div>
   <div class='ocr_carea' id='block_1_153' title="bbox 1949 5572 3523 5646">
    <p class='ocr_par' dir='ltr' id='par_1_153' title="bbox 1949 5572 3523 5646">
     <span class='ocr_line' id='line_1_155' title="bbox 1949 5572 3523 5646; baseline -0.003 -16"><span class='ocrx_word' id='word_1_1107' title='bbox 1949 5572 2158 5643; x_wconf 84' lang='lat' dir='ltr'><strong><em>dimus;</em></strong></span> <span class='ocrx_word' id='word_1_1108' title='bbox 2203 5572 2340 5632; x_wconf 81' lang='lat' dir='ltr'><strong><em>etin</em></strong></span> <span class='ocrx_word' id='word_1_1109' title='bbox 2371 5572 2604 5645; x_wconf 82' lang='lat' dir='ltr'><strong><em>quatuor</em></strong></span> <span class='ocrx_word' id='word_1_1110' title='bbox 2631 5577 2779 5646; x_wconf 89' lang='lat' dir='ltr'><strong><em>prius</em></strong></span> <span class='ocrx_word' id='word_1_1111' title='bbox 2819 5574 3077 5646; x_wconf 78' lang='lat' dir='ltr'><strong><em>expositis</em></strong></span> <span class='ocrx_word' id='word_1_1112' title='bbox 3116 5573 3391 5629; x_wconf 85' lang='lat' dir='ltr'><strong><em>Nestorius</em></strong></span> <span class='ocrx_word' id='word_1_1113' title='bbox 3420 5572 3523 5646; x_wconf 75' lang='lat' dir='ltr'><strong><em>Ec-</em></strong></span> 
     </span>
    </p>
   </div>
   <div class='ocr_carea' id='block_1_154' title="bbox 1947 5643 3524 5716">
    <p class='ocr_par' dir='ltr' id='par_1_154' title="bbox 1947 5643 3524 5716">
     <span class='ocr_line' id='line_1_156' title="bbox 1947 5643 3524 5716; baseline -0.003 -15"><span class='ocrx_word' id='word_1_1114' title='bbox 1947 5647 2121 5701; x_wconf 66' lang='lat' dir='ltr'><strong><em>clesia:</em></strong></span> <span class='ocrx_word' id='word_1_1115' title='bbox 2148 5643 2509 5710; x_wconf 82' lang='lat' dir='ltr'><strong><em>consenserit,</em></strong></span> <span class='ocrx_word' id='word_1_1116' title='bbox 2540 5643 2684 5716; x_wconf 81' lang='lat' dir='ltr'><strong><em>quod</em></strong></span> <span class='ocrx_word' id='word_1_1117' title='bbox 2712 5644 3010 5716; x_wconf 81' lang='lat' dir='ltr'><strong><em>confectum</em></strong></span> <span class='ocrx_word' id='word_1_1118' title='bbox 3041 5651 3150 5709; x_wconf 89' lang='lat' dir='ltr'><strong><em>est,</em></strong></span> <span class='ocrx_word' id='word_1_1119' title='bbox 3181 5651 3348 5698; x_wconf 88' lang='lat' dir='ltr'><strong><em>restat</em></strong></span> <span class='ocrx_word' id='word_1_1120' title='bbox 3367 5651 3430 5716; x_wconf 90' lang='lat' dir='ltr'><strong><em>_ut</em></strong></span> <span class='ocrx_word' id='word_1_1121' title='bbox 3457 5643 3524 5696; x_wconf 89' lang='lat' dir='ltr'><strong><em>de</em></strong></span> 
     </span>
    </p>
   </div>
   <div class='ocr_carea' id='block_1_155' title="bbox 1946 5711 3525 5788">
    <p class='ocr_par' dir='ltr' id='par_1_155' title="bbox 1946 5711 3525 5788">
     <span class='ocr_line' id='line_1_157' title="bbox 1946 5711 3525 5788; baseline -0.006 -13"><span class='ocrx_word' id='word_1_1122' title='bbox 1946 5717 2150 5787; x_wconf 85' lang='lat' dir='ltr'><strong><em>reliqua</em></strong></span> <span class='ocrx_word' id='word_1_1123' title='bbox 2178 5732 2284 5773; x_wconf 89' lang='lat' dir='ltr'><strong><em>una</em></strong></span> <span class='ocrx_word' id='word_1_1124' title='bbox 2311 5711 2704 5788; x_wconf 60' lang='lat' dir='ltr'><strong><em>disceptarent,</em></strong></span> <span class='ocrx_word' id='word_1_1125' title='bbox 2732 5716 2784 5772; x_wconf 89' lang='lat' dir='ltr'><strong><em>id</em></strong></span> <span class='ocrx_word' id='word_1_1126' title='bbox 2813 5724 2914 5785; x_wconf 88' lang='lat' dir='ltr'><strong><em>est,</em></strong></span> <span class='ocrx_word' id='word_1_1127' title='bbox 2945 5714 3012 5770; x_wconf 87' lang='lat' dir='ltr'><strong><em>de</em></strong></span> <span class='ocrx_word' id='word_1_1128' title='bbox 3034 5727 3230 5785; x_wconf 72' lang='lat' dir='ltr'><strong><em>genere</em></strong></span> <span class='ocrx_word' id='word_1_1129' title='bbox 3257 5711 3525 5780; x_wconf 67' lang='lat' dir='ltr'><strong><em>modoque</em></strong></span> 
     </span>
    </p>
   </div>
  </div>
