4022 6182
482 241 545 290 10
556 239 616 291 Ἦ)

1205 237 1296 290 an
1338 234 1615 290 ranmu
1655 233 2022 291 SECUNDAM
2064 235 2129 291 Μ.
2160 225 2613 296 Manca'ronts
2649 241 3008 298 APPENDIX.

3613 242 3748 299 "00

546 353 699 420 Quod
714 352 757 406 si
775 352 933 405 etiam
956 349 1297 429 objiceretur,
1322 351 1434 429 sive
1457 349 1896 429 Niceniesynodi
1918 367 2053 429 sym-
2089 362 2129 413 Α
2162 368 2358 429 negare
2382 355 2538 429 simul
2566 356 2868 429 censendus
2897 366 2978 411 est
3019 355 3223 425 reliqua
3250 355 3462 419 omnia.
3485 371 3607 427 qum
3632 373 3748 429 pas-

473 427 654 480 bulum
679 466 693 488 ,
744 437 851 490 quo
893 436 1028 490 unus
1075 421 1298 482 dicitur,
1335 421 1580 488 idemque
1613 421 1702 473 Dei
1734 430 1788 474 et
1826 421 2056 488 Virginis

475 497 632 560 ﬁlius,
661 489 774 548 sive
802 489 1051 560 Ecclesia:
1076 491 1399 552 auctoritas,
1434 507 1530 543 nec
1560 491 1694 543 duos
1725 491 1862 544 lilios
1883 505 2054 557 agno-

474 559 700 627 scentis,
746 576 845 615 nec
878 559 1110 613 chi-istos
1147 561 1501 628 dominusque
1526 561 1680 626 duos,
1709 561 1804 615 sed
1844 563 2055 615 unicum

476 647 717 697 tantum;
750 628 1108 699 respondebat
1133 631 1360 699 iunicum
1389 646 1508 685 esse
1531 630 1836 693 Christum,
1867 631 1959 699 qui
1989 632 2056 686 ab

474 707 723 760 unctione
751 701 924 755 dictus
960 698 1030 751 sit
1053 740 1067 764 ,
1117 698 1390 768 ﬁliumque
1429 700 1663 768 Virginis
1699 717 1819 755 esse
1857 698 2056 769 pariter

474 777 567 830 Dei
591 774 801 836 Filium,
827 784 934 826 non
955 776 1164 837 natura,
1183 771 1276 825 sed
1297 771 1619 841 adoptione;
1646 787 1752 826 non
1768 771 2050 838 οὐσιωδῶς,

471 846 579 923 sed
594 851 873 923 σχετιδεῶς.
1061 914 1073 923 _
1625 911 1636 923 ο
1683 912 1694 923 .
1778 912 1789 922 ⁸

541 912 822 980 Quomodo
851 923 1029 969 autem
1061 914 1155 967 bas
1185 927 1373 968 omnes
1403 927 1513 967 sua:
1549 912 1820 981 opinionis
1849 919 2050 980 partes,

469 987 554 1041 vel
585 985 792 1039 ratione
822 984 1106 1046 munierit,
1139 983 1218 1037 vel
1249 984 1450 1052 apertis
1486 983 1677 1038 saltem
1706 983 1883 1036 verbis
1915 997 2054 1036 asse-

470 1057 658 1120 ruerit,
689 1055 973 1110 videndum
1005 1054 1251 1123 sequenti
1279 1053 1328 1125 §.
1359 1053 1557 1125 Sed_ita
1583 1060 1640 1104 ut
1668 1067 1785 1125 eam
1814 1052 2056 1125 adquin-

471 1143 576 1196 que
595 1125 771 1195 capita
795 1125 1060 1196 redacturi
1089 1126 1272 1196 simus,
1286 1123 1369 1177 ine
1395 1123 1599 1196 inﬁnita
1623 1123 2053 1177 testimoniorum

471 1194 749 1265 congeries
778 1196 963 1250 lectori
992 1194 1262 1248 fastidium
1293 1194 1482 1264 pariat.

471 1308 497 1370 ᾗ
519 1306 612 1374 l_ll_._
642 1306 828 1364 Quibus
867 1307 1170 1374 argumentis
1209 1304 1463 1374 Nestorius
1484 1305 1775 1353 sententiam
1799 1317 1934 1374 suam
1953 1312 2052 1374 staf

531 1370 673 1416 bilire
699 1379 898 1416 conatus
919 1370 1002 1424 sit,
1020 1367 1294 1428 quibusque
1321 1368 1485 1414 verbis
1509 1379 1615 1414 eam
1638 1367 1944 1428 exposuerit,
1969 1372 2054 1417 aut

535 1433 693 1491 potius
711 1438 875 1479 contra
899 1442 954 1478 se
980 1430 1309 1478 teatiutonium
1331 1429 1534 1477 dixerit.

542 1554 644 1620 Qui
677 1554 817 1608 nulla
848 1551 1102 1607 methodo
1131 1559 1322 1621 putant
1350 1567 1378 1604 a
1405 1550 1654 1606 Nestorio
1685 1552 1932 1606 traditam
1959 1553 2057 1606 do-

471 1628 734 1689 ctrinam,
783 1639 888 1692 qua
931 1623 1198 1676 catholico
1238 1623 1472 1688 dogmati
1521 1624 1824 1691 pugnabat,
1870 1639 1950 1676 na:
1982 1625 2055 1676 illi

473 1697 763 1777 oscitanter
792 1692 1816 1783 hominis.callide'improbi'sertpones
1843 1694 2053 1783 aliaque
2086 1725 2132 1783 Β

473 1769 670 1834 scripta
730 1764 1084 1829 evolverunt;
1135 1762 1264 1815 nihil
1309 1763 1450 1816 enim
1504 1761 1604 1816 fuit
1652 1763 1755 1817 hoc
1803 1764 2052 1818 haeretica

474 1837 605 1912 διοελξ
612 1838 926 1912 κτικὼτερᾳν.

546 1907 600 1958 Id
629 1901 890 1958 autem'ut
911 1910 1184 1972 appareat,
1209 1901 1603 1955 observandum
1626 1910 1707 1956 est
1727 1903 1918 1971 primo,
1954 1903 2055 1958 hac

475 1977 528 2029 in
569 1973 936 2030 controversia
957 2012 972 2037 ,
1016 1973 1256 2041 partibus
1283 1973 1408 2026 hinc
1443 1981 1498 2026 et
1528 1973 1650 2027 inde
1676 1974 2055 2028 contendenti-

475 2047 594 2110 bus,
624 2044 796 2098 visum
825 2057 944 2097 esse
967 2043 1342 2104 communiter,
1380 2057 1483 2096 non
1507 2042 1608 2095 alia
1632 2043 1822 2096 melius
1843 2044 2056 2100 ratione

475 2115 614 2168 ﬁniri
637 2129 796 2182 posse
821 2114 988 2177 litem,
1011 2127 1170 2182 quam
1191 2113 1235 2164 si
1264 2112 1567 2182 diligentius
1594 2123 1925 2181 quatreretur
1947 2129 2055 2182 quo

477 2181 858 2239 sensu’dictum
880 2183 1012 2254 sitia
1040 2181 1274 2244 Joanne,
1321 2181 1555 2254 Verbum
1584 2200 1705 2236 caro
1737 2185 1928 2254 factum
1955 2181 2051 2238 est.

476 2256 529 2308 l.l
560 2270 688 2308 vero
715 2253 1085 2323 quaerentibus
1124 2252 1372 2323 occurrit
1402 2253 1584 2323 statim
1625 2252 1866 2307 diei'non
1898 2270 2056 2323 posse

477 2341 638 2379 unum
669 2323 869 2392 aliquid
898 2322 1011 2376 ﬁeri
1041 2322 1298 2393 alterum,
1324 2322 1425 2376 nisi
1453 2323 1688 2393 quinque
1713 2322 1916 2387 modis;
1947 2340 2056 2393 quo

477 2411 668 2464 nempe
696 2391 780 2449 vel
811 2393 1018 2447 animus
1048 2392 1105 2464 tit
1133 2392 1314 2464 homo,
1346 2408 1444 2464 per
1472 2391 1902 2464 informationem
1931 2391 2056 2449 eor-

475 2482 509 2535 p
537 2461 648 2529 .ris;
697 2465 783 2518 vel
826 2477 963 2531 aqua
1008 2463 1194 2535 _vinum
1237 2461 1372 2535 facta
1420 2463 1591 2535 fertur
1621 2478 1650 2516 a
1679 2461 1915 2526 Christo,
1961 2479 2058 2534 per

476 2532 912 2598 conversionem;
943 2532 1023 2604 vel
1053 2533 1316 2604 elementa
1349 2533 1398 2604 in
1427 2533 1652 2604 mixtum
1675 2535 1928 2598 evadunt,
1961 2532 2058 2604 per

475 2614 655 2681 κρᾶσιν
678 2613 734 2659 et
770 2603 1168 2681 confusionem;
1213 2602 1297 2656 vel
1334 2603 1545 2681 duabus
1575 2604 1777 2681 naturis
1807 2602 2056 2681 perfectis

477 2673 660 2729 u'mtuo
708 2675 868 2728 unitis
891 2715 906 2737 ,
951 2673 1281 2726 individuum
1313 2674 1468 2726 unius
1496 2673 1692 2728 dicitur
1715 2673 1832 2728 esse
1857 2675 2056 2729 factum

477 2747 696 2801 alterius
721 2743 1080 2807 individuum,
1113 2758 1210 2811 per
1226 2742 1491 2814 unionem
1521 2743 1942 2814 hypostaticam;
1972 2745 2056 2800 vel

477 2818 694 2870 tandem
717 2817 796 2868 vir
825 2814 1006 2868 uxoris
1027 2814 1083 2886 tit
1105 2813 1343 2878 maritus,
1369 2813 1568 2868 mulier
1585 2814 1761 2868 mariti
1781 2830 1935 2882 uxor,
1960 2831 2056 2886 per

477 2886 842 2939 habitudinem
869 2892 924 2937 et
944 2885 1157 2952 σχέσιν.

549 2957 757 3009 Dictum
785 2955 1128 3024 evangelista:
1157 2952 1538 3024 interpretatus
1583 2961 1665 3008 est
1704 2955 2050 3024 Apollinaris,

478 3026 701 3096 perinde
726 3040 790 3079 ac
811 3024 992 3096 Ariani
1015 3064 1030 3088 ,
1079 3023 1369 3096 deprime
1404 3024 1565 3080 modo
1594 3040 1691 3096 per
1718 3023 2055 3080 informatio-

2157 425 2327 476 sionis
2357 425 2460 476 vim
2492 425 2727 489 habent,
2777 427 3001 495 ejusque
3041 441 3239 494 genere
3287 425 3658 492 continentur}
3691 438 3746 484 et

2157 495 2390 566 _vieissim
2433 496 2647 566 quoties
2694 513 2857 549 unum
2905 513 2974 551 ex
3019 497 3176 552 dictis
3221 497 3413 551 asserit
3442 512 3746 566 repugnare

2159 564 2435 636 incantato
2466 564 2659 631 Verbo,
2692 567 2853 621 toties
2873 569 2976 620 alia
2999 582 3217 636 quoque
3236 569 3416 623 omnia
3439 564 3742 636 repugnare

2156 633 2386 686 aﬁirmat
2412 652 2423 686 :
2451 636 2595 703 quod
2621 633 3058 705 prazmonendum
3085 633 3200 702 fuit,
3233 648 3292 693 ut
3318 633 3742 694 testimoniorum

2159 705 2387 778 pondus,
2418 719 2698 778 pro-eoae
2725 717 2960 778 oportet,
2988 709 3241 763 aestimari
3265 717 3465 778 posset.

2228 773 2490 850 _Sermone
2513 775 2536 827 l
2575 773 2881 850 (Nune—A2):
2917 776 3228 832 Incarnatus
3254 773 3331 832 est
3357 779 3560 850 quidem
3584 779 3737 846 Deus,

2155 845 2246 920 sed
2274 861 2375 920 non
2406 845 2664 912 mortuus;
2697 847 2788 901 sed
2808 848 2952 902 illum
2982 851 3033 903 in
3067 865 3165 920 quo
3187 845 3488 903 incarnatus
3509 861 3604 918 est,
3625 845 3738 907 susé

2158 917 2350 969 citavit.

2227 985 2490 1058 Sermone
2519 983 2767 1058 glNum.
2801 988 2858 1047 8|
2883 1005 2895 1039 :
2937 986 3089 1052 Quod
3115 989 3170 1041 in
3198 989 3465 1043 nutivitate
3490 1007 3558 1043 ex
3585 988 3731 1046 Chri-

2155 1057 2221 1108 sti
2249 1057 2493 1129 genitrice
2529 1056 2766 1129 Virgine,
2798 1059 2970 1129 divina
3000 1059 3272 1122 Scriptura
3299 1070 3462 1129 ponat
3489 1059 3616 1114 Filii
3642 1078 3734 1115 no-

2157 1124 2293 1200 men,
2319 1124 2706 1200 deriaravim'us.
2746 1128 2881 1181 Audi
2896 1131 3010 1200 jam
3029 1138 3079 1182 et
3103 1129 3155 1181 in
3179 1124 3359 1193 morte,
3381 1140 3430 1182 et
3449 1130 3563 1200 vide
3579 1133 3736 1186 sicubi

2163 1197 2364 1270 tandem
2395 1195 2508 1270 l)ei_
2518 1212 2702 1270 nomen
2723 1195 2942 1270 positum
2963 1208 3055 1262 est,
3087 1208 3143 1270 ut
3161 1200 3452 1270 passibilem
3475 1199 3638 1254 Deum
3659 1203 3737 1255 in-

2158 1267 2437 1340 ducamus:
2468 1265 2594 1319 Cum
2615 1265 2812 1340 inimici
2831 1284 3070 1340 essemus,
3102 1265 3294 1340 inquit,
3320 1271 3634 1340 reconciliati
3661 1288 3738 1325 su-

2158 1353 2270 1411 mus
2299 1335 2437 1411 Περ,
2480 1352 2572 1406 per
2617 1337 2835 1411 mortem
2862 1335 3351 1411 Ifilii_ejus_(Rom.
3384 1339 3591 1411 v,__lO);
3633 1358 3733 1395 no.1

2159 1407 2318 1480 dicit,
2369 1407 2473 1459 Per
2501 1407 2837 1480 mortem‘Dei
2862 1407 3380 1480 _Verbi'.__Et‘postea
3403 1407 3588 1479 (Num.
3613 1413 3730 1480 ill):

2161 1475 2291 1538 Quis
2328 1486 2497 1528 autem
2536 1477 2733 1530 veniet?
2769 1476 3026 1532 Videbunt
3056 1475 3253 1532 Filium
3279 1475 3500 1533 hominis
3533 1475 3734 1534 venien-

2161 1556 2259 1619 t_em
2279 1549 2332 1599 in
2350 1545 2565 1619 nubibus
2584 1547 2695 1600 caeli
2717 1564 2831 1601 cum
2852 1549 3018 1619 gloria
3034 1549 3193 1602 multa
3217 1549 3431 1619 (Matth.
3456 1566 3599 1613 XXIV,
3624 1552 3732 1619 50).

2161 1615 2230 1668 Et
2257 1617 2393 1685 quod
2417 1618 2587 1688 majus
2615 1625 2728 1684 est,
2776 1615 2898 1671 anie
2932 1623 3191 1689 apostolos
3226 1615 3232 1619 ⁷
3269 1621 3479 1690 rapheta
3518 1615 3734 1692 manife-

2161 1688 2286 1740 stius
2316 1689 2596 1740 venientem
2623 1687 2876 1743 ostendit.
2917 1699 2967 1742 et
2994 1690 3181 1742 clamat
3211 1637 3275 1743 ᾖ
3297 1689 3494 1743 Iudicis
3523 1691 3693 1743 dicens
3720 1709 3732 1743 :

2158 1688 2286 1740 stius
2316 1687 2596 1740 venientem
2623 1687 2876 1750 ostendit,
2917 1687 2974 1742 et
2994 1690 3181 1742 clamat
3211 1687 3275 1743 de
3297 1687 3494 1743 Iudicis
3523 1687 3693 1744 dicens
3720 1709 3732 1744 :

2172 1755 2454 1828 Videbunt,
2485 1759 2539 1811 in
2572 1774 2718 1828 quem
2760 1769 3164 1828 compunxerunt
3204 1759 3457 1827 (Zachar.
3492 1776 3592 1823 xu,
3627 1760 3735 1827 10).

2161 1824 2299 1888 Quid
2325 1829 2484 1898 igitur
2520 1824 2650 1880 illud
2691 1824 3043 1898 compunctum
3073 1831 3186 1883 est?
3213 1824 3397 1884 Latus.
3435 1828 3592 1884 Latus
3624 1824 3736 1886 vero

2159 1912 2264 1949 non
2295 1896 2367 1950 est
2397 1896 2513 1960 Dei,
2547 1899 2635 1954 sed
2664 1896 2902 1953 hominis.

2182 1965 2552 2042 ...δεδι-ωτιᾳὸ
2587 1986 2612 2042 _:_
2641 1966 2898 2042 Quoniam
2937 1987 3076 2042 vero,
3136 1971 3180 2024 si
3220 1970 3470 2042 diuissent
3513 1967 3736 2042 (Patres

2155 2035 2354 2091 Niemni
2377 2051 2393 2106 )
2427 2037 2729 2111 :Credimus
2757 2041 2812 2092 in
2854 2057 3011 2093 unum
3043 2039 3206 2094 Deum
3249 2040 3490 2105 Verbum,
3516 2035 3738 2111 futurum

2155 2118 2267 2160 erat
2287 2118 2340 2160 ut
2359 2124 2498 2161 mors
2527 2108 2712 2164 divina
2734 2120 2935 2164 natura:
2956 2111 3288 2176 tribueretur;
3317 2111 3434 2165 ideo
3454 2108 3637 2165 nomen
3660 2130 3736 2165 ae-

2157 2178 2353 2250 cipiunt
2379 2194 2662 2244 commune,
2681 2196 2862 2250 nempe
2886 2180 3035 2235 Iesus
3059 2181 3310 2246 Christus,
3338 2190 3397 2234 ut
3415 2191 3734 2250 etimortuum

2153 2247 2300 2324 illum
2328 2250 2714 2324 signiﬁcarent,
2748 2247 2808 2304 et
2833 2251 2977 2324 illum
3017 2269 3119 2305 non
3143 2262 3417 2304 mortuum.
3451 2249 3634 2324 Itaque
3653 2270 3736 2322 pe-

2156 2319 2308 2400 rinde
2331 2319 2596 2402 acOsiOquis
2619 2319 2789 2402 dicat:
2827 2321 2928 2402 llle
2948 2322 3098 2376 homo
3117 2331 3202 2402 _est
3227 2333 3478 2402 mortuus,
3511 2319 3733 2402 quanivis

2156 2389 2331 2464 anima
2369 2391 2436 2442 sit
2461 2391 2808 2464 immortalis;
2836 2401 3002 2444 tamen
3044 2394 3163 2464 quia
3197 2409 3383 2446 nomen
3419 2389 3578 2458 dixit,
3607 2392 3736 2464 quod

2156 2459 2417 2534 signiﬁcat
2437 2459 2802 2534 duas‘naturas
2819 2500 2832 2522 ,
2863 2472 2912 2514 et
2931 2459 3119 2534 corpus
3137 2464 3272 2534 quod
3293 2464 3530 2528 moritur,
3553 2473 3600 2516 et
3618 2459 3734 2516 ani-

2155 2544 2293 2580 mam
2323 2529 2688 2603 immortalem,
2718 2531 2843 2603 ideo
2863 2532 2992 2585 nihil
3022 2529 3105 2586 est
3141 2529 3356 2603 periculi
3402 2534 3456 2585 in
3494 2549 3555 2586 ea
3585 2549 3733 2603 voce;

2156 2607 2425 2670 utrumque
2441 2600 2576 2653 enim
2597 2610 2806 2654 vocatur
2826 2602 2994 2666 homo,
3021 2612 3071 2656 et
3098 2600 3301 2670 corpus.
3333 2613 3382 2656 et
3415 2604 3608 2656 anim.
3653 2601 3734 2655 Ita

2155 2668 2314 2736 igitur
2331 2668 2486 2723 etiam
2515 2687 2732 2736 magnus
2756 2671 2845 2724 ille
2868 2673 3054 2726 chorus
3075 2673 3138 2727 de
3163 2668 3367 2726 Christo
3387 2673 3537 2725 dixit.

2226 2736 2531 2812 Sermoneh
2553 2736 2737 2812 (Num.
2755 2740 2843 2810 2):
2876 2740 2988 2812 Ego
3010 2753 3188 2797 natum
3208 2752 3258 2796 et
3276 2753 3531 2812 mortuum
3555 2741 3731 2808 Deum,

2155 2817 2213 2884 e_t_
2231 2809 2758 2884 se;.ul_tum_adorare_
2773 2809 2877 2865 non
2906 2809 3053 2883 queo.
3095 2813 3161 2867 Et
3199 2822 3386 2884 postea
3422 2811 3608 2884 (Num.
3634 2813 3685 2883 Ἰ)
3717 2832 3729 2865 :

2160 2875 2427 2950 Numquid
2463 2880 2681 2934 Verbum
2718 2879 2858 2935 Deus
2885 2875 3110 2936 surrexit
3141 2899 3173 2936 a
3200 2875 3454 2938 mortuis?
3482 2882 3544 2937 Si
3571 2875 3733 2936 anteiri

2157 2949 2442 3072 vivé'ﬁcator
2461 2952 2799 3020 mortiﬁcatus
2822 2961 2916 3013 est,
2941 2953 3054 3024 quis
3072 2955 3169 3008 erit
3187 2955 3272 3025 qui
3293 2956 3530 3025 conferat
3548 2954 3735 3006 vitam?

2270 3035 2490 3072 et'mone
2514 3019 2548 3072 5
2576 3019 2774 3072 (Num.
2815 3022 2844 3072 7
2863 3023 2912 3072 i:
2956 3022 3239 3072 Audiamus
3269 3023 3472 3072 beatum
3514 3023 3732 3072 Paulum

2270 3035 2490 3092 ermone
2514 3019 2548 3072 5
2576 3019 2774 3092 (Num.
2815 3022 2912 3091 7):
2952 3019 3239 3078 'Audiamus
3269 3019 3472 3077 beatum
3514 3023 3732 3077 Paulum

478 3089 628 3160 nem;
662 3094 946 3165 Eutychos,
975 3103 1034 3147 ut
1050 3089 1309 3165 greditur,
1341 3095 1410 3150 de
1428 3089 1683 3165 secundo,
1715 3110 1814 3165 per
1832 3111 2056 3150 conver—
2083 3089 2129 3152 C
2158 3099 2333 3158 αρενιε
2352 3089 2658 3165 clamantem
2685 3089 2922 3165 animum
2951 3094 3018 3146 sit
3037 3094 3128 3165 iile
3154 3095 3452 3165 crucifixus.
3477 3094 3613 3146 Audi
3639 3095 3735 3164 igi—

477 3169 713 3231 sionem;
745 3162 811 3219 de
851 3165 1008 3218 tertio
1050 3162 1350 3231 Polemitts,
1401 3180 1500 3234 per
1543 3162 1946 3231 confusionem;
1990 3166 2057 3221 de

475 3247 701 3305 quarto,
747 3235 984 3305 Ecclesia
1021 3235 1315 3305 catholica,
1347 3250 1445 3304 per
1470 3236 1647 3291 ἕνωσιν
1674 3237 2053 3301 artaci-anxis;

474 3303 541 3360 de
565 3307 752 3374 quinto
794 3304 1115 3374 Theodorus
1147 3303 1378 3358 Nestorii
1419 3305 1689 3374 magister,
1719 3321 1815 3374 per
1853 3322 2056 3360 meram

474 3373 858 3445 habitudinem.
910 3373 1186 3445 Nestorius
1229 3374 1390 3445 igitur
1429 3373 1696 3445 Theodori
1723 3373 2053 3445 opinionem,

475 3447 527 3499 in
557 3461 663 3514 qua
694 3444 1022 3507 versabatur,
1052 3442 1198 3497 visus
1225 3452 1308 3497 est
1328 3444 1424 3498 sibi
1449 3452 1574 3498 tunc
1599 3442 1815 3499 demum
1835 3446 2058 3500 demon-

472 3523 771 3579 straturus,
803 3528 923 3586 cum
953 3521 1253 3586 assumeret
1285 3522 1556 3586 tamquam
1576 3514 1878 3586 confessum
1907 3516 2056 3586 prin-

475 3586 695 3656 cipium,
714 3599 836 3656 _uno
861 3582 929 3656 de
949 3582 1186 3656 quinque
1212 3584 1387 3639 modis
1414 3582 1537 3638 mox
1560 3585 1773 3656 relatis,
1807 3582 2054 3641 incarna-

472 3653 675 3710 tionem
706 3653 818 3709 ﬁeri
848 3653 1096 3708 debuisse
1114 3693 1130 3718 ,
1157 3660 1213 3708 et
1255 3656 1510 3710 continuo
1531 3655 1582 3708 vi
1611 3665 2055 3723 argumentorum

471 3725 798 3788 conﬁceret,
856 3724 1072 3794 nullum
1119 3723 1187 3778 de
1245 3732 1480 3792 quatuor
1525 3725 1798 3794 prioribus
1845 3726 2054 3781 admitti

472 3812 658 3868 posse;
683 3811 750 3850 eo
779 3793 924 3868 enim
944 3791 1223 3868 confecto,
1258 3791 1669 3863 reliquutnesse
1699 3796 2051 3868 inteiligcbat,

470 3864 529 3920 ut
573 3867 762 3938 quinto
801 3864 994 3938 modo,
1036 3865 1128 3933 qui
1166 3880 1263 3934 per
1308 3880 1511 3919 meram
1550 3869 1773 3938 σχέσιν,
1816 3864 2052 3922 Verbum

469 3935 597 3992 caro
618 3936 815 3992 factum
842 3935 1128 3989 diceretur.

539 4007 749 4074 Quanta
790 4005 952 4073 igitur
990 4004 1182 4078 potuit_
1203 4005 1472 4078 rationum
1502 4005 1553 4059 vi
1579 4005 1818 4073 singulos
1845 4008 2054 4078 priores

469 4073 661 4132 modos
706 4073 1020 4146 impugnare
1064 4073 1304 4146 studuit,
1351 4077 1738 4146 sedﬂqttartum
1777 4073 2049 4132 maxime:

508 4156 756 4215 ropterea
785 4145 946 4214 "quod
994 4145 1049 4198 in
1089 4145 1358 4215 prioribus
1388 4145 1558 4200 tribus
1587 4145 1892 4214 rejiciendis
1930 4165 2052 4204 cum

515 4214 705 4274 cclcsia
731 4214 1098 4289 conspirabat.’
1136 4214 1395 4289 Quartum
1421 4231 1550 4289 vero
1572 4215 1769 4285 duplici
1791 4219 2053 4289 escapite

469 4288 835 4358 oppugnavit,
869 4285 1078 4356 partim
1119 4285 1265 4358 quod
1293 4301 1323 4341 a
1352 4285 1621 4358 prioribus
1651 4302 1758 4340 non
1786 4285 2046 4351 differret.

469 4356 524 4413 in
544 4356 652 4428 quo
681 4358 977 4413 caecitatem
1015 4356 1212 4428 mentis
1238 4372 1348 4411 suae
1387 4357 1657 4428 prodidit,
1682 4358 1878 4428 partim
1906 4360 2051 4427 quod

468 4426 662 4509 exinde
719 4434 1034 4509 sequeretur
1065 4426 1462 4509 ipsanquoque
1507 4427 1727 4509 physica
1774 4426 2046 4509 idioniata,

467 4500 580 4554 sive
609 4499 840 4552 lmmana
870 4496 1000 4562 Deo,
1032 4495 1147 4550 sive
1175 4496 1353 4550 divina
1379 4495 1609 4563 homini,
1641 4499 2045 4566 communicari;

466 4579 629 4641 atque
658 4567 856 4641 ita_dici
884 4581 1044 4636 posse
1061 4605 1078 4630 ,
1101 4573 1166 4641 _et
1185 4566 1368 4641 ιξςειιῐειΔ
1382 4583 1618 4641 passum,
1649 4576 2047 4641 mortuumque,

463 4635 570 4696 etc.
589 4681 604 4704 ,
636 4646 692 4694 et
717 4639 850 4711 duas
877 4635 997 4692 esse
1025 4636 1182 4711 unius
1208 4635 1736 4711 Verbi:ttati_vitates,
1762 4635 2049 4711 Deumque

465 4719 668 4775 natum,
703 4710 1044 4769 trimestrem,
1076 4705 1352 4778 fugitivum
1381 4706 1434 4778 in
1465 4706 1788 4778 Egyptum,
1820 4705 2048 4773 etc.,'et

461 4782 676 4835 beatam
705 4779 976 4847 Virginem
1006 4791 1132 4830 vere
1171 4775 1432 4847 nominari
1460 4775 1737 4844 Θεοτῖᾶκονς
1779 4779 2044 4835 Verbum-

462 4867 568 4920 que
587 4846 820 4920 Virginis
841 4849 1027 4910 lilium,
1057 4854 1160 4902 etc.
1178 4887 1192 4912 ,
1225 4853 1281 4900 et
1304 4846 1554 4920 Verbum,
1585 4849 1829 4918 quamvis
1853 4858 2043 4906 natura

462 4917 604 4976 Deus
645 4917 750 4983 sit,
789 4919 988 4973 factum
1033 4932 1153 4988 esse
1191 4917 1499 4986 pontilicem
1539 4929 1700 4988 atque
1738 4921 2039 4988 apostolum

460 4992 1072 5060 cettl'essionisinostrte.
1121 4986 1252 5053 Quae
1290 4996 1520 5060 quatuor
1557 4986 1916 5060 contendebat
1943 5007 2043 5060 pu-

459 5076 624 5128 gnare
650 5077 773 5117 eum
816 5059 1093 5113 divinitate
1126 5067 1288 5128 atque
1317 5059 1616 5114 :eternitate
1645 5059 1804 5115 Verbi
1825 5103 1840 5128 ,
1874 5059 2039 5117 immo

459 5139 659 5187 etcum
689 5131 996 5199 atqualitate
1024 5143 1168 5200 cum_
1189 5131 1382 5200 Patre,
1414 5145 1728 5200 summaque
1767 5131 1819 5200 in
1849 5147 2040 5188 omnes

459 5209 733 5256 creaturas
752 5197 1092 5254 auctoritate.
1144 5197 1219 5252 De
1243 5199 1416 5268 primo
1441 5197 1758 5268 argumento
1797 5199 2037 5257 futurum

458 5281 542 5326 est
569 5285 798 5340 sequens
827 5276 986 5340 caput
1004 5307 1017 5329 ,
1042 5268 1332 5323 secundum
1361 5270 1633 5340 quomodo
1663 5279 1936 5338 tractaret,
1968 5288 2035 5329 ex

418 5391 428 5402 .
456 5343 540 5397 his
568 5339 687 5410 qua:
716 5356 840 5394 mox
865 5339 1127 5403 dicentur,
1158 5339 1402 5410 apertum
1427 5340 1536 5394 ﬁet.

527 5412 928 5467 Observandum
959 5411 1117 5479 igitur
1139 5411 1394 5475 secundo,
1420 5411 1684 5481 passionis
1708 5412 1927 5467 nomine
1953 5413 2030 5468 sio

456 5481 696 5552 gniﬁcari
718 5482 897 5537 omnia
926 5495 1046 5553 quae
1068 5481 1318 5553 accidunt
1339 5481 1541 5536 homini
1570 5489 1759 5537 contra
1789 5485 2032 5553 corporis

454 5550 723 5624 animique
762 5552 1170 5624 convenientem
1211 5550 1587 5624 iaﬁ‘cctionem,
1643 5550 2025 5624 ttt_lassitudo,

454 5627 588 5686 sitis,
614 5622 798 5689 fames,
829 5623 1056 5683 tristari,
1086 5622 1242 5688 mori,
1274 5622 1530 5690 cruciligi,
1563 5631 1665 5678 etc.
1700 5622 1879 5690 Quare
1906 5627 2026 5680 ubi—

452 5712 680 5769 cumque
703 5694 977 5751 Nestorius
993 5693 1227 5750 Verbum
1249 5693 1345 5750 Dei
1366 5703 1524 5764 negat
1547 5696 1763 5766 proprie
1787 5712 2022 5768 passum,

2077 4467 2130 4529 D

2163 3168 2251 3232 tur_
2284 3163 2606 3229 apertissime
2644 3164 2755 3232 ejus
2799 3179 2995 3216 vorem:
3026 3163 3234 3217 Etenim
3274 3163 3548 3232 cruciﬁxus
3567 3172 3644 3217 est
3665 3163 3736 3216 es

2159 3229 2488 3303 inﬁrmitate,
2530 3232 2621 3285 sed
2665 3229 2783 3285 sivit
2828 3250 2894 3285 ea:
2936 3235 3119 3287 virtute
3142 3233 3240 3287 Dei
3269 3233 3334 3303 (ll
3359 3229 3473 3287 Cor.
3507 3249 3619 3296 xm,
3653 3233 3731 3301 4).

2161 3298 2221 3377 _Si
2250 3301 2528 3377 cnicifixus
2567 3310 2754 3377 est_e.t
2792 3303 3121 3377 inﬁrmitate,
3161 3298 3285 3377 quis
3317 3304 3607 3375 inﬁrmatus
3635 3298 3733 3369 est,

2159 3369 2429 3422 hazretice?
2452 3370 2618 3425 Illene
2639 3371 2780 3426 Deus
2815 3369 3073 3428 Verbum?

2230 3438 2490 3514 sermone
2518 3441 2551 3514 6
2581 3441 2766 3514 (Num.
2803 3441 2858 3511 9)
2894 3460 2906 3495 :
2945 3441 3053 3514 pur
3091 3445 3248 3514 igitur
3294 3444 3492 3498 diversa
3521 3445 3677 3498 sentis
3704 3461 3735 3497 a

2159 3507 2327 3563 Paulo
2345 3510 2370 3562 ἵ
2397 3510 2501 3585 Cur
2530 3507 2896 3585 inipassibilem
2913 3507 3360 3585 _Deum'Verbum
3391 3531 3604 3585 corpore
3632 3525 3734 3569 ter-

2157 3595 2284 3656 reno
2307 3583 2674 3656 commisgens,
2706 3583 3000 3656 passibilem
3031 3586 3323 3656 pontiﬁcem
3355 3583 3528 3656 facis?

2229 3648 2488 3736 Sermone
2518 3653 2546 3704 ’7
2573 3648 2758 3736 (βατὴ.
2859 3672 2872 3707 :
2897 3648 3332 3736 yorlalem'mirn
3355 3648 3734 3736 viviﬁcatriceu

2160 3717 2416 3794 _Deitatem
2438 3717 2719 3793 appellant,
2750 3717 2868 3778 etin
2889 3724 3168 3778 theatricas
3188 3723 3393 3794 fabulas
3412 3717 3578 3779 Deum
3609 3723 3735 3778 Ver-

2157 3789 2274 3866 bum
2308 3789 2516 3845 audent
2538 3794 2818 3866 deducere,
2837 3803 3099 3866 tamquam
3127 3789 3262 3866 idem
3287 3797 3354 3848 sit
3382 3796 3571 3866 pannis
3600 3796 3736 3848 inre-

2156 3860 2310 3936 lutus_
2323 3871 2372 3915 et
2396 3872 2645 3936 mortuus.
2688 3863 2832 3918 Proh
2858 3860 3044 3936 nefas!
3069 3875 3126 3919 ut
3148 3860 3404 3936 Dominus
3422 3863 3661 3919 Christus
3680 3867 3734 3918 in

2157 3947 2250 3984 nos
2288 3931 2656 4007 benignitatem
2699 3951 2846 3989 suam
2881 3931 3210 4007 attenderit},
3247 3935 3570 4007 periclitatur
3598 3935 3733 4007 apud

2155 4017 2244 4076 eos
2263 4002 2326 4076 de
2348 4001 2568 4057 Deitatis
2589 4005 2840 4076 dignitate
2859 4005 3109 4076 decidere.
3139 4005 3205 4058 Et
3225 4001 3412 4075 postea
3433 4001 3730 4076 (Nuntfﬁ):

2157 4068 2280 4148 Non
2296 4073 2404 4142 ipse
2419 4068 2756 4148 mortuus'est,
2774 4077 2862 4148 qui
2876 4075 3127 4148 viviﬁcat;
3143 4068 3241 4148 qui
3249 4078 3383 4130 enim
3403 4068 3736 4130 subsisteret!

2154 4143 2238 4212 qui
2251 4153 2503 4196 mortuum
2514 4143 2811 4200 suscitaret?
2822 4143 3210 4201 Venit’ltomines
3223 4155 3452 4200 mortuos
3462 4148 3732 4200 suscitare:

2155 4214 2408 4287 namipse
2427 4217 2640 4269 mortuis
2679 4217 2937 4270 invenitur
2963 4219 3216 4272 auxilium
3239 4219 3375 4287 ferre
3403 4217 3731 4287 jacentibus;

2155 4297 2257 4335 non
2281 4283 2409 4357 ipse,
2431 4293 2689 4357 tamquam
2711 4287 2914 4356 jacens,
2946 4287 3130 4342 auxilii
3159 4283 3450 4357 inopsesse.
3481 4285 3549 4340 Et
3577 4287 3734 4356 paulo

2191 4362 2276 4406 ost
2314 4351 2557 4423 Num.7)i
2567 4355 2689 4410 Non
2704 4351 2824 4427 ergo
2839 4351 3068 4412 martuus
3084 4367 3159 4411 est
3170 4351 3328 4422 Deus,
3341 4356 3432 4410 sed
3446 4351 3730 4413 suscitauit.

2154 4367 2222 4475 Et
2250 4356 2433 4475 (Dum.
2461 4425 2550 4475 Mil
2578 4445 2590 4475 :
2624 4425 2765 4475 Nam
2786 4428 2882 4475 etsi
2904 4443 3105 4475 omnem
3136 4429 3345 4475 omnino
3371 4427 3529 4475 simul
3550 4445 3730 4475 novam

2203 4433 2222 4476 t
2250 4425 2433 4505 um.
2461 4425 2550 4495 40)
2578 4445 2590 4480 :
2623 4425 2882 4505 Nam-etsi
2904 4443 3105 4481 omnem
3124 4429 3345 4505 omnino
3371 4427 3529 4505 simui
3550 4445 3731 4505 novatn

2154 4492 2480 4569 Scriptuer
2493 4492 2846 4569 perscruteris,
2872 4514 2974 4552 non
2997 4497 3135 4568 apud
3153 4515 3265 4552 eam
3279 4513 3495 4569 usquam
3511 4499 3732 4552 invenies

2151 4576 2366 4638 mortem
2382 4565 2478 4620 Dei
2494 4565 2637 4631 esse;
2663 4567 2753 4638 sed
2772 4584 2886 4638 eam
2905 4565 3152 4638 scriptum
3171 4578 3264 4638 est,
3289 4565 3378 4638 aut
3398 4567 3628 4638 Christo,
3647 4576 3732 4622 aut

2151 4631 2373 4722 Domino
2400 4638 2680 4722 assignari.
2711 4635 2777 4690 Et
2797 4635 2874 4706 (N
2880 4655 2988 4722 um.1
3010 4631 3104 4722 '42)
3125 4657 3152 4722 τ’
3165 4636 3276 4692 Nec
3301 4637 3397 4691 Dei
3428 4636 3586 4722 Verbi
3605 4656 3733 4719 mer-

2150 4712 2250 4757 tem
2282 4722 2374 4780 nos
2394 4707 2780 4780 annuntiamus,
2807 4725 2920 4762 cum
2942 4707 3152 4764 Domini
3180 4725 3394 4778 corpore
3412 4717 3463 4761 et
3482 4711 3734 4780 sanguine

2147 4777 2468 4856 pascimuri
2490 4777 2595 4856 Dei
2624 4778 2760 4856 enim
2794 4788 2982 4832 natura
3021 4777 3603 4856 sacriﬁciummsuscipit;
3634 4795 3734 4856 uti

2147 4847 2264 4920 ipsa
2293 4848 2551 4920 sacriﬁcio
2578 4849 2911 4920 immolatur;
2939 4867 3041 4920 nec
3059 4847 3478 4920 propheta_Deus
3498 4847 3612 4912 est,
3647 4848 3735 4920 sed

2148 4915 2300 4970 dator
2321 4915 2620 4988 prophetia’.
2666 4919 2732 4972 Et
2759 4917 2944 4988 (Num.
2979 4915 3100 4987 4'5}:
3134 4915 3272 4984 Quid
3298 4918 3395 4972 Dei
3428 4936 3617 4974 nomen
3645 4919 3736 4973 de-

2145 4996 2298 5060 putas
2325 4991 2496 5054 morti,
2521 4989 2656 5060 quod
2683 5008 2716 5043 a
2737 4989 2911 5044 divina
2934 4990 3207 5060 Scriptura
3228 5006 3484 5060 nusquam
3517 4993 3573 5043 in
3594 5007 3736 5044 nor-

2145 5057 2210 5110 tis
2249 5057 2728 5131 commemoratione
2768 5057 3067 5131 profertur?
3107 5060 3243 5125 Quid
3278 5057 3447 5131 Paulo
3473 5061 3739 5114 clamante

2142 5143 2254 5181 cum
2284 5129 2468 5182 audias
2489 5129 2612 5203 :_In
2643 5132 2751 5203 viro
2770 5128 2825 5184 in
2855 5128 2968 5203 quo,
2988 5131 3226 5203 deﬁnivit
3267 5128 3440 5195 Deus,
3472 5132 3741 5184 suscitans

2139 5213 2255 5271 eum
2283 5215 2315 5252 a
2343 5201 2559 5254 mortuis
2595 5201 2737 5268 (Act.
2782 5201 2908 5262 xvii,
2942 5201 3062 5271 5i),
3096 5211 3150 5254 tu
3179 5209 3354 5254 natam
3391 5210 3446 5271 Et
3470 5210 3737 5255 mortuam

2137 5269 2284 5342 inani
2339 5272 2714 5342 imaginatione
2763 5271 2975 5342 judicas
3022 5269 3332 5326 ’Deitatem?
3390 5269 3479 5342 Et
3512 5271 3736 5325 tandem

2139 5337 2328 5409 (Num.
2353 5337 2484 5413 49)::
2515 5340 2574 5395 Si
2603 5337 2877 5395 haereticus
2905 5341 2998 5413 tibi
3025 5360 3092 5396 ea:
3121 5358 3344 5413 persona
3373 5341 3743 5413 ecclesiastica

2135 5419 2392 5464 mortuum
2438 5411 2621 5482 Deumi
2644 5421 2786 5465 tuum
2814 5411 3232 5482 exprobraverit,
3260 5414 3428 5482 iratus
3457 5420 3514 5463 tu
3546 5411 3619 5464 ad
3662 5413 3744 5466 di-

2134 5489 2272 5535 ctum
2302 5482 2526 5536 reclama
2552 5499 2569 5536 :
2595 5481 2738 5536 Deus
2757 5481 2973 5554 est_,_qui
3004 5485 3272 5554 suscitavit
3299 5481 3362 5534 de
3383 5483 3611 5554 mortuis
3641 5500 3742 5552 pa-

2134 5559 2323 5624 storem
2344 5553 2511 5606 ovium
2531 5569 2774 5624 magnum
2802 5551 2962 5624 (Iléb.
2995 5568 3110 5621 xui,
3141 5552 3268 5623 20);
3301 5568 3407 5606 non
3440 5553 3557 5624 ipse
3592 5551 3740 5606 nter-

2131 5622 2364 5692 tiﬁcatus
2384 5634 2460 5676 est
2486 5632 2536 5676 et
2570 5622 2882 5678 sublevatus.

2203 5691 2444 5764 Epistola
2473 5693 2509 5746 9.
2537 5693 2604 5749 ad
2645 5694 2704 5748 S.
2735 5691 3309 5750 leestinumlNum.
3343 5690 3434 5759 l3,
3467 5691 3580 5760 16).
3618 5689 3740 5745 Ilu-
