3980 6182
309 222 434 280 1101

1095 223 1397 282 DISSERT.
1440 227 1476 281 I.
1523 224 1610 281 DE
1653 228 1921 282 llAiRESI
1967 220 2051 281 ΕΤ
2095 221 2315 281 HERIS
2355 217 2690 280 NESTURH.

3417 225 3554 281 1ιῖὒᾶ

292 343 377 414 jus
398 349 567 415 autem
596 341 898 415 familiarita
921 344 965 396 is
994 345 1199 399 nomine
1231 346 1474 414 alfricare
1499 356 1548 398 et
1581 347 1868 415 conjuncta:
1899 354 1945 410 Α
1971 349 2025 399 in
2045 355 2217 397 rentre
2237 353 2331 405 cst,
2348 345 2432 415 hic
2453 343 2729 415 humanam
2751 342 2900 415 habet
2924 339 3414 415 naturam,'sedADeo
3436 359 3560 397 sane

297 412 471 463 curitis
501 413 854 485 proprietates,
877 417 1252 483 generationem
1265 412 1478 480 scilicet,
1495 426 1543 468 et
1557 412 1868 485 passionem,

297 492 347 556 et
368 482 749 543 mortalitatem,
778 481 889 535 Deo
914 485 1151 550 tribuere,
1177 497 1264 538 aut
1292 488 1515 556 errantis
1547 481 1868 556 gentilitatis,

303 553 592 625 frater,__est
616 567 812 614 sensus,
859 564 948 625 aut
976 565 1142 625 mente
1166 557 1301 625 capti
1322 553 1636 624 Apollinaris
1658 564 1706 608 et
1738 553 1870 618 Arii.

302 630 391 694 aut
433 620 742 692 reliquarum
783 624 998 690 pestium
1037 620 1424 689 hiet-elisarum,
1466 636 1514 678 et
1552 625 1630 678 his
1680 624 1877 694 aliquid

304 690 483 764 pejus;
523 690 722 764 necesse
753 699 835 764 est
853 693 989 746 enim
1016 694 1308 764 hujusmodi
1334 695 1596 755 homines,
1628 690 1876 747 attractos

306 761 678 834 familiaritatis
701 762 922 834 nomine,
945 773 992 815 et
1020 761 1314 818 iactationis
1341 767 1532 818 socium
1557 771 1766 834 propter
1797 767 1880 833 fa-

307 831 497 882 miliari
505 839 653 881 tatem
662 841 739 905 ,_et
753 833 938 905 anatis,
957 849 1071 905 qua:
1087 835 1333 905 paulatim
1345 831 1576 894 accessit,
1594 835 1645 886 in
1654 831 1882 905 cremen-

308 908 474 950 torum
501 900 982 974 participemDeunt
1016 900 1234 956 Verbum
1260 906 1444 974 facere,
1477 913 1526 974 et
1549 903 1815 974 passionis
1826 904 1881 954 in

311 978 552 1043 tempore,
575 969 926 1043 entitniditate
945 975 1126 1026 auxilii
1157 969 1374 1043 angelici
1407 969 1742 1043 indigentem.
1774 971 1880 1024 Ta-

310 1054 395 1089 ceo
425 1039 857 1111 circumcisionem
877 1081 891 1103 ,
921 1052 969 1094 et
992 1039 1332 1111 sacriﬁcium,
1361 1051 1410 1094 et
1434 1039 1693 1103 sudorem,
1720 1051 1767 1093 et
1798 1043 1882 1110 fa-

309 1124 460 1169 mem,
491 1107 828 1181 quiequidem
852 1114 997 1164 carni
1027 1107 1294 1181 pro'nobis
1321 1119 1627 1181 evenerunt:
1660 1111 1770 1164 hac
1798 1107 1884 1181 ta-

312 1193 425 1252 men
455 1194 569 1230 cum
607 1178 682 1230 illi
711 1178 1105 1252 conjunguntur,
1147 1183 1302 1252 etiam
1344 1179 1615 1252 adoranda
1652 1189 1804 1244 sunt;
1832 1180 1885 1232 in

313 1245 516 1321 Deitate
543 1257 710 1300 autem
738 1245 868 1312 ista,
893 1245 956 1321 fet
973 1245 1099 1321 jam»
1128 1251 1439 1321 mendaciter
1467 1251 1808 1320 accipiuntur,
1837 1258 1888 1303 et

314 1318 459 1369 nobis
516 1325 770 1390 tamquam
819 1318 1267 1374 calumniatoribus
1318 1320 1489 1390 justas
1536 1318 1887 1374 damnationis

314 1401 495 1456 causas
523 1389 816 1456 important.
1247 1403 1250 1405 ’

389 1454 621 1524 Legendi
649 1457 892 1510 eamdem
916 1459 966 1512 in
993 1460 1314 1514 sententiam
1339 1474 1617 1514 sermones
1639 1459 1728 1513 alii
1757 1467 1886 1524 tres,

317 1524 369 1587 8,
401 1525 433 1576 9
462 1534 517 1580 et
557 1525 640 1598 l0.
683 1525 808 1598 Post
836 1529 948 1582 lnec
975 1538 1156 1582 autem
1203 1545 1322 1598 quze
1369 1529 1691 1598 protulimus
1713 1569 1728 1592 ,
1790 1544 1891 1598 po-

317 1604 491 1649 testne
538 1596 697 1651 alicui
746 1597 963 1651 dubium
1005 1596 1236 1666 relinqui
1275 1596 1403 1667 quin
1446 1598 1722 1653 Nestorius
1754 1596 1892 1652 hanc

318 1667 759 1734 propositionem,
788 1667 927 1722 Deus
955 1684 1048 1722 ssr
1079 1685 1282 1731 passus,
1313 1669 1497 1723 falsam
1525 1683 1643 1723 esse
1670 1676 1893 1722 conten-

317 1714 490 1789 derit?
521 1735 698 1802 Quare
727 1714 868 1791 ritinc
892 1740 959 1793 de
987 1738 1173 1805 altera,
1198 1714 1344 1794 Ds’us
1365 1754 1462 1793 esr
1485 1754 1674 1803 unus,
1702 1739 1892 1793 eadem
1927 1714 1969 1773 Β

318 1805 573 1858 methodo
604 1806 907 1859 videndum.

390 1875 792 1929 Observandum
829 1877 985 1944 igitur
1013 1877 1173 1932 tertio
1201 1893 1326 1933 nm
1353 1878 1450 1933 DEI
1501 1877 1716 1932 nomine
1741 1892 1892 1932 com.-

319 1945 579 2016 prohendi
609 1945 787 1998 omnia
817 1948 1030 2015 penitus
1069 1963 1187 2016 qua:
1215 1958 1390 2002 ortum
1429 1949 1514 2002 vel
1549 1947 1891 2011 antecedant,

320 2014 380 2069 ut
403 2014 453 2067 in
478 2024 631 2068 utero
658 2014 892 2082 gestari,
937 2014 1200 2071 mensium
1237 2034 1462 2072 numero
1487 2017 1732 2081 formari,
1764 2025 1891 2083 etc.,

321 2085 405 2138 vel
436 2093 858 2156 consequantur,
891 2096 949 2140 ut
976 2087 1165 2156 pannis
1193 2086 1421 2154 involvi,
1457 2087 1676 2150 lactari,
1717 2087 1894 2156 incre-

322 2170 511 2220 scere,
564 2155 873 2208 bimestrem
921 2153 1014 2210 aut
1057 2158 1378 2211 trimestrem
1409 2153 1580 2221 esse,
1630 2153 1896 2226 proﬁcere

323 2231 498 2288 (etate,
525 2232 578 2276 et
607 2239 727 2277 cum
757 2239 934 2280 sermo
975 2227 1032 2279 lit
1063 2227 1130 2280 de
1161 2226 1336 2282 Verbo
1364 2227 1571 2291 divino,
1601 2228 1732 2279 duas
1768 2226 1894 2280 sub-

328 2294 450 2347 iisse
489 2293 820 2365 nativitates,
853 2310 916 2350 ac
945 2304 1222 2365 parentem
1250 2298 1448 2352 habere
1476 2296 1746 2351 feminam.
1790 2297 1895 2350 De-

325 2364 798 2435 monstraverimus
838 2364 965 2433 ergo
999 2367 1142 2420 clare
1182 2368 1363 2435 negari
1404 2383 1432 2421 a
1475 2367 1721 2435 Nestorio
1750 2365 1894 2433 quod

327 2432 466 2507 Deus
494 2433 595 2507 dici
628 2435 796 2507 possit
838 2432 1023 2507 natus,
1054 2436 1098 2489 si
1128 2437 1212 2490 vel
1241 2432 1404 2490 utinm
1432 2437 1500 2491 de
1520 2432 1784 2507 praedictis
1813 2449 1897 2491 re-

324 2503 522 2574 iectum
547 2504 614 2556 ab
639 2505 1186 2574 ipsoiostenderimus.

395 2571 700 2650 Sern‘ioue'l
729 2571 912 2650 (Nam.
946 2575 996 2640 6,
1024 2576 1108 2645 7):
1143 2574 1313 2650 abet
1334 2585 1546 2650 matrem
1575 2575 1713 2632 Deus
1729 2596 1897 2650 pergo

325 2641 632 2715 excusabilis
663 2641 925 2715 gentilitas
948 2641 1139 2715 matres
1159 2647 1256 2699 diis
1275 2641 1897 2702 subintroducensfPau-

326 2713 831 2796 litslergoxmendaa:
856 2714 1165 2796 ‘de_Chri_s'ti
1205 2715 1394 2796 deitate
1440 2717 1897 2796 dicens__&1re'rmp.

325 2781 536 2865 ἀμήτωρ
568 2781 686 2839 ἄνευ
713 2786 1046 2860 γενεαλογίας.
1084 2784 1239 2852 Non,
1271 2788 1346 2840 vir
1373 2789 1577 2858 optime,
1610 2788 1784 2842 Maria
1807 2781 1899 2860 p'e-

325 2862 458 2924 perit
476 2862 662 2916 Deum,
693 2864 795 2909 etc.

399 2923 660 2998 Sermone
696 2925 730 2978 5
758 2923 944 2995 (Num.
978 2925 1053 2997 6),
1104 2935 1299 2998 praeter
1314 2928 1427 2998 alia
1465 2928 1732 2998 plurima:
1772 2927 1902 2983 Ver-

328 2993 446 3046 bum
471 3010 590 3064 ergo
618 2993 886 3048 Deus‘non
903 3005 978 3070 est
1007 2993 1157 3070 natus
1182 3015 1246 3051 ea:
1272 2997 1327 3050 M
1323 2993 1484 3070 aria:
1500 2998 1591 3070 sed
1615 3000 1668 3052 in
1697 2999 1788 3054 illo
1815 3001 1900 3070 qui

1966 1251 2113 1301 ~meis
2156 1265 2173 1301 :

1977 416 2325 483 conjunctam.
2345 412 2410 466 Et
2431 413 2608 466 statim
2634 411 2816 482 (Num.
2837 411 2890 481 4)
2911 431 2922 464 :
2953 411 3264 483 Ditisioncm
3293 413 3451 483 igitur
3471 431 3558 465 su‘

1977 482 2187 554 peri/ioc
2215 484 2547 554 prtecedentis
2577 484 2812 553 magistri
2847 482 2993 535 valde
3021 499 3129 554 sum
3167 482 3452 534 admiratus
3480 484 3552 534 di-

1977 550 2137 606 centis
2162 569 2177 605 :
2209 550 2306 615 Qui
2328 570 2393 605 ea:
2421 553 2632 605 muliere
2659 550 2810 604 italus
2833 561 2924 616 est,
2959 568 3056 605 nec
3087 552 3230 606 Deus
3252 566 3435 613 munus,
3462 566 3562 606 nec

1979 639 2144 677 rusus
2170 639 2330 684 nouo,
2351 624 2470 693 quia
2492 638 2652 692 neque
2673 621 2837 674 Deum
2859 632 3056 693 oportet
3075 621 3244 674 dicere
3263 622 3396 693 nude
3415 632 3463 674 et
3483 633 3563 674 ut-

1980 692 2541 774 cumque_generatum;
2563 708 2714 774 nemo
2743 692 2986 774 enimnqui
3012 708 3073 774 se
3086 702 3168 773 est
3197 692 3457 774 antiquior
3475 709 3564 762 ge-

1981 759 2145 814 nerat.
2194 759 2260 814 Et
2297 761 2515 815 tandem
2557 759 2743 829 (Num.
2778 761 2829 823 8,
2873 759 2927 829 9)
2972 779 2984 814 :
3028 761 3170 814 Dicis
3199 759 3503 829 simpliciter
3540 777 3560 814 :

1982 830 2120 884 Deus
2143 839 2218 882 est
2236 833 2320 902 qui
2343 841 2493 885 natus
2517 839 2591 902 est
2615 830 2678 884 de
2699 829 2894 902 Maria.
2911 829 3109 884 Statim
3132 831 3396 884 luereticus
3417 831 3566 902 Aria-

1983 917 2078 970 nus
2108 899 2266 970 infert
2300 900 2676 970 reprehendens
2706 917 2723 953 :
2755 899 2895 970 Ergo
2924 901 3176 954 immerito
3206 917 3296 952 nos
3326 901 3562 969 arguitis,

1983 969 2181 1023 Filium
2220 969 2470 1023 minorem
2499 969 2658 1022 Patre
2686 980 2736 1022 et
2775 969 3000 1023 creatum
3027 971 3281 1039 dicentes;
3320 971 3565 1039 quoniam

1985 1040 2123 1108 apud
2154 1055 2238 1093 vos
2277 1041 2430 1092 etiam
2460 1040 2553 1092 hoc
2581 1041 2635 1092 in
2665 1040 2988 1107 confessione
3015 1048 3108 1103 est,
3152 1037 3372 1108 Verbum
3401 1038 3567 1108 Deum

1984 1107 2093 1180 esse
2112 1110 2196 1180 qui
2221 1119 2368 1162 natus
2397 1117 2474 1161 est
2501 1109 2563 1161 de
2588 1109 2956 1180 Μανία-Αιιῶ
2979 1125 3091 1179 quae
3112 1107 3248 1180 idem
3272 1107 3408 1180 Deus
3440 1107 3570 1180 Ver-

1987 1177 2194 1232 bum'de
2222 1196 2276 1232 se
2312 1180 2422 1247 ipse
2465 1187 2679 1231 testatur
2722 1194 2738 1230 :
2781 1177 2974 1231 Euntes
2991 1177 3294 1247 renuntiate
3324 1178 3570 1247 fratribus

2223 1246 2368 1301 Vado
2414 1247 2482 1299 ad
2524 1247 2737 1300 Patrem
2775 1264 2940 1301 meum
2979 1257 3028 1300 et
3074 1246 3286 1299 Patrem
3327 1246 3566 1310 rostrum,

1987 1317 2153 1371 Deum
2175 1335 2340 1372 meum
2360 1326 2409 1370 et
2429 1316 2594 1370 Deum
2621 1326 2840 1370 vestrum
2865 1317 3043 1386 (Joan.
3069 1333 3158 1386 sx,
3186 1315 3297 1386 17).
3329 1314 3436 1370 Sed
3456 1332 3571 1369 cum

1989 1389 2083 1441 hoc
2113 1389 2318 1458 diceret,
2351 1388 2436 1458 qui
2464 1395 2616 1440 natus
2645 1386 2822 1458 estde
2851 1385 2998 1440 beata
3025 1385 3222 1446 Maria,
3254 1385 3573 1458 humanitate

1990 1457 2193 1528 quidem
2221 1456 2372 1528 nobis
2394 1457 2848 1528 consubstantialis
2876 1467 3020 1521 erat;
3064 1458 3119 1528 in
3156 1471 3214 1528 eo
3243 1466 3413 1528 autem
3439 1456 3574 1525 quod

1991 1524 2292 1650 conjunlctus
2315 1526 2445 1590 Deo,
2464 1536 2644 1581 nostra
2671 1535 2782 1579 erat
2811 1526 2978 1598 longe,
3003 1527 3124 1598 quia
3150 1524 3310 1591 Deus,
3333 1524 3573 1578 substan-

1994 1607 2067 1650 tia
2101 1615 2180 1650 me
2202 1615 2300 1650 tor.

1994 1599 2067 1651 tia
2101 1599 2300 1652 melior.

2063 1669 2325 1722 Sermone
2341 1665 2372 1719 5
2388 1664 2573 1738 (illum.
2587 1664 2663 1738 8),
2679 1667 2770 1738 qui
2786 1674 2930 1738 totus
2945 1665 3102 1738 estde
3113 1664 3225 1718 Deo
3241 1671 3369 1718 nato
3381 1671 3440 1738 et
3451 1663 3572 1738 Vir-

1995 1737 2118 1805 gine
2142 1739 2368 1809 Θεοτόκῳ
2394 1733 2405 1788 Ξ
2436 1736 2564 1790 Vide
2579 1733 2940 1809 quid’accidat,
2960 1736 3196 1809 hceretice
3210 1751 3228 1798 ;
3250 1733 3574 1809 noninvideo

1996 1803 2179 1860 nomen
2193 1803 2394 1877 Virgini
2406 1803 2755 1881 Xpisrogdxq».
2773 1805 2965 1860 Fateor
2978 1806 3110 1860 enim
3127 1803 3452 1881 reverendam
3467 1819 3576 1881 esse

1995 1893 2109 1930 eam
2137 1893 2250 1948 quis
2282 1872 2558 1945 susceperit
2584 1872 2768 1948 Deum,
2800 1893 2889 1946 per
2910 1892 3069 1948 quam
3103 1874 3364 1948 transierit
3391 1872 3575 1948 Domi-

1996 1961 2091 2000 nus
2115 1941 2363 2017 omnium,
2383 1941 2474 2016 per
2491 1963 2643 2017 quam
2657 1941 2874 2016 justitia:
2896 1941 2990 2000 Sol
3009 1945 3255 1999 illuxerit.
3283 1941 3420 2017 Deus
3440 1944 3576 2017 enim

1995 2025 2108 2069 erat
2138 2013 2391 2079 Verbum,
2412 2026 2460 2068 et
2488 2013 2602 2069 cum
2633 2013 2836 2070 homine
2868 2017 3215 2084 conjunctum,
3239 2021 3288 2084 et
3319 2015 3370 2084 in
3393 2029 3451 2066 eo
3482 2013 3577 2065 ha-

1998 2087 2186 2139 bitans.
2212 2085 2319 2140 Sed
2339 2102 2491 2156 porro
2513 2087 2744 2156 suspicor
2765 2083 3022 2156 plausum,
3047 2083 3297 2156 quomodo
3319 2083 3414 2135 hoc
3443 2084 3578 2156 quod

1998 2155 2132 2220 dixi,
2176 2153 2510 2217 “ausim”,
2552 2153 2899 2208 intellexistis.
2947 2153 3069 2208 Non
3107 2153 3218 2206 dixi
3258 2154 3578 2220 pertransiit,

1998 2242 2092 2296 pro
2131 2242 2190 2280 eo
2218 2225 2353 2345 quod
2379 2236 2457 2279 est
2485 2226 2718 2295 genitus;
2745 2241 2849 2278 non
2882 2226 3018 2278 enim
3044 2225 3118 2277 ita
3133 2223 3294 2345 facile
3312 2238 3438 2274 mea:
3456 2238 3578 2274 sen-

2001 2296 2172 2345 tentia:
2191 2312 2220 2345 ο
2257 2295 2478 2345 liviscor.
2514 2293 2801 2345 Transiisse
2821 2293 2985 2345 Deum
3010 2310 3100 2345 ver
3177 2293 3392 2345 iroiuem
3421 2302 3578 2345 Xme-

2001 2243 2092 2296 pro
2131 2243 2190 2280 eo
2253 2243 2352 2279 uoa
2379 2243 2457 2279 est
2485 2243 2718 2295 genitus;
2745 2243 2849 2278 non
2882 2243 3018 2278 enim
3044 2243 3118 2277 ita
3165 2243 3294 2274 acue
3312 2243 3438 2274 mea:
3456 2243 3578 2274 sen-

2001 2296 2172 2348 tentiaz
2191 2243 2478 2349 oZliviscor.
2514 2293 2801 2366 Transiisse
2821 2293 2985 2348 Deum
3010 2310 3100 2364 per
3133 2243 3392 2362 Virginem
3421 2302 3578 2366 Xpnr-

1997 2366 2220 2428 τοτὸκον,
2253 2382 2284 2418 a
2316 2365 2587 2433 Scriptura
2625 2364 2892 2431 perdoctus
2925 2381 3063 2428 sum;
3093 2371 3280 2433 nat-um
3319 2377 3423 2433 non
3451 2363 3578 2415 edo-

1999 2444 2109 2489 ctus
2135 2451 2266 2489 sum.
2294 2431 2563 2505 Nusquam
2584 2435 2756 2488 dirina
2789 2435 3059 2505 Scriptura
3079 2432 3245 2505 Deum
3272 2446 3334 2483 ea:
3373 2431 3580 2505 Virgine

1999 2506 2329 2576 ξριστοτόκῳ
2341 2499 2525 2558 asserit
2537 2515 2746 2569 natum;
2763 2505 2854 2558 sed
2871 2503 2905 2556 Ι
2908 2499 3048 2558 esum
3065 2503 3345 2564 Christum,
3364 2499 3408 2552 F
3412 2499 3577 2566 ilium,

2000 2573 2299 2629 Dominum.

2073 2644 2332 2717 Sermone
2363 2646 2393 2697 7
2423 2643 2609 2714 (Num.
2639 2645 2768 2716 57).:
2804 2641 2926 2698 Non
2949 2661 3040 2714 per
3059 2661 3112 2698 se
3139 2645 3303 2717 ipsum
3327 2645 3463 2698 Deus
3483 2653 3578 2717 est,

2001 2716 2136 2780 quod
2164 2718 2216 2767 in
2245 2724 2386 2770 utero
2411 2713 2690 2786 ﬁguratum
2713 2713 2822 2779 est;
2848 2713 2955 2768 non
2977 2733 3067 2785 per
3087 2731 3142 2768 se
3169 2713 3306 2768 Deus
3327 2725 3421 2779 est,
3447 2713 3583 2786 quod

2003 2795 2229 2856 creatum
2255 2794 2331 2838 est
2352 2803 2383 2856 a
2415 2786 2613 2856 Spiritu
2643 2793 2845 2838 sancto.

2073 2853 2492 2918 Observandum,
2511 2865 2725 2923 quarto,
2743 2855 3094 2922 qumstionem
3115 2853 3180 2908 de
3201 2853 3582 2922 conjunction

2003 2933 2313 2979 naturarum
2356 2926 2408 2978 in
2431 2924 2644 2978 Christo
2684 2925 2802 2978 aliis
2830 2924 2994 2990 alias,
3033 2934 3090 2978 ut
3121 2923 3369 2988 diximus,
3401 2924 3583 2978 verbis

2004 2996 2335 3066 propositam
2364 2995 2544 3059 fuisse,
2579 2995 2848 3066 istis-cum
2874 2994 3063 3066 sedere
3095 2995 3258 3062 carpit
3286 2994 3581 3058 Nestorius,

329 3079 481 3144 eaea
521 3073 672 3144 natus
701 3074 784 3144 est
808 3067 1014 3118 mansit.
1045 3065 1192 3144 _Non
1216 3085 1281 3121 ea:
1323 3067 1534 3138 Virgine
1570 3069 1773 3144 initium
1807 3064 1900 3122 Iia-
1927 3082 1972 3144 ρ
2005 3064 2071 3144 an
2095 3064 2410 3144 [tintinanuel
2437 3072 2580 3119 esset
2602 3065 2977 3144 verenl)eus,net
2994 3064 3152 3144 Virgo
3170 3080 3297 3144 vere
3315 3066 3582 3144 θεοῖόκςκ.

331 3132 459 3209 buit,
485 3133 672 3209 sedilli
698 3136 784 3206 qui
812 3135 1085 3209 crescendo
1120 3153 1212 3209 per
1249 3132 1451 3209 menses
1480 3138 1731 3209 paulatim
1759 3154 1900 3191 com-

330 3203 526 3272 positus
573 3205 627 3257 in
673 3203 815 3259 utero
873 3203 1250 3276 Virginis'est,
1298 3203 1717 3276 inseparabiliter
1764 3210 1904 3263 omni

332 3280 556 3342 tempore
601 3276 827 3328 sociatus
864 3284 959 3328 est.
999 3277 1156 3330 Aliud
1192 3287 1268 3330 est
1308 3285 1480 3330 autem
1518 3277 1732 3332 dicere:
1778 3277 1906 3332 Cum

331 3343 423 3395 illo
446 3344 528 3413 qui
565 3353 714 3417 natus
734 3353 828 3406 est,
859 3353 1066 3417 manet;
1102 3355 1151 3398 et
1176 3347 1337 3411 aliud,
1369 3347 1514 3399 illum
1535 3349 1620 3417 qui
1641 3366 1756 3403 cum
1782 3358 1906 3403 nato

331 3412 528 3475 manet,
560 3412 690 3490 [tutis
715 3428 823 3466 esse
849 3415 930 3467 cui
952 3423 1008 3466 ut
1029 3425 1325 3470 nasceretur
1351 3412 1602 3470 mensium
1627 3435 1755 3490 opus
1777 3421 1908 3490 fuis-

331 3490 409 3534 set
437 3482 709 3534 curriculo.

407 3549 501 3622 llis
527 3551 856 3622 proclamavit
898 3551 1075 3622 palam
1116 3551 1378 3610 Eusebius
1423 3555 1599 3611 adhuc
1644 3557 1811 3612 laicus
1854 3558 1908 3612 in

336 3619 592 3690 Ecclesia,
625 3622 790 3690 ipsum
810 3619 928 3676 ante
945 3623 1136 3678 stecula
1170 3623 1390 3680 Verbum
1409 3668 1421 3685 .
1450 3628 1606 3680 etiam
1630 3628 1910 3681 secundam

336 3689 554 3744 subiisse
576 3689 910 3768 nativitatem,
945 3693 1224 3768 secundum
1251 3711 1482 3762 carnem,
1506 3704 1557 3749 et
1579 3712 1642 3768 ea:
1672 3697 1905 3764 muliere,

337 3769 555 3830 tamque
597 3761 846 3829 pio,‘sed
874 3763 1062 3818 audaci
1101 3764 1338 3820 clamore
1375 3761 1667 3821 commovit
1690 3761 1908 3829 cretum,

335 3844 569 3898 eutnque
601 3831 757 3884 scidit
785 3831 835 3884 in
865 3833 1132 3888 contraria
1161 3834 1354 3890 studia.
1396 3835 1595 3891 Verum
1622 3851 1651 3888 a
1683 3835 1914 3891 Nestorii

337 3898 576 3980 factiosis
594 3901 863 3982 disreptus
889 3913 1059 3982 esset,
1076 3904 1434 3982 nequidquam
1461 3906 1798 3982 obstantibus
1826 3907 1914 3961 bo-

339 3971 446 4046 nis,
473 3970 571 4023 nisi
593 3970 885 4046 Nestorius_
896 3970 1328 4046 tumultuantium
1355 3977 1760 4046 compressissct
1780 3985 1917 4032 stre-

340 4041 533 4115 pitum,
563 4049 780 4115 tumque
805 4060 816 4093 :
844 4041 1086 4115 Gaudeo,
1114 4045 1337 4099 dixisset
1366 4041 1553 4115 (Nam.
1587 4047 1662 4114 7),
1693 4056 1916 4101 vestrum

344 4111 599 4178 aspiciens
629 4111 821 4187 zelum;
843 4112 1075 4187 indidem
1095 4116 1232 4169 enim
1265 4111 1531 4187 perspicue
1559 4111 1770 4187 coargui
1786 4134 1918 4187 pos-

298 4216 300 4219 -
337 4189 484 4241 sunt,
508 4181 702 4256 quttrnb
725 4182 919 4252 infelici
941 4182 1144 4256 homine
1162 4181 1279 4238 sunt
1305 4181 1562 4256 ﬂagitiose
1582 4181 1740 4240 dicta.
1775 4181 1918 4240 Nam

346 4266 560 4320 quorum
599 4250 878 4326 dua:_sunt_
894 4255 1271 4326 generationes,
1305 4250 1499 4309 eat-um
1528 4257 1627 4326 duo
1669 4258 1772 4309 sint
1819 4257 1920 4326 ﬁlii

347 4317 547 4397 necesse
565 4321 808 4397 est.__8ed
834 4317 1063 4397 Ecclesia
1081 4340 1239 4377 unum
1259 4328 1492 4397 agnoscit
1513 4325 1727 4397 Filium,
1751 4317 1920 4397 ipsum

349 4387 625 4461 Dominum
652 4389 927 4445 Christum.
970 4391 1044 4461 Et
1061 4401 1246 4461 postea
1264 4387 1432 4459 ,vcum
1460 4396 1527 4450 de
1554 4387 1802 4451 Patribus
1832 4396 1923 4449 Ni-

2009 3134 2159 3189 Unde
2189 3135 2302 3202 ipse
2339 3149 2588 3189 sermone
2622 3133 2646 3186 l
2684 3132 2868 3203 (Num.
2899 3133 2953 3204 6)
2980 3152 2991 3186 :
3016 3135 3058 3185 Α
3093 3134 3259 3198 nobis,
3284 3134 3474 3202 inquit,
3504 3135 3580 3187 in-

2005 3206 2161 3277 uicem
2193 3209 2480 3277 frequenter
2515 3205 2846 3277 sciscitantur
2887 3221 2955 3257 an
2983 3205 3228 3277 gem-bno:
3272 3204 3489 3277 dicenda
3517 3205 3585 3277 sit

2007 3273 2202 3340 Maria,
2248 3273 2316 3350 ait
2345 3285 2516 3350 autem
2551 3275 2947 3350 dilemma-rixo}.
2981 3273 3048 3326 Et
3090 3276 3141 3327 in
3181 3275 3407 3350 epistola
3449 3276 3482 3327 5
3521 3275 3587 3327 ad

2007 3353 2247 3400 sanctum
2277 3343 2846 3413 leestinutn'(Num.
2879 3345 2956 3415 5),
2978 3360 3097 3415 cum
3129 3343 3288 3398 vellet
3315 3359 3587 3414 exponere

2047 3415 2318 3470 umstionis
2353 3416 2650 3469 solemnem
2687 3423 2884 3469 statum
2916 3413 2939 3467 ἐ
2983 3413 3355 3479 /Estimemus,
3389 3413 3585 3484 inquit,

2046 3503 2139 3538 uas
2167 3495 2333 3539 sectas
2354 3487 2644 3540 contrarias
2671 3485 2768 3540 sibi
2789 3495 2944 3550 stare,
2976 3496 3025 3538 et
3052 3486 3235 3539 harant
3265 3489 3430 3538 altera
3457 3485 3590 3538 hanc

2009 3571 2178 3626 rorem
2213 3558 2446 3626 proferat
2477 3556 2662 3619 solam,
2694 3558 2967 3619 Θητὸκοςς
2999 3556 3164 3626 altera
3193 3573 3308 3609 vero
3337 3555 3484 3609 illam
3507 3571 3591 3608 se.

2012 3624 2135 3685 lam,
2160 3624 2571 3699 ἀῄθρώποτὸκρκ
2595 3635 2643 3678 et
2662 3635 2878 3699 utraque
2896 3634 3037 3699 secta
3056 3625 3125 3677 ad
3145 3641 3292 3678 suam
3313 3626 3595 3699 confessio-

2012 3710 2128 3746 nem
2148 3694 2363 3764 alte'ram
2393 3696 2583 3758 trahat,
2607 3696 2728 3764 utsi
2756 3694 2851 3748 hoc
2873 3710 2977 3747 non
2999 3695 3364 3763 impetraverit,
3388 3694 3594 3764 pericli-

2015 3773 2146 3817 tetur
2173 3764 2235 3817 de
2256 3761 2487 3816 Ecclesia
2517 3763 2716 3823 cadere,
2741 3771 2844 3817 etc.
2915 3769 2931 3780 ‘

2086 3832 2220 3889 Hinc
2248 3834 2408 3888 etiam
2433 3833 2734 3887 Dorotheus
2764 3832 3197 3900 Anastasiusque,
3229 3833 3385 3902 primi
3405 3833 3598 3903 impie-

2017 3903 2139 3957 tatis
2161 3905 2554 3968 buccinatores,
2582 3919 2686 3957 non
2725 3903 2825 3956 alia
2857 3904 3140 3956 verborum
3169 3903 3341 3957 forma
3364 3903 3444 3958 usi
3472 3914 3598 3958 sunt

2016 3989 2175 4042 quam
2199 3976 2327 4044 ista,
2346 3989 2464 4044 qua}
2484 3975 2550 4028 ad
2571 3975 2921 4044 quiestionem
2943 3989 3282 4028 communem
3302 3974 3597 4044 responde-

2018 4053 2102 4116 ret
2133 4062 2145 4096 :
2181 4043 2240 4099 Si
2265 4046 2377 4116 quis
2407 4043 2635 4100 Mariam
2657 4042 2938 4114 Deiparam
2963 4061 3071 4098 esse
3092 4044 3299 4108 dixerit,
3325 4042 3598 4098 anathema

2019 4115 2105 4167 sit.

2090 4184 2257 4256 Immo
2285 4183 2514 4256 Cyrillus
2552 4192 2779 4256 testatur
2815 4184 3151 4256 universum
3175 4184 3284 4256 fere
3321 4194 3599 4239 certamen

2021 4271 2120 4326 pro
2149 4253 2252 4309 ﬁde
2281 4253 2586 4322 susceptum
2615 4254 2682 4326 de
2711 4269 2777 4307 eo
2806 4253 2987 4326 fuisse,
3015 4254 3158 4322 quod
3183 4255 3341 4322 Virgo
3372 4256 3601 4326 Deipara

2023 4323 2383 4378 afﬁrmaretur
2427 4342 2439 4376 :
2489 4338 2594 4391 qua
2640 4323 2707 4377 de
2753 4338 2912 4377 causa
2956 4323 3193 4380 Joannes
3235 4323 3605 4382 Antiochiest

2023 4411 2145 4449 cum
2176 4395 2382 4448 litteras
2414 4394 2614 4448 amicas
2654 4392 2900 4448 Nestorio
2933 4394 3210 4460 scriberet,
3255 4414 3416 4452 unum
3458 4398 3508 4452 id
3536 4399 3604 4451 ab

348 4460 508 4514 caenis
555 4461 762 4537 locutus
801 4471 944 4516 esset
972 4460 1242 4537 (Νάξῳ-9)
1271 4483 1281 4516 :
1337 4463 1608 4537 Nusquam
1655 4467 1916 4531 dixerunt,
1952 4463 1996 4521 D
2025 4465 2141 4537 ipso
2167 4465 2351 4537 exigit,
2388 4465 2720 4537 utere-rbus»
2749 4463 2972 4537 diceret,
3005 4473 3207 4520 etcum
3239 4467 3360 4537 fidei
3389 4483 3500 4521 sua:
3540 4468 3606 4522 li-

349 4545 518 4603 mrus
542 4547 655 4585 EST.
682 4530 802 4603 Cur,
832 4530 1103 4603 putamus?
1136 4532 1204 4587 Ut
1225 4530 1332 4588 non
1361 4530 1490 4589 duas
1523 4538 1814 4590 nativitates
1839 4537 1922 4589 in-

352 4601 673 4675 troducerent
701 4601 1015 4656 Divinitatis.
1059 4603 1124 4657 Et
1151 4604 1343 4658 iterum
1368 4605 1553 4674 (Num.
1589 4606 1675 4675 Η)
1702 4624 1715 4659 :
1762 4606 1918 4660 Vide-

350 4672 684 4747 runt_igitur,
721 4683 893 4747 utpote
927 4676 1145 4728 scientes
1179 4672 1481 4730 sanctarum
1512 4672 1918 4747 Scripturarum,

350 4741 486 4810 quod
512 4743 556 4794 si
578 4759 690 4813 eum
716 4741 808 4813 qui
832 4745 1127 4798 incarnatus
1156 4756 1258 4809 est,
1293 4757 1472 4800 natum
1501 4741 1810 4810 dixerimus,
1843 4748 1926 4799 in-

352 4811 991 4885 uenieturDeus_Verbum
1021 4813 1188 4869 Filius
1217 4816 1444 4885 Spiritus
1464 4819 1650 4870 sancti.
1686 4817 1924 4870 Tandem

353 4879 540 4955 (Nam.
575 4882 698 4955 12),:
741 4883 914 4937 Secuti
956 4894 1074 4937 sunt
1113 4879 1506 4955 evangelistam;
1545 4904 1667 4940 nam
1705 4903 1819 4939 cum
1843 4903 1926 4940 re-

351 4953 510 5028 nisset
543 4953 612 5005 ad
649 4954 1204 5028 igaprémna-w,_fugit
1238 4953 1615 5026 generationem
1655 4957 1718 5011 de
1762 4956 1925 5010 Verbo

350 5021 540 5086 dicere,
572 5031 622 5075 et
643 5021 1367 5089 dixit"incarnationemfetc.

415 5090 675 5146 Sermone
690 5093 722 5145 4
740 5092 1004 5166 (Νειηι.ἓ)ε
1023 5093 1120 5158 Qui
1133 5094 1734 5166 Deumsimpliciterdicit
1747 5097 1808 5149 de
1821 5095 1932 5150 Ma-

352 5163 434 5236 ria
456 5173 653 5236 natum,
671 5165 834 5233 primo
850 5167 1073 5218 omnium
1094 5163 1415 5218 nobilitatem
1425 5168 1657 5236 gentibus
1671 5169 1932 5236 prostituit

352 5232 630 5307 dogmatis,
669 5232 819 5304 atque
844 5252 1101 5307 exponens
1130 5236 1183 5288 in
1213 5232 1441 5290 medium
1462 5232 1846 5307 vituperandum
1876 5238 1930 5290 id

350 5301 1010 5377 ridendumquc'proponit.
1041 5305 1232 5377 Statim
1268 5307 1406 5377 enim
1434 5301 1667 5377 paganus
1697 5324 1810 5361 cum
1842 5325 1929 5361 re-

351 5325 722 5374 nueuaumqac
754 5325 1010 5374 proponit.
1041 5325 1232 5359 atatim
1268 5325 1406 5360 enim
1434 5325 1500 5377 pa
1537 5325 1667 5361 anus
1697 5325 1810 5361 cum
1842 5325 1918 5361 re-

351 5373 689 5446 prehensione
726 5377 1011 5446 accipiens,
1043 5377 1162 5446 quia
1190 5376 1252 5429 de
1267 5375 1447 5446 Maria
1479 5325 1615 5431 [gens
1644 5386 1720 5431 est
1747 5386 1918 5441 natus,

349 5443 541 5517 inferet
567 5444 808 5517 adversus
834 5443 1183 5500 Christianum
1213 5462 1232 5500 :
1257 5445 1370 5517 Ego
1399 5458 1574 5500 natum
1595 5458 1643 5501 et
1669 5456 1925 5501 mortuum

350 5510 538 5589 Deum,
565 5524 614 5589 et
646 5516 898 5589 sepultum
939 5517 1160 5589 adorare
1187 5533 1290 5570 non
1307 5510 1465 5588 'queo.
1500 5517 1720 5589 Liquida
1759 5528 1928 5571 autem

349 5582 606 5652 dogmatis
621 5582 800 5639 divisio
818 5587 915 5658 ista
929 5597 1018 5640 est.
1031 5584 1129 5650 Qui
1145 5596 1292 5641 natus
1310 5582 1403 5651 est,
1417 5598 1467 5640 et
1481 5582 1760 5658 per'partes
1775 5589 1936 5641 incre-

350 5664 636 5709 mentorum
650 5653 954 5720 temporibus
965 5659 1118 5728 eguit,
1130 5666 1178 5713 et
1189 5657 1444 5714 mensibus
1458 5653 1597 5728 tegili
1600 5661 1694 5712 mis
1705 5667 1934 5730 portatus

2023 4535 2220 4608 bellum
2243 4535 2412 4608 daret,
2438 4533 2504 4608 de
2531 4534 2746 4608 Virgine
2767 4535 2994 4608 primum
3016 4538 3236 4608 βεοτὸκῳ
3261 4536 3413 4601 dixit,
3433 4552 3604 4608 eaque

2027 4605 2188 4727 velluti
2229 4603 2579 4658 confessionis
2619 4614 2821 4658 tessera
2862 4605 3184 4660 catholicum
3210 4603 3283 4661 'se
3321 4603 3608 4661 ostendere

2030 4691 2094 4727 vo
2121 4682 2216 4727 unt.

2030 4675 2216 4728 voluit.

2097 4744 2203 4798 Sed
2233 4744 2485 4798 eximium
2514 4753 2596 4798 est
2635 4745 2686 4799 in
2716 4745 2858 4800 hanc
2885 4759 2999 4799 rem
3033 4744 3181 4800 Pauli
3215 4745 3467 4801 Emeseni
3499 4744 3609 4800 fac-

2029 4823 2159 4869 tum.
2202 4813 2336 4868 Cum
2378 4825 2693 4884 procuraret
2733 4815 3094 4886 Ecclesiarum
3140 4832 3330 4886 pacem
3379 4817 3609 4872 Nestorii

2028 4901 2188 4940 causa
2217 4886 2504 4951 turbatam,
2534 4900 2686 4939 suam
2706 4886 2758 4938 in
2788 4885 3026 4940 Ecclesia
3057 4885 3414 4942 Alexandrina
3443 4888 3495 4941 in
3527 4888 3609 4942 in-

2033 4954 2181 5009 ﬁnita
2208 4956 2469 5010 concione
2511 4956 2832 5026 probaturus
2874 4955 3051 5022 ﬁdem,
3089 4972 3194 5026 qua
3236 4958 3445 5013 ratione
3485 4966 3614 5014 tunc

2031 5027 2334 5100 oportebat,
2359 5035 2482 5100 post
2509 5025 2727 5079 allatum
2748 5026 3022 5100 propheta:
3051 5025 3227 5100 locum
3253 5045 3265 5080 :
3291 5026 3428 5100 Ecce
3455 5027 3613 5100 Virgo

2031 5099 2084 5151 in
2115 5105 2259 5150 utero
2288 5096 2508 5159 habebit,
2533 5104 2660 5159 etc.,
2684 5097 2860 5164 erupit
2889 5097 2939 5150 in
2969 5097 3080 5152 haec
3109 5099 3272 5152 verba
3298 5116 3310 5150 :
3335 5097 3487 5152 Parit
3508 5096 3614 5153 itit-

2031 5185 2125 5238 que
2152 5167 2249 5238 Dei
2271 5168 2493 5238 genitria:
2509 5165 2918 5238 Emmanuelem.
2944 5165 3080 5222 Tum
3100 5169 3330 5238 p0pulus
3351 5169 3612 5224 acclamao

2034 5235 2107 5290 irit
2141 5257 2152 5290 :
2187 5235 2318 5290 Ecce
2339 5237 2468 5306 ﬁdes
2497 5237 2606 5290 haec
2625 5244 2720 5301 est,
2745 5235 2840 5290 Dei
2863 5238 2959 5291 hoc
2988 5235 3301 5305 donum—est,
3331 5239 3617 5293 orthodoxe

2032 5307 2256 5378 Cyrille;
2298 5306 2436 5380 istud
2471 5308 2651 5380 audire
2682 5307 3050 5380 qttwrebamus.
3085 5308 3183 5373 Qui
3209 5311 3283 5362 ita
3315 5326 3419 5380 non
3449 5309 3617 5380 loqui-

2035 5375 2133 5449 tur,
2161 5378 2436 5449 anathema
2463 5375 2704 5449 sit._M01i
2728 5375 2925 5432 Paulus
2958 5396 2970 5431 :
2997 5378 3206 5449 Peperit
3235 5379 3450 5449 proinde
3471 5375 3616 5432 nobis

2033 5447 2264 5518 Deipara
2303 5446 2477 5500 Maria
2525 5446 2941 5512 Emmanuelem;
2990 5446 3380 5518 Entmanuelem
3425 5460 3614 5518 autem.

2037 5518 2130 5571 hoc
2157 5527 2250 5581 est,
2286 5518 2447 5570 Deum
2475 5519 2740 5590 hominem
2781 5520 2992 5590 factum.
3013 5517 3166 5590 Nam
3208 5518 3344 5572 Deus
3377 5517 3615 5590 Verbum,

2040 5590 2123 5659 qui
2166 5596 2286 5640 ante
2323 5588 2514 5642 stecula
2558 5606 2749 5642 arcano
2782 5587 3135 5659 ine/fabilique
3179 5589 3330 5643 modo
3365 5604 3429 5642 ea:
3460 5587 3621 5659 Patre

2044 5657 2243 5727 genitus
2264 5667 2358 5725 est,
2381 5660 2668 5713 norissimis
2693 5661 2999 5726 temporibus
3027 5657 3179 5714 natus
3203 5670 3359 5713 estea:
3384 5657 3616 5712 muliere.
