4022 6182
401 319 430 368 f
441 317 536 372 N5

1278 314 1576 372 DISSERT.
1621 315 1659 370 Ι.
1703 315 1788 370 DE
1824 310 2098 370 "IERESI
2139 309 2223 366 ET
2263 308 2480 365 LIBlilS
2519 309 2858 367 NESTORIl’.

3515 319 3647 370 ""6

433 429 517 481 uia
537 425 807 481 Christum
838 425 1061 497 peperit,
1094 426 1143 480 in
1168 442 1274 496 quo
1295 437 1410 481 erat
1431 428 1660 482 Verbum
1689 427 1840 490 Deus,
1869 427 1966 480 nisi
1998 432 2041 487 Α
2072 424 2256 492 igitur,
2289 424 2608 494 quicumque
2635 423 2865 478 Nestorii
2896 438 3110 476 causam
3139 435 3490 492 susceperunt
3515 469 3526 489 ,
3566 430 3642 480 in-

391 445 602 550 dicatur
630 497 829 550 pariter
849 505 903 550 et
931 493 1140 550 Patrem
1164 499 1454 550 nenerisse.
1488 505 1542 550 et
1569 495 1820 550 Spiritum
1846 512 1968 549 san-
2071 494 2392 548 tellexerunt
2420 493 2575 548 facile
2607 509 2727 547 eam
2757 509 2815 548 se
2842 493 2978 547 tueri
3006 508 3113 546 non
3143 507 3320 550 posse.
3354 495 3450 547 nisi
3485 512 3642 550 (tuom

432 499 602 552 icatur
629 493 1140 567 pariter‘etPfatrem
1164 493 1454 567 peperisse,
1488 505 1542 551 ct
1569 495 1820 565 Spiritum
1846 512 1968 549 san-

259 611 264 618 .
351 603 356 606 -
392 574 557 632 etum,
589 566 843 634 quoniam
877 566 1034 620 ambo
1069 566 1284 634 qucque
1319 567 1372 621 in
1403 567 1618 621 Christo
1652 572 1822 629 erant,
1847 581 1967 620 cum

391 637 501 691 sint
527 636 688 690 etiam
713 636 766 690 in
795 635 1220 706 quibuscumque
1244 636 1433 704 justis;
1459 639 1621 690 immo
1652 636 1696 688 si
1727 635 1967 706 Θεοτὸκος

394 713 632 788 vocetur2
655 713 712 759 et
730 705 837 760 non
866 705 1161 788 Aoyordnog,
1191 707 1328 788 satis.
1350 707 1461 788 ipsa
1487 721 1622 788 voce
1641 705 1969 788 prodiquod

397 791 506 846 gon
530 776 699 846 unius
737 775 982 846 persona:
1020 777 1252 843 genitrix
1279 775 1382 831 dici
1421 775 1633 840 debeat,
1671 775 1766 830 sed
1805 775 1969 829 totius

396 842 694 910 Trinitatis,
719 842 813 913 qui
843 844 982 898 Deus
1017 842 1117 898 est.

465 913 560 969 Est
586 914 813 983 impetus
833 914 1011 968 hocin
1031 913 1152 969 loco
1173 915 1503 983 interrogare
1523 913 1753 969 Nestorii
1780 921 1967 982 patro-

393 998 516 1049 nos,
546 983 953 1054 etAlbertinmn
973 985 1258 1054 pnecipue,
1280 983 1635 1054 quieruditus
1654 983 1821 1054 videri
1838 983 1965 1049 vult,

395 1055 580 1107 sintne
602 1052 714 1108 hmo
735 1051 1157 1123 hominis’yerbo
1186 1051 1550 1123 imprudenter
1577 1051 1729 1123 lapsi,
1761 1068 1828 1106 an
1858 1068 1969 1123 me-

395 1123 552 1176 ditati
576 1136 698 1191 qua:
723 1121 943 1176 diceret.
987 1121 1175 1177 Sintne
1197 1121 1312 1177 huic
1335 1130 1644 1190 argumenta
1672 1121 1856 1176 decem
1887 1122 1968 1175 in-

393 1192 682 1260 eogitantis
719 1191 964 1258 alicujus,
1005 1192 1092 1246 cui
1119 1207 1226 1246 vox
1263 1207 1366 1245 una
1411 1191 1704 1253 exciderit;
1753 1206 1820 1260 an
1850 1205 1967 1244 ma-

398 1259 528 1329 ligni
548 1260 960 1316 contradictoris
984 1261 1076 1329 qui
1104 1262 1270 1315 multa
1291 1261 1742 1329 commentatione
1761 1259 1967 1327 singula

397 1328 477 1401 rei
521 1329 770 1399 adjuncta
815 1328 1176 1401 perpenderit.
1215 1329 1366 1401 Sitne
1393 1330 1622 1401 denique
1667 1328 1966 1401 linguzevif

398 1400 530 1454 tium
562 1398 694 1454 :cstu
733 1398 968 1468 abrepta:
997 1409 1103 1453 tam
1130 1399 1415 1453 artificiosa
1455 1399 1648 1462 oratio,
1683 1408 1775 1468 aut
1803 1398 1967 1451 animi

398 1469 577 1538 potius
621 1469 723 1523 sibi
765 1467 961 1538 ubique
1008 1469 1225 1532 similis,
1271 1483 1588 1538 semperque
1625 1468 1678 1522 in
1723 1467 1966 1522 instituto

396 1539 710 1594 constantis.

469 1607 872 1676 Observandum
919 1608 1106 1676 quinto
1130 1646 1145 1673 ,
1187 1621 1308 1662 cum
1349 1606 1600 1669 Proeliis,
1642 1607 1694 1660 in
1724 1606 1967 1662 oratione

397 1678 737 1747 panegyrica_
763 1675 953 1746 (Nam.
995 1677 1080 1744 7),
1112 1677 1178 1730 de
1216 1685 1369 1747 utero
1392 1676 1624 1743 Virginis
1661 1675 1965 1747 exclamans

396 1744 621 1800 dixisSét
653 1765 666 1799 :
701 1744 744 1799 0
775 1744 1016 1815 templum
1036 1747 1090 1798 in
1117 1761 1214 1816 quo
1238 1744 1381 1816 _Deus
1406 1747 1570 1816 {actus
1598 1755 1675 1798 est
1701 1745 1959 1816 sacerdos,

400 1832 503 1869 non
533 1824 771 1884 naturam
791 1813 1138 1878 commutatis,
1157 1813 1247 1867 sed
1271 1831 1385 1868 eum
1409 1813 1496 1884 qui
1524 1814 1967 1884 sccundumrordi-

399 1901 519 1938 nem
551 1892 628 1937 est
665 1883 1036 1937 Melchisedech
1070 1892 1276 1953 propter
1315 1885 1688 1953 miserationem
1726 1883 1968 1953 indutus!

398 1953 550 2009 dicto
581 1953 880 2007 Nestorium
903 1967 1010 2006 non
1030 1951 1235 2005 tantum
1257 1953 1516 2006 offensura
1539 1952 1721 2018 fuisse,
1749 1951 1841 2006 sed
1872 1953 1970 2006 im-

402 2021 714 2090 patientiam
734 2036 948 2090 quoque
987 2022 1336 2091 extemporali
1365 2023 1610 2076 oratione
1638 2021 1966 2091 prodidisse;

406 2092 573 2145 immo
592 2099 799 2160 postea,
821 2105 939 2146 cum
961 2091 1221 2160 resedisse
1241 2090 1512 2146 debuisset
1532 2091 1628 2156 ira,
1641 2090 1900 2145 sermone
1915 2092 1964 2157 6,

400 2158 666 2231 expositis
694 2158 843 2213 Pauli
870 2161 1048 2214 verbis
1072 2178 1085 2213 :
1115 2159 1448 2231 Considerate
1468 2162 1755 2231 apostolum
1775 2170 1822 2231 et
1843 2178 1970 2230 pon-

401 2230 595 2298 tiﬁcem
627 2231 968 2299 confessionis
997 2238 1190 2284 nostrae
1214 2229 1410 2295 Iesum,
1442 2229 1676 2298 graviter
1704 2230 1756 2283 in
1796 2229 1970 2285 Procli

404 2298 1013 2369 sententiam'invectutn
1039 2315 1174 2364 esse,
1205 2300 1425 2369 perinde
1454 2316 1517 2354 ac
1544 2299 1587 2352 si
1618 2315 1805 2353 omnes
1833 2315 1969 2368 pon-

404 2365 565 2438 tificis
605 2368 961 2437 proprietates
1001 2371 1068 2424 ab
1096 2365 1355 2438 Apostolo
1395 2378 1501 2422 tam
1538 2365 1972 2436 diligenter—con-

404 2437 618 2504 quisita:
642 2451 706 2491 ac
731 2439 988 2506 exposita:
1015 2437 1354 2494 Divinitatcm
1386 2438 1564 2503 Verbi,
1597 2439 1758 2493 etiam
1795 2438 1969 2494 incar-

405 2507 542 2572 uati,
563 2521 669 2560 non
696 2506 966 2562 decorent.

479 2574 738 2647 Sermone
765 2576 943 2647 igitur
981 2577 1026 2647 67
1062 2596 1075 2631 :
1115 2577 1346 2647 Apostoli
1391 2595 1608 2643 nomen,
1658 2577 1866 2646 inquit,
1915 2580 1971 2632 in

413 2643 623 2699 Christo
669 2643 950 2711 audientes,
999 2643 1170 2701 Deum'
1219 2647 1436 2701 Verbum
1490 2648 1624 2701 male
1678 2643 1970 2711 intelligunt

407 2715 695 2788 apostolum
733 2732 880 2788 esse;
909 2717 1138 2788 tegentes
1176 2718 1297 2770 item
1338 2718 1594 2788 pontiﬁcis
1652 2715 1970 2788 vocabulum,

413 2783 573 2856 Deum
608 2801 718 2839 esse
759 2783 1113 2856 imaginantur
1149 2783 1439 2856 pontiﬁcem
1463 2783 1490 2850 ,⁷
1518 2788 1650 2839 mira
1691 2787 1972 2841 dementia!

408 2851 539 2924 Quis
565 2855 700 2908 enim
726 2851 943 2924 apostoli
979 2851 1195 2924 alliciunt
1217 2851 1450 2920 audiens,
1473 2871 1575 2909 non
1602 2857 1775 2909 statim
1807 2855 1974 2910 rideat

401 2923 666 2977 hominem
694 2923 1068 2978 demonstrari?
1107 2923 1234 2988 Quis
1262 2927 1445 2978 summi
1473 2924 1754 2978 sacerdotis
1788 2942 1972 2979 nomen

406 2992 643 3116 adigis,
666 2992 966 3048 Divinitatis
988 3001 1226 3048 naturam
1247 2994 1315 3048 ad
1333 2995 1612 3048 sacerdotis
1632 2996 1972 3051 ministerium

409 3078 528 3115 race

409 3078 528 3115 ιόοε

483 3129 992 3218 Τμιιῃβηρεηεηιῑζε
1044 3133 1324 3218 plusquam
1382 3133 1782 3218 quatuordeeim
1831 3135 2044 3218 notisc

413 3199 682 3272 pontiﬁcis
722 3203 860 3256 illius
879 3243 897 3267 ,
942 3204 1007 3256 de
1033 3199 1140 3270 quo
1169 3199 1359 3257 Paulus
1388 3199 1648 3272 loquitur,
1689 3211 1973 3272 postquam

404 3269 644 3341 singulas
670 3269 1068 3341 argumentatus
1095 3280 1193 3336 est,
1223 3269 1520 3328 orationem
1547 3269 1800 3340 colligens
1825 3269 1845 3327 Ξ
1871 3273 1973 3327 Hic

407 3339 520 3404 ille,
545 3339 876 3415 inquit,'c_u_m
901 3341 1061 3405 Mose,
1092 3341 1261 3415 quoad
1288 3342 1501 3395 ducendi
1523 3339 1770 3415 exercitus
1803 3354 1976 3415 typum

405 3408 870 3481 i‘oniparutus,_ille
893 3425 1062 3481 semen
1088 3408 1308 3463 Abrahae
1327 3423 1552 3475 vocatus,
1581 3414 1667 3464 ille
1693 3430 1782 3481 per
1801 3408 1976 3466 omnia

403 3477 594 3551 similis
624 3478 892 3548 fratribus,
918 3478 1004 3531 ille
1043 3487 1268 3551 tempore
1295 3481 1459 3551 factus
1488 3477 1747 3550 pomifer,
1772 3483 1858 3536 ille
1886 3499 1977 3551 per

403 3548 676 3616 passiones
702 3556 1099 3612 consummatus,
1130 3548 1217 3601 ille
1239 3548 1322 3618 qui
1349 3550 1404 3601 in
1431 3564 1528 3617 quo
1550 3548 1730 3617 passus
1751 3559 1844 3613 est,
1866 3548 1975 3618 ipse

405 3625 657 3686 tentatus,
690 3625 854 3686 potest
883 3619 1088 3670 tentatis
1120 3618 1384 3680 auxiliari,
1420 3619 1508 3671 ille
1535 3618 1809 3686 secundum
1832 3619 1976 3671 ordi-

404 3701 527 3738 nem
562 3684 958 3757 Melchisedech
980 3688 1212 3757 pontifex
1239 3687 1543 3757 appellatus.
1571 3684 1680 3757 Cur
1714 3688 1872 3757 igitur
1896 3688 1977 3740 di-

405 3771 558 3808 versa
581 3757 740 3809 sentis
770 3772 802 3808 a
825 3754 1024 3809 Paulos?
1045 3754 1145 3808 Cur
1167 3754 1534 3826 impossibile»:
1560 3754 1974 3815 Deum’Verbum

399 3840 620 3895 corpore
648 3833 846 3895 terreno
872 3825 1222 3890 commiscens,
1241 3825 1543 3895 passibilem
1571 3826 1859 3895 pontiﬁcem
1895 3827 1976 3894 fa-

403 3890 522 3965 cis?
549 3890 675 3946 Cum
702 3894 768 3947 sit
794 3894 954 3964 igitur
980 3895 1126 3965 nobis
1163 3890 1402 3965 hic'solus
1429 3890 1681 3965 pontifex,
1704 3890 1755 3948 et
1784 3890 1975 3948 condo-

401 3962 518 4036 len_s_
549 3962 888 4036 etcogrtatus,
918 3973 968 4036 et
988 3964 1209 4036 ﬁrmus,
1227 3964 1290 4017 de
1315 3962 1554 4036 ejus‘ﬁde
1577 3962 1857 4036 numquam
1885 3966 1976 4020 τίεν

403 4031 704 4104 pellamini,‘
735 4033 844 4104 ipse
864 4031 1023 4104 enim
1049 4032 1185 4088 vobis
1213 4050 1277 4086 ex
1311 4031 1564 4104 promissa
1607 4031 1972 4099 benedictione,

400 4101 477 4153 ea:
494 4101 685 4156 semine
710 4101 934 4174 Ain-aha:
959 4103 1142 4174 missus
1169 4111 1245 4156 est
1263 4101 1475 4174 ,utpote
1494 4120 1586 4174 pro
1607 4120 1659 4156 se
1692 4112 1857 4174 etpro
1881 4120 1974 4158 suo

445 4184 594 4310 ei;er
622 4172 852 4242 corporis
891 4172 1203 4242 sacri/icium
1243 4172 1461 4242 offerens
1495 4172 1695 4245 '(Serm.
1737 4172 1789 4238 6,
1830 4189 1972 4233 num.

448 4277 469 4304 ,
587 4278 604 4292 .

448 4277 469 4304 ›
497 4277 604 4304 ινι-

482 4306 586 4380 '_I_'ot
629 4309 949 4380 testimoniis
989 4318 1202 4380 tamque
1246 4311 1542 4367 manifestis
1586 4325 1692 4366 non
1740 4311 1971 4377 cedunt,

447 4377 602 4450 uibus
619 4379 820 4448 placuit
846 4377 1149 4450 Nestorium
1170 4381 1425 4437 adversus
1445 4380 1696 4436 Ecclesiae
1719 4381 1972 4450 judicium

444 4445 726 4514 efendére;
775 4449 868 4504 sed
897 4458 1159 4520 conantur
1185 4450 1411 4520 primum
1452 4445 1734 4520 infirmare
1749 4452 1853 4504 vim
1883 4466 1972 4504 ar-

401 4510 782 4584 gumentorum
821 4533 940 4588 quae
969 4519 1126 4573 modo
1162 4510 1399 4575 adhibita
1438 4528 1581 4575 sunt.
1611 4519 1744 4574 Tum
1776 4521 1971 4588 produ-
2003 4510 2050 4570 D

402 4597 538 4662 cunt
565 4593 726 4642 testes
748 4626 772 4651 ,.
793 4602 1021 4662 quorum
1049 4590 1378 4662 auctoritate
1406 4591 1635 4660 probent
1655 4589 1971 4662 Nestorium

402 4655 583 4724 reip'sa
597 4672 727 4728 ‘pro
754 4657 981 4728 veritate
1009 4659 1222 4712 stetisse
1245 4699 1260 4722 ,
1301 4655 1525 4728 soloque
1560 4659 1723 4714 verbo
1764 4659 1971 4727 lapsum

401 4739 552 4780 esse.
595 4725 835 4794 Denique
879 4726 1128 4781 videntur
1174 4728 1307 4798 sibi
1333 4725 1489 4796 posse
1533 4729 1742 4798 aperire
1796 4725 1975 4796 lapsus

399 4809 623 4849 causam
646 4835 661 4861 ,
710 4810 999 4850 accensum
1025 4812 1215 4865 nempe
1245 4797 1364 4850 ﬁdei
1391 4797 1655 4861 studium,
1685 4807 1740 4852 et
1770 4798 1974 4852 inflaui-

401 4871 610 4917 matum
650 4865 896 4919 ardorem
940 4865 993 4921 in
1022 4865 1428 4935 Apollinaristas
1456 4875 1618 4935 atque
1644 4867 1886 4929 Arianos,
1920 4867 1974 4921 in

400 4946 544 5000 quos
570 4948 688 4987 cum
719 4935 904 4998 nimio,
937 4942 994 4988 ut
1022 4942 1137 4989 erat
1164 4935 1352 4989 solitus
1381 4936 1432 4990 in
1460 4952 1646 4990 omnes
1673 4936 1971 4997 lneretieos,

399 5001 658 5074 abreptus
686 5013 828 5058 esset
852 5011 1010 5068 aestu,
1053 5019 1224 5072 neque
1259 5004 1472 5074 modum
1503 5005 1754 5074 loquendi
1784 5012 1976 5059 tenue-

402 5071 508 5142 rit,
543 5086 715 5142 neque
746 5088 903 5127 voces
933 5081 1135 5127 temere
1165 5073 1404 5142 prolatas
1425 5111 1448 5140 ε
1491 5071 1599 5142 pra:
1646 5075 1975 5142 impatientia

400 5139 714 5206 dedecoris,
739 5143 1009 5212 corrigere
1043 5139 1288 5197 voluerit.
1322 5141 1446 5197 Tria
1473 5139 1588 5198 time
1612 5139 1880 5212 sigillatim
1908 5144 1976 5198 ad

401 5224 631 5263 examen
663 5211 919 5265 vocanda.

399 5320 430 5382 §
455 5319 535 5385 lY.
570 5320 692 5378 Ouid
737 5321 1024 5371 defensores
1064 5322 1278 5372 Nestorii
1322 5325 1618 5383 argumentis
1657 5324 1680 5385 §
1722 5323 1976 5384 superiore

435 5382 656 5430 adductis
672 5384 1014 5445 resiwoudeant,
1032 5391 1082 5434 et
1101 5385 1365 5446 cujustnodi
1385 5382 1483 5433 Sint
1506 5382 1672 5434 eorum
1698 5382 1945 5446 respousa.

475 5481 584 5556 Eos
615 5491 820 5556 tantum
850 5487 1199 5556 convenimus
1227 5486 1318 5554 qui
1369 5483 1524 5540 ﬁdem
1561 5487 1770 5541 concilii
1801 5486 1975 5556 Ephe-

403 5553 505 5608 sini
537 5555 768 5625 retinere
796 5571 853 5610 se
880 5555 1216 5625 profitentur,
1246 5553 1352 5609 non
1377 5556 1500 5625 item
1528 5565 1619 5609 aut
1640 5553 1972 5618 Socinia'nos,

406 5631 507 5696 aut
531 5624 665 5696 alios
693 5623 956 5696 ejusmodi
996 5633 1212 5694 apertos
1240 5623 1583 5696 antichristus
1607 5663 1622 5686 ,
1663 5625 1715 5696 id
1743 5634 1857 5690 est,
1889 5629 1979 5696 qui

405 5693 670 5749 divinitati
689 5694 888 5752 Christi
906 5693 1103 5752 bellqu
1131 5701 1317 5767 aperte
1347 5693 1669 5760 indixerunt,
1696 5693 1840 5751 inter
1863 5693 1980 5756 illos

2071 493 2392 548 tellexerunt
2420 493 2575 548 facile
2607 509 2727 547 eam
2757 509 2815 548 se
2842 493 2978 547 tueri
3006 508 3113 546 non
3143 507 3320 562 posse,
3354 495 3450 547 nisi
3485 512 3642 562 quem

2071 563 2285 620 luci-esis
2325 564 2604 618 absolvere
2648 564 2926 628 nituntur,
2965 578 3074 616 non
3120 562 3280 617 modo
3329 564 3641 630 ignorantia-

2070 639 2338 696 accusent,
2371 635 2466 688 sed
2495 633 2655 688 ctiam
2679 633 3055 688 inconstantia:
3080 632 3458 702 condemnant,
3489 637 3640 702 quasi

2071 703 2386 770 pugnaverit
2424 704 2679 758 adversus
2721 719 2815 758 eos
2860 718 2995 772 quos
3040 717 3163 757 cum
3202 700 3448 757 Patribus
3495 700 3640 771 loqui

2070 772 2332 842 nesciret,
2365 781 2420 827 et
2448 773 2501 827 in
2536 773 2850 842 explicanda
2881 773 3074 826 mentis
3101 786 3210 826 sum
3247 773 3509 826 sententia
3537 775 3639 825 alia

2068 840 2186 912 aliis
2215 843 2542 911 temporibus
2564 840 2722 897 verba
2753 843 3072 908 adhibuerit,
3101 856 3220 911 quae
3248 843 3509 912 ancipites
3539 843 3632 896 lia--

2069 908 2265 982 bcrentr
2282 908 2340 965 et
2362 913 2647 982 perplexos
2675 928 2884 967 sensus.

2139 979 2478 1048 Distingtiuut
2523 982 2684 1048 igitur
2725 983 2859 1034 duas
2906 981 2959 1032 in
2989 980 3369 1034 incarnationis
3392 982 3635 1035 doctrina

2067 1050 2219 1116 quasi
2248 1058 2446 1118 partes,
2480 1050 2636 1104 ﬁdem
2679 1059 2733 1105 et
2763 1049 3186 1117 intelligentiam.
3223 1050 3352 1104 Fide
3379 1053 3633 1113 creditur,

2069 1118 2352 1186 inquiunt,
2402 1119 2546 1188 quod
2586 1118 2828 1174 Christus
2864 1120 2934 1172 sit
2980 1119 3118 1188 Deus
3147 1119 3308 1172 homo
3332 1157 3346 1181 ,
3388 1122 3637 1187 quodque

2066 1197 2272 1241 naturae
2297 1187 2504 1242 dum’iu
2536 1203 2765 1257 persona
2794 1203 2898 1242 una
2921 1227 2936 1252 ,
2978 1187 3158 1257 divino
3197 1188 3429 1254 quodam
3477 1199 3638 1256 atque

2075 1256 2330 1312 ineffabili
2358 1256 2758 1326 modo,’junct:n
2786 1258 2910 1321 sint,
2938 1266 3044 1310 etc.
3074 1256 3426 1323 Intelligentia
3463 1260 3636 1326 perci-

2067 1326 2286 1395 piuntur
2313 1328 2591 1382 subtiliora
2615 1327 2857 1395 quaadam
2880 1326 3209 1396 (etrtsectaria
3241 1327 3380 1389 ﬁdei,
3406 1328 3634 1396 exempli

2067 1397 2236 1462 gratia
2261 1437 2275 1461 ,
2321 1412 2439 1466 quae
2467 1404 2521 1451 et
2549 1404 2748 1465 quanta
2787 1413 2852 1451 ex
2884 1395 3096 1466 uniouis
3131 1395 3292 1450 modo
3309 1395 3634 1466 iuliomatuiu

2067 1465 2478 1520 communicatio
2499 1475 2777 1531 nascatur;
2801 1480 2904 1534 qua
2933 1465 3140 1519 ratione
3168 1480 3285 1532 quae
3308 1465 3400 1518 Dei
3425 1476 3547 1519 sunt
3573 1468 3637 1522 ad

2067 1533 2356 1600 hominem,
2386 1550 2504 1604 qua:
2532 1535 2762 1589 hominis
2785 1533 2851 1587 ad
2872 1534 3040 1588 Deum
3061 1535 3374 1604 pervadant,
3406 1544 3508 1588 etc.

2137 1603 2438 1659 Nestorium
2465 1604 2666 1666 dicunt,
2692 1613 2750 1658 ut
2778 1611 2893 1658 erat
2920 1603 3158 1673 probata:
3186 1603 3254 1673 ad
3283 1604 3636 1657 instituendos

2065 1671 2248 1728 fideles
2276 1675 2551 1739 doctrinm,
2584 1671 3135 1742 perspexisse—procul
3169 1672 3349 1736 dubio,
3379 1683 3634 1740 quantum

2067 1743 2197 1797 satis
2223 1744 2290 1815 ad
2326 1743 2634 1815 obeundum
2680 1744 2945 1815 ofﬁcium,
2994 1757 3113 1812 qua:
3161 1747 3349 1815 nupiw5_
3391 1753 3446 1815 et
3485 1748 3633 1810 quasi

2071 1813 2328 1874 οὐσιωδῶς
2371 1813 2436 1883 ad
2484 1811 2642 1868 ﬁdem
2672 1814 2978 1883 pertinent,
3013 1811 3080 1883 ut
3123 1811 3266 1883 quod
3293 1811 3533 1866 Christus
3570 1816 3635 1867 sit

2073 1897 2209 1936 unus
2248 1883 2344 1936 Dei
2383 1882 2566 1948 Filius,
2601 1881 2840 1952 unusque
2879 1882 3117 1938 omnium
3165 1881 3453 1952 Dominus;
3495 1885 3635 1949 quod

2073 1967 2178 2022 non
2219 1952 2564 2022 dividaturiin
2599 1952 2731 2007 duas
2757 1950 3032 2022 personas,
3068 1966 3166 2022 nec
3193 1950 3337 2022 solus
3365 1953 3433 2005 sit
3462 1968 3557 2020 per
3581 1971 3637 2006 se

2073 2020 2254 2091 homo,
2277 2028 2380 2075 etc.
2400 2019 2532 2091 Sed,
2565 2037 2681 2091 qua:
2702 2019 2945 2075 humana:
2960 2021 3148 2091 mentis
3171 2019 3525 2086 imbecillitas;
3548 2038 3639 2077 ca—

2075 2089 2268 2158 ligasse
2298 2091 2348 2144 in
2389 2089 2508 2144 ﬁdei
2548 2089 2923 2155 censectariis,
2957 2090 3183 2158 ideoque
3227 2091 3566 2146 abhorruisse
3608 2109 3636 2144 a

2075 2159 2344 2213 nonnullis
2382 2159 2602 2214 vocibus
2647 2161 2700 2214 in
2749 2159 2984 2215 Ecclesia
3029 2160 3300 2228 receptis,
3343 2160 3637 2226 cujusmodi

2073 2237 2221 2301 sunt,
2239 2228 2567 2301 pensitatus,
2589 2246 2790 2301 passus,
2813 2231 3063 2301 pontifex,
3088 2227 3512 2301 DeiparaVirgo,
3533 2240 3635 2283 etc.

2145 2298 2359 2353 Addunt
2387 2299 2439 2352 id
2469 2299 2568 2368 ipsi
2589 2298 2883 2368 contigisse
2902 2298 3047 2368 quod
3071 2301 3208 2353 solet
3233 2298 3363 2368 viris
3383 2298 3639 2366 dignitate

2074 2369 2468 2438 pmstantibus,
2491 2367 2600 2436 ’qui
2624 2384 2745 2423 cum
2787 2367 3080 2438 arguuntur
3107 2367 3326 2432 erroris,
3359 2377 3452 2422 aut
3479 2370 3639 2422 etiam

2075 2436 2378 2502 monentur,
2407 2453 2645 2492 errorem
2665 2436 2870 2492 malunt
2890 2436 3173 2492 defendere
3194 2452 3353 2505 quam
3377 2438 3551 2502 fateri,
3574 2455 3640 2494 ne

2073 2506 2408 2576 confessione
2437 2507 2778 2575 dignitatem,
2808 2514 2900 2562 aut
2935 2508 3204 2576 abjiciant,
3237 2516 3328 2561 aut
3363 2516 3511 2562 certe
3538 2510 3640 2562 mi-

2075 2585 2260 2630 nuant.
2291 2575 2347 2630 In
2380 2592 2446 2632 eo
2474 2577 2635 2644 igitur
2658 2578 2807 2631 aiunt
2827 2575 3129 2632 Nestorium
3156 2577 3502 2646 pertinaciter
3527 2595 3640 2647 per.

2074 2647 2307 2712 stitisse,
2359 2647 2412 2700 in
2454 2647 2597 2715 quod
2633 2647 3021 2702 inconsiderate
3069 2647 3356 2712 inciderat;
3408 2647 3639 2715 ideoque

2073 2716 2414 2769 anathemate
2440 2731 2770 2784 percussum,
2801 2716 2885 2771 vel
2923 2732 3019 2784 per
3045 2715 3312 2784 injuriam,
3343 2717 3486 2784 quod
3512 2716 3638 2771 Cal--

2074 2785 2272 2839 viniani
2317 2785 2534 2854 quidatu
2575 2785 2852 2854 effutiunt;
2887 2786 2971 2840 vel
3010 2793 3228 2854 propter
3267 2785 3436 2839 solam
3477 2788 3640 2841 animi

2074 2854 2508 2978 obst‘i‘nptionem,
2531 2853 2674 2924 quod
2696 2853 3056 2925 imprudenter
3078 2853 3355 2910 catholicis
3373 2858 3641 2911 nonnullis

2074 2939 2191 2978 exet
2231 2941 2247 2978 ι
2276 2963 2290 2976 .

2073 2924 2290 2979 excidit.

2146 2993 2316 3066 Hujus
2341 2993 2668 3066 defensionis
2701 2995 2819 3066 duae
2847 3002 2970 3049 sunt
2997 3003 3193 3066 partes.
3227 2993 3404 3050 Prima
3429 2998 3643 3066 proprie

2074 3062 2314 3118 defensio
2333 3070 2434 3134 est,
2459 3064 2628 3118 altera
2656 3064 2835 3134 potius
2858 3062 3151 3119 excuSatio.
3176 3065 3324 3118 lllam
3351 3062 3642 3120 conﬁciunt

2076 3133 2269 3202 partim
2309 3133 2882 3203 testimonio_veterum
2906 3174 2922 3199 ,
2970 3136 3166 3203 partim
3203 3135 3440 3200 ratione;
3485 3135 3640 3188 istam

2077 3201 2176 3276 sibi
2201 3202 2345 3276 credi
2368 3202 2573 3276 volunt.
2603 3201 2757 3258 Prior
2776 3201 3090 3259 discutietur
3109 3211 3376 3272 sequente
3391 3204 3440 3276 ἐ,
3464 3215 3643 3274 poste--

2076 3273 2188 3327 rior
2215 3272 2268 3326 in
2288 3273 2555 3340 praesenti.

2145 3341 2490 3412 Aiuntigitur
2515 3341 2814 3412 Nestorium
2841 3357 3091 3412 peccasse
3111 3341 3327 3411 quidem
3355 3353 3542 3398 contra
3575 3345 3644 3397 le-

2075 3425 2168 3480 ges
2196 3411 2522 3477 amatam;
2545 3412 2638 3466 sed
2672 3411 2725 3465 id
2759 3411 2974 3466 minime
3007 3413 3223 3468 obstare
3249 3414 3534 3480 quominus
3560 3429 3643 3467 rc-

2076 3491 2217 3537 ctam
2253 3483 2578 3549 ceteroquin
2605 3481 2761 3536 ﬁdem
2801 3490 3009 3538 teneret
3041 3499 3052 3534 :
3086 3482 3225 3536 idem
3265 3483 3408 3536 enim
3448 3483 3644 3537 accidit

2075 3551 2390 3617 quibusdam
2417 3548 2698 3613 Patribus,
2748 3565 2884 3617 quos
2914 3559 3088 3604 tamen
3135 3550 3372 3605 Ecclesia
3415 3555 3544 3607 colit
3585 3563 3642 3605 ut

2077 3619 2197 3671 fidei
2226 3620 2525 3686 magistros,
2549 3626 2603 3671 ct
2625 3618 2728 3671 illis
2755 3621 3048 3686 pnesertim
3076 3621 3167 3686 qui
3195 3620 3249 3672 in
3279 3623 3518 3676 terminis
3544 3623 3642 3675 ab-

2075 3687 2287 3757 stractis
2325 3686 3102 3757 communionetnidiomatum
3140 3687 3468 3757 admiserunt
3488 3732 3501 3754 ,
3533 3706 3644 3757 quo

2075 3755 2208 3810 nihil
2225 3762 2327 3827 est
2349 3754 2737 3809 intolerabilius
2765 3755 2817 3808 in
2855 3755 2953 3827 hac
2989 3755 3310 3827 quaestione,
3335 3773 3454 3812 cum
3481 3754 3642 3827 aper-

2077 3831 2189 3894 tam
2222 3824 2418 3894 indicet
2462 3831 2774 3877 naturarum
2811 3824 3197 3894 confusionem.
3239 3824 3373 3879 Cum
3409 3824 3536 3894 ergo
3567 3827 3642 3880 illi

2075 3893 2221 3964 salva
2261 3892 2366 3964 fide
2404 3907 2630 3964 peccare
2659 3893 2931 3964 potuerint
2973 3908 3069 3964 per
3103 3908 3380 3964 excessum
3403 3935 3419 3960 ,
3459 3892 3644 3964 quidni

2074 3963 2275 4089 parite;-
2292 3960 2438 4019 salva
2466 3960 2570 4017 ﬁde
2588 3960 2685 4035 per
2702 3961 2968 4018 defectum
2977 3960 3262 4018 Nestorius
3289 3960 3497 4020 dicatur
3517 3982 3642 4036 pec-

2075 4048 2226 4089 casse

2075 4048 2226 4091 casse

2144 4103 2340 4159 Verum
2370 4118 2433 4159 ea
2460 4102 2576 4173 ipsa
2601 4102 2870 4158 distinctio
2897 4117 3018 4171 quae
3049 4102 3331 4173 adhibetur
3349 4119 3378 4157 a
3401 4105 3649 4173 patronis

2075 4173 2325 4242 Nestorii,
2351 4172 2583 4242 ostendit
2604 4187 2701 4242 per
2720 4187 2778 4227 se
2797 4173 2926 4227 satis
2943 4172 3212 4242 quomodo
3236 4189 3342 4230 non
3360 4172 3430 4228 sit
3455 4175 3648 4229 eadem.

2075 4241 2292 4297 Patrum
2320 4256 2439 4310 quin
2468 4241 2696 4310 NestOrii
2719 4257 2898 4296 causa.

2145 4312 2299 4375 Nam,
2319 4309 2512 4380 primo,
2543 4309 2758 4365 Patrum
2780 4311 3014 4380 opinioni
3039 4327 3146 4367 non
3172 4321 3289 4368 erat
3307 4328 3648 4381 consequens.

2074 4389 2134 4437 ut
2159 4381 2435 4454 tolleretur
2455 4387 2766 4435 naturarum
2786 4381 2913 4436 unio
2934 4382 3038 4454 πεᾳσ
3057 4385 3356 4454 ὑπόστασιν,
3372 4384 3466 4454 qui
3479 4384 3644 4439 cardo—

2075 4449 2386 4520 qutestionis
2402 4464 2782 4520 ;_eonsequens
2801 4459 2916 4520 erat
2942 4451 3292 4508 Nestor-ianua.

2143 4519 2382 4590 Deinde,
2414 4518 2632 4590 Patrum
2668 4519 2808 4574 dicta
2855 4518 3008 4576 facile
3049 4531 3271 4590 possunt
3306 4521 3373 4576 ad
3421 4521 3638 4575 modum

2074 4588 2326 4658 loquendi
2352 4588 2579 4655 benigna
2619 4588 3063 4658 interpretatione
3097 4591 3367 4652 revocari,
3398 4591 3642 4644 detracto

2075 4657 2282 4713 scilicet
2311 4657 2454 4728 quod
2477 4657 2710 4712 abundat
2741 4657 2890 4713 {non
2921 4667 3170 4728 poterant
3199 4659 3390 4728 idpati
3410 4659 3648 4728 Nestorii.

2074 4744 2256 4791 voces,
2285 4727 2546 4795 siquidem
2583 4742 2649 4781 eo
2678 4728 2858 4782 addito
2887 4727 3030 4796 quod
3057 4728 3213 4792 desit,
3248 4727 3359 4796 jam
3387 4743 3451 4782 ea
3489 4727 3642 4781 fateri

2076 4804 2323 4867 oporteat
2365 4811 2484 4864 qua:
2525 4795 2804 4851 Nestorius
2849 4795 2988 4852 ferre
3023 4813 3082 4852 se
3111 4813 3218 4852 non
3251 4795 3427 4853 valere
3465 4797 3644 4866 palam

2074 4867 2344 4938 professus
2365 4873 2497 4938 erat.

2149 4934 2364 4998 Postea,
2407 4933 2460 4988 id
2498 4933 2767 4989 addebant
2804 4935 3012 5000 Patres,
3056 4950 3164 5003 quo
3197 4949 3389 4990 vocum
3429 4935 3640 4989 licentia

2079 5014 2438 5068 coerceretur,
2469 5005 2748 5073 anathema
2774 5005 2976 5061 scilicet
3010 5005 3292 5066 haereticis,
3329 5005 3641 5073 quibuscum

2079 5075 2280 5128 sentire
2318 5072 2501 5143 videri
2527 5081 2768 5140 possent,
2808 5083 2863 5128 ct
2902 5075 2952 5128 in
2999 5089 3061 5130 ea
3099 5076 3314 5142 quidem
3349 5072 3511 5143 parte
3538 5091 3644 5143 qua

2080 5143 2296 5198 ltmresis
2324 5141 2581 5203 οὐσιωδῶς
2609 5143 2987 5198 contineretur.
3021 5141 3218 5198 Contra
3241 5141 3522 5199 Nestorius
3545 5141 3649 5200 5.1-.

2076 5212 2334 5281 jungebat
2379 5208 2507 5281 nihil
2547 5225 2654 5278 quo
2681 5213 2876 5265 erroris
2904 5214 3132 5281 suspicio
3171 5214 3517 5280 minueretur,
3551 5215 3643 5269 sed

2081 5279 2188 5354 quo
2217 5281 2394 5354 potius
2423 5279 2741 5354 firmaretur,
2773 5289 2933 5354 atque
2971 5279 3130 5336 etiam
3173 5298 3314 5354 saepe
3340 5293 3638 5354 augeretur.

2087 5348 2270 5417 Neque
2293 5349 2444 5403 enim
2485 5348 2768 5417 lliBl‘CllCifS,
2798 5348 3110 5418 quibuscum
3154 5348 3352 5406 sentire
3391 5348 3644 5407 credeba-

2085 5419 2422 5491 _tur,_diccbat
2451 5418 2732 5491 anathema
2745 5421 2809 5491 in
2838 5435 2900 5491 ea
2931 5433 3080 5489 parte
3100 5437 3203 5488 qua
3233 5437 3367 5491 opus
3390 5428 3525 5491 erat,
3550 5422 3644 5474 sed

2085 5489 2135 5541 in
2165 5489 2264 5540 alia
2295 5503 2414 5556 quae
2453 5504 2558 5540 non
2586 5488 2838 5542 veniebat
2864 5490 2914 5542 in
2935 5488 3314 5557 quaestionem.
3348 5490 3488 5543 Istud
3521 5505 3644 5542 vero

2082 5558 2206 5629 quid
2233 5566 2348 5629 crat
2377 5557 2700 5629 aliuquuam
2722 5561 3125 5613 consensionem
3150 5563 3321 5628 rcipsa
3349 5559 3538 5613 fateri?

2154 5627 2289 5693 Quid
2317 5626 2461 5695 quod
2511 5625 2693 5680 Patres
2733 5638 2968 5698 apertam
3015 5629 3130 5682 aliis
3160 5625 3377 5684 ἰιιΊυίιὶδ
3417 5645 3513 5698 pro
3546 5629 3643 5684 fide

2083 5699 2407 5754 sententiam
2447 5699 2716 5767 dixerant;
2761 5699 2921 5754 inuno
2965 5699 3050 5752 ubi
3093 5700 3246 5754 venia
3293 5713 3449 5769 egere
3495 5699 3642 5754 credi
