4022 6182
468 350 596 407 110ιῖ

1109 338 1120 346 ’
1175 351 1266 404 an
1308 350 1586 404 PARTEM
1629 349 2004 407 succussu

2167 348 2608 404 MERCATORIS
2645 347 2798 402 APPI
2825 344 3009 400 NDlX.

3603 354 3732 406 1108

463 471 720 534 possent,
757 475 918 534 voces
944 461 1137 514 ibidem
1173 461 1513 530 protulerunt
1535 462 1730 534 quibus
1759 463 2040 534 sincerita-
2075 468 2118 522 Α
2153 460 2259 524 ξγ.
2298 460 2420 520 Quid
2442 459 2877 534 aferant‘lffstorii
2905 457 3214 534 defensores,
3237 464 3305 534 ut
3345 460 3502 520 uisum
3527 464 3732 524 probeat

464 531 571 590 tem
596 532 715 585 lidei
744 547 853 586 sua:
877 531 1326 595 demonstrarent,
1353 541 1408 584 ut
1429 531 1571 600 quod
1598 531 1860 585 Divinitas
1881 548 2035 602 passa

463 605 532 658 sit
556 617 736 668 carne,
768 609 873 657 etc.
907 601 1180 656 Nestorius
1208 611 1490 671 postquam
1515 601 1678 655 semel
1701 601 1934 670 prodidit
1962 605 2038 658 la-

464 682 581 727 tens
611 674 664 726 in
701 674 880 726 animo
908 673 1082 735 virus,
1114 672 1242 726 nihil
1272 672 1449 725 attulit
1478 687 1584 725 non
1615 680 2037 727 consentaneum

464 744 654 806 errori,
679 742 809 797 nihil
840 759 945 796 non
974 743 1269 798 colimrens.

533 813 710 883 Aliqui
751 812 965 866 tandem
1004 811 1221 865 Patrum
1253 811 1332 866 usi
1361 818 1487 864 sunt
1525 809 1756 866 Nestorii
1784 813 2034 878 vocibus,

462 889 752 958 συναφείας,
765 883 1075 958 animi“.
1086 885 1402 958 ἐνοικήσεως,
1419 883 1692 958 Θεοφόρομυ,
1709 890 1835 948 etc.;
1852 883 2034 958 immo,

463 907 530 941 συ
625 907 752 947 ηας,
765 907 1075 954 αναληψεως,
1091 907 1402 944 εναικησεως,
1419 907 1692 958 υεοφορου,
1709 907 1835 948 mu,
1852 907 2034 948 lllllllU,

463 907 621 1024 qum
659 954 864 1008 notavit
911 952 1165 1024 Leontius
1189 993 1205 1016 ,
1253 954 1547 1006 sententias
1595 954 1774 1020 plures
1822 953 2038 1007 easdem

465 1023 750 1088 dixerunt,
798 1038 899 1078 nec
929 1023 1126 1076 idcirco
1153 1030 1333 1076 tamen
1366 1023 1418 1075 in
1448 1023 1808 1090 suspicionem
1839 1025 2039 1077 erroris

467 1101 724 1150 venerunt
741 1093 1398 1166 ;7partimhqnianondum
1423 1093 1943 1166 _qua:stioni_s_islatus
1977 1093 2040 1146 li-

465 1166 728 1219 bertatem
764 1162 1258 1232 laquendi'legibus
1285 1162 1438 1230 quasi
1471 1163 1852 1230 temporalibus
1880 1178 2037 1216 coer-

465 1243 683 1298 cuerat;
723 1235 916 1303 partim
951 1232 1093 1301 quod
1135 1233 1414 1287 Nestorius
1439 1232 1675 1300 singulas
1702 1233 1894 1303 quibus
1923 1243 2040 1288 ute-

466 1312 613 1360 retur
658 1302 821 1358 voices
861 1304 1098 1357 studiose
1139 1303 1536 1372 conquisierat,
1563 1317 1654 1372 Aex
1700 1302 1829 1370 ipsis
1877 1304 2036 1357 etiam

466 1375 776 1444 Scr'pturis,
807 1388 924 1442 qua:
955 1374 1005 1444 in
1036 1369 1310 1444 oppositus
1339 1387 1526 1426 sensus
1555 1369 1691 1425 ﬂecti
1714 1369 1880 1444 facile
1914 1389 2039 1442 pos-

465 1442 603 1508 sent,
628 1445 693 1498 ad
721 1443 958 1497 fraudem
981 1442 1298 1506 faciendam,
1332 1457 1543 1510 unaque
1572 1443 1760 1496 vocula
1792 1458 1820 1496 e
1849 1444 2037 1498 catho-

466 1516 580 1571 licis
609 1516 660 1568 in
691 1514 968 1568 luereticas
1013 1521 1353 1568 verterentur
1387 1530 1398 1563 :
1447 1519 1503 1566 ut
1547 1519 1677 1580 puta
1716 1512 2040 1566 incarnatio-

467 1601 586 1639 nem
625 1584 760 1639 dixit
805 1585 1070 1648 ἐνοίκησιν,
1115 1583 1364 1636 dixerunt
1410 1588 1464 1636 et
1492 1582 1782 1648 catholici;
1813 1583 1907 1636 sed
1951 1584 2040 1639 ille

463 1655 630 1710 solam
655 1695 670 1713 ,
717 1653 801 1707 isti
845 1669 949 1708 non
978 1653 1168 1707 solam.
1199 1650 1470 1706 Christum
1512 1653 1724 1706 vocavit
1767 1653 2038 1708 hominem

464 1727 723 1800 ρεοφᾴρον,
767 1725 1078 1800 vocavit__et
1109 1722 1371 1800 Basilius;
1418 1721 1510 1776 sed
1551 1722 1825 1800 _Ncst_o_r_in_s
1871 1723 2038 1800 [leum

462 1791 865 1921 zimul'tnatura
925 1793 1124 1849 addere
1172 1793 1373 1859 noluit,
1431 1791 1574 1862 quod
1627 1792 1830 1846 addidit
1883 1792 2036 1849 Basi-

506 1882 586 1921 us.
616 1880 645 1920 e
672 1881 722 1919 c.

487 1865 586 1929 ius,
616 1873 722 1920 etc.

531 1934 766 1997 Verum,
812 1942 870 1988 ut
916 1933 1276 1990 excusationis
1321 1930 1721 1985 fundamentum
1775 1940 2033 2001 eruatur,

461 2005 845 2077 pervidendum
875 2004 1138 2077 curiosius
1169 2018 1237 2058 an
1267 2017 1372 2056 non
1402 2002 1712 2077 ἀντιδόσεως
1733 2002 1877 2077 leges
1906 2003 2038 2059 Nes-

461 2072 632 2146 iorius
671 2075 932 2146 spreverit
961 2075 1140 2144 potius
1187 2087 1346 2146 quam
1389 2073 1661 2146 nescierit.
1694 2072 1864 2146 Ipsius
1882 2085 2036 2146 certe

461 2142 1012 2212 interluit'sprevisse,
1040 2159 1148 2212 quo
1171 2143 1492 2198 talumniam
1525 2142 1681 2211 vulgo
1709 2144 2037 2211 probabilio-

460 2231 574 2271 rem
600 2211 876 2271 catholicis
903 2211 1100 2269 faceret
1131 2231 1143 2266 :
1175 2229 1296 2269 cum
1327 2213 1467 2267 enim
1495 2212 1624 2282 ipsis
1650 2211 1780 2267 vitio
1800 2223 2036 2270 verteret

460 2286 613 2353 quasi
661 2286 902 2341 dicerent
940 2284 1282 2339 Divinitatem
1325 2283 1616 2338 secundum
1661 2298 1718 2338 se
1752 2291 1933 2337 natam
1967 2301 2034 2342 ex

460 2355 696 2424 Virgine,
726 2370 939 2425 passam
967 2355 1018 2409 in
1045 2369 1228 2425 carne,
1248 2353 1565 2425 insepultam
1596 2353 1818 2425 tumulo,
1851 2361 1905 2425 et
1931 2356 2032 2411 alia

461 2423 744 2495 ejusmodi,
768 2440 863 2480 eos
881 2424 1249 2480 consensionis
1270 2438 1391 2477 cum
1409 2423 1536 2477 Ario
1557 2431 1719 2495 atque
1741 2424 2034 2492 Apollinari

459 2493 527 2551 eo
572 2495 882 2552 credibilius
917 2495 1228 2556 accusabat,
1278 2507 1442 2561 seque
1488 2493 1808 2548 catholicum
1853 2506 2035 2552 osten-

459 2566 652 2631 debat,
680 2565 824 2635 quod
863 2574 1048 2620 contra
1069 2563 1372 2635 luereticos
1394 2577 1652 2632 pugnare,
1685 2571 1740 2635 et
1767 2564 1834 2618 ab
1861 2564 2031 2620 htere-

460 2631 894 2691 ﬁcorum—sociis
941 2634 1194 2690 invidiam
1237 2631 1522 2689 conﬂatam
1573 2634 1837 2688 sustinere
1883 2636 2031 2691 vide-

458 2715 627 2761 retur.

529 2775 782 2832 Potuitne
832 2777 1016 2840 homo,
1059 2782 1239 2830 mente
1264 2789 1371 2828 non
1412 2772 1733 2837 tardissima,
1777 2773 2032 2832 docendis

457 2847 671 2916 populis
725 2847 1043 2916 prtcpositus
1071 2884 1088 2910 ,
1147 2843 1643 2916 concertationibus
1668 2913 1676 2916 _
1706 2846 2031 2902 exercitatus

457 2912 918 2984 frequentissimis,
949 2917 1000 2969 in
1038 2915 1261 2969 lectione
1301 2912 1542 2984 Patrum,
1577 2922 1636 2966 ut
1664 2913 1888 2982 ipsemet
1911 2917 2028 2983 jac-

459 2987 634 3049 tabat,
666 2987 1078 3048 versutissimus,
1118 2985 1326 3040 nescire
1354 2984 1480 3052 quid
1509 2983 1564 3052 in
1605 2984 1921 3052 quaestione,
1963 2985 2030 3041 de

457 3071 562 3124 qua
601 3056 783 3110 dicere
822 3056 1180 3110 necessarium
1210 3051 1573 3124 smpe’l'uerit,
1621 3051 1852 3122 partium
1887 3066 2030 3110 esset

457 3127 677 3195 opinio?
707 3125 958 3181 Potuitne
994 3127 1243 3194 ignorare
1279 3126 1400 3194 quis
1429 3132 1572 3178 esset
1613 3132 1782 3178 status
1811 3135 2025 3180 contro-

2481 525 2639 583 reipsa
2660 520 2804 570 ﬁdem
2827 527 3012 568 rectam
3030 528 3253 569 secutum
3280 534 3408 571 esse.

2217 605 2334 660 Jam
2363 620 2495 659 vero
2522 612 2580 658 ut
2606 602 2916 658 defensores
2945 603 3018 657 illi
3051 603 3282 672 probent
3310 603 3614 662 Nestorium
3651 626 3731 666 m-

2145 685 2286 731 ctam
2313 674 2471 729 ﬁdem
2488 682 2733 728 secutum
2751 688 2892 738 esse,
2909 674 3212 745 testimonia
3235 675 3542 745 sexedunt,
3569 679 3729 745 clara,

2142 753 2200 800 ut
2229 747 2358 815 ipsis
2394 745 2620 818 quidem
2661 745 2878 818 videtur
2899 743 3287 818 ,_minimeque
3319 744 3503 800 dubia.
3536 747 3602 801 Et
3634 743 3732 818 pri;

2140 813 2286 870 mum
2316 813 2530 884 quidem
2562 814 2794 869 Nestorii
2845 813 3168 884 ipsius,non
3203 823 3408 868 tantum
3437 813 3646 871 rectam
3675 821 3730 870 ﬁ-

2139 886 2260 940 dem
2283 883 2554 954 espressis
2576 885 2885 953 apertisque
2900 883 3081 954 verbis
3107 884 3427 954 proﬁtentis,
3451 887 3544 940 sed
3570 889 3728 942 etiam

2145 953 2471 1010 calumniam
2502 955 2602 1008 sibi
2633 955 2735 1008 hac
2759 955 2811 1008 in
2838 961 2991 1022 parte
3021 953 3136 1007 ﬁeri
3165 957 3461 1022 querentis.
3491 955 3728 1012 Alterum

2139 1025 2363 1080 Joannis
2393 1025 2746 1088 Antioclieni,
2776 1024 2873 1078 viri
2905 1039 2934 1077 a
2967 1024 3168 1078 sanctis
3195 1022 3443 1080 Patribus
3477 1041 3585 1081 non
3613 1029 3726 1082 lan-

2140 1096 2248 1149 dati
2281 1102 2489 1148 tantum
2534 1102 2756 1163 propter
2783 1094 3126 1163 sanctitatem
3155 1095 3277 1148 vita:
3300 1135 3315 1159 ,
3355 1096 3450 1150 sed
3486 1097 3649 1151 etiam
3676 1101 3727 1152 in

2141 1165 2266 1234 ﬁdei
2316 1173 2511 1234 testem
2535 1162 2788 1218 adducti.
2834 1162 3074 1234 Tertium
3098 1202 3115 1226 ,
3156 1165 3532 1234 episcoporum
3567 1171 3725 1224 totius

2139 1233 2253 1289 fere
2302 1232 2536 1288 Orientis
2560 1273 2574 1298 ,
2607 1249 2744 1301 quos
2790 1234 2931 1288 inter
2959 1233 3172 1302 plurimi
3191 1232 3511 1290 sanctitatis
3550 1246 3608 1290 et
3632 1240 3723 1292 do-

2139 1305 2325 1359 ctrina:
2355 1305 2492 1374 [ama
2521 1304 2746 1359 nobiles.
2778 1303 3415 1374 QuartumrTheodoreti.
3456 1321 3617 1374 quem
3647 1309 3723 1362 ϐίη

2140 1374 2319 1428 vinum
2361 1373 2616 1438 Photius,
2667 1374 2864 1442 aliique
2893 1370 3064 1428 Grzeci
3094 1375 3393 1429 nominant.
3425 1370 3680 1442 Quintum
3703 1421 3717 1443 ,

2139 1443 2377 1499 Socratis
2419 1444 2691 1514 historici,
2719 1459 2805 1498 res
2831 1452 3382 1514 suorum_temporum
3419 1448 3718 1505 scribentis.

2142 1514 2632 1586 Sextum,l)niodori
2652 1513 2931 1586 Tarsensis
2959 1511 3310 1586 etAfI‘lieodori
3341 1515 3721 1586 ansuesteni,

2139 1599 2275 1652 quos
2303 1584 2453 1637 multi
2485 1581 2673 1638 Patres
2713 1583 2862 1637 miris
2888 1581 3133 1636 laudibus
3179 1586 3342 1638 etiam
3376 1581 3535 1649 ﬁdei,
3573 1581 3720 1641 εχιυέ

2140 1654 2336 1720 lerunt,
2365 1668 2486 1708 cum
2513 1653 2702 1708 eadem
2731 1652 3079 1708 nihilominus
3103 1663 3265 1723 atque
3292 1653 3570 1710 Nestorius
3587 1658 3721 1712 dice-

2141 1732 2280 1779 rent.

2212 1793 2302 1850 Sic
2331 1795 2492 1864 igitur
2515 1794 2591 1849 illi
2615 1803 3077 1863 argumentantur.
3101 1792 3236 1848 Cum
3269 1793 3402 1850 ﬁdes
3424 1796 3720 1852 orthodoxa

2068 1830 2113 1890 Β
2212 1830 2302 1876 lg]?
2331 1830 2480 1864 Ιδιιυι
2516 1830 2591 1849 IIII
2615 1830 3077 1876 “IBUIIIPIIOGIIUUIO
3102 1830 3236 1877 U011]
3271 1830 3402 1850 ιιυινο
3424 1830 3474 1850 ul
3492 1830 3718 1852 quwlhldl

2142 1863 2254 1938 hac
2268 1882 2320 1938 1n
2350 1874 2524 1938 parte,
2554 1865 2639 1919 vel
2654 1879 2915 1938 _omnmo,
2951 1866 3298 1938 vel‘toaxime
3335 1874 3568 1938 quatuor
3598 1883 3718 1938 pro-

2177 1934 2496 1991 ositionibus
2523 1934 2883 2000 contineatur,
2912 1935 3057 2005 quod
3085 1934 3328 1990 Christus
3351 1934 3459 1990 non
3489 1937 3559 1990 sit
3579 1934 3721 1992 solus

2177 2020 2334 2072 omo;
2361 2005 2504 2074 quod
2530 2020 2672 2074 unus
2696 2005 2914 2070 existat,
2946 2005 2999 2060 id
3021 2013 3122 2070 est,
3148 2020 3323 2074 neque
3345 2005 3453 2059 duo
3472 2007 3580 2060 sint
3611 2006 3719 2069 ﬁlii,

2138 2088 2314 2143 neque
2339 2073 2448 2130 duo
2475 2073 2697 2139 domini,
2730 2085 2823 2128 aut
2853 2074 3088 2140 Christi;
3133 2073 3278 2144 quod
3307 2083 3516 2130 natura:
3556 2079 3722 2131 antire

2138 2144 2193 2216 in
2239 2160 2401 2216 unam
2429 2145 2592 2200 Verbi
2643 2145 2977 2216 hypostasim
3014 2145 3410 2216 convenerint;
3465 2155 3523 2200 et
3580 2147 3719 2216 quod

2095 2248 2098 2252 ~
2136 2213 2297 2285 beata
2317 2214 2479 2284 Virgo
2501 2213 2986 2285 dicatur’Deipara.
3012 2215 3287 2270 Nestorius
3316 2230 3386 2269 ne
3415 2231 3575 2269 unam
3600 2213 3723 2284 'qui~

2135 2284 2258 2409 gem
2283 2293 2492 2367 partem
2521 2285 2765 2340 absolute
2786 2284 3021 2355 negavit,
3047 2285 3283 2355 singulas
3308 2286 3579 2355 expressis
3602 2303 3720 2341 ver-

2173 2370 2220 2408 IS
2239 2364 2485 2409 asseruit.

2173 2357 2220 2408 is
2239 2357 2485 2411 asseruit.

2207 2423 2739 2496 Primamimanifeste
2766 2440 3015 2480 sermone
3035 2425 3067 2479 7
3097 2423 3289 2496 (Nam.
3313 2425 3404 2494 25)
3433 2443 3447 2478 :
3478 2423 3600 2479 Non
3625 2442 3720 2478 nu-

2135 2495 2234 2550 dus
2253 2496 2405 2550 homo
2430 2495 2682 2560 Christus,
2727 2512 2756 2548 o
2786 2495 3160 2561 calumniator;
3189 2496 3279 2548 sed
3305 2496 3455 2550 homo
3491 2498 3642 2549 simul
3671 2507 3722 2548 et

2134 2565 2295 2620 Deus.
2329 2567 2390 2622 Si
2419 2576 2588 2619 autem
2618 2565 2756 2618 Deus
2782 2567 3128 2618 tantummodo
3156 2567 3428 2635 existeret,
3459 2567 3720 2635 oportebat

2133 2651 2268 2699 eum,
2300 2636 2579 2706 secundum
2601 2635 2951 2706 Apollinarem
2978 2635 3146 2688 dicere
3177 2652 3194 2688 :
3228 2633 3368 2698 Quid
3390 2652 3470 2688 me
3493 2633 3720 2706 quarritis

2134 2706 2365 2760 occidere
2387 2705 2570 2776 Deum,
2601 2706 2686 2776 qui
2715 2705 2853 2758 robis
2882 2706 3141 2759 veritatem
3159 2707 3367 2776 locutus
3389 2705 3538 2758 sum?
3567 2705 3718 2758 Nunc

2133 2785 2303 2848 autem
2327 2778 2483 2848 dicit:
2517 2774 2652 2838 Quid
2672 2792 2752 2829 me
2771 2776 3002 2848 qureritis
3024 2774 3528 2848 occidere/tominem
3549 2777 3718 2848 isnon,

2133 2847 2216 2915 qui
2248 2847 2410 2916 spinis
2451 2854 2724 2916 coronatus
2759 2844 2872 2898 est?
2902 2846 3055 2898 istum
3083 2846 3168 2916 qui
3209 2844 3339 2900 dixit
3370 2861 3390 2916 ξ
3418 2844 3555 2899 Deus
3585 2846 3720 2899 Deus

2132 2915 2292 2987 meus,
2318 2933 2475 2987 quare
2501 2933 2581 2968 me
2610 2915 2965 2986 dereliquisti?
2990 2915 3145 2968 istum
3173 2916 3256 2986 qui
3289 2915 3582 2968 triduanum
3601 2933 3716 2969 sus-

2133 2986 2284 3038 tinuit
2304 2986 2539 3046 mortem,
2573 2993 2674 3038 etc.

2203 3054 2463 3110 Sermone
2495 3054 2561 3107 12
2595 3061 2610 3124 (
2637 3053 2796 3108 Num.
2841 3053 2896 3123 2)
2925 3072 2936 3107 :
2974 3053 3038 3108 In
3067 3065 3276 3125 stupore
3303 3065 3564 3107 remaneat
3590 3054 3718 3106 den-

2133 3126 2256 3178 tiant
2280 3126 2476 3179 Paulus
2500 3123 2900 3196 Santosatenus,
2921 3126 3006 3196 qui
3027 3123 3172 3180 nobis
3201 3123 3516 3178 Dominicam
3539 3126 3721 3196 huma-

456 3194 644 3274 ycrsim
686 3212 784 3274 per
815 3211 986 3274 annos
1029 3198 1139 3251 fere
1164 3197 1245 3274 bis
1286 3203 1499 3274 centum
1536 3195 2025 3274 agitaue?_5\n_non
2057 3204 2100 3266 ρ
2132 3197 2346 3274 nitatem
2368 3197 2562 3274 nudnm
2582 3213 2614 3274 (ξ
2642 3194 2848 3274 Deitate
2868 3194 3073 3257 delirat,
3105 3197 3192 3266 qui
3203 3196 3387 3259 solam,
3411 3204 3594 3274 praeter
3621 3194 3720 3246 Di-

457 3263 786 3334 intelligebat
812 3267 896 3320 vir
933 3283 998 3321 ex
1047 3267 1254 3321 erudita
1285 3264 1741 3334 Antioclienorum
1789 3263 2027 3320 Ecclesia

457 3336 511 3388 in
557 3331 718 3403 regite
748 3335 894 3390 urbis
932 3337 1181 3390 thronum
1229 3334 1485 3386 doctrina:
1528 3331 1666 3386 fama
1713 3335 2030 3401 subvectus,

455 3405 584 3472 quid
620 3406 1009 3460 contendentes
1037 3419 1200 3472 super
1227 3403 1320 3456 lite
1359 3403 1809 3457 contestatissima
1853 3414 2034 3473 partes

456 3475 754 3529 sentirent?
802 3473 1130 3543 Fugiebatne
1180 3479 1524 3543 tractatorem
1552 3481 1881 3543 veteranum
1926 3490 2031 3543 qua

455 3559 681 3612 qumque
719 3559 846 3614 pars
888 3540 1008 3598 arte
1036 3542 1331 3614 declinaret
1360 3540 1734 3614 pbjectioucs,
1776 3540 2033 3614 suamque

455 3609 777 3668 sententiain
803 3614 1135 3684 exponeret?
1155 3612 1296 3684 Nihil
1319 3609 1575 3684 aﬂerebat
1592 3613 1736 3684 quod
1757 3630 1862 3667 non
1886 3609 2032 3684 prius

455 3631 777 3668 sententiam
803 3631 869 3668 ex
911 3631 1100 3668 oneret
1118 3631 1135 3666 ι
1155 3631 1296 3666 ivmu
1319 3631 1575 3665 allel'euat
1595 3631 1736 3679 quoa
1757 3631 1862 3667 non
1886 3631 2030 3684 prius

455 3684 838 3754 Samosatenus
868 3631 1120 3754 Dionysio
1161 3681 1522 3754 Alesandrino
1553 3682 1866 3754 objecisset;
1901 3687 2030 3740 nihil

454 3753 598 3822 quod
629 3753 911 3824 Dionysius
935 3751 1231 3824 Pa'tresque
1253 3751 1581 3824 Autiocheni
1599 3769 1704 3806 non
1723 3753 2030 3824 diluissem,

453 3821 698 3894 exposita
729 3821 832 3894 {ide
857 3824 926 3878 de
953 3823 1314 3894 pugnantibus
1356 3821 1408 3875 in
1439 3822 1672 3891 speciem
1711 3822 1908 3879 Christi
1950 3821 2030 3879 at?

453 3892 685 3965 grihutis.
719 3893 871 3948 Nulla
891 3892 1038 3950 certe
1066 3892 1364 3965 aditibebat
1377 3900 1705 3965 argumenta,
1732 3894 1832 3946 nisi
1861 3911 1978 3965 qua:
1998 3913 2029 3951 a

455 3963 686 4019 Photino
713 3975 1032 4034 sumpserat,
1061 3963 1155 4018 sed
1182 3961 1453 4034 Theodori
1478 3970 1592 4034 arte
1621 3961 1882 4032 exposita.

524 4034 662 4100 Quid
695 4031 884 4104 plura?
912 4033 1105 4090 Fuitne
1134 4031 1269 4087 adeo
1295 4047 1447 4088 mens
1474 4033 1639 4101 ipsius
1664 4031 1874 4104 emota,
1908 4051 2027 4091 cum

453 4103 728 4159 evomeret
766 4104 1057 4174 impietatis
1083 4104 1227 4158 virus
1250 4142 1267 4167 ,
1295 4110 1354 4156 ut
1379 4117 1592 4174 eorum
1627 4103 2032 4160 oblivisceretur

453 4188 573 4242 quae
599 4174 745 4244 prius
774 4171 999 4244 noverat
1025 4174 1094 4229 de
1121 4171 1499 4244 communione
1528 4172 1858 4244 idiomatum,
1885 4189 2030 4243 qure-

454 4259 560 4313 que
588 4242 832 4299 tradebat
861 4243 915 4297 in
951 4243 1210 4313 Ecclesia,
1243 4258 1366 4299 cum
1395 4243 1570 4312 palam
1611 4242 1678 4313 de
1704 4242 1916 4297 Christo
1946 4246 2027 4302 di-

455 4311 603 4367 ceret
633 4313 825 4382 (Serm.
851 4313 906 4383 9)
943 4331 955 4366 :
988 4312 1242 4384 Magnum
1275 4311 1405 4367 sane
1429 4314 1558 4384 tanti
1591 4311 1712 4366 doni
1733 4330 2031 4369 sacramen-

456 4392 594 4447 tum;
617 4384 700 4436 hic
727 4385 865 4437 enim
891 4385 975 4455 qui
999 4383 1199 4438 uidetur
1219 4385 1416 4506 infans,
1449 4383 1530 4436 hic
1549 4384 1635 4454 qui
1658 4400 1832 4437 recens
1861 4401 2028 4454 appa-

456 4461 554 4506 ret.
580 4453 663 4504 hic
690 4454 776 4506 aui
809 4455 982 4506 fasciis
1011 4455 1266 4506 corporali
1301 4471 1361 4506 us
1386 4462 1514 4506 eaet.
1543 4455 1622 4506 hic
1643 4455 1726 4506 aui
1751 4455 2028 4506 secundum

453 4453 663 4524 ret,h_ic
690 4454 776 4524 qui
806 4453 982 4524 fasciis
1011 4453 1361 4524 corporalibus
1386 4462 1514 4524 eget,
1543 4453 1622 4506 hic
1643 4455 1726 4524 qui
1751 4453 2028 4509 secundum

455 4521 1004 4578 risibilem'ess'entiam
1038 4521 1266 4577 recenter
1297 4533 1373 4576 est
1401 4521 1565 4578 editus
1584 4562 1598 4588 ,
1643 4521 1691 4575 F
1694 4525 1814 4578 ilius
1843 4535 1938 4590 est,
1975 4535 2029 4578 ut

456 4592 737 4668 §cripturo
765 4593 938 4657 docet.
971 4601 1222 4668 tolerans,
1253 4591 1424 4668 [filius
1454 4581 1805 4668 nnivérsomm
1835 4581 2028 4668 opifex,
2060 4581 2111 4640 Β

453 4661 504 4714 Γ
506 4661 625 4717 ilius
653 4665 738 4734 qui
767 4680 875 4719 sua:
903 4666 1014 4734 opis
1047 4665 1238 4734 fasciis
1266 4662 1612 4734 dissolubilcm
1649 4661 1898 4719 creatura:
1923 4661 2031 4719 ’καέ-

454 4741 625 4787 turam
645 4731 904 4805 astringit.
935 4731 1131 4805 'Infans
1158 4733 1296 4805 enim
1323 4731 1467 4805 _I_)cu_s
1489 4741 1561 4784 est
1593 4750 1700 4805 sua:
1729 4738 2027 4805 potestatis;

454 4811 653 4857 tantum
683 4800 841 4876 abest,
873 4800 1026 4868 Arie,
1056 4812 1112 4856 ut
1136 4802 1286 4876 Deus
1323 4800 1554 4876 Verbum
1571 4804 1637 4855 sit
1676 4800 1767 4856 sub
1802 4804 1903 4876 Dei
1933 4800 2026 4876 po-

456 4883 654 4928 testate.
687 4871 939 4930 Nouimus
969 4890 1090 4943 ergo
1125 4872 1497 4925 humanitatem
1537 4873 1754 4942 infantis
1788 4892 1846 4926 ac
1878 4871 2026 4930 Diri~

451 4944 696 5008 nitatem;
723 4945 994 5015 ﬁliationis
1027 4944 1279 5015 unitntem
1308 4957 1572 5015 servamus
1594 4945 1647 4996 in
1679 4944 1898 4998 Deitatis
1929 4947 2024 4998 Im-

454 5011 821 5086 manitatisque
871 5024 1076 5086 natura.
1129 5011 1245 5068 Hoc
1269 5041 1271 5043 ι
1299 5021 1468 5064 autem
1525 5013 1638 5086 dico
1667 5024 1740 5086 _ut
1788 5018 2026 5071 noveritis

452 5083 1038 5164 quam_wperexceUens
1065 5092 1113 5136 et
1153 5099 1350 5164 summa
1392 5083 1626 5164 quazdam
1655 5083 1878 5164 Bait-(Itis
1898 5103 2030 5164 con-

447 5154 650 5226 junctio
677 5154 948 5218 existebat,
971 5155 1124 5207 etiam
1152 5155 1206 5207 in
1236 5154 1437 5226 infante
1457 5154 1586 5223 ipso,
1611 5171 1724 5226 cum
1755 5154 2029 5210 Dominica

453 5223 586 5295 Eat-or
617 5227 1028 5295 conspiceretur;
1067 5232 1180 5277 erat
1207 5224 1342 5276 enim
1386 5223 1512 5294 ipse,
1545 5232 1595 5276 et
1636 5225 1840 5295 infans,
1872 5236 1920 5278 et
1949 5227 2029 5279 in-

453 5294 616 5365 fantis
643 5292 802 5364 ipsius
834 5292 1101 5348 Dominus.

522 5363 758 5436 Noverat
781 5378 926 5436 sane
954 5371 1130 5436 rectas
1157 5363 1406 5436 loquendi
1439 5363 1656 5426 formas,
1695 5375 1819 5420 ante
1842 5365 2028 5436 prodi-

449 5441 561 5505 tam
603 5433 877 5500 haeresim;
919 5433 1012 5488 sed
1060 5449 1182 5488 cum
1230 5434 1332 5488 illa:
1376 5443 1689 5501 argumenta
1738 5433 2029 5505 sophistica

450 5503 732 5570 eliderent,
763 5505 957 5573 quibus
985 5505 1114 5560 solis
1142 5505 1410 5567 utebatur,
1441 5519 1657 5560 servare
1688 5503 1828 5574 ipsas
1858 5507 2029 5560 noluit

450 5575 593 5629 inter
620 5575 1030 5645 impugnandam
1063 5575 1218 5629 ﬁdem
1267 5589 1485 5643 :neque
1532 5575 1584 5629 id
1630 5576 1824 5629 mirum
1850 5618 1864 5642 ,
1906 5592 2029 5630 cum

453 5659 615 5720 nemo
640 5645 904 5720 ea__vid_cri
933 5645 1061 5700 velit
1093 5645 1230 5706 scire
1259 5659 1376 5720 qum
1404 5645 1516 5704 suis
1544 5645 1704 5702 rebus
1733 5647 2032 5702 incommo-

452 5714 582 5775 dare
602 5715 867 5788 intelligit.

2133 3266 2418 3329 vinitatem,
2469 3265 2730 3337 fabulatur
2777 3266 2938 3337 hanc,
2969 3281 3080 3335 qua:
3109 3265 3308 3335 semper
3340 3265 3606 3337 conjunctn
3636 3275 3718 3316 est

2133 3344 2283 3405 atque
2305 3333 2558 3400 connexa,
2591 3335 2901 3405 qua:_eadem
2929 3333 2990 3388 ac
3017 3333 3398 3405 pariter'potest
3423 3350 3534 3404 qua:
3556 3333 3717 3388 Deus.

2133 3401 2359 3458 Donavit
2391 3407 2528 3459 enim
2567 3401 2645 3460 illi
2692 3403 2833 3458 Deus
2877 3401 3062 3459 nomen
3101 3401 3241 3477 quod
3272 3416 3349 3458 est
3387 3401 3537 3474 super
3572 3422 3722 3458 omne

2133 3489 2337 3528 nomen.

2204 3544 2440 3598 Alteram
2489 3561 2595 3599 non
2645 3545 2820 3600 minus
2848 3545 3011 3606 clare,
3045 3559 3294 3599 sermone
3321 3542 3356 3596 2
3387 3541 3674 3613 (Num.5)
3701 3561 3716 3600 :

2135 3611 2347 3689 Divisio
2363 3632 2473 3689 non
2506 3625 2582 3689 est
2601 3658 2614 3675 ,
2662 3632 2828 3689 neque
2851 3617 3253 3689 conjunctionis,
3269 3611 3440 3689 neque
3461 3615 3716 3689 potentia.

2131 3701 2293 3757 neque
2313 3686 2603 3754 ﬁliationis,
2627 3682 2788 3757 neqne
2809 3682 2961 3756 hujus
2993 3685 3128 3757 quod
3155 3695 3229 3757 est
3257 3682 3512 3757 Christus.
3539 3683 3603 3757 In
3629 3684 3724 3757 his

2133 3753 2319 3809 divisio
2344 3772 2447 3808 non
2478 3765 2584 3819 est;
2613 3757 2667 3808 in
2706 3753 2913 3809 Deilaie
2946 3753 3060 3808 vero
3098 3765 3147 3808 et
3185 3755 3504 3808 humanitate
3539 3754 3719 3806 divisio

2132 3835 2226 3878 est.
2275 3824 2528 3899 Christus,
2578 3825 2858 3880 secundum
2898 3825 3032 3899 quod
3065 3823 3720 3899 est_Christus,__indirisns

2131 3904 2240 3959 est;
2262 3905 2312 3948 et
2338 3893 2526 3957 Filius,
2551 3899 2828 3949 secundum
2850 3893 2986 3959 quod
3024 3905 3102 3948 est
3131 3893 3320 3957 Filius,
3353 3893 3599 3947 indiuisus
3620 3904 3714 3947 est.

2133 3963 2255 4017 Non
2277 3966 2412 4018 enim
2433 3965 2675 4018 habemus
2699 3966 2827 4018 duos
2849 3963 3096 4029 Christos,
3122 3965 3198 4020 rel
3219 3965 3346 4017 duos
3371 3964 3541 4033 filios;
3564 3980 3722 4033 neque

2130 4044 2207 4087 est
2235 4035 2372 4105 apud
2406 4052 2498 4089 nos
2527 4037 2722 4105 primus
2753 4033 2984 4089 Christus
3023 4044 3073 4088 et
3107 4035 3392 4098 secundus;
3416 4051 3574 4105 neque
3593 4035 3724 4105 alter

2131 4113 2180 4175 et
2213 4103 2382 4166 alter;
2417 4103 2578 4175 neque
2611 4106 2796 4158 iterum
2831 4106 2961 4158 alter
2981 4106 3142 4175 filius,
3190 4115 3239 4157 et
3284 4106 3467 4175 iterum
3497 4104 3627 4156 alter
3659 4104 3726 4175 ﬁs

2132 4173 2270 4227 lius:
2311 4175 2400 4228 sed
2446 4173 2581 4228 idem
2618 4176 2728 4245 ipse
2769 4187 2844 4229 est
2893 4173 3114 4246 duplex,
3155 4191 3259 4229 non
3307 4173 3590 4246 dignitate,
3629 4174 3722 4226 sed

2130 4254 2336 4298 natura.

2203 4314 2464 4369 Sermone
2494 4313 2553 4366 11
2585 4315 2603 4384 (
2622 4312 2868 4386 Νωηξᾳ1,
2913 4313 2965 4380 2,
2999 4314 3062 4383 5)
3091 4333 3102 4366 :
3138 4313 3390 4386 Magnum
3413 4331 3562 4386 sane
3590 4316 3722 4386 tanti

2134 4382 2257 4466 doni
2295 4382 2673 4438 sacramentum
2692 4385 2722 4466 !_
2743 4383 2852 4466 Ollic
2881 4387 3016 4466 enim
3037 4387 3130 4466 qui
3164 4382 3612 4466 rideturuinfans,
3638 4384 3722 4466 hic

2133 4457 2217 4526 qui
2239 4469 2414 4508 recens
2433 4463 2681 4526 apparet,
2702 4455 2783 4526 hic
2812 4456 2896 4526 qui
2919 4453 3094 4525 fasciis
3117 4453 3471 4526 corporalibus
3489 4464 3618 4526 eget,
3640 4453 3722 4505 hic

2169 4525 2219 4577 ui
2249 4523 2529 4579 secundum
2567 4523 2832 4579 visibilem
2861 4523 3134 4579 essentiam
3173 4523 3401 4578 recenter
3422 4533 3500 4576 est
3523 4523 3720 4585 editus,

2167 4593 2304 4648 l‘ilius
2334 4605 2429 4660 est,
2460 4602 2516 4647 ut
2545 4593 2818 4665 S_criptura
2852 4596 3014 4661 docet,
3041 4605 3291 4658 internus;
3322 4593 3495 4665 Filius
3522 4595 3724 4665 univer-

2136 4681 2307 4719 sorum
2330 4666 2524 4735 apifex,
2560 4662 2731 4718 Filius
2757 4666 2844 4736 qui
2871 4682 2991 4736 suto
3016 4670 3125 4735 opis
3165 4665 3344 4736 fasciis
3362 4662 3723 4736 ilissolubilem

2133 4733 2383 4788 creatura:
2411 4733 2650 4788 naturam
2681 4733 2939 4806 astringit.
2969 4733 3493 4806 InfanscninLDeus
3514 4743 3591 4806 est
3616 4748 3727 4806 sua:

2132 4806 2397 4875 potestatis
2431 4820 2447 4856 :
2478 4812 2674 4875 tantum
2697 4803 3019 4870 abest,'Arie,
3039 4803 3110 4858 'ut
3133 4804 3272 4858 Deus
3302 4804 3523 4858 Verbum
3546 4805 3611 4856 sit
3632 4803 3727 4857 sub

2133 4873 2230 4945 Dei
2263 4883 2527 4944 potestate.
2575 4873 2825 4929 Nouimus
2851 4891 2970 4945 ergo
3001 4876 3370 4928 humanitatem
3403 4875 3626 4945 infantis
3667 4891 3727 4925 ac

2133 4941 2502 5006 Divinitatem;
2533 4945 2806 5014 ﬁliatiouis
2835 4941 3088 5014 unitatem
3127 4960 3384 4998 servamus
3416 4941 3475 4997 in
3502 4941 3726 4996 Deitatis

2136 5013 2570 5086 humanitatisque
2613 5024 2821 5086 natura.
2869 5013 2986 5069 Hoc
3023 5024 3189 5068 autem
3221 5015 3445 5086 _dico_ut
3484 5015 3727 5086 noceritis

2136 5083 2730 5166 quam_supe're.rlcellens-
2766 5093 2815 5138 et
2847 5102 3052 5166 summa
3081 5083 3314 5166 quadam
3346 5084 3565 5166 Deitgtis
3593 5099 3733 5165 ron-

2129 5151 2333 5225 junctio
2360 5151 2633 5226 existebat,
2663 5157 2817 5212 etiam
2840 5157 2892 5210 in
2916 5151 3119 5226 infante
3149 5156 3424 5226 ipso,rcum
3449 5151 3730 5226 Dominica

2135 5224 2258 5278 caro
2279 5225 2684 5295 conspiceretur;
2707 5236 2818 5281 erat
2839 5224 3119 5295 enim’ipse,
3141 5235 3191 5277 et
3218 5225 3419 5295 infans,
3441 5233 3488 5275 et
3509 5224 3734 5292 infantis

2133 5296 2297 5365 ipsius
2320 5294 2588 5365 Dominus.

2211 5364 2470 5436 Sermone
2500 5363 2568 5416 1‘2
2599 5381 2610 5416 :
2636 5363 2793 5436 AUnus
2814 5363 3005 5430 Filius,
3029 5364 3164 5436 quod
3191 5363 3386 5436 uisibile
3405 5371 3502 5426 est,
3525 5362 3739 5436 etquod

2135 5435 2422 5505 invisibile;
2447 5451 2578 5488 unus
2622 5433 2886 5505 Christus,
2921 5445 2971 5487 et
3010 5433 3106 5505 iste
3140 5435 3225 5505 qui
3259 5436 3440 5505 utitur,
3475 5443 3525 5505 et
3551 5433 3737 5505 idhquo

2137 5508 2317 5558 utitur.
2346 5504 2568 5558 Natura:
2617 5499 2877 5574 duplices,
2905 5504 2995 5558 sed
3042 5499 3210 5558 Filius
3245 5504 3552 5575 singularis.
3595 5499 3739 5564 Quid

2137 5591 2422 5629 sermonem
2452 5576 2504 5627 in
2534 5575 2844 5628 calumniam
2866 5575 3054 5629 uocas?

2212 5643 2447 5699 Tertiam
2477 5644 2755 5698 catholica:
2801 5643 2923 5699 ﬁdei
2955 5652 3166 5714 partem
3211 5658 3486 5714 exponere
3522 5642 3742 5714 videtur

2224 5661 2447 5699 lernam
2477 5661 2755 5698 catnoncaa
2801 5661 2923 5699 naei
2999 5661 3166 5699 artem
3211 5661 3486 5714 exponere
3522 5661 3738 5696 videtur

2141 5730 2250 5769 non
2305 5714 2550 5775 obscure,
2592 5714 2910 5784 inrepistola
2943 5661 2996 5767 ἑ)
3014 5714 3081 5768 ad
3109 5711 3588 5784 Cyrillum(Num.
3624 5710 3695 5784 Si)
3726 5729 3738 5761 :

2149 5784 2217 5842 Ut
2255 5785 2542 5838 nominibus
2563 5781 2862 5854 quibusdam
2891 5781 3365 5854 utriusqueuatura?
3385 5781 3742 5838 contmunibu
