4022 6182
352 323 490 378 H09

1183 317 1486 379 DISSERT.
1518 319 1562 376 1.
1602 317 1692 375 DE
1733 315 2007 376 IIERESI
2045 317 2132 374 ET
2175 316 2392 374 LIBRIS
2431 317 2760 372 NFSTURII.

3476 325 3610 376 ΗΜ

346 449 397 492 et
436 433 831 507 significationis
869 432 1081 507 positis,
1123 449 1282 502 neque
1315 451 1377 487 ea
1420 451 1537 504 qua:
1585 434 1930 506 generationis
1961 438 2003 492 Α
2032 435 2254 507 quietem
2281 449 2695 507 communemque
2722 433 2858 490 orbis
2879 451 3053 504 pacem
3087 427 3364 491 admitttit?
3394 435 3462 491 Et
3495 453 3610 492 rur-

351 502 546 560 Filii'et
575 502 940 558 dominationis
970 502 1300 568 dissecentur,
1325 502 1484 570 neque
1501 523 1561 558 ea
1585 502 1698 572 qua:
1718 513 1934 556 natura-

348 586 602 658 ruin_suttt
629 575 868 658 propria;
881 575 935 626 in
959 573 1320 658 singulqritate
1359 576 1640 629 nativitatis
1669 572 1796 628 Filii
1823 572 1933 626 ulla

346 643 668 712 confusionis
693 643 970 698 abolitione
995 643 1363 712 periclitentur.

465 716 657 786 pistola
697 713 732 766 2
769 713 866 786 ad_
886 711 1144 786 sanctum
1166 712 1526 786 Caelestinum
1566 712 1764 786 (Nam.
1786 711 1878 786 β)
1911 730 1926 764 :

351 781 549 841 Multus
585 787 742 839 etiam
777 781 924 838 nobis
955 782 1104 836 labor
1123 782 1205 836 hic
1228 783 1529 847 ce.ebratur,
1554 781 1674 837 dum
1694 783 1930 837 elabora-

343 874 458 911 mus
485 871 661 909 eruere
671 853 1088 924 sordidissimam
1098 853 1658 924 impietatem‘pessimce
1671 853 1929 924 opinionis

344 926 656 996 Apollinarii
675 933 723 978 et
743 925 852 996 Arii
878 923 942 977 de
963 921 1200 996 Ecclesia
1221 921 1338 996 Dei.
1353 921 1555 996 escio
1576 921 1731 996 enim,
1755 938 1928 992 quem-

342 993 625 1050 admodum
680 994 887 1064 quidam
905 1033 921 1059 ,
961 993 1026 1046 de
1077 993 1755 1064 ecclesiasticisiquamdam
1798 1008 1929 1064 con-

343 1062 727 1134 temperationis
755 1065 1030 1134 imaginem
1050 1077 1114 1116 ea:
1133 1063 1341 1116 Deitate
1367 1072 1416 1116 et
1432 1062 1762 1134 humanitate
1793 1062 1925 1118 Uni-

377 1131 502 1190 eniti
537 1131 895 1206 concipientes,
936 1141 1186 1206 cegrotent
1223 1131 1527 1206 agritudine
1563 1134 1922 1206 prwdictorum

377 1153 502 1190 enm
537 1153 895 1206 εοηοιριεηιεε,
936 1153 1186 1203 tegrownt
1223 1153 1527 1203 (PgﬂlualM
1563 1153 1922 1203 prceatcwrum

341 1153 716 1269 Xareticorum,
748 1205 869 1259 dum
895 1211 945 1256 et
964 1204 1192 1271 corporis
1229 1203 1494 1273 passiones
1523 1202 1713 1256 audent
1740 1219 1924 1273 super-

343 1277 560 1344 fundere
585 1273 779 1328 Deitati
816 1273 1097 1344 Unigeniti,
1117 1282 1167 1325 et
1204 1271 1671 1344 inmutabilitatem
1701 1271 1924 1326 Deitatis

339 1343 412 1398 ad
430 1355 668 1399 naturam
688 1343 1206 1415 corporistransiisse
1233 1343 1551 1415 confingunt,
1573 1351 1623 1396 et
1655 1352 1925 1410 utramque

337 1426 584 1470 naturam
623 1415 757 1484 (qua:
779 1413 991 1485 propter
1032 1413 1724 1485 corjiutctionem_suinmain
1753 1423 1803 1466 et
1837 1415 1923 1466 in-

338 1488 608 1557 confusam
634 1481 688 1538 in
708 1481 813 1557 una
845 1481 1069 1557 persona
1103 1481 1364 1557 nigeniti
1395 1481 1674 1553 adoratur)
1697 1493 1924 1537 contem-

337 1552 618 1623 perationis
640 1552 980 1608 mutabilitate
1003 1552 1348 1621 confundunt.

413 1626 561 1696 Apud
590 1623 1056 1696 Cyrillutn‘ipsum
1088 1619 1133 1696 (ξ
1155 1630 1292 1690 part.
1335 1634 1490 1696 conc:
1525 1619 1718 1696 Ephes.
1755 1639 1800 1675 c.
1834 1621 1919 1690 4),

335 1689 476 1750 libro
505 1696 572 1750 de
602 1689 764 1748 Recta
782 1689 996 1748 Fide'ad
1025 1689 1254 1758 reginas,
1279 1705 1397 1759 cap.
1431 1690 1496 1742 l2
1520 1709 1532 1744 :
1557 1689 1808 1745 Caeterum
1829 1689 1923 1746 no-

335 1781 454 1819 men
484 1770 599 1828 hoc,
617 1763 872 1827 Christus,
902 1760 1111 1826 quidam
1138 1761 1306 1830 nescio
1325 1775 1425 1830 quo
1448 1761 1598 1816 modo
1619 1760 1716 1815 Dei
1745 1761 1922 1816 Patris

348 1833 512 1888 Verbo
526 1835 681 1888 etiam
697 1848 926 1886 seorsum
945 1847 1006 1882 ac
1020 1847 1111 1899 per
1131 1845 1203 1892 se,
1228 1829 1321 1882 hoc
1339 1829 1438 1895 est,
1460 1840 1516 1884 ut
1541 1840 1689 1884 extra
1716 1848 1920 1886 carnem

333 1906 561 1974 positum
580 1911 746 1956 mente
761 1901 1061 1974 concipitur,
1085 1900 1348 1974 convenire
1374 1909 1610 1954 asserunt
1628 1917 1646 1966 ;
1666 1917 1922 1974 mortem

329 1968 393 2027 in
420 1974 566 2027 illum
605 1988 800 2041 quoque
835 1968 1070 2024 similiter
1097 1968 1228 2022 illud
1266 1981 1551 2041 competere
1586 1971 1918 2036 contendunt,

329 2047 502 2112 quies:
521 2040 674 2096 sacra
703 2041 912 2112 Virgine
942 2049 1095 2112 natus
1118 2047 1224 2112 est,
1249 2047 1400 2112 prout
1419 2040 1501 2092 hic
1528 2057 1724 2109 quoque
1751 2058 1846 2112 per,
1868 2061 1924 2098 se

329 2107 619 2183 neparatim
645 2107 920 2183 subsistere
939 2107 1322 2183 consideratur.
1360 2107 1648 2183 Postremo:
1676 2107 1923 2166 ainbobus

327 2179 493 2238 simul
519 2181 730 2252 perinde
761 2198 823 2252 ac
859 2181 950 2232 uni
973 2195 1252 2252 congruere
1281 2179 1508 2252 tradunt,
1541 2181 1742 2235 ratione
1771 2183 1924 2237 nimi-

325 2268 451 2306 rum
477 2248 871 2324 conjunctionis,
895 2258 950 2302 ut
970 2248 1080 2321 ipsi
1096 2248 1390 2319 loquuntur,
1413 2251 1468 2302 in
1488 2267 1644 2304 unam
1662 2252 1780 2306 illos
1801 2270 1921 2324 per-

324 2336 516 2377 sonam
545 2321 857 2377 cblliaantis.

404 2390 462 2445 In
478 2387 705 2460 epistola
727 2390 796 2444 ad
811 2387 1174 2462 Alexandrum
1196 2387 1651 2458 Hierapolitanum
1671 2390 1688 2462 (
1696 2391 1760 2445 In
1772 2409 1915 2447 conc.

327 2477 368 2514 ν
389 2456 708 2526 ωεαήιεηὶσ.,
737 2461 912 2514 collat.
933 2458 988 2526 6)
1014 2475 1027 2511 :
1056 2456 1493 2529 Oportetmdnere
1514 2456 1726 2514 naturas
1747 2463 1800 2514 in
1814 2465 1920 2517 suis

329 2531 752 2602 proprietatibus,
781 2538 831 2584 et
860 2531 953 2594 sic,
977 2545 1068 2597 per
1079 2527 1364 2602 mirabilem
1385 2539 1433 2582 et
1447 2548 1646 2602 omnem
1669 2533 1920 2586 rationem

326 2599 657 2670 excedentem
677 2602 1118 2670 unitatem,unam
1145 2599 1363 2670 in_t_elligi
1403 2601 1642 2670 gloriam,
1678 2609 1730 2654 et
1762 2619 1918 2656 unum

328 2671 568 2740 conﬁteri
588 2669 804 2725 Filium.
829 2669 896 2723 Et
917 2669 1109 2741 iterum
1137 2686 1148 2720 :
1176 2667 1298 2722 Non
1315 2667 1458 2741 duas
1483 2687 1734 2741 personas
1763 2689 1919 2726 unum

329 2756 603 2811 personam
630 2743 868 2812 facimus,
901 2739 991 2812 sed
1028 2754 1132 2792 una
1179 2739 1524 2809 appellatione
1569 2740 1760 2795 Christi
1789 2742 1919 2797 duas

329 2819 551 2880 naturas
577 2811 732 2866 simul
759 2811 1128 2880 signiﬁcamus.

401 2879 663 2952 Sermone
681 2879 914 2952 quodam
944 2879 1278 2952 innotninato
1299 2880 1438 2952 apud
1458 2879 1714 2952 Cyrillum
1738 2880 1918 2952 (Lib.v

328 2947 626 3022 Centrum),
672 2947 723 3005 in
753 2965 860 3020 quo
891 2949 1158 3022 inducitur
1193 2947 1439 3022 Christus
1486 2947 1710 3020 loquens
1735 2947 1755 3005 ε’
1791 2953 1917 3008 Cum

327 3019 788 3092 sim‘Dei'forma,
840 3021 971 3073 servi
1011 3021 1232 3092 formam
1279 3021 1456 3086 indui;
1495 3019 1609 3075 cum
1638 3024 1736 3076 sim
1776 3022 1916 3078 Deus

342 3089 683 3159 Verbum,'in
729 3106 885 3144 carne
919 3091 1238 3159 conspicior;
1285 3107 1399 3144 cum
1435 3093 1780 3148 universitatis
1817 3096 1914 3148 sim

2032 518 2148 556 sum
2160 523 2181 578 _:
2195 505 2370 578 Multi,
2385 515 2440 557 ut
2446 506 2701 578 intelligo,
2715 522 2818 560 non
2836 507 2921 575 inf
2919 517 3183 578 requenter
3199 524 3262 560 ex
3281 516 3327 561 te
3341 508 3611 560 audierunt

2032 574 2169 648 quod
2186 577 2350 645 ipsam
2374 576 2538 629 solam
2564 574 2762 648 vocem,
2788 574 3050 646 nonpiam
3066 595 3270 648 quoque
3293 579 3453 647 ipsius
3474 581 3608 632 vocis

2029 645 2288 717 notionem
2315 648 2590 717 averseris;
2612 647 2657 700 si
2693 649 2777 714 qui
2806 663 2924 700 vero
2951 645 3239 702 celebrioris
3268 645 3423 717 fama:
3449 649 3611 701 eccle-

2028 713 2226 787 siastici
2247 724 2482 770 auctores
2513 715 2600 769 tibi
2623 713 2830 787 fuerint,
2849 726 2922 782 ut,
2947 717 3056 787 ipso
3077 713 3277 787 quoque
3289 718 3497 771 nomine
3515 719 3611 770 ad-

2028 784 2207 862 misso,
2231 801 2437 862 sacram
2465 784 2712 857 virginem
2741 784 2974 840 Mariam
2999 784 3272 858 Deiparam
3294 787 3539 858 appelles,
3564 797 3612 841 te

2033 853 2174 925 istud
2193 856 2487 925 neutiquam
2516 853 2864 910 recusaturum
2893 874 3022 911 esse.

2098 921 2194 977 Est
2212 921 2388 995 autem
2409 925 2660 978 antistitis
2681 925 2819 978 illius
2833 927 3190 980 testimonium
3208 935 3358 981 tanto
3373 927 3605 995 gravius,

2026 1001 2229 1059 quanto
2257 993 2378 1048 lidei
2407 995 2720 1048 orthodoxa:
2745 995 3000 1050 scientior
3031 998 3240 1050 habitus
3267 993 3553 1058 estfetiam
3579 1014 3610 1050 τι

1968 1069 1976 1077 ·
2027 1063 2248 1134 summis
2268 1064 2626 1132 pontiticibns,
2651 1065 2813 1117 etiam
2830 1081 2949 1119 cum
2973 1065 3039 1119 de
3073 1065 3175 1121 ﬁde
3195 1075 3461 1134 ageretur.

2105 1130 2594 1204 Sunia—antistitem
2635 1143 2818 1188 secuta
2845 1143 2927 1188 est
2964 1135 3067 1189 hac
3103 1137 3154 1189 in
3183 1130 3338 1204 parte
3365 1136 3608 1190 dimcesis

2028 1210 2138 1258 tota
2160 1201 2421 1266 Orientis,
2447 1218 2566 1271 qua:
2596 1219 2718 1258 cum
2746 1205 3016 1273 episcopis
3055 1201 3374 1270 abundaret,
3412 1207 3609 1259 sancti-

2025 1282 2136 1328 tate
2163 1273 2366 1342 pariter
2386 1281 2547 1340 atque
2567 1273 2808 1344 doctrina
2835 1275 3229 1344 prmstantibus,
3257 1274 3487 1328 Nestorii
3525 1284 3608 1328 ta-

2025 1357 2148 1398 men
2163 1357 2378 1398 causam
2404 1343 2657 1411 suscepit,
2677 1357 2774 1397 nec
2799 1343 2867 1397 ab
2884 1344 3049 1412 ipsius
3061 1345 3348 1407 sententia,
3369 1345 3413 1397 si
3434 1344 3609 1399 Theo-

2024 1414 2271 1468 doretum
2300 1412 2561 1483 audimus,
2589 1413 2812 1467 recessit
2833 1429 3106 1483 umquam,
3128 1414 3229 1468 nisi
3250 1416 3413 1468 verbo
3435 1422 3606 1477 tenus,

2026 1483 2274 1553 molliens
2290 1482 2506 1553 scilicet
2533 1483 2778 1553 duriores
2805 1482 3034 1538 NestOrii
3055 1499 3236 1547 voces,
3262 1499 3450 1553 eaque,
3472 1486 3610 1538 inter

2026 1551 2398 1624 explicandum
2418 1552 2803 1624 lncarnationis
2821 1554 3154 1624 mysterium,
3180 1551 3370 1607 vocum
3394 1569 3608 1609 meone-

2024 1622 2131 1677 mia
2167 1632 2322 1677 utens
2344 1664 2358 1687 ,
2400 1638 2562 1692 quam
2609 1622 2698 1677 ille
2732 1637 2845 1746 Era:
2880 1622 3003 1677 sola
3052 1624 3301 1693 superbia
3340 1625 3609 1691 animique

2024 1693 2360 1746 contumacia
2403 1699 2704 1746 resnuerat.
2778 1708 2865 1746 um
2893 1693 3052 1746 igitur
3077 1694 3310 1746 Orientis
3349 1694 3603 1746 svnodus.

2023 1693 2360 1748 contumacia
2403 1693 2865 1764 respuegatdcum
2893 1693 3052 1762 igitur
3077 1694 3310 1748 Orientis
3349 1694 3603 1764 synodus,

2024 1771 2244 1886 prolpter
2282 1763 2569 1844 iucundam
2585 1763 2959 1844 .Eeclesiarum
2987 1779 3174 1844 pacem
3195 1804 3211 1829 ,
3246 1763 3608 1818 consensisset

2024 1848 2078 1886 ιη
2153 1834 2340 1886 estorii
2367 1833 2783 1886 abdicationem.
2815 1833 3113 1886 svnodmue
3137 1834 3352 1886 nomine
3371 1832 3606 1886 Joannes

2024 1832 2078 1886 in
2107 1832 2340 1888 Nestorii
2367 1833 2783 1897 abdicationem,
2815 1832 3113 1902 synodique
3137 1834 3352 1888 nomine
3371 1832 3606 1888 Joannes

2024 1903 2354 1984 scripsisset,
2378 1919 2509 1984 non__
2532 1902 2725 1984 solum.
2747 1903 3140 1984 confessionem
3182 1902 3383 1984 Cyrillo
3400 1945 3415 1970 ,
3443 1918 3605 1984 guam

2025 1971 2115 2026 ille
2135 1971 2656 2044 irreprebensjbilem
2674 1973 2827 2039 dixit,
2845 1973 2939 2044 sed
2960 1975 3122 2029 etiam
3141 1971 3421 2044 epistolam
3445 1971 3608 2043 impe-

2025 1988 2115 2026 nte
2135 1988 2656 2096 Irregrenensmnem
2674 1988 2827 2039 amt,
2845 1988 2939 2028 seu
2960 1988 3122 2029 etiam
3141 1988 3421 2044 epussotatn
3445 1989 3605 2043 tmpe-

2024 2043 2210 2114 ratori,
2270 2057 2437 2114 equa
2451 2042 2823 2098 Theodoretus
2853 2043 3055 2114 (Epist.
3087 2043 3123 2097 2
3162 2045 3231 2098 ad
3250 2044 3605 2098 Alexandrum

2025 2110 2366 2185 _Hierapo_l.):
2399 2113 2780 2185 Cognoviquod
2805 2115 2850 2166 is
2863 2110 2955 2184 qui
2985 2113 3122 2167 hanc
3140 2115 3348 2185 scripsit
3383 2114 3606 2183 (episto-

2024 2180 2129 2235 lam
2159 2180 2226 2237 ad
2255 2180 2677 2254 imperatorem),
2705 2180 2926 2252 idipsuin
2955 2186 3199 2249 sentiens,
3230 2180 3502 2254 indiscrete
3526 2194 3608 2237 at-

2021 2267 2119 2321 que
2155 2254 2342 2325 iniquae
2365 2252 2643 2325 damnavit
2673 2268 2788 2325 eum
2818 2254 2902 2325 qui
2912 2253 3053 2325 _nihil
3089 2265 3277 2325 praeter
3316 2253 3603 2325 doctrinam

2021 2337 2206 2376 sanam
2230 2321 2368 2395 novit
2391 2321 2589 2395 aliquid
2608 2330 2658 2395 et_
2678 2321 2865 2395 docuit.
2875 2394 2880 2395 γ
2899 2322 3007 2378 Sed
3034 2321 3491 2395 anathematismus
3518 2325 3603 2376 in-

2021 2402 2206 2464 sertus,
2233 2392 2349 2464 licet
2374 2392 2586 2464 idoneus
2614 2393 2700 2457 sit,
2726 2393 2945 2462 amplius
2974 2409 3125 2464 quam
3153 2408 3427 2447 consensus
3448 2393 3606 2464 edam-

2023 2463 2269 2524 nationis,
2287 2463 2398 2533 ejus
2426 2461 2631 2516 turbare
2657 2461 2915 2526 lectorem,
2947 2461 3116 2517 tamen
3148 2465 3270 2532 quia
3308 2479 3411 2516 non
3438 2462 3604 2515 indis-

2020 2541 2174 2604 crete,
2206 2534 2295 2587 sed
2315 2533 2404 2586 sub
2433 2533 2656 2604 quadam
2689 2533 3094 2604 consideratione
3121 2535 3315 2604 positus
3341 2543 3435 2595 est,
3460 2533 3602 2586 sola-

2023 2602 2148 2672 tium
2202 2602 2474 2672 prtestitit';
2523 2618 2635 2672 nec_
2660 2604 2796 2656 enim
2850 2603 2983 2655 dixit
3038 2620 3050 2654 :
3100 2602 3604 2660 Anathematizcmtus

2022 2670 2309 2744 doctrinam
2330 2675 2460 2744 ejus,
2484 2673 2578 2727 sed
2602 2670 2943 2744 Qucecumque
2963 2673 3112 2727 aliter
3141 2673 3290 2738 dixit,
3313 2682 3402 2726 aut
3423 2675 3600 2738 sensit,

2019 2757 2176 2812 quam
2203 2741 2438 2798 doctrina
2459 2743 2740 2812 apostolica
2763 2741 3008 2796 continet.

2089 2810 2205 2880 Ipse
2225 2828 2355 2868 vero
2383 2810 2752 2867 Theodoretus
2788 2813 2915 2880 quid
2953 2827 3117 2882 super
3162 2827 3226 2867 ea
3270 2827 3331 2866 re
3377 2812 3603 2867 sentiret

2020 2883 2292 2952 patefecit,
2315 2891 2426 2937 tum
2455 2882 2699 2937 adductis
2717 2883 2892 2938 verbis
2921 2899 3026 2937 non
3043 2883 3301 2952 obscure,
3326 2889 3439 2937 tum
3485 2883 3603 2937 istis

2020 2951 2314 3035 clarissime
2344 2953 2553 3035 (Epist:
2577 2952 2612 3004 2
2635 2953 2709 3035 ed.
2731 2952 2983 3035 eumdem)
3020 2969 3032 3006 :
3061 2951 3182 3035 tam
3213 2962 3314 3007 tua:
3341 2953 3602 3034 sanctitati

2019 3023 2241 3092 praedixi
2278 3023 2397 3092 quia
2430 3023 2477 3078 si
2515 3023 2709 3078 domini
2743 3026 2840 3077 inci
2868 3023 3169 3077 venerabilis
3198 3032 3248 3076 et
3285 3024 3602 3077 sanctissimi

2019 3094 2245 3164 episcopi
2260 3093 2498 3164 Nestorii
2528 3095 2681 3164 fuerit
2709 3093 2895 3162 dogma
2919 3094 3248 3164 damnatum,
3264 3108 3356 3145 nec
3376 3109 3466 3163 ego
3489 3109 3602 3145 cum

329 3157 622 3243 Dominus,
685 3177 956 3243 personam
1012 3157 1258 3243 pauperis
1269 3230 1280 3243 .
1318 3170 1528 3243 propter
1585 3179 1672 3243 vos
1710 3165 1913 3243 .indui;
1942 3159 1987 3220 C
2021 3157 2112 3243 his
2139 3157 2224 3243 qui
2246 3163 2341 3218 hoc
2357 3157 2568 3243 faeiunt
2595 3157 3000 3243 communicabo.
3031 3160 3181 3226 Quod
3207 3163 3251 3215 si
3285 3157 3600 3243 {amsancti-

328 3245 446 3284 cum
459 3230 693 3286 esuriam
707 3231 990 3295 visibiliter,
1015 3230 1354 3284 esurientibus
1375 3230 1541 3285 cibum
1556 3233 1910 3288 subministra.

400 3301 657 3384 Quartum
681 3301 936 3384 denique,
973 3315 1220 3381 sermone
1249 3300 1499 3384 um._
1521 3301 1621 3384 4)}
1656 3302 1782 3384 Dixi
1798 3305 1914 3374 jam

327 3373 556 3440 stepius:
589 3371 765 3442 Siquis
818 3373 952 3442 inter
988 3386 1075 3423 vos
1108 3371 1418 3442 simplicior,
1453 3374 1558 3425 sire
1592 3375 1726 3426 inter
1762 3371 1915 3440 quos-

325 3456 539 3504 cumque
565 3440 717 3506 alios,
741 3457 862 3496 voce
883 3440 979 3511 hac
1007 3441 1248 3501 Θιοτὸκος
1277 3441 1483 3511 gaudet,
1507 3443 1645 3511 apud
1671 3459 1752 3496 me
1771 3445 1915 3498 nulla

323 3521 404 3632 sit
458 3511 523 3566 de
584 3528 702 3567 voce
750 3509 986 3575 invidia;
1053 3519 1252 3563 tantum
1281 3509 1368 3564 'ne
1433 3509 1694 3580 Virginem
1752 3515 1916 3582 faciat

391 3597 495 3632 am.
535 3591 640 3632 etc.

391 3597 495 3644 am,
535 3591 640 3637 etc.

397 3648 634 3720 Epistola
662 3651 698 3705 3
722 3649 790 3705 ad
817 3656 1062 3722 sanctum
1081 3647 1424 3704 Caelestinum
1451 3646 1636 3719 (Nam.
1659 3647 1726 3722 2)
1755 3668 1766 3701 :
1801 3650 1913 3722 Ego

323 3728 497 3774 autem
526 3730 576 3774 et
621 3721 756 3775 hanc
783 3720 986 3788 quidem
1033 3736 1232 3786 uocem,
1265 3735 1378 3786 qua:
1415 3727 1493 3772 est
1522 3720 1780 3780 Θεοτόκος,
1811 3720 1912 3775 nisi

325 3791 605 3846 secundum
634 3791 952 3862 Apollinaris
972 3799 1022 3844 et
1049 3791 1160 3844 Arii
1183 3793 1428 3910 furorem,
1459 3788 1527 3841 ad
1559 3791 1912 3858 confusionem

325 3869 629 3910 natstrarum
658 3863 968 3910 proferatur.
993 3860 1177 3910 nolenti
1214 3878 1272 3910 us
1299 3861 1483 3910 dicere.
1509 3876 1612 3910 non
1636 3860 1839 3910 resisto.

323 3869 629 3931 naturarum
656 3860 968 3931 proferatur,
993 3860 1272 3931 nolentibus
1299 3861 1483 3922 dicere,
1509 3876 1612 3912 non
1632 3860 1839 3931 resisto.

395 3928 665 3986 Sermone
705 3932 726 3983 l

322 4001 548 4054 cundum
570 3998 888 4072 Apollinaris
913 4012 963 4054 et
990 4001 1101 4072 Arii
1141 4017 1362 4072 sensum,
1395 3998 1493 4052 Dei
1513 3999 1817 4072 genitricem
1822 4009 1913 4072 ;et

321 4066 723 4150 ego-unaleeum
738 4072 904 4125 clamo
933 4071 1196 4150 Θέοτὸκργ.
1233 4069 1297 4150 lit
1327 4066 1722 4150 postealNum.
1756 4069 1858 4139 22)
1894 4089 1906 4124 :

321 4139 498 4194 Filius
532 4139 626 4194 Dei
656 4150 808 4196 natus
843 4150 918 4194 est
952 4141 1089 4194 Deus
1111 4139 1423 4211 Verbumet
1446 4139 1596 4211 homo
1610 4158 1631 4211 ,j
1652 4156 1773 4211 ergo
1798 4157 1912 4211 qua:

319 4211 538 4282 peperit,
581 4221 788 4282 propter
809 4211 1057 4264 unitatem
1085 4209 1286 4263 dicatur
1321 4208 1419 4263 Dei
1447 4208 1725 4282 genitrixf
1751 4210 1807 4264 id
1834 4220 1911 4264 est

318 4281 586 4342 6soréxo;.

394 4349 654 4406 Sermone
687 4349 754 4404 15
793 4347 988 4420 (Num.
1021 4348 1087 4414 ’1)
1127 4366 1140 4402 :
1183 4347 1437 4413 Quoniam
1477 4358 1647 4402 autem
1685 4357 1904 4420 oportet,

317 4428 534 4490 propter
545 4437 629 4474 eos
644 4422 725 4488 qui
737 4420 1037 4474 lucidiorem
1055 4421 1316 4489 requirunt
1331 4420 1662 4480 intellectum,
1681 4422 1908 4474 maxime

317 4489 440 4543 cum
461 4489 827 4544 sintEcclesia’
853 4491 971 4560 filii,
1003 4490 1076 4543 uti
1105 4491 1456 4560 manifestiore
1475 4490 1763 4560 locutione;
1794 4507 1908 4559 pro-

316 4569 498 4631 pterea
524 4571 574 4614 et
605 4561 755 4631 modo
779 4559 959 4613 eadem
984 4560 1284 4629 definitione
1309 4577 1409 4624 qua
1433 4562 1580 4631 prius
1605 4559 1819 4612 breviter
1844 4560 1907 4612 de

315 4629 416 4683 illa
456 4630 604 4684 beata
643 4629 818 4684 Maria
853 4647 1052 4701 semper
1090 4632 1286 4701 virgine
1331 4629 1707 4701 prcedicabam,
1751 4631 1906 4684 etiam

317 4715 477 4764 nunc,
502 4701 811 4772 evidentiore
829 4699 1079 4772 sermone,
1111 4699 1307 4754 summa
1328 4699 1447 4754 uoce
1469 4699 1751 4772 proclamo,
1780 4717 1906 4771 quo-

315 4771 463 4842 nidm
492 4781 673 4824 sancta
707 4770 866 4841 Virgo
893 4771 1059 4842 et__Dei
1079 4781 1153 4823 est
1173 4780 1221 4823 et
1241 4770 1719 4842 Itominis'genitrix.

393 4839 664 4923 Hactenus
699 4839 816 4923 pro“
839 4856 898 4896 se
937 4840 1235 4923 Nestorius,
1269 4857 1414 4922 nunc.
1442 4839 1675 4922 Joannes
1709 4839 1900 4895 Antio-

311 4910 542 4973 chenus,
599 4909 719 4966 lldci
762 4909 993 4965 Nestorii
1033 4911 1200 4980 probe
1239 4911 1501 4974 conscius,
1533 4911 1645 4964 sive
1683 4918 1905 4979 propter

311 4981 632 5036 diuturnum
679 4980 976 5036 Antiochiae
1019 4980 1352 5044 convictum,
1403 4981 1808 5046 studiorumque
1848 4990 1902 5035 et

311 5052 555 5120 magistri
571 5051 1003 5121 communionem
1021 5067 1035 5121 ;
1058 5050 1169 5121 sive
1181 5051 1250 5104 ob
1272 5049 1598 5117 diligentem,
1616 5058 1739 5121 post
1759 5067 1902 5104 com-

310 5131 494 5176 motas
514 5138 544 5175 a
570 5136 784 5176 recessu
808 5119 1116 5182 turbas,‘rei
1147 5121 1308 5174 totius
1337 5121 1651 5188 pertinentis
1675 5119 1742 5173 ad
1764 5121 1901 5174 ami-

309 5206 439 5245 cum
469 5191 888 5261 inquisitionem.
927 5189 1376 5261 Scribensjgitur
1414 5189 1480 5261 ad
1511 5189 1812 5244 Nestorium
1839 5193 1855 5261 (
1884 5208 1899 5245 ι

309 5271 452 5332 part.
483 5257 834 5332 conc.Ephes.
859 5277 973 5330 cap.
997 5257 1100 5329 25)
1125 5277 1141 5313 :
1174 5259 1234 5332 Si
1246 5262 1417 5332 _enim,
1444 5260 1631 5332 inquit,
1651 5277 1793 5314 mens
1815 5257 1902 5314 tua

308 5329 496 5385 eadem
512 5333 648 5402 sapit
673 5329 723 5385 et
748 5332 903 5402 sentit
923 5329 1034 5402 qua:
1053 5331 1218 5383 sancti
1237 5329 1421 5384 Patres
1446 5329 1783 5398 Etrclesquue
1809 5331 1903 5386 do-

307 5410 480 5473 ctores
511 5401 664 5473 (nam
685 5402 798 5473 hoc,
817 5401 1022 5456 domine
1048 5402 1138 5473 mi,
1160 5409 1207 5473 et
1227 5416 1291 5453 ex
1308 5403 1499 5463 multis,
1522 5409 1570 5454 et
1592 5417 1656 5454 ea:
1676 5419 1902 5473 commu-

308 5469 465 5526 nibus
501 5469 710 5536 amicis,
741 5472 803 5525 de
826 5480 873 5524 te
895 5471 1236 5540 accepimus),
1260 5487 1499 5540 quorsum
1526 5471 1712 5524 vereris
1761 5473 1901 5540 pium

309 5557 522 5595 sensum
549 5542 866 5597 conrenienti
903 5539 1024 5595 voce
1051 5541 1352 5610 publicare?
1377 5539 1443 5593 Et
1490 5550 1676 5610 postea
1705 5559 1716 5593 :
1752 5539 1900 5604 Quis,

344 5627 506 5676 uteso,
537 5611 896 5681 reprehendat,
934 5612 977 5666 si
1001 5627 1078 5681 ea
1117 5627 1231 5678 qua:
1250 5612 1407 5663 sentis
1445 5611 1600 5664 libere
1635 5612 1905 5680 exponas?

347 5697 483 5736 mmo
528 5680 644 5736 vero
665 5722 680 5745 .
708 5681 819 5747 quis
861 5698 962 5735 non
990 5680 1195 5745 laudet,
1228 5681 1271 5734 si
1303 5696 1508 5744 nomen,
1534 5681 1680 5750 cujus
1699 5698 1904 5734 sensum

305 5751 476 5820 pictas
505 5764 592 5806 tua
611 5793 625 5818 ,
656 5760 711 5805 ut
759 5753 1106 5822 cognovimus,
1140 5750 1381 5822 poss’dct,
1409 5761 1614 5819 propter
1647 5751 1903 5816 publicam

798 3927 983 4001 (Num.
1012 3930 1075 3996 7)
1109 3948 1121 3982 :
1156 3930 1362 3983 Damna
1381 3946 1466 4001 eos
1485 3931 1573 4001 qui
1606 3929 1801 4001 dicunt,
1833 3946 1926 3983 se-

2021 3234 2112 3304 tati
2139 3232 2408 3304 placuerit,
2439 3233 2661 3304 idipsum
2679 3233 2860 3286 litteris
2875 3234 3115 3304 inserere,
3139 3247 3254 3304 qua?
3279 3232 3602 3304 Antiochiam

2021 3251 2111 3285 tau
2139 3251 2408 3304 piacueru,
2439 3251 2512 3287 tat
2551 3251 2661 3286 sum
2679 3251 2860 3286 niteris
2875 3251 3115 3295 inserere,
3139 3251 3254 3304 qua:
3279 3251 3602 3284 mmocmam

2018 3302 2330 3374 diriguntur,
2375 3304 2470 3357 hoc
2498 3251 2631 3374 ditt:
2662 3319 2726 3357 ne
2761 3319 2882 3374 ergo
2912 3303 3200 3374 differatur,
3252 3301 3476 3366 obsecro,
3502 3303 3602 3374 tuis

2017 3371 2260 3428 hazrendo
2280 3371 2660 3444 uestigiistNon
2682 3371 2858 3427 minus
2877 3371 3157 3444 manifeste
3177 3381 3408 3444 mentem
3431 3373 3603 3444 aperit

2018 3444 2257 3514 scribens
2273 3441 2497 3498 Andreae
2526 3441 2899 3514 Samosateno.
2917 3441 3100 3514 Exigit
3123 3451 3298 3514 autem
3314 3441 3600 3497 Aristolaus

2013 3513 2435 3585 subscriptionem
2458 3515 2613 3585 factce
2654 3513 2845 3566 dudum
2883 3512 3247 3585 damnationis
3267 3555 3279 3574 .
3299 3521 3358 3585 et
3384 3521 3442 3585 ut
3471 3530 3601 3565 ana-

2017 3581 2376 3636 thematizetur
2402 3581 2568 3638 sancti
2597 3585 2821 3654 episcopi
2857 3583 3045 3653 dogma
3075 3581 3347 3654 Nestorii._
3372 3581 3484 3636 Scit
3509 3599 3603 3635 au-

2016 3659 2115 3704 tem
2143 3663 2309 3724 castra
2337 3655 2586 3724 sanctitas
2628 3652 2764 3723 quod
2800 3655 2845 3706 si
2875 3652 2988 3724 quis
3013 3652 3602 3724 indiscretedoctrinam

2015 3722 2411 3792 anathematth
2431 3720 2660 3792 ejusdem
2684 3720 2996 3776 sanctissimi
3021 3731 3072 3775 et
3098 3720 3401 3776 venerabilis
3412 3724 3604 3792 episco-

2015 3791 2099 3858 pi,
2131 3791 2265 3844 idem
2293 3801 2367 3844 est
2403 3791 2464 3844 ac
2491 3791 2536 3844 si
2578 3792 2815 3860 pietatem
2861 3791 3304 3844 anathematizare
3347 3791 3596 3845 uideatur.

2018 3860 2230 3930 Oportet
2256 3878 2396 3932 ergo,
2428 3863 2474 3915 si
2503 3861 3223 3932 omninodcompellimur,eos
3259 3861 3602 3914 anathemati-

2015 3928 2152 4002 zare,
2184 3931 2268 4002 qui
2300 3928 2482 4001 purum
2509 3930 2682 4002 dicunt
2710 3930 2964 4002 hominem
3009 3928 3287 4002 Christum,
3323 3938 3412 4002 aut
3431 3931 3515 4002 qui
3544 3932 3599 3983 in

2013 4000 2140 4071 duos
2187 3997 2323 4071 filios
2368 4017 2526 4053 unum
2571 3999 2847 4054 Dominum
2887 4009 3116 4071 nostrum
3143 3999 3319 4053 Iesum
3343 3997 3600 4052 Christum

2014 4068 2265 4136 dividunt,
2296 4081 2344 4124 et
2367 4072 2450 4140 qui
2479 4071 2588 4141 ejus
2618 4071 2873 4141 abnegant
2893 4068 3168 4141 Deitatem2

2084 4142 2220 4207 Quin
2252 4147 2306 4196 et
2352 4137 2605 4196 Socrates
2650 4137 2952 4204 historicus,
2995 4155 3117 4194 cum
3154 4137 3382 4192 Nestorii
3433 4137 3599 4194 libros

2011 4211 2299 4265 evolvisset
2320 4211 2547 4274 curiose,
2599 4211 2818 4280 utiipse
2862 4211 3086 4280 quidem
3108 4216 3368 4280 testatur,
3388 4208 3600 4276 scripsit

2012 4288 2189 4334 tamen
2220 4281 2272 4334 in
2300 4281 2412 4335 ha:c
2441 4280 2601 4333 verba
2633 4276 2779 4348 (Lib.
2809 4276 2898 4343 vn,
2926 4296 2969 4331 c.
3000 4277 3131 4348 52):
3158 4276 3431 4331 Nestorius
3461 4280 3599 4347 apud

2011 4353 2294 4420 complures
2309 4351 2443 4403 venit
2463 4351 2516 4402 in
2539 4351 2853 4420 opinionem,
2868 4348 3295 4420 quodDominum
3315 4349 3598 4418 simplicem

2010 4418 2265 4491 hominem
2311 4436 2420 4472 esse
2462 4418 2670 4491 diceret,
2719 4418 2950 4491 quodque
2988 4419 3144 4472 Pauli
3184 4418 3520 4491 Samosateni
3549 4430 3599 4472 et

2011 4489 2224 4544 Photini
2253 4491 2439 4560 dogma
2458 4491 2512 4543 in
2535 4488 2818 4544 Ecclesium
2841 4488 3214 4554 introduceret;
3247 4490 3388 4560 atqui
3419 4489 3481 4542 de
3501 4489 3597 4542 hac

2013 4577 2068 4613 re
2096 4569 2239 4613 tanta
2268 4561 2612 4631 concertatio,
2643 4569 2882 4631 tantaque
2913 4562 3182 4631 tempestds
3215 4568 3471 4631 commota
3499 4569 3594 4631 est,

2010 4640 2066 4701 ut
2093 4630 2642 4701 accumenicoconcilio
2664 4627 2993 4701 apus'fuerit.
3013 4627 3020 4630 ”
3037 4627 3158 4701 Ego
3179 4646 3312 4693 vero,
3339 4628 3458 4680 dum
3487 4629 3595 4698 ejus

2009 4700 2167 4754 libros
2189 4701 2370 4764 lustro,
2395 4700 2647 4754 hominem
2673 4700 2962 4770 imperitum
2999 4700 3214 4770 reperio,
3240 4707 3370 4761 etc.,
3404 4714 3492 4749 nec
3517 4708 3596 4749 ta-

2009 4787 2123 4824 men
2153 4771 2276 4822 mihi
2305 4771 2504 4824 videtur
2545 4768 2753 4824 imitari
2783 4769 3005 4824 Paulum
3057 4768 3470 4831 Samosatenum,
3506 4777 3597 4819 aut

2010 4839 2308 4904 Photinum,
2335 4851 2382 4893 et
2403 4839 2680 4893 Dominum
2705 4842 2914 4894 omnino
2933 4839 3214 4908 simplicem
3235 4837 3488 4891 hominem
3511 4837 3595 4890 di-

2007 4925 2147 4972 cere;
2177 4911 2268 4962 sed
2303 4910 2469 4963 solam
2496 4910 2743 4964 Damna:
2785 4926 2953 4962 vocem
2985 4918 3243 4977 tamquam
3272 4908 3468 4977 larvam
3516 4923 3596 4959 re-
3647 4930 3655 4938 -

2009 4979 2309 5050 formidare.
2345 4979 2421 5050 Ει
2448 4988 2672 5048 postea:
2713 4979 2928 5033 Videtur
2965 4975 3594 5050 veternmslucubrdtiqnes

2004 5045 2266 5122 ignordre,
2297 5045 2527 5120 ideoque,
2568 5059 2622 5122 ut
2651 5051 2780 5122 dixi,
2826 5063 2994 5122 vocem
3024 5047 3157 5122 honc
3186 5047 3446 5122 inseetari.
3482 5045 3594 5099 Nec

2004 5115 2139 5176 enim
2163 5115 2728 5188 Christum—simplicem
2748 5119 3002 5172 hominem
3032 5115 3174 5188 dicit,
3197 5125 3252 5168 ut
3273 5115 3526 5188 Photinus
3546 5125 3596 5169 et

2005 5191 2204 5246 Paulus
2246 5183 2636 5246 Samosatenus.
2663 5187 2732 5241 Et
2768 5187 2994 5241 homiliaz
3040 5183 3102 5238 ab
3143 5202 3202 5240 eo
3230 5186 3382 5241 edita’
3413 5187 3594 5240 docent

2005 5279 2120 5315 eum
2149 5261 2290 5314 nullo
2318 5259 2471 5314 modo
2496 5259 2654 5312 divini
2703 5256 2854 5311 Verbi
2877 5272 3151 5327 personam
3181 5254 3469 5322 abstulisse,
3504 5259 3594 5310 sed

2002 5333 2185 5403 ubique
2199 5331 2328 5384 illud
2351 5333 2539 5403 fatetur
2557 5328 2836 5383 subsistens
2857 5336 2906 5403 et
2920 5327 3216 5403 ineristens,
3241 5335 3344 5403 etc...
3373 5327 3464 5403 Sic
3480 5345 3594 5380 eum

2001 5396 2303 5456 sentientem
2333 5396 2550 5470 reperio,
2583 5409 2689 5452 tum
2726 5416 2791 5452 ea:
2821 5399 2936 5522 (eius
2982 5396 3124 5451 libris
3163 5414 3285 5455 auos
3315 5397 3445 5470 legi,
3490 5409 3592 5451 tum

2003 5489 2069 5522 ea:
2097 5472 2175 5522 liis
2203 5487 2317 5522 quae
2343 5481 2596 5522 amatores
2625 5470 2783 5522 ipsius
2858 5472 3012 5522 icunt.

2003 5489 2069 5525 ea:
2097 5472 2175 5524 his
2203 5487 2317 5541 qua:
2343 5481 2596 5541 amatores
2625 5470 2783 5541 ipsius
2821 5470 3012 5541 dicunt.

2077 5536 2340 5595 Diodorus
2370 5540 2602 5604 tandem,
2625 5536 2716 5610 qui
2744 5540 3084 5610 Theodorum
3107 5538 3306 5610 docuit,
3335 5545 3390 5590 et
3417 5536 3592 5588 Theo-

2005 5611 2186 5675 dorus,
2219 5611 2310 5680 qui
2357 5607 2679 5674 Nestorium,
2725 5609 3025 5665 communis
3051 5607 3587 5680 discipuli_t_nente_m,

2007 5697 2102 5735 sua
2134 5676 2424 5750 patefacta,
2462 5681 2671 5749 aperire
2701 5688 2922 5750 possunt
2941 5696 2965 5750 ;7
2997 5680 3122 5747 ipsis
3143 5676 3284 5750 enim
3314 5676 3590 5750 Nestorins

2006 5746 2229 5822 perinde
2258 5765 2320 5806 ac
2349 5746 2718 5807 Theodoretus
2747 5746 3128 5821 discipulorum
3165 5749 3299 5802 alter
3344 5746 3582 5818 apprime
