  <div class='ocr_page' id='page_1' title='image "/cluster/home/n/w/nwhite01/storage/ocr_20150623/48/hvd.32044096580691/561.png"; bbox 0 0 4022 6182; ppageno 0'>
   <div class='ocr_carea' id='block_1_1' title="bbox 487 317 613 372">
    <p class='ocr_par' dir='ltr' id='par_1_1' title="bbox 487 317 613 372">
     <span class='ocr_line' id='line_1_1' title="bbox 487 317 613 372; baseline -0.024 -1"><span class='ocrx_word' id='word_1_1' title='bbox 487 317 613 372; x_wconf 75' lang='lat' dir='ltr'><strong>Hii</strong></span> 
     </span>
    </p>
   </div>
   <div class='ocr_carea' id='block_1_2' title="bbox 1206 311 3008 375">
    <p class='ocr_par' dir='ltr' id='par_1_2' title="bbox 1206 311 3008 375">
     <span class='ocr_line' id='line_1_2' title="bbox 1206 311 3008 375; baseline 0.003 -7"><span class='ocrx_word' id='word_1_2' title='bbox 1206 314 1294 368; x_wconf 88' lang='lat' dir='ltr'><strong>Al)</strong></span> <span class='ocrx_word' id='word_1_3' title='bbox 1333 311 1605 368; x_wconf 71' lang='lat' dir='ltr'><strong>PARTE.“</strong></span> <span class='ocrx_word' id='word_1_4' title='bbox 1649 314 2016 370; x_wconf 67' lang='lat' dir='ltr'><strong>SECUNDAM</strong></span> <span class='ocrx_word' id='word_1_5' title='bbox 2058 316 2122 370; x_wconf 83' lang='grc' dir='ltr'><strong>Μ.</strong></span> <span class='ocrx_word' id='word_1_6' title='bbox 2168 312 2600 372; x_wconf 68' lang='grc' dir='ltr'><strong>ΜΕΠΕΛΊὉῘΠΞ</strong></span> <span class='ocrx_word' id='word_1_7' title='bbox 2641 313 3008 375; x_wconf 68' lang='lat' dir='ltr'><strong>APPENDIX.</strong></span> 
     </span>
    </p>
   </div>
   <div class='ocr_carea' id='block_1_3' title="bbox 3603 328 3731 383">
    <p class='ocr_par' dir='ltr' id='par_1_3' title="bbox 3603 328 3731 383">
     <span class='ocr_line' id='line_1_3' title="bbox 3603 328 3731 383; baseline 0.016 -2"><span class='ocrx_word' id='word_1_8' title='bbox 3603 328 3731 383; x_wconf 74' lang='lat' dir='ltr'><strong>ili!</strong></span> 
     </span>
    </p>
   </div>
   <div class='ocr_carea' id='block_1_4' title="bbox 479 421 3732 500">
    <p class='ocr_par' dir='ltr' id='par_1_4' title="bbox 479 421 3732 500">
     <span class='ocr_line' id='line_1_4' title="bbox 479 421 3732 500; baseline 0.004 -24"><span class='ocrx_word' id='word_1_9' title='bbox 479 426 708 500; x_wconf 60' lang='lat' dir='ltr'><strong>inhaesit,</strong></span> <span class='ocrx_word' id='word_1_10' title='bbox 757 428 899 500; x_wconf 80' lang='lat' dir='ltr'><strong>quod</strong></span> <span class='ocrx_word' id='word_1_11' title='bbox 944 421 1262 500; x_wconf 82' lang='lat' dir='ltr'><strong>et_Cyrillus</strong></span> <span class='ocrx_word' id='word_1_12' title='bbox 1308 429 1492 500; x_wconf 64' lang='lat' dir='ltr'><strong>aperte</strong></span> <span class='ocrx_word' id='word_1_13' title='bbox 1519 423 1740 500; x_wconf 76' lang='lat' dir='ltr'><strong>probat,</strong></span> <span class='ocrx_word' id='word_1_14' title='bbox 1771 431 2053 492; x_wconf 90' lang='lat' dir='ltr'><strong>utrumque</strong></span> <span class='ocrx_word' id='word_1_15' title='bbox 2083 428 2126 484; x_wconf 75' lang='grc' dir='ltr'><strong>Α</strong></span> <span class='ocrx_word' id='word_1_16' title='bbox 2156 424 2251 500; x_wconf 80' lang='lat' dir='ltr'><strong>sed</strong></span> <span class='ocrx_word' id='word_1_17' title='bbox 2301 425 2393 478; x_wconf 87' lang='lat' dir='ltr'><strong>Dei</strong></span> <span class='ocrx_word' id='word_1_18' title='bbox 2437 427 2734 500; x_wconf 79' lang='lat' dir='ltr'><strong>templum;</strong></span> <span class='ocrx_word' id='word_1_19' title='bbox 2775 435 2832 480; x_wconf 87' lang='lat' dir='ltr'><strong>ut</strong></span> <span class='ocrx_word' id='word_1_20' title='bbox 2873 426 3033 496; x_wconf 83' lang='lat' dir='ltr'><strong>Virgo</strong></span> <span class='ocrx_word' id='word_1_21' title='bbox 3071 443 3177 482; x_wconf 87' lang='lat' dir='ltr'><strong>non</strong></span> <span class='ocrx_word' id='word_1_22' title='bbox 3217 429 3287 482; x_wconf 90' lang='lat' dir='ltr'><strong>sit</strong></span> <span class='ocrx_word' id='word_1_23' title='bbox 3333 432 3601 500; x_wconf 72' lang='grc' dir='ltr'><strong>Θωτόκος,</strong></span> <span class='ocrx_word' id='word_1_24' title='bbox 3645 437 3732 490; x_wconf 83' lang='lat' dir='ltr'><strong>sed</strong></span> 
     </span>
    </p>
   </div>
   <div class='ocr_carea' id='block_1_5' title="bbox 478 493 2051 562">
    <p class='ocr_par' dir='ltr' id='par_1_5' title="bbox 478 493 2051 562">
     <span class='ocr_line' id='line_1_5' title="bbox 478 493 2051 562; baseline -0.003 -10"><span class='ocrx_word' id='word_1_25' title='bbox 478 514 598 552; x_wconf 85' lang='lat' dir='ltr'><strong>cum</strong></span> <span class='ocrx_word' id='word_1_26' title='bbox 616 493 859 551; x_wconf 71' lang='lat' dir='ltr'><strong>Nestor-io</strong></span> <span class='ocrx_word' id='word_1_27' title='bbox 873 493 1350 562; x_wconf 72' lang='lat' dir='ltr'><strong>sensissetradens.</strong></span> <span class='ocrx_word' id='word_1_28' title='bbox 1365 495 1432 546; x_wconf 84' lang='lat' dir='ltr'><strong>At</strong></span> <span class='ocrx_word' id='word_1_29' title='bbox 1452 493 1748 557; x_wconf 86' lang='lat' dir='ltr'><strong>Facundus,</strong></span> <span class='ocrx_word' id='word_1_30' title='bbox 1773 507 2051 562; x_wconf 80' lang='lat' dir='ltr'><strong>pOStqnam</strong></span> 
     </span>
    </p>
   </div>
   <div class='ocr_carea' id='block_1_6' title="bbox 478 560 2050 631">
    <p class='ocr_par' dir='ltr' id='par_1_6' title="bbox 478 560 2050 631">
     <span class='ocr_line' id='line_1_6' title="bbox 478 560 2050 631; baseline -0.004 -9"><span class='ocrx_word' id='word_1_31' title='bbox 478 568 768 622; x_wconf 83' lang='lat' dir='ltr'><strong>Diodorum</strong></span> <span class='ocrx_word' id='word_1_32' title='bbox 784 563 1080 624; x_wconf 88' lang='lat' dir='ltr'><strong>Athanasii,</strong></span> <span class='ocrx_word' id='word_1_33' title='bbox 1104 560 1353 631; x_wconf 88' lang='lat' dir='ltr'><strong>Petrique</strong></span> <span class='ocrx_word' id='word_1_34' title='bbox 1382 562 1744 628; x_wconf 77' lang='lat' dir='ltr'><strong>Alexandrini,</strong></span> <span class='ocrx_word' id='word_1_35' title='bbox 1767 560 2050 626; x_wconf 78' lang='lat' dir='ltr'><strong>Timothei,</strong></span> 
     </span>
    </p>
   </div>
   <div class='ocr_carea' id='block_1_7' title="bbox 478 631 2052 704">
    <p class='ocr_par' dir='ltr' id='par_1_7' title="bbox 478 631 2052 704">
     <span class='ocr_line' id='line_1_7' title="bbox 478 631 2052 704; baseline -0.003 -13"><span class='ocrx_word' id='word_1_36' title='bbox 478 636 677 699; x_wconf 76' lang='lat' dir='ltr'><strong>Basilii,</strong></span> <span class='ocrx_word' id='word_1_37' title='bbox 709 633 1106 704; x_wconf 86' lang='lat' dir='ltr'><strong>Chrysostomi,</strong></span> <span class='ocrx_word' id='word_1_38' title='bbox 1139 631 1527 704; x_wconf 74' lang='lat' dir='ltr'><strong>Epiphaniique</strong></span> <span class='ocrx_word' id='word_1_39' title='bbox 1555 633 1863 704; x_wconf 85' lang='lat' dir='ltr'><strong>testimonio</strong></span> <span class='ocrx_word' id='word_1_40' title='bbox 1891 641 2052 687; x_wconf 79' lang='lat' dir='ltr'><strong>rectze</strong></span> 
     </span>
    </p>
   </div>
   <div class='ocr_carea' id='block_1_8' title="bbox 478 701 2051 770">
    <p class='ocr_par' dir='ltr' id='par_1_8' title="bbox 478 701 2051 770">
     <span class='ocr_line' id='line_1_8' title="bbox 478 701 2051 770; baseline 0 -14"><span class='ocrx_word' id='word_1_41' title='bbox 478 706 600 759; x_wconf 91' lang='lat' dir='ltr'><strong>ﬁdei</strong></span> <span class='ocrx_word' id='word_1_42' title='bbox 629 705 790 758; x_wconf 78' lang='lat' dir='ltr'><strong>fuisse</strong></span> <span class='ocrx_word' id='word_1_43' title='bbox 819 701 1090 770; x_wconf 80' lang='lat' dir='ltr'><strong>probavit,</strong></span> <span class='ocrx_word' id='word_1_44' title='bbox 1124 701 1487 756; x_wconf 80' lang='lat' dir='ltr'><strong>defensionem</strong></span> <span class='ocrx_word' id='word_1_45' title='bbox 1525 703 1795 756; x_wconf 77' lang='lat' dir='ltr'><strong>concludit</strong></span> <span class='ocrx_word' id='word_1_46' title='bbox 1831 702 1970 757; x_wconf 89' lang='lat' dir='ltr'><strong>hunc</strong></span> <span class='ocrx_word' id='word_1_47' title='bbox 1999 704 2051 756; x_wconf 92' lang='lat' dir='ltr'><strong>in</strong></span> 
     </span>
    </p>
   </div>
   <div class='ocr_carea' id='block_1_9' title="bbox 475 770 2054 842">
    <p class='ocr_par' dir='ltr' id='par_1_9' title="bbox 475 770 2054 842">
     <span class='ocr_line' id='line_1_9' title="bbox 475 770 2054 842; baseline -0.002 -14"><span class='ocrx_word' id='word_1_48' title='bbox 475 775 692 829; x_wconf 86' lang='lat' dir='ltr'><strong>modum</strong></span> <span class='ocrx_word' id='word_1_49' title='bbox 723 773 872 842; x_wconf 84' lang='lat' dir='ltr'><strong>(Lib.</strong></span> <span class='ocrx_word' id='word_1_50' title='bbox 898 789 967 838; x_wconf 81' lang='lat' dir='ltr'><strong>tv,</strong></span> <span class='ocrx_word' id='word_1_51' title='bbox 1000 790 1046 825; x_wconf 89' lang='lat' dir='ltr'><strong>c.</strong></span> <span class='ocrx_word' id='word_1_52' title='bbox 1073 771 1140 837; x_wconf 68' lang='grc'><strong>2)</strong></span> <span class='ocrx_word' id='word_1_53' title='bbox 1170 789 1181 823; x_wconf 94' lang='lat'><strong>:</strong></span> <span class='ocrx_word' id='word_1_54' title='bbox 1212 770 1336 834; x_wconf 86' lang='lat' dir='ltr'><strong>Quis</strong></span> <span class='ocrx_word' id='word_1_55' title='bbox 1359 782 1526 825; x_wconf 83' lang='lat' dir='ltr'><strong>autem</strong></span> <span class='ocrx_word' id='word_1_56' title='bbox 1557 775 1690 842; x_wconf 72' lang='lat' dir='ltr'><strong>[erat</strong></span> <span class='ocrx_word' id='word_1_57' title='bbox 1716 781 2054 842; x_wconf 83' lang='lat' dir='ltr'><strong>accusatuma</strong></span> 
     </span>
    </p>
   </div>
   <div class='ocr_carea' id='block_1_10' title="bbox 474 841 2056 912">
    <p class='ocr_par' dir='ltr' id='par_1_10' title="bbox 474 841 2056 912">
     <span class='ocr_line' id='line_1_10' title="bbox 474 841 2056 912; baseline -0.002 -15"><span class='ocrx_word' id='word_1_58' title='bbox 474 843 687 897; x_wconf 84' lang='lat' dir='ltr'><strong>Juliano</strong></span> <span class='ocrx_word' id='word_1_59' title='bbox 715 841 1020 906; x_wconf 89' lang='lat' dir='ltr'><strong>Diodorum,</strong></span> <span class='ocrx_word' id='word_1_60' title='bbox 1051 842 1187 912; x_wconf 80' lang='lat' dir='ltr'><strong>quod</strong></span> <span class='ocrx_word' id='word_1_61' title='bbox 1216 841 1378 912; x_wconf 68' lang='lat' dir='ltr'><strong>Deum</strong></span> <span class='ocrx_word' id='word_1_62' title='bbox 1406 841 1586 895; x_wconf 81' lang='lat' dir='ltr'><strong>natum</strong></span> <span class='ocrx_word' id='word_1_63' title='bbox 1623 841 1685 894; x_wconf 86' lang='lat' dir='ltr'><strong>de</strong></span> <span class='ocrx_word' id='word_1_64' title='bbox 1721 841 1929 912; x_wconf 76' lang='lat' dir='ltr'><strong>Virgine</strong></span> <span class='ocrx_word' id='word_1_65' title='bbox 1974 845 2056 912; x_wconf 76' lang='lat' dir='ltr'><strong>fa-</strong></span> 
     </span>
    </p>
   </div>
   <div class='ocr_carea' id='block_1_11' title="bbox 475 911 2052 982">
    <p class='ocr_par' dir='ltr' id='par_1_11' title="bbox 475 911 2052 982">
     <span class='ocr_line' id='line_1_11' title="bbox 475 911 2052 982; baseline 0 -17"><span class='ocrx_word' id='word_1_66' title='bbox 475 923 682 974; x_wconf 79' lang='lat' dir='ltr'><strong>teretur,</strong></span> <span class='ocrx_word' id='word_1_67' title='bbox 706 914 938 967; x_wconf 84' lang='lat' dir='ltr'><strong>accusari</strong></span> <span class='ocrx_word' id='word_1_68' title='bbox 967 911 1121 965; x_wconf 82' lang='lat' dir='ltr'><strong>etiam</strong></span> <span class='ocrx_word' id='word_1_69' title='bbox 1141 928 1172 963; x_wconf 87' lang='lat' dir='ltr'><strong>a</strong></span> <span class='ocrx_word' id='word_1_70' title='bbox 1201 911 1532 982; x_wconf 69' lang='lat' dir='ltr'><strong>Cbristianis,</strong></span> <span class='ocrx_word' id='word_1_71' title='bbox 1566 911 1824 982; x_wconf 82' lang='lat' dir='ltr'><strong>tamquam</strong></span> <span class='ocrx_word' id='word_1_72' title='bbox 1844 912 1940 964; x_wconf 85' lang='lat' dir='ltr'><strong>Itoc</strong></span> <span class='ocrx_word' id='word_1_73' title='bbox 1960 929 2052 965; x_wconf 87' lang='lat' dir='ltr'><strong>ne-</strong></span> 
     </span>
    </p>
   </div>
   <div class='ocr_carea' id='block_1_12' title="bbox 474 981 2057 1054">
    <p class='ocr_par' dir='ltr' id='par_1_12' title="bbox 474 981 2057 1054">
     <span class='ocr_line' id='line_1_12' title="bbox 474 981 2057 1054; baseline -0.001 -19"><span class='ocrx_word' id='word_1_74' title='bbox 474 984 703 1053; x_wconf 67' lang='lat' dir='ltr'><strong>gaverit?</strong></span> <span class='ocrx_word' id='word_1_75' title='bbox 732 983 822 1037; x_wconf 83' lang='lat' dir='ltr'><strong>Vel</strong></span> <span class='ocrx_word' id='word_1_76' title='bbox 843 985 956 1054; x_wconf 86' lang='lat' dir='ltr'><strong>quis</strong></span> <span class='ocrx_word' id='word_1_77' title='bbox 983 982 1195 1054; x_wconf 54' lang='lat' dir='ltr'><strong>erudiens</strong></span> <span class='ocrx_word' id='word_1_78' title='bbox 1216 981 1483 1054; x_wconf 84' lang='lat' dir='ltr'><strong>Jul_ianum</strong></span> <span class='ocrx_word' id='word_1_79' title='bbox 1503 981 1726 1034; x_wconf 85' lang='lat' dir='ltr'><strong>Diodoro</strong></span> <span class='ocrx_word' id='word_1_80' title='bbox 1738 983 2057 1054; x_wconf 80' lang='lat' dir='ltr'><strong>comminan-</strong></span> 
     </span>
    </p>
   </div>
   <div class='ocr_carea' id='block_1_13' title="bbox 476 1050 2052 1121">
    <p class='ocr_par' dir='ltr' id='par_1_13' title="bbox 476 1050 2052 1121">
     <span class='ocr_line' id='line_1_13' title="bbox 476 1050 2052 1121; baseline -0.001 -15"><span class='ocrx_word' id='word_1_81' title='bbox 476 1050 593 1115; x_wconf 74' lang='lat' dir='ltr'><strong>tem,</strong></span> <span class='ocrx_word' id='word_1_82' title='bbox 625 1054 760 1121; x_wconf 87' lang='lat' dir='ltr'><strong>quod</strong></span> <span class='ocrx_word' id='word_1_83' title='bbox 785 1050 962 1106; x_wconf 74' lang='lat' dir='ltr'><strong>Jesztm</strong></span> <span class='ocrx_word' id='word_1_84' title='bbox 986 1050 1258 1105; x_wconf 70' lang='lat' dir='ltr'><strong>Galilteum</strong></span> <span class='ocrx_word' id='word_1_85' title='bbox 1280 1050 1443 1104; x_wconf 87' lang='lat' dir='ltr'><strong>Deum</strong></span> <span class='ocrx_word' id='word_1_86' title='bbox 1464 1061 1708 1105; x_wconf 79' lang='lat' dir='ltr'><strong>teternum</strong></span> <span class='ocrx_word' id='word_1_87' title='bbox 1728 1052 2052 1120; x_wconf 72' lang='lat' dir='ltr'><strong>praedicaret,</strong></span> 
     </span>
    </p>
   </div>
   <div class='ocr_carea' id='block_1_14' title="bbox 475 1121 2052 1192">
    <p class='ocr_par' dir='ltr' id='par_1_14' title="bbox 475 1121 2052 1192">
     <span class='ocr_line' id='line_1_14' title="bbox 475 1121 2052 1192; baseline 0 -18"><span class='ocrx_word' id='word_1_88' title='bbox 475 1139 622 1192; x_wconf 79' lang='lat' dir='ltr'><strong>quem</strong></span> <span class='ocrx_word' id='word_1_89' title='bbox 651 1133 907 1176; x_wconf 89' lang='lat' dir='ltr'><strong>mortuum</strong></span> <span class='ocrx_word' id='word_1_90' title='bbox 935 1132 984 1176; x_wconf 91' lang='lat' dir='ltr'><strong>et</strong></span> <span class='ocrx_word' id='word_1_91' title='bbox 1021 1121 1271 1190; x_wconf 76' lang='lat' dir='ltr'><strong>sepultura</strong></span> <span class='ocrx_word' id='word_1_92' title='bbox 1311 1137 1635 1192; x_wconf 76' lang='lat' dir='ltr'><strong>negarenou</strong></span> <span class='ocrx_word' id='word_1_93' title='bbox 1650 1131 1867 1190; x_wconf 88' lang='lat' dir='ltr'><strong>poterat,</strong></span> <span class='ocrx_word' id='word_1_94' title='bbox 1899 1129 1950 1173; x_wconf 90' lang='lat' dir='ltr'><strong>et</strong></span> <span class='ocrx_word' id='word_1_95' title='bbox 1970 1121 2052 1174; x_wconf 86' lang='lat' dir='ltr'><strong>di-</strong></span> 
     </span>
    </p>
   </div>
   <div class='ocr_carea' id='block_1_15' title="bbox 474 1190 2054 1262">
    <p class='ocr_par' dir='ltr' id='par_1_15' title="bbox 474 1190 2054 1262">
     <span class='ocr_line' id='line_1_15' title="bbox 474 1190 2054 1262; baseline -0.001 -18"><span class='ocrx_word' id='word_1_96' title='bbox 474 1190 670 1245; x_wconf 81' lang='lat' dir='ltr'><strong>centem</strong></span> <span class='ocrx_word' id='word_1_97' title='bbox 696 1202 966 1262; x_wconf 84' lang='lat' dir='ltr'><strong>prapterea</strong></span> <span class='ocrx_word' id='word_1_98' title='bbox 1002 1193 1147 1244; x_wconf 86' lang='lat' dir='ltr'><strong>illum</strong></span> <span class='ocrx_word' id='word_1_99' title='bbox 1185 1190 1420 1262; x_wconf 77' lang='lat' dir='ltr'><strong>puniria</strong></span> <span class='ocrx_word' id='word_1_100' title='bbox 1441 1191 1548 1262; x_wconf 83' lang='lat' dir='ltr'><strong>suis</strong></span> <span class='ocrx_word' id='word_1_101' title='bbox 1587 1190 1686 1243; x_wconf 85' lang='lat' dir='ltr'><strong>diis</strong></span> <span class='ocrx_word' id='word_1_102' title='bbox 1709 1206 1906 1244; x_wconf 85' lang='lat' dir='ltr'><strong>summa</strong></span> <span class='ocrx_word' id='word_1_103' title='bbox 1928 1206 2054 1262; x_wconf 79' lang='lat' dir='ltr'><strong>sup-</strong></span> 
     </span>
    </p>
   </div>
   <div class='ocr_carea' id='block_1_16' title="bbox 475 1260 2054 1334">
    <p class='ocr_par' dir='ltr' id='par_1_16' title="bbox 475 1260 2054 1334">
     <span class='ocr_line' id='line_1_16' title="bbox 475 1260 2054 1334; baseline -0.001 -20"><span class='ocrx_word' id='word_1_104' title='bbox 475 1262 649 1331; x_wconf 79' lang='lat' dir='ltr'><strong>plicio,</strong></span> <span class='ocrx_word' id='word_1_105' title='bbox 674 1260 810 1334; x_wconf 84' lang='lat' dir='ltr'><strong>quod</strong></span> <span class='ocrx_word' id='word_1_106' title='bbox 836 1260 1199 1334; x_wconf 75' lang='lat' dir='ltr'><strong>miserabiliter</strong></span> <span class='ocrx_word' id='word_1_107' title='bbox 1230 1260 1476 1334; x_wconf 80' lang='lat' dir='ltr'><strong>imbibens</strong></span> <span class='ocrx_word' id='word_1_108' title='bbox 1508 1261 1857 1334; x_wconf 54' lang='lat' dir='ltr'><strong>tlteologontm</strong></span> <span class='ocrx_word' id='word_1_109' title='bbox 1885 1261 2054 1329; x_wconf 82' lang='lat' dir='ltr'><strong>pisca-</strong></span> 
     </span>
    </p>
   </div>
   <div class='ocr_carea' id='block_1_17' title="bbox 476 1327 2054 1400">
    <p class='ocr_par' dir='ltr' id='par_1_17' title="bbox 476 1327 2054 1400">
     <span class='ocr_line' id='line_1_17' title="bbox 476 1327 2054 1400; baseline -0.001 -16"><span class='ocrx_word' id='word_1_110' title='bbox 476 1327 643 1384; x_wconf 72' lang='lat' dir='ltr'><strong>torum</strong></span> <span class='ocrx_word' id='word_1_111' title='bbox 677 1327 921 1396; x_wconf 77' lang='lat' dir='ltr'><strong>errorem,</strong></span> <span class='ocrx_word' id='word_1_112' title='bbox 956 1331 1082 1384; x_wconf 83' lang='lat' dir='ltr'><strong>talia</strong></span> <span class='ocrx_word' id='word_1_113' title='bbox 1110 1330 1443 1400; x_wconf 69' lang='lat' dir='ltr'><strong>pradicaret;</strong></span> <span class='ocrx_word' id='word_1_114' title='bbox 1467 1347 1499 1383; x_wconf 92' lang='lat' dir='ltr'><strong>a</strong></span> <span class='ocrx_word' id='word_1_115' title='bbox 1526 1327 1833 1400; x_wconf 67' lang='lat' dir='ltr'><strong>Christianis</strong></span> <span class='ocrx_word' id='word_1_116' title='bbox 1861 1327 2054 1400; x_wconf 74' lang='lat' dir='ltr'><strong>quoque</strong></span> 
     </span>
    </p>
   </div>
   <div class='ocr_carea' id='block_1_18' title="bbox 471 1397 2056 1473">
    <p class='ocr_par' dir='ltr' id='par_1_18' title="bbox 471 1397 2056 1473">
     <span class='ocr_line' id='line_1_18' title="bbox 471 1397 2056 1473; baseline 0.001 -21"><span class='ocrx_word' id='word_1_117' title='bbox 471 1401 667 1473; x_wconf 61' lang='lat' dir='ltr'><strong>iudicet</strong></span> <span class='ocrx_word' id='word_1_118' title='bbox 691 1401 1056 1473; x_wconf 76' lang='lat' dir='ltr'><strong>abdicandum,</strong></span> <span class='ocrx_word' id='word_1_119' title='bbox 1089 1397 1222 1473; x_wconf 54' lang='lat' dir='ltr'><strong>velut</strong></span> <span class='ocrx_word' id='word_1_120' title='bbox 1248 1401 1334 1469; x_wconf 84' lang='lat' dir='ltr'><strong>qui</strong></span> <span class='ocrx_word' id='word_1_121' title='bbox 1362 1398 1537 1454; x_wconf 82' lang='lat' dir='ltr'><strong>Jesum</strong></span> <span class='ocrx_word' id='word_1_122' title='bbox 1566 1397 2056 1473; x_wconf 27' lang='lat' dir='ltr'><strong>Gallianum—horni-</strong></span> 
     </span>
    </p>
   </div>
   <div class='ocr_carea' id='block_1_19' title="bbox 475 1467 1808 1536">
    <p class='ocr_par' dir='ltr' id='par_1_19' title="bbox 475 1467 1808 1536">
     <span class='ocr_line' id='line_1_19' title="bbox 475 1467 1808 1536; baseline -0.003 -12"><span class='ocrx_word' id='word_1_123' title='bbox 475 1467 591 1524; x_wconf 71' lang='lat' dir='ltr'><strong>nem</strong></span> <span class='ocrx_word' id='word_1_124' title='bbox 622 1482 836 1536; x_wconf 85' lang='lat' dir='ltr'><strong>tantum,</strong></span> <span class='ocrx_word' id='word_1_125' title='bbox 861 1488 965 1525; x_wconf 86' lang='lat' dir='ltr'><strong>non</strong></span> <span class='ocrx_word' id='word_1_126' title='bbox 993 1472 1147 1524; x_wconf 88' lang='lat' dir='ltr'><strong>etiam</strong></span> <span class='ocrx_word' id='word_1_127' title='bbox 1175 1467 1340 1522; x_wconf 80' lang='lat' dir='ltr'><strong>Deum</strong></span> <span class='ocrx_word' id='word_1_128' title='bbox 1364 1485 1473 1522; x_wconf 86' lang='lat' dir='ltr'><strong>esse</strong></span> <span class='ocrx_word' id='word_1_129' title='bbox 1501 1467 1808 1522; x_wconf 82' lang='lat' dir='ltr'><strong>crediderit?</strong></span> 
     </span>
    </p>
   </div>
   <div class='ocr_carea' id='block_1_20' title="bbox 547 1536 2050 1617">
    <p class='ocr_par' dir='ltr' id='par_1_20' title="bbox 547 1536 2050 1617">
     <span class='ocr_line' id='line_1_20' title="bbox 547 1536 2050 1617; baseline -0.003 -21"><span class='ocrx_word' id='word_1_130' title='bbox 547 1540 1002 1617; x_wconf 64' lang='lat' dir='ltr'><strong>:I‘heodoriautem</strong></span> <span class='ocrx_word' id='word_1_131' title='bbox 1016 1540 1297 1617; x_wconf 79' lang='grc' dir='ltr'><strong>περικοπὰς</strong></span> <span class='ocrx_word' id='word_1_132' title='bbox 1309 1537 1801 1617; x_wconf 65' lang='lat' dir='ltr'><strong>profcrtij‘acundus</strong></span> <span class='ocrx_word' id='word_1_133' title='bbox 1818 1536 1955 1607; x_wconf 87' lang='lat' dir='ltr'><strong>(Lib.</strong></span> <span class='ocrx_word' id='word_1_134' title='bbox 1977 1553 2050 1601; x_wconf 90' lang='lat' dir='ltr'><strong>ut,</strong></span> 
     </span>
    </p>
   </div>
   <div class='ocr_carea' id='block_1_21' title="bbox 475 1607 2054 1681">
    <p class='ocr_par' dir='ltr' id='par_1_21' title="bbox 475 1607 2054 1681">
     <span class='ocr_line' id='line_1_21' title="bbox 475 1607 2054 1681; baseline 0 -19"><span class='ocrx_word' id='word_1_135' title='bbox 475 1626 520 1663; x_wconf 80' lang='grc' dir='ltr'><strong>ο.</strong></span> <span class='ocrx_word' id='word_1_136' title='bbox 537 1610 641 1681; x_wconf 74' lang='lat'><strong>2),</strong></span> <span class='ocrx_word' id='word_1_137' title='bbox 661 1617 768 1665; x_wconf 84' lang='lat' dir='ltr'><strong>tam</strong></span> <span class='ocrx_word' id='word_1_138' title='bbox 789 1611 1051 1681; x_wconf 79' lang='lat' dir='ltr'><strong>exquisite</strong></span> <span class='ocrx_word' id='word_1_139' title='bbox 1072 1607 1371 1681; x_wconf 67' lang='lat' dir='ltr'><strong>excerptas,</strong></span> <span class='ocrx_word' id='word_1_140' title='bbox 1396 1617 1454 1681; x_wconf 85' lang='lat' dir='ltr'><strong>ut</strong></span> <span class='ocrx_word' id='word_1_141' title='bbox 1479 1608 1609 1681; x_wconf 78' lang='lat' dir='ltr'><strong>nihil</strong></span> <span class='ocrx_word' id='word_1_142' title='bbox 1632 1607 1873 1681; x_wconf 86' lang='lat' dir='ltr'><strong>videatur</strong></span> <span class='ocrx_word' id='word_1_143' title='bbox 1897 1624 2054 1681; x_wconf 86' lang='lat' dir='ltr'><strong>posse</strong></span> 
     </span>
    </p>
   </div>
   <div class='ocr_carea' id='block_1_22' title="bbox 474 1676 2052 1748">
    <p class='ocr_par' dir='ltr' id='par_1_22' title="bbox 474 1676 2052 1748">
     <span class='ocr_line' id='line_1_22' title="bbox 474 1676 2052 1748; baseline -0.001 -15"><span class='ocrx_word' id='word_1_144' title='bbox 474 1676 1057 1748; x_wconf 46' lang='lat' dir='ltr'><strong>signiﬁcantius-rectm</strong></span> <span class='ocrx_word' id='word_1_145' title='bbox 1099 1676 1448 1733; x_wconf 76' lang='lat' dir='ltr'><strong>lideiaﬁ‘erri.</strong></span> <span class='ocrx_word' id='word_1_146' title='bbox 1480 1677 1637 1748; x_wconf 80' lang='lat' dir='ltr'><strong>Libro</strong></span> <span class='ocrx_word' id='word_1_147' title='bbox 1679 1676 1877 1731; x_wconf 85' lang='lat' dir='ltr'><strong>decimo</strong></span> <span class='ocrx_word' id='word_1_148' title='bbox 1907 1680 2052 1731; x_wconf 87' lang='lat' dir='ltr'><strong>tertio</strong></span> 
     </span>
    </p>
   </div>
   <div class='ocr_carea' id='block_1_23' title="bbox 476 1746 2054 1804">
    <p class='ocr_par' dir='ltr' id='par_1_23' title="bbox 476 1746 2054 1804">
     <span class='ocr_line' id='line_1_23' title="bbox 476 1746 2054 1804; baseline -0.003 -1"><span class='ocrx_word' id='word_1_149' title='bbox 476 1746 544 1804; x_wconf 77' lang='lat' dir='ltr'><strong>de</strong></span> <span class='ocrx_word' id='word_1_150' title='bbox 569 1749 941 1804; x_wconf 86' lang='lat' dir='ltr'><strong>Incarnatione</strong></span> <span class='ocrx_word' id='word_1_151' title='bbox 969 1767 986 1804; x_wconf 90' lang='lat'><strong><em>:</em></strong></span> <span class='ocrx_word' id='word_1_152' title='bbox 1020 1749 1216 1802; x_wconf 86' lang='lat' dir='ltr'><strong>Bonum</strong></span> <span class='ocrx_word' id='word_1_153' title='bbox 1244 1759 1321 1801; x_wconf 87' lang='lat' dir='ltr'><strong>est</strong></span> <span class='ocrx_word' id='word_1_154' title='bbox 1353 1748 1407 1800; x_wconf 87' lang='lat' dir='ltr'><strong>in</strong></span> <span class='ocrx_word' id='word_1_155' title='bbox 1427 1748 1520 1800; x_wconf 83' lang='lat' dir='ltr'><strong>hoc</strong></span> <span class='ocrx_word' id='word_1_156' title='bbox 1548 1746 1660 1800; x_wconf 84' lang='lat' dir='ltr'><strong>loco</strong></span> <span class='ocrx_word' id='word_1_157' title='bbox 1687 1748 1910 1800; x_wconf 70' lang='lat' dir='ltr'><strong>maxime</strong></span> <span class='ocrx_word' id='word_1_158' title='bbox 1933 1763 2054 1800; x_wconf 81' lang='lat' dir='ltr'><strong>con-</strong></span> 
     </span>
    </p>
   </div>
   <div class='ocr_carea' id='block_1_24' title="bbox 474 1817 2055 1890">
    <p class='ocr_par' dir='ltr' id='par_1_24' title="bbox 474 1817 2055 1890">
     <span class='ocr_line' id='line_1_24' title="bbox 474 1817 2055 1890; baseline -0.001 -18"><span class='ocrx_word' id='word_1_159' title='bbox 474 1820 678 1874; x_wconf 76' lang='lat' dir='ltr'><strong>cludere</strong></span> <span class='ocrx_word' id='word_1_160' title='bbox 701 1820 825 1890; x_wconf 86' lang='lat' dir='ltr'><strong>quid</strong></span> <span class='ocrx_word' id='word_1_161' title='bbox 870 1821 1085 1890; x_wconf 84' lang='lat' dir='ltr'><strong>virtutis</strong></span> <span class='ocrx_word' id='word_1_162' title='bbox 1117 1819 1337 1890; x_wconf 84' lang='lat' dir='ltr'><strong>habeant</strong></span> <span class='ocrx_word' id='word_1_163' title='bbox 1363 1833 1423 1870; x_wconf 87' lang='lat' dir='ltr'><strong>ea</strong></span> <span class='ocrx_word' id='word_1_164' title='bbox 1451 1833 1570 1890; x_wconf 54' lang='lat' dir='ltr'><strong>qua;</strong></span> <span class='ocrx_word' id='word_1_165' title='bbox 1606 1817 1740 1890; x_wconf 82' lang='lat' dir='ltr'><strong>dicta</strong></span> <span class='ocrx_word' id='word_1_166' title='bbox 1769 1827 1906 1878; x_wconf 85' lang='lat' dir='ltr'><strong>sunt,</strong></span> <span class='ocrx_word' id='word_1_167' title='bbox 1952 1818 2055 1890; x_wconf 82' lang='lat' dir='ltr'><strong>sire</strong></span> 
     </span>
    </p>
   </div>
   <div class='ocr_carea' id='block_1_25' title="bbox 475 1886 2050 1957">
    <p class='ocr_par' dir='ltr' id='par_1_25' title="bbox 475 1886 2050 1957">
     <span class='ocr_line' id='line_1_25' title="bbox 475 1886 2050 1957; baseline -0.001 -16"><span class='ocrx_word' id='word_1_168' title='bbox 475 1886 788 1954; x_wconf 75' lang='lat' dir='ltr'><strong>conversari,</strong></span> <span class='ocrx_word' id='word_1_169' title='bbox 819 1891 922 1943; x_wconf 79' lang='lat' dir='ltr'><strong>sive</strong></span> <span class='ocrx_word' id='word_1_170' title='bbox 949 1889 1232 1957; x_wconf 67' lang='lat' dir='ltr'><strong>baptizari,</strong></span> <span class='ocrx_word' id='word_1_171' title='bbox 1263 1889 1368 1941; x_wconf 82' lang='lat' dir='ltr'><strong>sive</strong></span> <span class='ocrx_word' id='word_1_172' title='bbox 1391 1886 1646 1956; x_wconf 84' lang='lat' dir='ltr'><strong>crucifigi,</strong></span> <span class='ocrx_word' id='word_1_173' title='bbox 1677 1886 1782 1957; x_wconf 82' lang='lat' dir='ltr'><strong>sive</strong></span> <span class='ocrx_word' id='word_1_174' title='bbox 1817 1897 1867 1939; x_wconf 85' lang='lat' dir='ltr'><strong>et</strong></span> <span class='ocrx_word' id='word_1_175' title='bbox 1901 1889 2050 1952; x_wconf 88' lang='lat' dir='ltr'><strong>mori,</strong></span> 
     </span>
    </p>
   </div>
   <div class='ocr_carea' id='block_1_26' title="bbox 474 1955 2053 2028">
    <p class='ocr_par' dir='ltr' id='par_1_26' title="bbox 474 1955 2053 2028">
     <span class='ocr_line' id='line_1_26' title="bbox 474 1955 2053 2028; baseline -0.001 -16"><span class='ocrx_word' id='word_1_176' title='bbox 474 1967 524 2012; x_wconf 89' lang='lat' dir='ltr'><strong>et</strong></span> <span class='ocrx_word' id='word_1_177' title='bbox 549 1961 772 2028; x_wconf 76' lang='lat' dir='ltr'><strong>sepeliri,</strong></span> <span class='ocrx_word' id='word_1_178' title='bbox 802 1970 852 2012; x_wconf 91' lang='lat' dir='ltr'><strong>et</strong></span> <span class='ocrx_word' id='word_1_179' title='bbox 872 1955 1152 2028; x_wconf 74' lang='lat' dir='ltr'><strong>resurgere.</strong></span> <span class='ocrx_word' id='word_1_180' title='bbox 1178 1956 1302 2011; x_wconf 88' lang='lat' dir='ltr'><strong>Non</strong></span> <span class='ocrx_word' id='word_1_181' title='bbox 1331 1972 1458 2028; x_wconf 84' lang='lat' dir='ltr'><strong>puro</strong></span> <span class='ocrx_word' id='word_1_182' title='bbox 1487 1955 1642 2010; x_wconf 81' lang='lat' dir='ltr'><strong>alicui</strong></span> <span class='ocrx_word' id='word_1_183' title='bbox 1668 1955 1774 2008; x_wconf 64' lang='lat' dir='ltr'><strong>haec</strong></span> <span class='ocrx_word' id='word_1_184' title='bbox 1802 1968 2053 2028; x_wconf 85' lang='lat' dir='ltr'><strong>coaptan-</strong></span> 
     </span>
    </p>
   </div>
   <div class='ocr_carea' id='block_1_27' title="bbox 480 2026 2056 2097">
    <p class='ocr_par' dir='ltr' id='par_1_27' title="bbox 480 2026 2056 2097">
     <span class='ocr_line' id='line_1_27' title="bbox 480 2026 2056 2097; baseline 0 -17"><span class='ocrx_word' id='word_1_185' title='bbox 480 2036 553 2080; x_wconf 88' lang='lat' dir='ltr'><strong>tes</strong></span> <span class='ocrx_word' id='word_1_186' title='bbox 577 2026 772 2082; x_wconf 74' lang='lat' dir='ltr'><strong>liam-ini</strong></span> <span class='ocrx_word' id='word_1_187' title='bbox 807 2026 1041 2082; x_wconf 73' lang='lat' dir='ltr'><strong>dicimus.</strong></span> <span class='ocrx_word' id='word_1_188' title='bbox 1078 2026 1194 2081; x_wconf 79' lang='lat' dir='ltr'><strong>Hoc</strong></span> <span class='ocrx_word' id='word_1_189' title='bbox 1221 2028 1358 2081; x_wconf 85' lang='lat' dir='ltr'><strong>enim</strong></span> <span class='ocrx_word' id='word_1_190' title='bbox 1397 2027 1452 2079; x_wconf 85' lang='lat' dir='ltr'><strong>in</strong></span> <span class='ocrx_word' id='word_1_191' title='bbox 1480 2042 1782 2097; x_wconf 81' lang='lat' dir='ltr'><strong>unaquaque</strong></span> <span class='ocrx_word' id='word_1_192' title='bbox 1807 2026 2056 2080; x_wconf 83' lang='lat' dir='ltr'><strong>dictorum</strong></span> 
     </span>
    </p>
   </div>
   <div class='ocr_carea' id='block_1_28' title="bbox 476 2095 2054 2158">
    <p class='ocr_par' dir='ltr' id='par_1_28' title="bbox 476 2095 2054 2158">
     <span class='ocr_line' id='line_1_28' title="bbox 476 2095 2054 2158; baseline -0.001 -8"><span class='ocrx_word' id='word_1_193' title='bbox 476 2097 907 2152; x_wconf 74' lang='lat' dir='ltr'><strong>demonstratione</strong></span> <span class='ocrx_word' id='word_1_194' title='bbox 934 2097 1124 2152; x_wconf 86' lang='lat' dir='ltr'><strong>addere</strong></span> <span class='ocrx_word' id='word_1_195' title='bbox 1142 2112 1243 2150; x_wconf 87' lang='lat' dir='ltr'><strong>non</strong></span> <span class='ocrx_word' id='word_1_196' title='bbox 1261 2112 1537 2158; x_wconf 87' lang='lat' dir='ltr'><strong>moramur,</strong></span> <span class='ocrx_word' id='word_1_197' title='bbox 1561 2095 1616 2148; x_wconf 83' lang='lat' dir='ltr'><strong>ut</strong></span> <span class='ocrx_word' id='word_1_198' title='bbox 1635 2095 1829 2150; x_wconf 78' lang='lat' dir='ltr'><strong>nullam</strong></span> <span class='ocrx_word' id='word_1_199' title='bbox 1857 2097 2054 2149; x_wconf 85' lang='lat' dir='ltr'><strong>calum-</strong></span> 
     </span>
    </p>
   </div>
   <div class='ocr_carea' id='block_1_29' title="bbox 476 2165 2056 2238">
    <p class='ocr_par' dir='ltr' id='par_1_29' title="bbox 476 2165 2056 2238">
     <span class='ocr_line' id='line_1_29' title="bbox 476 2165 2056 2238; baseline 0 -18"><span class='ocrx_word' id='word_1_200' title='bbox 476 2167 734 2238; x_wconf 84' lang='lat' dir='ltr'><strong>niantibus</strong></span> <span class='ocrx_word' id='word_1_201' title='bbox 764 2167 1094 2238; x_wconf 76' lang='lat' dir='ltr'><strong>prwbeamus_</strong></span> <span class='ocrx_word' id='word_1_202' title='bbox 1125 2167 1260 2238; x_wconf 56' lang='lat' dir='ltr'><strong>male</strong></span> <span class='ocrx_word' id='word_1_203' title='bbox 1299 2167 1536 2238; x_wconf 73' lang='lat' dir='ltr'><strong>loquendi</strong></span> <span class='ocrx_word' id='word_1_204' title='bbox 1573 2167 1908 2238; x_wconf 76' lang='lat' dir='ltr'><strong>occasionem.</strong></span> <span class='ocrx_word' id='word_1_205' title='bbox 1951 2165 2056 2220; x_wconf 87' lang='lat' dir='ltr'><strong>Sed</strong></span> 
     </span>
    </p>
   </div>
   <div class='ocr_carea' id='block_1_30' title="bbox 473 2235 2055 2310">
    <p class='ocr_par' dir='ltr' id='par_1_30' title="bbox 473 2235 2055 2310">
     <span class='ocr_line' id='line_1_30' title="bbox 473 2235 2055 2310; baseline -0.001 -20"><span class='ocrx_word' id='word_1_206' title='bbox 473 2235 986 2310; x_wconf 55' lang='lat' dir='ltr'><strong>inhabitato&#39;quidem</strong></span> <span class='ocrx_word' id='word_1_207' title='bbox 1008 2255 1039 2310; x_wconf 70' lang='grc' dir='ltr'>ᾳ</span> <span class='ocrx_word' id='word_1_208' title='bbox 1059 2236 1170 2310; x_wconf 83' lang='lat' dir='ltr'><strong>Deo</strong></span> <span class='ocrx_word' id='word_1_209' title='bbox 1203 2235 1382 2301; x_wconf 81' lang='lat' dir='ltr'><strong>Verbo,</strong></span> <span class='ocrx_word' id='word_1_210' title='bbox 1406 2236 1468 2288; x_wconf 91' lang='lat' dir='ltr'><strong>ab</strong></span> <span class='ocrx_word' id='word_1_211' title='bbox 1489 2238 1602 2305; x_wconf 88' lang='lat' dir='ltr'><strong>ipsa</strong></span> <span class='ocrx_word' id='word_1_212' title='bbox 1623 2237 1677 2290; x_wconf 88' lang='lat' dir='ltr'><strong>in</strong></span> <span class='ocrx_word' id='word_1_213' title='bbox 1701 2244 1848 2310; x_wconf 80' lang='lat' dir='ltr'><strong>utero</strong></span> <span class='ocrx_word' id='word_1_214' title='bbox 1875 2238 2055 2289; x_wconf 81' lang='lat' dir='ltr'><strong>matris</strong></span> 
     </span>
    </p>
   </div>
   <div class='ocr_carea' id='block_1_31' title="bbox 474 2305 2056 2376">
    <p class='ocr_par' dir='ltr' id='par_1_31' title="bbox 474 2305 2056 2376">
     <span class='ocr_line' id='line_1_31' title="bbox 474 2305 2056 2376; baseline 0 -18"><span class='ocrx_word' id='word_1_215' title='bbox 474 2305 816 2376; x_wconf 84' lang='lat' dir='ltr'><strong>plasmatione</strong></span> <span class='ocrx_word' id='word_1_216' title='bbox 845 2324 862 2362; x_wconf 90' lang='lat'><strong><em>:</em></strong></span> <span class='ocrx_word' id='word_1_217' title='bbox 891 2307 1175 2361; x_wconf 84' lang='lat' dir='ltr'><strong>inhabitalo</strong></span> <span class='ocrx_word' id='word_1_218' title='bbox 1205 2323 1350 2370; x_wconf 85' lang='lat' dir='ltr'><strong>vero,</strong></span> <span class='ocrx_word' id='word_1_219' title='bbox 1382 2321 1482 2359; x_wconf 85' lang='lat' dir='ltr'><strong>non</strong></span> <span class='ocrx_word' id='word_1_220' title='bbox 1517 2305 1794 2359; x_wconf 84' lang='lat' dir='ltr'><strong>secundum</strong></span> <span class='ocrx_word' id='word_1_221' title='bbox 1829 2322 2056 2359; x_wconf 88' lang='lat' dir='ltr'><strong>commu-</strong></span> 
     </span>
    </p>
   </div>
   <div class='ocr_carea' id='block_1_32' title="bbox 474 2375 2053 2446">
    <p class='ocr_par' dir='ltr' id='par_1_32' title="bbox 474 2375 2053 2446">
     <span class='ocr_line' id='line_1_32' title="bbox 474 2375 2053 2446; baseline 0 -18"><span class='ocrx_word' id='word_1_222' title='bbox 474 2375 591 2429; x_wconf 82' lang='lat' dir='ltr'><strong>nem</strong></span> <span class='ocrx_word' id='word_1_223' title='bbox 611 2377 1228 2446; x_wconf 83' lang='lat' dir='ltr'><strong>inhabitationent,neque</strong></span> <span class='ocrx_word' id='word_1_224' title='bbox 1231 2377 1385 2446; x_wconf 75' lang='lat' dir='ltr'><strong>juxta</strong></span> <span class='ocrx_word' id='word_1_225' title='bbox 1407 2392 1520 2446; x_wconf 86' lang='lat' dir='ltr'><strong>eam</strong></span> <span class='ocrx_word' id='word_1_226' title='bbox 1548 2392 1661 2446; x_wconf 77' lang='lat' dir='ltr'><strong>qute</strong></span> <span class='ocrx_word' id='word_1_227' title='bbox 1688 2375 1943 2446; x_wconf 7' lang='lat' dir='ltr'><strong>inimultis</strong></span> <span class='ocrx_word' id='word_1_228' title='bbox 1970 2376 2053 2429; x_wconf 89' lang='lat' dir='ltr'><strong>in-</strong></span> 
     </span>
    </p>
   </div>
   <div class='ocr_carea' id='block_1_33' title="bbox 477 2444 2056 2518">
    <p class='ocr_par' dir='ltr' id='par_1_33' title="bbox 477 2444 2056 2518">
     <span class='ocr_line' id='line_1_33' title="bbox 477 2444 2056 2518; baseline 0.001 -19"><span class='ocrx_word' id='word_1_229' title='bbox 477 2446 724 2517; x_wconf 86' lang='lat' dir='ltr'><strong>telligitur</strong></span> <span class='ocrx_word' id='word_1_230' title='bbox 745 2449 990 2518; x_wconf 86' lang='lat' dir='ltr'><strong>gratiam,</strong></span> <span class='ocrx_word' id='word_1_231' title='bbox 1016 2447 1106 2501; x_wconf 87' lang='lat' dir='ltr'><strong>sed</strong></span> <span class='ocrx_word' id='word_1_232' title='bbox 1119 2444 1581 2518; x_wconf 13' lang='lat' dir='ltr'><strong>juxiarquamdam</strong></span> <span class='ocrx_word' id='word_1_233' title='bbox 1603 2444 1948 2510; x_wconf 73' lang='lat' dir='ltr'><strong>excellentem,</strong></span> <span class='ocrx_word' id='word_1_234' title='bbox 1976 2461 2056 2500; x_wconf 80' lang='lat' dir='ltr'><strong>se-</strong></span> 
     </span>
    </p>
   </div>
   <div class='ocr_carea' id='block_1_34' title="bbox 476 2516 2050 2599">
    <p class='ocr_par' dir='ltr' id='par_1_34' title="bbox 476 2516 2050 2599">
     <span class='ocr_line' id='line_1_34' title="bbox 476 2516 2050 2599; baseline -0.001 -30"><span class='ocrx_word' id='word_1_235' title='bbox 476 2516 694 2570; x_wconf 80' lang='lat' dir='ltr'><strong>cundum</strong></span> <span class='ocrx_word' id='word_1_236' title='bbox 722 2516 871 2599; x_wconf 73' lang='lat' dir='ltr'><strong>quam</strong></span> <span class='ocrx_word' id='word_1_237' title='bbox 898 2518 1050 2599; x_wconf 71' lang='lat' dir='ltr'><strong>etiam</strong></span> <span class='ocrx_word' id='word_1_238' title='bbox 1079 2516 1536 2599; x_wconf 41' lang='lat' dir='ltr'><strong>adunarin&#39;dicimus</strong></span> <span class='ocrx_word' id='word_1_239' title='bbox 1557 2524 1792 2586; x_wconf 78' lang='lat' dir='ltr'><strong>utrasque</strong></span> <span class='ocrx_word' id='word_1_240' title='bbox 1819 2525 2050 2581; x_wconf 86' lang='lat' dir='ltr'><strong>naturas,</strong></span> 
     </span>
    </p>
   </div>
   <div class='ocr_carea' id='block_1_35' title="bbox 475 2585 1927 2658">
    <p class='ocr_par' dir='ltr' id='par_1_35' title="bbox 475 2585 1927 2658">
     <span class='ocr_line' id='line_1_35' title="bbox 475 2585 1927 2658; baseline 0 -20"><span class='ocrx_word' id='word_1_241' title='bbox 475 2594 526 2639; x_wconf 76' lang='lat' dir='ltr'><strong>et</strong></span> <span class='ocrx_word' id='word_1_242' title='bbox 549 2603 705 2640; x_wconf 87' lang='lat' dir='ltr'><strong>unam</strong></span> <span class='ocrx_word' id='word_1_243' title='bbox 714 2585 869 2658; x_wconf 77' lang='lat' dir='ltr'><strong>juxta</strong></span> <span class='ocrx_word' id='word_1_244' title='bbox 885 2587 1252 2658; x_wconf 84' lang='lat' dir='ltr'><strong>adunatiouem</strong></span> <span class='ocrx_word' id='word_1_245' title='bbox 1262 2585 1492 2654; x_wconf 77' lang='lat' dir='ltr'><strong>effectam</strong></span> <span class='ocrx_word' id='word_1_246' title='bbox 1511 2601 1619 2658; x_wconf 77' lang='lat' dir='ltr'><strong>esse</strong></span> <span class='ocrx_word' id='word_1_247' title='bbox 1638 2585 1927 2658; x_wconf 52' lang='lat' dir='ltr'><strong>personant.</strong></span> 
     </span>
    </p>
   </div>
   <div class='ocr_carea' id='block_1_36' title="bbox 547 2653 2054 2726">
    <p class='ocr_par' dir='ltr' id='par_1_36' title="bbox 547 2653 2054 2726">
     <span class='ocr_line' id='line_1_36' title="bbox 547 2653 2054 2726; baseline -0.001 -14"><span class='ocrx_word' id='word_1_248' title='bbox 547 2653 736 2726; x_wconf 69' lang='lat' dir='ltr'><strong>“perte</strong></span> <span class='ocrx_word' id='word_1_249' title='bbox 761 2657 987 2726; x_wconf 81' lang='lat' dir='ltr'><strong>pretium</strong></span> <span class='ocrx_word' id='word_1_250' title='bbox 1013 2653 1585 2726; x_wconf 60' lang='lat' dir='ltr'><strong>estviderdqupmodo</strong></span> <span class='ocrx_word' id='word_1_251' title='bbox 1614 2653 2054 2726; x_wconf 70' lang='lat' dir='ltr'><strong>singulasTheo-</strong></span> 
     </span>
    </p>
   </div>
   <div class='ocr_carea' id='block_1_37' title="bbox 457 2723 2051 2850">
    <p class='ocr_par' dir='ltr' id='par_1_37' title="bbox 457 2723 2051 2850">
     <span class='ocr_line' id='line_1_37' title="bbox 457 2723 2051 2850; baseline -0.003 -68"><span class='ocrx_word' id='word_1_252' title='bbox 457 2723 910 2850; x_wconf 54' lang='lat' dir='ltr'><strong>‘tflori:sententias</strong></span> <span class='ocrx_word' id='word_1_253' title='bbox 942 2732 1342 2796; x_wconf 71' lang='lat' dir='ltr'><strong>argumentatur</strong></span> <span class='ocrx_word' id='word_1_254' title='bbox 1367 2723 1646 2779; x_wconf 84' lang='lat' dir='ltr'><strong>Faeundus</strong></span> <span class='ocrx_word' id='word_1_255' title='bbox 1675 2725 1741 2778; x_wconf 89' lang='lat' dir='ltr'><strong>ad</strong></span> <span class='ocrx_word' id='word_1_256' title='bbox 1772 2724 1936 2794; x_wconf 80' lang='lat' dir='ltr'><strong>ipsius</strong></span> <span class='ocrx_word' id='word_1_257' title='bbox 1956 2723 2051 2778; x_wconf 90' lang='lat' dir='ltr'><strong>de-</strong></span> 
     </span>
     <span class='ocr_line' id='line_1_38' title="bbox 497 2813 791 2850; baseline 0 0"><span class='ocrx_word' id='word_1_258' title='bbox 497 2813 791 2850; x_wconf 81' lang='lat' dir='ltr'><strong>ensmuem.</strong></span> 
     </span>
    </p>
   </div>
   <div class='ocr_carea' id='block_1_38' title="bbox 451 2813 791 2852">
    <p class='ocr_par' dir='ltr' id='par_1_38' title="bbox 451 2813 791 2852">
     <span class='ocr_line' id='line_1_39' title="bbox 451 2813 791 2852; baseline 0.012 -5"><span class='ocrx_word' id='word_1_259' title='bbox 451 2843 456 2847; x_wconf 89' lang='lat'><strong>.</strong></span> <span class='ocrx_word' id='word_1_260' title='bbox 475 2813 791 2852; x_wconf 75' lang='lat' dir='ltr'><strong>lellSIOIICm.</strong></span> 
     </span>
    </p>
   </div>
   <div class='ocr_carea' id='block_1_39' title="bbox 534 2893 1990 2962">
    <p class='ocr_par' dir='ltr' id='par_1_39' title="bbox 534 2893 1990 2962">
     <span class='ocr_line' id='line_1_40' title="bbox 534 2893 1990 2962; baseline -0.003 -14"><span class='ocrx_word' id='word_1_261' title='bbox 534 2897 664 2962; x_wconf 66' lang='grc' dir='ltr'><strong>μί.</strong></span> <span class='ocrx_word' id='word_1_262' title='bbox 701 2899 852 2958; x_wconf 79' lang='lat' dir='ltr'><strong>Quam</strong></span> <span class='ocrx_word' id='word_1_263' title='bbox 881 2897 1064 2946; x_wconf 73' lang='lat' dir='ltr'><strong>inﬁrma</strong></span> <span class='ocrx_word' id='word_1_264' title='bbox 1089 2897 1184 2945; x_wconf 85' lang='lat' dir='ltr'><strong>sint</strong></span> <span class='ocrx_word' id='word_1_265' title='bbox 1208 2909 1318 2959; x_wconf 79' lang='lat' dir='ltr'><strong>quae</strong></span> <span class='ocrx_word' id='word_1_266' title='bbox 1342 2908 1428 2958; x_wconf 89' lang='lat' dir='ltr'><strong>pro</strong></span> <span class='ocrx_word' id='word_1_267' title='bbox 1450 2894 1682 2945; x_wconf 85' lang='lat' dir='ltr'><strong>Nestorio</strong></span> <span class='ocrx_word' id='word_1_268' title='bbox 1705 2893 1990 2944; x_wconf 77' lang='lat' dir='ltr'><strong>aﬁeruntur.</strong></span> 
     </span>
    </p>
   </div>
   <div class='ocr_carea' id='block_1_40' title="bbox 547 2997 2047 3069">
    <p class='ocr_par' dir='ltr' id='par_1_40' title="bbox 547 2997 2047 3069">
     <span class='ocr_line' id='line_1_41' title="bbox 547 2997 2047 3069; baseline -0.003 -15"><span class='ocrx_word' id='word_1_269' title='bbox 547 2999 721 3069; x_wconf 88' lang='lat' dir='ltr'><strong>Atque</strong></span> <span class='ocrx_word' id='word_1_270' title='bbox 763 3001 877 3055; x_wconf 72' lang='lat' dir='ltr'><strong>hazc</strong></span> <span class='ocrx_word' id='word_1_271' title='bbox 903 3005 1027 3054; x_wconf 90' lang='lat' dir='ltr'><strong>sunt</strong></span> <span class='ocrx_word' id='word_1_272' title='bbox 1053 2997 1396 3054; x_wconf 78' lang='lat' dir='ltr'><strong>defensorum</strong></span> <span class='ocrx_word' id='word_1_273' title='bbox 1440 2997 1670 3052; x_wconf 82' lang='lat' dir='ltr'><strong>Nestorii</strong></span> <span class='ocrx_word' id='word_1_274' title='bbox 1717 3005 2047 3069; x_wconf 84' lang='lat' dir='ltr'><strong>argumenta,</strong></span> 
     </span>
    </p>
   </div>
   <div class='ocr_carea' id='block_1_41' title="bbox 476 3068 2052 3147">
    <p class='ocr_par' dir='ltr' id='par_1_41' title="bbox 476 3068 2052 3147">
     <span class='ocr_line' id='line_1_42' title="bbox 476 3068 2052 3147; baseline -0.004 -22"><span class='ocrx_word' id='word_1_275' title='bbox 476 3087 594 3141; x_wconf 71' lang='lat' dir='ltr'><strong>qua:</strong></span> <span class='ocrx_word' id='word_1_276' title='bbox 622 3068 864 3147; x_wconf 79' lang='lat' dir='ltr'><strong>quamvis</strong></span> <span class='ocrx_word' id='word_1_277' title='bbox 878 3071 1114 3147; x_wconf 66' lang='lat' dir='ltr'><strong>habeant</strong></span> <span class='ocrx_word' id='word_1_278' title='bbox 1129 3070 1374 3147; x_wconf 38' lang='lat' dir='ltr'><strong>aliquam.</strong></span> <span class='ocrx_word' id='word_1_279' title='bbox 1383 3069 1628 3147; x_wconf 41' lang='lat' dir='ltr'><strong>speciem.</strong></span> <span class='ocrx_word' id='word_1_280' title='bbox 1641 3068 1771 3132; x_wconf 88' lang='lat' dir='ltr'><strong>veri,</strong></span> <span class='ocrx_word' id='word_1_281' title='bbox 1805 3083 1905 3147; x_wconf 72' lang='lat' dir='ltr'><strong>qua</strong></span> <span class='ocrx_word' id='word_1_282' title='bbox 1933 3068 2052 3147; x_wconf 78' lang='lat' dir='ltr'><strong>illu-</strong></span> 
     </span>
    </p>
   </div>
   <div class='ocr_carea' id='block_1_42' title="bbox 2087 1786 2130 1845">
    <p class='ocr_par' dir='ltr' id='par_1_42' title="bbox 2087 1786 2130 1845">
     <span class='ocr_line' id='line_1_43' title="bbox 2087 1786 2130 1845; baseline 0 0"><span class='ocrx_word' id='word_1_283' title='bbox 2087 1786 2130 1845; x_wconf 84' lang='grc' dir='ltr'><strong><em>Β</em></strong></span> 
     </span>
    </p>
   </div>
   <div class='ocr_carea' id='block_1_43' title="bbox 2157 497 2684 584">
    <p class='ocr_par' dir='ltr' id='par_1_43' title="bbox 2157 497 2684 584">
     <span class='ocr_line' id='line_1_44' title="bbox 2157 497 2684 584; baseline -0.002 -35"><span class='ocrx_word' id='word_1_284' title='bbox 2157 497 2556 584; x_wconf 32' lang='lat' dir='ltr'><strong>haesitatorem,</strong></span> <span class='ocrx_word' id='word_1_285' title='bbox 2580 505 2684 551; x_wconf 89' lang='lat' dir='ltr'><strong>etc.</strong></span> 
     </span>
    </p>
   </div>
   <div class='ocr_carea' id='block_1_44' title="bbox 2227 565 3725 636">
    <p class='ocr_par' dir='ltr' id='par_1_44' title="bbox 2227 565 3725 636">
     <span class='ocr_line' id='line_1_45' title="bbox 2227 565 3725 636; baseline 0.007 -18"><span class='ocrx_word' id='word_1_286' title='bbox 2227 565 2408 632; x_wconf 80' lang='lat' dir='ltr'><strong>Neque</strong></span> <span class='ocrx_word' id='word_1_287' title='bbox 2456 567 2631 620; x_wconf 90' lang='lat' dir='ltr'><strong>minor</strong></span> <span class='ocrx_word' id='word_1_288' title='bbox 2673 575 2756 621; x_wconf 85' lang='lat' dir='ltr'><strong>est</strong></span> <span class='ocrx_word' id='word_1_289' title='bbox 2785 565 2929 620; x_wconf 79' lang='lat' dir='ltr'><strong>fraus</strong></span> <span class='ocrx_word' id='word_1_290' title='bbox 2956 565 3183 621; x_wconf 86' lang='lat' dir='ltr'><strong>Nestorii</strong></span> <span class='ocrx_word' id='word_1_291' title='bbox 3217 569 3553 636; x_wconf 73' lang='lat' dir='ltr'><strong>przedicantis</strong></span> <span class='ocrx_word' id='word_1_292' title='bbox 3581 572 3725 628; x_wconf 75' lang='lat' dir='ltr'><strong>Chri-</strong></span> 
     </span>
    </p>
   </div>
   <div class='ocr_carea' id='block_1_45' title="bbox 2154 636 3722 704">
    <p class='ocr_par' dir='ltr' id='par_1_45' title="bbox 2154 636 3722 704">
     <span class='ocr_line' id='line_1_46' title="bbox 2154 636 3722 704; baseline 0.007 -18"><span class='ocrx_word' id='word_1_293' title='bbox 2154 643 2294 704; x_wconf 69' lang='lat' dir='ltr'><strong>stum</strong></span> <span class='ocrx_word' id='word_1_294' title='bbox 2324 649 2441 689; x_wconf 86' lang='lat' dir='ltr'><strong>esse</strong></span> <span class='ocrx_word' id='word_1_295' title='bbox 2463 651 2647 698; x_wconf 88' lang='lat' dir='ltr'><strong>unum,</strong></span> <span class='ocrx_word' id='word_1_296' title='bbox 2677 651 2948 704; x_wconf 88' lang='lat' dir='ltr'><strong>unumque</strong></span> <span class='ocrx_word' id='word_1_297' title='bbox 2977 636 3167 690; x_wconf 88' lang='lat' dir='ltr'><strong>Filium</strong></span> <span class='ocrx_word' id='word_1_298' title='bbox 3191 648 3244 691; x_wconf 90' lang='lat' dir='ltr'><strong>et</strong></span> <span class='ocrx_word' id='word_1_299' title='bbox 3267 639 3581 694; x_wconf 86' lang='lat' dir='ltr'><strong>Dominum:</strong></span> <span class='ocrx_word' id='word_1_300' title='bbox 3610 660 3722 698; x_wconf 81' lang='lat' dir='ltr'><strong>nam</strong></span> 
     </span>
    </p>
   </div>
   <div class='ocr_carea' id='block_1_46' title="bbox 2153 697 3724 783">
    <p class='ocr_par' dir='ltr' id='par_1_46' title="bbox 2153 697 3724 783">
     <span class='ocr_line' id='line_1_47' title="bbox 2153 697 3724 783; baseline 0.007 -28"><span class='ocrx_word' id='word_1_301' title='bbox 2153 697 2422 783; x_wconf 58' lang='lat' dir='ltr'><strong>Qhristum</strong></span> <span class='ocrx_word' id='word_1_302' title='bbox 2446 697 2673 759; x_wconf 84' lang='lat' dir='ltr'><strong>faciebat</strong></span> <span class='ocrx_word' id='word_1_303' title='bbox 2697 721 2804 783; x_wconf 79' lang='lat' dir='ltr'><strong>non</strong></span> <span class='ocrx_word' id='word_1_304' title='bbox 2827 697 3096 783; x_wconf 53' lang='lat' dir='ltr'><strong>h&#39;ypostasi</strong></span> <span class='ocrx_word' id='word_1_305' title='bbox 3121 723 3300 771; x_wconf 89' lang='lat' dir='ltr'><strong>unum,</strong></span> <span class='ocrx_word' id='word_1_306' title='bbox 3324 709 3420 769; x_wconf 84' lang='lat' dir='ltr'><strong>sed</strong></span> <span class='ocrx_word' id='word_1_307' title='bbox 3443 725 3724 783; x_wconf 68' lang='lat' dir='ltr'><strong>meram».-</strong></span> 
     </span>
    </p>
   </div>
   <div class='ocr_carea' id='block_1_47' title="bbox 2155 773 3714 842">
    <p class='ocr_par' dir='ltr' id='par_1_47' title="bbox 2155 773 3714 842">
     <span class='ocr_line' id='line_1_48' title="bbox 2155 773 3714 842; baseline 0.006 -17"><span class='ocrx_word' id='word_1_308' title='bbox 2155 773 2454 840; x_wconf 85' lang='lat' dir='ltr'><strong>junctione,</strong></span> <span class='ocrx_word' id='word_1_309' title='bbox 2479 790 2628 829; x_wconf 90' lang='lat' dir='ltr'><strong>more</strong></span> <span class='ocrx_word' id='word_1_310' title='bbox 2646 773 2950 842; x_wconf 85' lang='lat' dir='ltr'><strong>conjugum,</strong></span> <span class='ocrx_word' id='word_1_311' title='bbox 2977 777 3067 842; x_wconf 87' lang='lat' dir='ltr'><strong>qui</strong></span> <span class='ocrx_word' id='word_1_312' title='bbox 3089 786 3212 828; x_wconf 89' lang='lat' dir='ltr'><strong>sunt</strong></span> <span class='ocrx_word' id='word_1_313' title='bbox 3234 794 3395 831; x_wconf 88' lang='lat' dir='ltr'><strong>unum</strong></span> <span class='ocrx_word' id='word_1_314' title='bbox 3417 782 3714 834; x_wconf 71' lang='lat' dir='ltr'><strong>moraliter:</strong></span> 
     </span>
    </p>
   </div>
   <div class='ocr_carea' id='block_1_48' title="bbox 2159 843 3724 912">
    <p class='ocr_par' dir='ltr' id='par_1_48' title="bbox 2159 843 3724 912">
     <span class='ocr_line' id='line_1_49' title="bbox 2159 843 3724 912; baseline 0.006 -17"><span class='ocrx_word' id='word_1_315' title='bbox 2159 843 2302 910; x_wconf 90' lang='lat' dir='ltr'><strong>quod</strong></span> <span class='ocrx_word' id='word_1_316' title='bbox 2331 844 2634 912; x_wconf 82' lang='lat' dir='ltr'><strong>exemplum</strong></span> <span class='ocrx_word' id='word_1_317' title='bbox 2665 844 2898 898; x_wconf 84' lang='lat' dir='ltr'><strong>obtrudit</strong></span> <span class='ocrx_word' id='word_1_318' title='bbox 2918 846 3158 908; x_wconf 81' lang='lat' dir='ltr'><strong>subinde,</strong></span> <span class='ocrx_word' id='word_1_319' title='bbox 3203 854 3256 899; x_wconf 88' lang='lat' dir='ltr'><strong>et</strong></span> <span class='ocrx_word' id='word_1_320' title='bbox 3287 847 3603 903; x_wconf 86' lang='lat' dir='ltr'><strong>Theodorus</strong></span> <span class='ocrx_word' id='word_1_321' title='bbox 3633 851 3724 906; x_wconf 74' lang='lat' dir='ltr'><strong>Ne-</strong></span> 
     </span>
    </p>
   </div>
   <div class='ocr_carea' id='block_1_49' title="bbox 2154 912 3719 980">
    <p class='ocr_par' dir='ltr' id='par_1_49' title="bbox 2154 912 3719 980">
     <span class='ocr_line' id='line_1_50' title="bbox 2154 912 3719 980; baseline 0.006 -14"><span class='ocrx_word' id='word_1_322' title='bbox 2154 912 2305 966; x_wconf 86' lang='lat' dir='ltr'><strong>storii</strong></span> <span class='ocrx_word' id='word_1_323' title='bbox 2334 913 2601 980; x_wconf 84' lang='lat' dir='ltr'><strong>magister,</strong></span> <span class='ocrx_word' id='word_1_324' title='bbox 2634 923 2689 966; x_wconf 90' lang='lat' dir='ltr'><strong>et</strong></span> <span class='ocrx_word' id='word_1_325' title='bbox 2708 913 3077 969; x_wconf 87' lang='lat' dir='ltr'><strong>Theodoretus</strong></span> <span class='ocrx_word' id='word_1_326' title='bbox 3099 915 3294 970; x_wconf 77' lang='lat' dir='ltr'><strong>schola:</strong></span> <span class='ocrx_word' id='word_1_327' title='bbox 3323 917 3518 972; x_wconf 87' lang='lat' dir='ltr'><strong>socius.</strong></span> <span class='ocrx_word' id='word_1_328' title='bbox 3544 919 3719 974; x_wconf 78' lang='lat' dir='ltr'><strong>Facie-</strong></span> 
     </span>
    </p>
   </div>
   <div class='ocr_carea' id='block_1_50' title="bbox 2155 982 3722 1055">
    <p class='ocr_par' dir='ltr' id='par_1_50' title="bbox 2155 982 3722 1055">
     <span class='ocr_line' id='line_1_51' title="bbox 2155 982 3722 1055; baseline 0.005 -21"><span class='ocrx_word' id='word_1_329' title='bbox 2155 982 2248 1055; x_wconf 76' lang='lat' dir='ltr'><strong>bat</strong></span> <span class='ocrx_word' id='word_1_330' title='bbox 2275 989 2329 1034; x_wconf 86' lang='lat' dir='ltr'><strong>et</strong></span> <span class='ocrx_word' id='word_1_331' title='bbox 2359 999 2520 1055; x_wconf 85' lang='lat' dir='ltr'><strong>unum</strong></span> <span class='ocrx_word' id='word_1_332' title='bbox 2551 983 2740 1055; x_wconf 85' lang='lat' dir='ltr'><strong>Filium</strong></span> <span class='ocrx_word' id='word_1_333' title='bbox 2771 984 2863 1037; x_wconf 88' lang='lat' dir='ltr'><strong>Dei</strong></span> <span class='ocrx_word' id='word_1_334' title='bbox 2891 984 3214 1055; x_wconf 13' lang='lat' dir='ltr'><strong>et‘Virginis,</strong></span> <span class='ocrx_word' id='word_1_335' title='bbox 3246 987 3342 1040; x_wconf 87' lang='lat' dir='ltr'><strong>sed</strong></span> <span class='ocrx_word' id='word_1_336' title='bbox 3361 989 3722 1055; x_wconf 79' lang='lat' dir='ltr'><strong>mirabiliqua-</strong></span> 
     </span>
    </p>
   </div>
   <div class='ocr_carea' id='block_1_51' title="bbox 2153 1050 3718 1123">
    <p class='ocr_par' dir='ltr' id='par_1_51' title="bbox 2153 1050 3718 1123">
     <span class='ocr_line' id='line_1_52' title="bbox 2153 1050 3718 1123; baseline 0.006 -21"><span class='ocrx_word' id='word_1_337' title='bbox 2153 1050 2276 1104; x_wconf 86' lang='lat' dir='ltr'><strong>dam</strong></span> <span class='ocrx_word' id='word_1_338' title='bbox 2294 1053 2547 1121; x_wconf 85' lang='lat' dir='ltr'><strong>stropha;</strong></span> <span class='ocrx_word' id='word_1_339' title='bbox 2578 1053 2754 1106; x_wconf 89' lang='lat' dir='ltr'><strong>aiebat</strong></span> <span class='ocrx_word' id='word_1_340' title='bbox 2773 1055 2914 1107; x_wconf 90' lang='lat' dir='ltr'><strong>enim</strong></span> <span class='ocrx_word' id='word_1_341' title='bbox 2950 1050 3218 1108; x_wconf 79' lang='lat' dir='ltr'><strong>hominem</strong></span> <span class='ocrx_word' id='word_1_342' title='bbox 3248 1071 3367 1110; x_wconf 89' lang='lat' dir='ltr'><strong>esse</strong></span> <span class='ocrx_word' id='word_1_343' title='bbox 3393 1056 3584 1111; x_wconf 87' lang='lat' dir='ltr'><strong>Filium</strong></span> <span class='ocrx_word' id='word_1_344' title='bbox 3613 1050 3718 1123; x_wconf 86' lang='lat' dir='ltr'><strong>Dei,</strong></span> 
     </span>
    </p>
   </div>
   <div class='ocr_carea' id='block_1_52' title="bbox 2155 1123 3718 1197">
    <p class='ocr_par' dir='ltr' id='par_1_52' title="bbox 2155 1123 3718 1197">
     <span class='ocr_line' id='line_1_53' title="bbox 2155 1123 3718 1197; baseline 0.006 -25"><span class='ocrx_word' id='word_1_345' title='bbox 2155 1135 2262 1197; x_wconf 81' lang='lat' dir='ltr'><strong>non</strong></span> <span class='ocrx_word' id='word_1_346' title='bbox 2291 1130 2497 1197; x_wconf 75' lang='lat' dir='ltr'><strong>natura,</strong></span> <span class='ocrx_word' id='word_1_347' title='bbox 2525 1123 2618 1197; x_wconf 77' lang='lat' dir='ltr'><strong>sed</strong></span> <span class='ocrx_word' id='word_1_348' title='bbox 2648 1125 2888 1197; x_wconf 68' lang='lat' dir='ltr'><strong>unione;</strong></span> <span class='ocrx_word' id='word_1_349' title='bbox 2911 1138 3016 1197; x_wconf 79' lang='lat' dir='ltr'><strong>non</strong></span> <span class='ocrx_word' id='word_1_350' title='bbox 3046 1124 3170 1191; x_wconf 86' lang='lat' dir='ltr'><strong>quia</strong></span> <span class='ocrx_word' id='word_1_351' title='bbox 3212 1125 3491 1197; x_wconf 80' lang='lat' dir='ltr'><strong>foretipse</strong></span> <span class='ocrx_word' id='word_1_352' title='bbox 3535 1127 3718 1197; x_wconf 84' lang='lat' dir='ltr'><strong>Unige-</strong></span> 
     </span>
    </p>
   </div>
   <div class='ocr_carea' id='block_1_53' title="bbox 2155 1189 3718 1260">
    <p class='ocr_par' dir='ltr' id='par_1_53' title="bbox 2155 1189 3718 1260">
     <span class='ocr_line' id='line_1_54' title="bbox 2155 1189 3718 1260; baseline 0.006 -18"><span class='ocrx_word' id='word_1_353' title='bbox 2155 1189 2316 1253; x_wconf 89' lang='lat' dir='ltr'><strong>nitus,</strong></span> <span class='ocrx_word' id='word_1_354' title='bbox 2365 1191 2458 1245; x_wconf 89' lang='lat' dir='ltr'><strong>sed</strong></span> <span class='ocrx_word' id='word_1_355' title='bbox 2499 1193 2620 1259; x_wconf 85' lang='lat' dir='ltr'><strong>quia</strong></span> <span class='ocrx_word' id='word_1_356' title='bbox 2667 1191 2949 1260; x_wconf 84' lang='lat' dir='ltr'><strong>Unigeuito</strong></span> <span class='ocrx_word' id='word_1_357' title='bbox 2973 1189 3321 1260; x_wconf 75' lang='lat' dir='ltr'><strong>iungeretur;</strong></span> <span class='ocrx_word' id='word_1_358' title='bbox 3353 1189 3412 1248; x_wconf 54' lang='lat' dir='ltr'><strong>id&#39;</strong></span> <span class='ocrx_word' id='word_1_359' title='bbox 3433 1207 3535 1259; x_wconf 87' lang='lat' dir='ltr'><strong>est,</strong></span> <span class='ocrx_word' id='word_1_360' title='bbox 3561 1207 3618 1251; x_wconf 88' lang='lat' dir='ltr'><strong>ut</strong></span> <span class='ocrx_word' id='word_1_361' title='bbox 3633 1189 3718 1252; x_wconf 76' lang='lat' dir='ltr'><strong>io-</strong></span> 
     </span>
    </p>
   </div>
   <div class='ocr_carea' id='block_1_54' title="bbox 2154 1261 3716 1328">
    <p class='ocr_par' dir='ltr' id='par_1_54' title="bbox 2154 1261 3716 1328">
     <span class='ocr_line' id='line_1_55' title="bbox 2154 1261 3716 1328; baseline 0.007 -17"><span class='ocrx_word' id='word_1_362' title='bbox 2154 1269 2406 1327; x_wconf 89' lang='lat' dir='ltr'><strong>quuutur,</strong></span> <span class='ocrx_word' id='word_1_363' title='bbox 2430 1275 2548 1314; x_wconf 89' lang='lat' dir='ltr'><strong>esse</strong></span> <span class='ocrx_word' id='word_1_364' title='bbox 2574 1261 2783 1324; x_wconf 79' lang='lat' dir='ltr'><strong>Filium,</strong></span> <span class='ocrx_word' id='word_1_365' title='bbox 2807 1262 2932 1328; x_wconf 87' lang='lat' dir='ltr'><strong>quia</strong></span> <span class='ocrx_word' id='word_1_366' title='bbox 2961 1261 3097 1319; x_wconf 86' lang='lat' dir='ltr'><strong>Filii,</strong></span> <span class='ocrx_word' id='word_1_367' title='bbox 3131 1279 3238 1316; x_wconf 90' lang='lat' dir='ltr'><strong>non</strong></span> <span class='ocrx_word' id='word_1_368' title='bbox 3270 1264 3322 1316; x_wconf 93' lang='lat' dir='ltr'><strong>in</strong></span> <span class='ocrx_word' id='word_1_369' title='bbox 3353 1275 3522 1327; x_wconf 85' lang='lat' dir='ltr'><strong>recto,</strong></span> <span class='ocrx_word' id='word_1_370' title='bbox 3551 1269 3643 1321; x_wconf 84' lang='lat' dir='ltr'><strong>sed</strong></span> <span class='ocrx_word' id='word_1_371' title='bbox 3671 1269 3716 1321; x_wconf 88' lang='lat' dir='ltr'><strong>in</strong></span> 
     </span>
    </p>
   </div>
   <div class='ocr_carea' id='block_1_55' title="bbox 2155 1329 3722 1401">
    <p class='ocr_par' dir='ltr' id='par_1_55' title="bbox 2155 1329 3722 1401">
     <span class='ocr_line' id='line_1_56' title="bbox 2155 1329 3722 1401; baseline 0.006 -19"><span class='ocrx_word' id='word_1_372' title='bbox 2155 1329 2374 1396; x_wconf 88' lang='lat' dir='ltr'><strong>obliquo</strong></span> <span class='ocrx_word' id='word_1_373' title='bbox 2407 1348 2419 1381; x_wconf 92' lang='lat'><strong>:</strong></span> <span class='ocrx_word' id='word_1_374' title='bbox 2451 1330 2680 1401; x_wconf 78' lang='lat' dir='ltr'><strong>Verbum</strong></span> <span class='ocrx_word' id='word_1_375' title='bbox 2704 1331 3028 1401; x_wconf 75' lang='lat' dir='ltr'><strong>pariter_t_lici</strong></span> <span class='ocrx_word' id='word_1_376' title='bbox 3061 1330 3224 1385; x_wconf 84' lang='lat' dir='ltr'><strong>ﬁlium</strong></span> <span class='ocrx_word' id='word_1_377' title='bbox 3249 1332 3498 1401; x_wconf 83' lang='lat' dir='ltr'><strong>Virginis,</strong></span> <span class='ocrx_word' id='word_1_378' title='bbox 3531 1337 3722 1392; x_wconf 78' lang='lat' dir='ltr'><strong>inobli-</strong></span> 
     </span>
    </p>
   </div>
   <div class='ocr_carea' id='block_1_56' title="bbox 2155 1398 3714 1470">
    <p class='ocr_par' dir='ltr' id='par_1_56' title="bbox 2155 1398 3714 1470">
     <span class='ocr_line' id='line_1_57' title="bbox 2155 1398 3714 1470; baseline 0.007 -21"><span class='ocrx_word' id='word_1_379' title='bbox 2155 1413 2262 1465; x_wconf 90' lang='lat' dir='ltr'><strong>quo</strong></span> <span class='ocrx_word' id='word_1_380' title='bbox 2285 1407 2507 1470; x_wconf 84' lang='lat' dir='ltr'><strong>tantum,</strong></span> <span class='ocrx_word' id='word_1_381' title='bbox 2533 1400 2654 1470; x_wconf 81' lang='lat' dir='ltr'><strong>quia</strong></span> <span class='ocrx_word' id='word_1_382' title='bbox 2684 1398 2734 1452; x_wconf 89' lang='lat' dir='ltr'><strong>in</strong></span> <span class='ocrx_word' id='word_1_383' title='bbox 2767 1398 2875 1453; x_wconf 86' lang='lat' dir='ltr'><strong>ﬁlio</strong></span> <span class='ocrx_word' id='word_1_384' title='bbox 2906 1399 3135 1468; x_wconf 84' lang='lat' dir='ltr'><strong>Virginis</strong></span> <span class='ocrx_word' id='word_1_385' title='bbox 3174 1398 3467 1466; x_wconf 76' lang='lat' dir='ltr'><strong>habitabat,</strong></span> <span class='ocrx_word' id='word_1_386' title='bbox 3498 1407 3598 1460; x_wconf 87' lang='lat' dir='ltr'><strong>hoc</strong></span> <span class='ocrx_word' id='word_1_387' title='bbox 3623 1418 3714 1470; x_wconf 86' lang='lat' dir='ltr'><strong>est,</strong></span> 
     </span>
    </p>
   </div>
   <div class='ocr_carea' id='block_1_57' title="bbox 2155 1469 3716 1538">
    <p class='ocr_par' dir='ltr' id='par_1_57' title="bbox 2155 1469 3716 1538">
     <span class='ocr_line' id='line_1_58' title="bbox 2155 1469 3716 1538; baseline 0.008 -20"><span class='ocrx_word' id='word_1_388' title='bbox 2155 1469 2299 1536; x_wconf 86' lang='lat' dir='ltr'><strong>quod</strong></span> <span class='ocrx_word' id='word_1_389' title='bbox 2353 1471 2530 1522; x_wconf 87' lang='lat' dir='ltr'><strong>omnia</strong></span> <span class='ocrx_word' id='word_1_390' title='bbox 2565 1469 2720 1524; x_wconf 80' lang='lat' dir='ltr'><strong>Verbi</strong></span> <span class='ocrx_word' id='word_1_391' title='bbox 2741 1469 3077 1538; x_wconf 85' lang='lat' dir='ltr'><strong>hominisque</strong></span> <span class='ocrx_word' id='word_1_392' title='bbox 3107 1473 3486 1527; x_wconf 85' lang='lat' dir='ltr'><strong>communicari</strong></span> <span class='ocrx_word' id='word_1_393' title='bbox 3516 1469 3716 1530; x_wconf 81' lang='lat' dir='ltr'><strong>dicebat</strong></span> 
     </span>
    </p>
   </div>
   <div class='ocr_carea' id='block_1_58' title="bbox 2155 1539 2784 1610">
    <p class='ocr_par' dir='ltr' id='par_1_58' title="bbox 2155 1539 2784 1610">
     <span class='ocr_line' id='line_1_59' title="bbox 2155 1539 2784 1610; baseline 0.005 -20"><span class='ocrx_word' id='word_1_394' title='bbox 2155 1540 2262 1610; x_wconf 44' lang='grc' dir='ltr'><strong>καφ</strong></span> <span class='ocrx_word' id='word_1_395' title='bbox 2295 1539 2598 1610; x_wconf 76' lang='grc' dir='ltr'><strong>ὁμωνυμίαν.</strong></span> <span class='ocrx_word' id='word_1_396' title='bbox 2693 1609 2699 1610; x_wconf 16' lang='grc' dir='ltr'><em>γ</em></span> <span class='ocrx_word' id='word_1_397' title='bbox 2731 1608 2738 1610; x_wconf 17' lang='grc' dir='ltr'><strong>Α</strong></span> <span class='ocrx_word' id='word_1_398' title='bbox 2781 1583 2784 1586; x_wconf 84' lang='grc'>.</span> 
     </span>
    </p>
   </div>
   <div class='ocr_carea' id='block_1_59' title="bbox 2224 1606 3717 1679">
    <p class='ocr_par' dir='ltr' id='par_1_59' title="bbox 2224 1606 3717 1679">
     <span class='ocr_line' id='line_1_60' title="bbox 2224 1606 3717 1679; baseline 0.005 -20"><span class='ocrx_word' id='word_1_399' title='bbox 2224 1606 2340 1660; x_wconf 81' lang='lat' dir='ltr'><strong>Jam</strong></span> <span class='ocrx_word' id='word_1_400' title='bbox 2372 1606 2496 1664; x_wconf 81' lang='lat' dir='ltr'><strong>vero</strong></span> <span class='ocrx_word' id='word_1_401' title='bbox 2518 1608 2744 1679; x_wconf 82' lang='lat' dir='ltr'><strong>improbi</strong></span> <span class='ocrx_word' id='word_1_402' title='bbox 2766 1609 3087 1679; x_wconf 80' lang='lat' dir='ltr'><strong>cavillatoris</strong></span> <span class='ocrx_word' id='word_1_403' title='bbox 3108 1626 3292 1664; x_wconf 85' lang='lat' dir='ltr'><strong>vocem</strong></span> <span class='ocrx_word' id='word_1_404' title='bbox 3314 1627 3555 1679; x_wconf 70' lang='lat' dir='ltr'><strong>personae</strong></span> <span class='ocrx_word' id='word_1_405' title='bbox 3574 1631 3717 1667; x_wconf 79' lang='lat' dir='ltr'><strong>usur-</strong></span> 
     </span>
    </p>
   </div>
   <div class='ocr_carea' id='block_1_60' title="bbox 2157 1678 3720 1749">
    <p class='ocr_par' dir='ltr' id='par_1_60' title="bbox 2157 1678 3720 1749">
     <span class='ocr_line' id='line_1_61' title="bbox 2157 1678 3720 1749; baseline 0.005 -20"><span class='ocrx_word' id='word_1_406' title='bbox 2157 1679 2334 1746; x_wconf 86' lang='lat' dir='ltr'><strong>pantis</strong></span> <span class='ocrx_word' id='word_1_407' title='bbox 2363 1679 2654 1749; x_wconf 66' lang='lat' dir='ltr'><strong>praestigias</strong></span> <span class='ocrx_word' id='word_1_408' title='bbox 2675 1678 2878 1749; x_wconf 81' lang='lat' dir='ltr'><strong>detexit</strong></span> <span class='ocrx_word' id='word_1_409' title='bbox 2903 1678 3150 1749; x_wconf 82' lang='lat' dir='ltr'><strong>Cyrillus,</strong></span> <span class='ocrx_word' id='word_1_410' title='bbox 3169 1678 3506 1748; x_wconf 78' lang='lat' dir='ltr'><strong>ostenditque</strong></span> <span class='ocrx_word' id='word_1_411' title='bbox 3527 1685 3720 1738; x_wconf 83' lang='lat' dir='ltr'><strong>unitate</strong></span> 
     </span>
    </p>
   </div>
   <div class='ocr_carea' id='block_1_61' title="bbox 2194 1748 3717 1819">
    <p class='ocr_par' dir='ltr' id='par_1_61' title="bbox 2194 1748 3717 1819">
     <span class='ocr_line' id='line_1_62' title="bbox 2194 1748 3717 1819; baseline 0.005 -19"><span class='ocrx_word' id='word_1_412' title='bbox 2194 1763 2402 1819; x_wconf 58' lang='lat' dir='ltr'><strong>ersona;</strong></span> <span class='ocrx_word' id='word_1_413' title='bbox 2421 1749 2526 1813; x_wconf 82' lang='lat' dir='ltr'><strong>tegi</strong></span> <span class='ocrx_word' id='word_1_414' title='bbox 2539 1748 2801 1819; x_wconf 81' lang='lat' dir='ltr'><strong>lneresim,</strong></span> <span class='ocrx_word' id='word_1_415' title='bbox 2825 1763 2931 1819; x_wconf 75' lang='lat' dir='ltr'><strong>nec</strong></span> <span class='ocrx_word' id='word_1_416' title='bbox 2944 1748 3088 1802; x_wconf 84' lang='lat' dir='ltr'><strong>aliud</strong></span> <span class='ocrx_word' id='word_1_417' title='bbox 3104 1750 3387 1816; x_wconf 82' lang='lat' dir='ltr'><strong>signiﬁcari</strong></span> <span class='ocrx_word' id='word_1_418' title='bbox 3410 1767 3567 1817; x_wconf 84' lang='lat' dir='ltr'><strong>quam</strong></span> <span class='ocrx_word' id='word_1_419' title='bbox 3583 1756 3717 1819; x_wconf 81' lang='lat' dir='ltr'><strong>quod</strong></span> 
     </span>
    </p>
   </div>
   <div class='ocr_carea' id='block_1_62' title="bbox 2203 1816 3717 1888">
    <p class='ocr_par' dir='ltr' id='par_1_62' title="bbox 2203 1816 3717 1888">
     <span class='ocr_line' id='line_1_63' title="bbox 2203 1816 3717 1888; baseline 0.003 -18"><span class='ocrx_word' id='word_1_420' title='bbox 2203 1817 2253 1870; x_wconf 87' lang='lat' dir='ltr'><strong>ei</strong></span> <span class='ocrx_word' id='word_1_421' title='bbox 2302 1826 2356 1871; x_wconf 94' lang='lat' dir='ltr'><strong>et</strong></span> <span class='ocrx_word' id='word_1_422' title='bbox 2392 1817 2623 1888; x_wconf 85' lang='lat' dir='ltr'><strong>hominis</strong></span> <span class='ocrx_word' id='word_1_423' title='bbox 2676 1818 2862 1872; x_wconf 89' lang='lat' dir='ltr'><strong>eadem</strong></span> <span class='ocrx_word' id='word_1_424' title='bbox 2908 1816 3046 1871; x_wconf 78' lang='lat' dir='ltr'><strong>facta</strong></span> <span class='ocrx_word' id='word_1_425' title='bbox 3101 1820 3196 1880; x_wconf 91' lang='lat' dir='ltr'><strong>sit,</strong></span> <span class='ocrx_word' id='word_1_426' title='bbox 3239 1836 3334 1888; x_wconf 88' lang='lat' dir='ltr'><strong>per</strong></span> <span class='ocrx_word' id='word_1_427' title='bbox 3387 1816 3545 1874; x_wconf 65' lang='lat' dir='ltr'><strong>verbi</strong></span> <span class='ocrx_word' id='word_1_428' title='bbox 3584 1816 3717 1876; x_wconf 64' lang='grc' dir='ltr'><strong>ὃπ-</strong></span> 
     </span>
    </p>
   </div>
   <div class='ocr_carea' id='block_1_63' title="bbox 2157 1887 3712 1958">
    <p class='ocr_par' dir='ltr' id='par_1_63' title="bbox 2157 1887 3712 1958">
     <span class='ocr_line' id='line_1_64' title="bbox 2157 1887 3712 1958; baseline 0.005 -20"><span class='ocrx_word' id='word_1_429' title='bbox 2157 1888 2429 1958; x_wconf 80' lang='grc' dir='ltr'><strong>Θρὼπησιν,</strong></span> <span class='ocrx_word' id='word_1_430' title='bbox 2454 1887 2700 1958; x_wconf 87' lang='lat' dir='ltr'><strong>dignitas,</strong></span> <span class='ocrx_word' id='word_1_431' title='bbox 2733 1902 2943 1958; x_wconf 86' lang='lat' dir='ltr'><strong>unaque</strong></span> <span class='ocrx_word' id='word_1_432' title='bbox 2971 1887 3280 1954; x_wconf 84' lang='lat' dir='ltr'><strong>auctoritas,</strong></span> <span class='ocrx_word' id='word_1_433' title='bbox 3305 1898 3561 1957; x_wconf 84' lang='lat' dir='ltr'><strong>potestas.</strong></span> <span class='ocrx_word' id='word_1_434' title='bbox 3594 1903 3646 1946; x_wconf 87' lang='lat' dir='ltr'><strong>et</strong></span> <span class='ocrx_word' id='word_1_435' title='bbox 3672 1895 3712 1946; x_wconf 87' lang='lat' dir='ltr'><strong>si</strong></span> 
     </span>
    </p>
   </div>
   <div class='ocr_carea' id='block_1_64' title="bbox 2156 1956 3714 2036">
    <p class='ocr_par' dir='ltr' id='par_1_64' title="bbox 2156 1956 3714 2036">
     <span class='ocr_line' id='line_1_65' title="bbox 2156 1956 3714 2036; baseline 0.004 -27"><span class='ocrx_word' id='word_1_436' title='bbox 2156 1956 2275 2036; x_wconf 66' lang='lat' dir='ltr'><strong>qua:</strong></span> <span class='ocrx_word' id='word_1_437' title='bbox 2318 1958 2426 2011; x_wconf 90' lang='lat' dir='ltr'><strong>sint</strong></span> <span class='ocrx_word' id='word_1_438' title='bbox 2472 1958 2574 2010; x_wconf 86' lang='lat' dir='ltr'><strong>alia</strong></span> <span class='ocrx_word' id='word_1_439' title='bbox 2629 1956 2889 2036; x_wconf 80' lang='lat' dir='ltr'><strong>ejusmodi</strong></span> <span class='ocrx_word' id='word_1_440' title='bbox 2941 1959 3164 2011; x_wconf 85' lang='lat' dir='ltr'><strong>moralia</strong></span> <span class='ocrx_word' id='word_1_441' title='bbox 3195 1956 3469 2012; x_wconf 82' lang='lat' dir='ltr'><strong>voeabula.</strong></span> <span class='ocrx_word' id='word_1_442' title='bbox 3519 1961 3714 2015; x_wconf 72' lang='lat' dir='ltr'><strong>Nomen</strong></span> 
     </span>
    </p>
   </div>
   <div class='ocr_carea' id='block_1_65' title="bbox 2155 2027 3719 2096">
    <p class='ocr_par' dir='ltr' id='par_1_65' title="bbox 2155 2027 3719 2096">
     <span class='ocr_line' id='line_1_66' title="bbox 2155 2027 3719 2096; baseline 0.004 -19"><span class='ocrx_word' id='word_1_443' title='bbox 2155 2027 2296 2096; x_wconf 83' lang='lat' dir='ltr'><strong>enim</strong></span> <span class='ocrx_word' id='word_1_444' title='bbox 2342 2042 2585 2096; x_wconf 69' lang='lat' dir='ltr'><strong>persona:</strong></span> <span class='ocrx_word' id='word_1_445' title='bbox 2629 2027 2856 2094; x_wconf 79' lang='lat' dir='ltr'><strong>sumpsit</strong></span> <span class='ocrx_word' id='word_1_446' title='bbox 2882 2036 3150 2081; x_wconf 83' lang='lat' dir='ltr'><strong>veterator</strong></span> <span class='ocrx_word' id='word_1_447' title='bbox 3179 2043 3402 2095; x_wconf 82' lang='lat' dir='ltr'><strong>magnus</strong></span> <span class='ocrx_word' id='word_1_448' title='bbox 3432 2040 3488 2082; x_wconf 88' lang='lat' dir='ltr'><strong>ut</strong></span> <span class='ocrx_word' id='word_1_449' title='bbox 3516 2039 3597 2083; x_wconf 71' lang='lat' dir='ltr'><strong>est</strong></span> <span class='ocrx_word' id='word_1_450' title='bbox 3625 2049 3719 2084; x_wconf 78' lang='lat' dir='ltr'><strong>vox</strong></span> 
     </span>
    </p>
   </div>
   <div class='ocr_carea' id='block_1_66' title="bbox 2151 2094 3718 2165">
    <p class='ocr_par' dir='ltr' id='par_1_66' title="bbox 2151 2094 3718 2165">
     <span class='ocr_line' id='line_1_67' title="bbox 2151 2094 3718 2165; baseline 0.004 -17"><span class='ocrx_word' id='word_1_451' title='bbox 2151 2094 2306 2163; x_wconf 91' lang='lat' dir='ltr'><strong>juris,</strong></span> <span class='ocrx_word' id='word_1_452' title='bbox 2345 2094 2458 2164; x_wconf 52' lang='lat' dir='ltr'><strong>&#39;qua</strong></span> <span class='ocrx_word' id='word_1_453' title='bbox 2511 2097 2717 2150; x_wconf 88' lang='lat' dir='ltr'><strong>ratione</strong></span> <span class='ocrx_word' id='word_1_454' title='bbox 2757 2095 3032 2164; x_wconf 87' lang='lat' dir='ltr'><strong>conjuges,</strong></span> <span class='ocrx_word' id='word_1_455' title='bbox 3061 2106 3117 2150; x_wconf 89' lang='lat' dir='ltr'><strong>ut</strong></span> <span class='ocrx_word' id='word_1_456' title='bbox 3147 2094 3340 2165; x_wconf 70' lang='lat' dir='ltr'><strong>sacpius</strong></span> <span class='ocrx_word' id='word_1_457' title='bbox 3374 2099 3592 2163; x_wconf 87' lang='lat' dir='ltr'><strong>dictum,</strong></span> <span class='ocrx_word' id='word_1_458' title='bbox 3623 2118 3718 2154; x_wconf 85' lang='lat' dir='ltr'><strong>una</strong></span> 
     </span>
    </p>
   </div>
   <div class='ocr_carea' id='block_1_67' title="bbox 2155 2167 3718 2235">
    <p class='ocr_par' dir='ltr' id='par_1_67' title="bbox 2155 2167 3718 2235">
     <span class='ocr_line' id='line_1_68' title="bbox 2155 2167 3718 2235; baseline 0.004 -17"><span class='ocrx_word' id='word_1_459' title='bbox 2155 2174 2527 2235; x_wconf 82' lang='lat' dir='ltr'><strong>suntpersona</strong></span> <span class='ocrx_word' id='word_1_460' title='bbox 2553 2185 2565 2217; x_wconf 92' lang='lat'><strong>:</strong></span> <span class='ocrx_word' id='word_1_461' title='bbox 2597 2182 2719 2220; x_wconf 91' lang='lat' dir='ltr'><strong>cum</strong></span> <span class='ocrx_word' id='word_1_462' title='bbox 2744 2173 2920 2219; x_wconf 90' lang='lat' dir='ltr'><strong>tamen</strong></span> <span class='ocrx_word' id='word_1_463' title='bbox 2966 2182 3177 2221; x_wconf 86' lang='lat' dir='ltr'><strong>sumere</strong></span> <span class='ocrx_word' id='word_1_464' title='bbox 3203 2167 3491 2230; x_wconf 85' lang='lat' dir='ltr'><strong>debuisset,</strong></span> <span class='ocrx_word' id='word_1_465' title='bbox 3521 2171 3565 2221; x_wconf 87' lang='lat' dir='ltr'><strong>si</strong></span> <span class='ocrx_word' id='word_1_466' title='bbox 3589 2172 3718 2224; x_wconf 80' lang='lat' dir='ltr'><strong>bona</strong></span> 
     </span>
    </p>
   </div>
   <div class='ocr_carea' id='block_1_68' title="bbox 2157 2233 3717 2309">
    <p class='ocr_par' dir='ltr' id='par_1_68' title="bbox 2157 2233 3717 2309">
     <span class='ocr_line' id='line_1_69' title="bbox 2157 2233 3717 2309; baseline 0.006 -25"><span class='ocrx_word' id='word_1_467' title='bbox 2157 2233 2258 2290; x_wconf 88' lang='lat' dir='ltr'><strong>lide</strong></span> <span class='ocrx_word' id='word_1_468' title='bbox 2287 2233 2485 2309; x_wconf 77' lang='lat' dir='ltr'><strong>ageret,</strong></span> <span class='ocrx_word' id='word_1_469' title='bbox 2512 2243 2668 2309; x_wconf 78' lang='lat' dir='ltr'><strong>prout</strong></span> <span class='ocrx_word' id='word_1_470' title='bbox 2697 2244 2780 2289; x_wconf 91' lang='lat' dir='ltr'><strong>est</strong></span> <span class='ocrx_word' id='word_1_471' title='bbox 2799 2242 3003 2309; x_wconf 69' lang='lat' dir='ltr'><strong>natura:</strong></span> <span class='ocrx_word' id='word_1_472' title='bbox 3021 2238 3286 2309; x_wconf 76' lang='lat' dir='ltr'><strong>quiddam,</strong></span> <span class='ocrx_word' id='word_1_473' title='bbox 3317 2247 3480 2309; x_wconf 84' lang='lat' dir='ltr'><strong>atque</strong></span> <span class='ocrx_word' id='word_1_474' title='bbox 3497 2240 3606 2306; x_wconf 86' lang='lat' dir='ltr'><strong>ipsa</strong></span> <span class='ocrx_word' id='word_1_475' title='bbox 3628 2241 3717 2309; x_wconf 54' lang='lat' dir='ltr'><strong>by-</strong></span> 
     </span>
    </p>
   </div>
   <div class='ocr_carea' id='block_1_69' title="bbox 2154 2305 3720 2377">
    <p class='ocr_par' dir='ltr' id='par_1_69' title="bbox 2154 2305 3720 2377">
     <span class='ocr_line' id='line_1_70' title="bbox 2154 2305 3720 2377; baseline 0.003 -20"><span class='ocrx_word' id='word_1_476' title='bbox 2154 2307 2403 2377; x_wconf 84' lang='lat' dir='ltr'><strong>postasis,</strong></span> <span class='ocrx_word' id='word_1_477' title='bbox 2434 2321 2538 2372; x_wconf 87' lang='lat' dir='ltr'><strong>qua</strong></span> <span class='ocrx_word' id='word_1_478' title='bbox 2561 2305 2778 2377; x_wconf 83' lang='lat' dir='ltr'><strong>notione</strong></span> <span class='ocrx_word' id='word_1_479' title='bbox 2806 2305 3090 2374; x_wconf 85' lang='lat' dir='ltr'><strong>conjugqu</strong></span> <span class='ocrx_word' id='word_1_480' title='bbox 3112 2307 3229 2361; x_wconf 77' lang='lat' dir='ltr'><strong>dua:</strong></span> <span class='ocrx_word' id='word_1_481' title='bbox 3256 2317 3382 2361; x_wconf 87' lang='lat' dir='ltr'><strong>sunt</strong></span> <span class='ocrx_word' id='word_1_482' title='bbox 3407 2305 3578 2377; x_wconf 26' lang='lat' dir='ltr'><strong>reip’sa</strong></span> <span class='ocrx_word' id='word_1_483' title='bbox 3604 2305 3720 2377; x_wconf 70' lang='lat' dir='ltr'><strong>per-</strong></span> 
     </span>
    </p>
   </div>
   <div class='ocr_carea' id='block_1_70' title="bbox 2157 2375 2924 2498">
    <p class='ocr_par' dir='ltr' id='par_1_70' title="bbox 2157 2375 2924 2498">
     <span class='ocr_line' id='line_1_71' title="bbox 2157 2375 2924 2498; baseline 0 -70"><span class='ocrx_word' id='word_1_484' title='bbox 2157 2388 2322 2437; x_wconf 68' lang='lat' dir='ltr'><strong>sonte,</strong></span> <span class='ocrx_word' id='word_1_485' title='bbox 2347 2376 2569 2456; x_wconf 63' lang='lat' dir='ltr'><strong>dumque</strong></span> <span class='ocrx_word' id='word_1_486' title='bbox 2590 2375 2924 2498; x_wconf 47' lang='lat' dir='ltr'><strong>ignostases.</strong></span> 
     </span>
     <span class='ocr_line' id='line_1_72' title="bbox 2224 2444 2924 2498; baseline 0 0"><span class='ocrx_word' id='word_1_487' title='bbox 2224 2446 2340 2498; x_wconf 86' lang='lat' dir='ltr'><strong>Non</strong></span> <span class='ocrx_word' id='word_1_488' title='bbox 2364 2460 2538 2498; x_wconf 80' lang='lat' dir='ltr'><strong>minus</strong></span> <span class='ocrx_word' id='word_1_489' title='bbox 2566 2460 2591 2498; x_wconf 90' lang='lat' dir='ltr'><strong>s</strong></span> <span class='ocrx_word' id='word_1_490' title='bbox 2665 2444 2786 2498; x_wconf 86' lang='lat' dir='ltr'><strong>dole</strong></span> <span class='ocrx_word' id='word_1_491' title='bbox 2819 2445 2924 2498; x_wconf 92' lang='lat' dir='ltr'><strong>hon</strong></span> 
     </span>
    </p>
   </div>
   <div class='ocr_carea' id='block_1_71' title="bbox 2224 2444 3718 2515">
    <p class='ocr_par' dir='ltr' id='par_1_71' title="bbox 2224 2444 3718 2515">
     <span class='ocr_line' id='line_1_73' title="bbox 2224 2444 3718 2515; baseline 0.001 -16"><span class='ocrx_word' id='word_1_492' title='bbox 2224 2446 2340 2500; x_wconf 85' lang='lat' dir='ltr'><strong>Non</strong></span> <span class='ocrx_word' id='word_1_493' title='bbox 2364 2445 2538 2515; x_wconf 85' lang='lat' dir='ltr'><strong>minus</strong></span> <span class='ocrx_word' id='word_1_494' title='bbox 2566 2444 2786 2499; x_wconf 86' lang='lat' dir='ltr'><strong>subdole</strong></span> <span class='ocrx_word' id='word_1_495' title='bbox 2819 2445 2979 2515; x_wconf 88' lang='lat' dir='ltr'><strong>homo</strong></span> <span class='ocrx_word' id='word_1_496' title='bbox 3008 2445 3196 2514; x_wconf 88' lang='lat' dir='ltr'><strong>planus</strong></span> <span class='ocrx_word' id='word_1_497' title='bbox 3220 2447 3561 2515; x_wconf 79' lang='lat' dir='ltr'><strong>pemiittebat</strong></span> <span class='ocrx_word' id='word_1_498' title='bbox 3601 2447 3718 2500; x_wconf 77' lang='lat' dir='ltr'><strong>Vir-</strong></span> 
     </span>
    </p>
   </div>
   <div class='ocr_carea' id='block_1_72' title="bbox 2153 2514 3718 2585">
    <p class='ocr_par' dir='ltr' id='par_1_72' title="bbox 2153 2514 3718 2585">
     <span class='ocr_line' id='line_1_74' title="bbox 2153 2514 3718 2585; baseline 0.004 -20"><span class='ocrx_word' id='word_1_499' title='bbox 2153 2514 2332 2581; x_wconf 81' lang='lat' dir='ltr'><strong>ginem</strong></span> <span class='ocrx_word' id='word_1_500' title='bbox 2361 2514 2467 2585; x_wconf 89' lang='lat' dir='ltr'><strong>dici</strong></span> <span class='ocrx_word' id='word_1_501' title='bbox 2496 2514 2793 2585; x_wconf 83' lang='lat' dir='ltr'><strong>Deiparam,</strong></span> <span class='ocrx_word' id='word_1_502' title='bbox 2825 2514 2986 2585; x_wconf 87' lang='lat' dir='ltr'><strong>modo</strong></span> <span class='ocrx_word' id='word_1_503' title='bbox 3010 2531 3075 2568; x_wconf 92' lang='lat' dir='ltr'><strong>ne</strong></span> <span class='ocrx_word' id='word_1_504' title='bbox 3103 2517 3197 2569; x_wconf 87' lang='lat' dir='ltr'><strong>dea</strong></span> <span class='ocrx_word' id='word_1_505' title='bbox 3221 2514 3528 2585; x_wconf 81' lang='lat' dir='ltr'><strong>putaretur;</strong></span> <span class='ocrx_word' id='word_1_506' title='bbox 3555 2533 3718 2584; x_wconf 64' lang='lat' dir='ltr'><strong>simne</strong></span> 
     </span>
    </p>
   </div>
   <div class='ocr_carea' id='block_1_73' title="bbox 2154 2584 3710 2653">
    <p class='ocr_par' dir='ltr' id='par_1_73' title="bbox 2154 2584 3710 2653">
     <span class='ocr_line' id='line_1_75' title="bbox 2154 2584 3710 2653; baseline 0.003 -17"><span class='ocrx_word' id='word_1_507' title='bbox 2154 2585 2328 2638; x_wconf 88' lang='lat' dir='ltr'><strong>minus</strong></span> <span class='ocrx_word' id='word_1_508' title='bbox 2354 2584 2635 2653; x_wconf 83' lang='lat' dir='ltr'><strong>perﬁdiose</strong></span> <span class='ocrx_word' id='word_1_509' title='bbox 2659 2584 3006 2638; x_wconf 86' lang='lat' dir='ltr'><strong>insidiabatur</strong></span> <span class='ocrx_word' id='word_1_510' title='bbox 3033 2585 3380 2650; x_wconf 81' lang='lat' dir='ltr'><strong>auditoribus,</strong></span> <span class='ocrx_word' id='word_1_511' title='bbox 3429 2602 3550 2641; x_wconf 87' lang='lat' dir='ltr'><strong>cum</strong></span> <span class='ocrx_word' id='word_1_512' title='bbox 3599 2597 3710 2640; x_wconf 81' lang='grc' dir='ltr'><strong>θεο-</strong></span> 
     </span>
    </p>
   </div>
   <div class='ocr_carea' id='block_1_74' title="bbox 2141 2653 3716 2723">
    <p class='ocr_par' dir='ltr' id='par_1_74' title="bbox 2141 2653 3716 2723">
     <span class='ocr_line' id='line_1_76' title="bbox 2141 2653 3716 2723; baseline 0 -15"><span class='ocrx_word' id='word_1_513' title='bbox 2141 2655 2292 2710; x_wconf 77' lang='grc' dir='ltr'>’τόκον</span> <span class='ocrx_word' id='word_1_514' title='bbox 2320 2655 2421 2708; x_wconf 89' lang='lat' dir='ltr'><strong>dici</strong></span> <span class='ocrx_word' id='word_1_515' title='bbox 2445 2653 2674 2719; x_wconf 86' lang='lat' dir='ltr'><strong>juberet,</strong></span> <span class='ocrx_word' id='word_1_516' title='bbox 2706 2655 2866 2708; x_wconf 86' lang='lat' dir='ltr'><strong>modo</strong></span> <span class='ocrx_word' id='word_1_517' title='bbox 2897 2669 2961 2707; x_wconf 91' lang='lat' dir='ltr'><strong>ne</strong></span> <span class='ocrx_word' id='word_1_518' title='bbox 2981 2656 3268 2709; x_wconf 87' lang='lat' dir='ltr'><strong>sentiretur</strong></span> <span class='ocrx_word' id='word_1_519' title='bbox 3284 2672 3402 2710; x_wconf 91' lang='lat' dir='ltr'><strong>cum</strong></span> <span class='ocrx_word' id='word_1_520' title='bbox 3435 2656 3716 2723; x_wconf 79' lang='lat' dir='ltr'><strong>Apollinari</strong></span> 
     </span>
    </p>
   </div>
   <div class='ocr_carea' id='block_1_75' title="bbox 2153 2723 3716 2792">
    <p class='ocr_par' dir='ltr' id='par_1_75' title="bbox 2153 2723 3716 2792">
     <span class='ocr_line' id='line_1_77' title="bbox 2153 2723 3716 2792; baseline 0.001 -14"><span class='ocrx_word' id='word_1_521' title='bbox 2153 2732 2210 2778; x_wconf 88' lang='lat' dir='ltr'><strong>et</strong></span> <span class='ocrx_word' id='word_1_522' title='bbox 2256 2725 2402 2778; x_wconf 87' lang='lat' dir='ltr'><strong>Ario.</strong></span> <span class='ocrx_word' id='word_1_523' title='bbox 2455 2723 2580 2776; x_wconf 85' lang='lat' dir='ltr'><strong>Erat</strong></span> <span class='ocrx_word' id='word_1_524' title='bbox 2627 2724 2769 2777; x_wconf 87' lang='lat' dir='ltr'><strong>enim</strong></span> <span class='ocrx_word' id='word_1_525' title='bbox 2821 2724 2872 2776; x_wconf 93' lang='lat' dir='ltr'><strong>in</strong></span> <span class='ocrx_word' id='word_1_526' title='bbox 2902 2739 2964 2777; x_wconf 90' lang='lat' dir='ltr'><strong>ea</strong></span> <span class='ocrx_word' id='word_1_527' title='bbox 2991 2724 3178 2778; x_wconf 68' lang='lat' dir='ltr'><strong>hazresi</strong></span> <span class='ocrx_word' id='word_1_528' title='bbox 3207 2741 3328 2792; x_wconf 75' lang='lat' dir='ltr'><strong>qua:</strong></span> <span class='ocrx_word' id='word_1_529' title='bbox 3369 2736 3592 2779; x_wconf 88' lang='lat' dir='ltr'><strong>matrem</strong></span> <span class='ocrx_word' id='word_1_530' title='bbox 3617 2726 3716 2780; x_wconf 80' lang='lat' dir='ltr'><strong>dici</strong></span> 
     </span>
    </p>
   </div>
   <div class='ocr_carea' id='block_1_76' title="bbox 2153 2793 3720 2862">
    <p class='ocr_par' dir='ltr' id='par_1_76' title="bbox 2153 2793 3720 2862">
     <span class='ocr_line' id='line_1_78' title="bbox 2153 2793 3720 2862; baseline 0.002 -15"><span class='ocrx_word' id='word_1_531' title='bbox 2153 2808 2311 2862; x_wconf 89' lang='lat' dir='ltr'><strong>posse</strong></span> <span class='ocrx_word' id='word_1_532' title='bbox 2346 2801 2503 2861; x_wconf 84' lang='lat' dir='ltr'><strong>negat</strong></span> <span class='ocrx_word' id='word_1_533' title='bbox 2553 2794 2734 2857; x_wconf 89' lang='lat' dir='ltr'><strong>ullam,</strong></span> <span class='ocrx_word' id='word_1_534' title='bbox 2781 2793 2880 2846; x_wconf 89' lang='lat' dir='ltr'><strong>nisi</strong></span> <span class='ocrx_word' id='word_1_535' title='bbox 2917 2808 3034 2859; x_wconf 70' lang='lat' dir='ltr'><strong>quae</strong></span> <span class='ocrx_word' id='word_1_536' title='bbox 3074 2795 3541 2848; x_wconf 82' lang='lat' dir='ltr'><strong>consubstantialis</strong></span> <span class='ocrx_word' id='word_1_537' title='bbox 3578 2797 3640 2849; x_wconf 85' lang='lat' dir='ltr'><strong>sit</strong></span> <span class='ocrx_word' id='word_1_538' title='bbox 3669 2796 3720 2850; x_wconf 90' lang='lat' dir='ltr'><strong>ei</strong></span> 
     </span>
    </p>
   </div>
   <div class='ocr_carea' id='block_1_77' title="bbox 2153 2863 3715 2933">
    <p class='ocr_par' dir='ltr' id='par_1_77' title="bbox 2153 2863 3715 2933">
     <span class='ocr_line' id='line_1_79' title="bbox 2153 2863 3715 2933; baseline 0 -16"><span class='ocrx_word' id='word_1_539' title='bbox 2153 2879 2395 2919; x_wconf 85' lang='lat' dir='ltr'><strong>seorsum</strong></span> <span class='ocrx_word' id='word_1_540' title='bbox 2425 2879 2522 2933; x_wconf 89' lang='lat' dir='ltr'><strong>per</strong></span> <span class='ocrx_word' id='word_1_541' title='bbox 2548 2878 2606 2916; x_wconf 91' lang='lat' dir='ltr'><strong>se</strong></span> <span class='ocrx_word' id='word_1_542' title='bbox 2626 2869 2838 2933; x_wconf 78' lang='lat' dir='ltr'><strong>sumpto</strong></span> <span class='ocrx_word' id='word_1_543' title='bbox 2860 2863 3011 2930; x_wconf 89' lang='lat' dir='ltr'><strong>cujus</strong></span> <span class='ocrx_word' id='word_1_544' title='bbox 3031 2863 3222 2918; x_wconf 90' lang='lat' dir='ltr'><strong>dicitur</strong></span> <span class='ocrx_word' id='word_1_545' title='bbox 3242 2875 3414 2918; x_wconf 84' lang='lat' dir='ltr'><strong>mater</strong></span> <span class='ocrx_word' id='word_1_546' title='bbox 3439 2883 3450 2916; x_wconf 91' lang='lat'>:</span> <span class='ocrx_word' id='word_1_547' title='bbox 3477 2875 3633 2932; x_wconf 83' lang='lat' dir='ltr'><strong>atque</strong></span> <span class='ocrx_word' id='word_1_548' title='bbox 3649 2867 3715 2917; x_wconf 87' lang='lat' dir='ltr'><strong>ita</strong></span> 
     </span>
    </p>
   </div>
   <div class='ocr_carea' id='block_1_78' title="bbox 2153 2932 3716 3003">
    <p class='ocr_par' dir='ltr' id='par_1_78' title="bbox 2153 2932 3716 3003">
     <span class='ocr_line' id='line_1_80' title="bbox 2153 2932 3716 3003; baseline 0.001 -17"><span class='ocrx_word' id='word_1_549' title='bbox 2153 2949 2258 2988; x_wconf 90' lang='lat' dir='ltr'><strong>non</strong></span> <span class='ocrx_word' id='word_1_550' title='bbox 2283 2932 2440 3003; x_wconf 82' lang='lat' dir='ltr'><strong>posse</strong></span> <span class='ocrx_word' id='word_1_551' title='bbox 2461 2933 2563 2986; x_wconf 90' lang='lat' dir='ltr'><strong>dici</strong></span> <span class='ocrx_word' id='word_1_552' title='bbox 2588 2933 2745 2986; x_wconf 86' lang='lat' dir='ltr'><strong>ullam</strong></span> <span class='ocrx_word' id='word_1_553' title='bbox 2769 2932 3181 2995; x_wconf 88' lang='lat' dir='ltr'><strong>Verbimatrem,</strong></span> <span class='ocrx_word' id='word_1_554' title='bbox 3201 2951 3318 2988; x_wconf 89' lang='lat' dir='ltr'><strong>cum</strong></span> <span class='ocrx_word' id='word_1_555' title='bbox 3335 2949 3504 3002; x_wconf 87' lang='lat' dir='ltr'><strong>neque</strong></span> <span class='ocrx_word' id='word_1_556' title='bbox 3526 2933 3716 2997; x_wconf 77' lang='lat' dir='ltr'><strong>Verbo,</strong></span> 
     </span>
    </p>
   </div>
   <div class='ocr_carea' id='block_1_79' title="bbox 2151 3003 3718 3071">
    <p class='ocr_par' dir='ltr' id='par_1_79' title="bbox 2151 3003 3718 3071">
     <span class='ocr_line' id='line_1_81' title="bbox 2151 3003 3718 3071; baseline -0.002 -14"><span class='ocrx_word' id='word_1_557' title='bbox 2151 3003 2441 3058; x_wconf 88' lang='lat' dir='ltr'><strong>secundum</strong></span> <span class='ocrx_word' id='word_1_558' title='bbox 2468 3003 2700 3071; x_wconf 89' lang='lat' dir='ltr'><strong>seipsum</strong></span> <span class='ocrx_word' id='word_1_559' title='bbox 2732 3009 2991 3071; x_wconf 83' lang='lat' dir='ltr'><strong>spectato,</strong></span> <span class='ocrx_word' id='word_1_560' title='bbox 3018 3003 3120 3056; x_wconf 85' lang='lat' dir='ltr'><strong>ulla</strong></span> <span class='ocrx_word' id='word_1_561' title='bbox 3152 3003 3340 3057; x_wconf 85' lang='lat' dir='ltr'><strong>femina</strong></span> <span class='ocrx_word' id='word_1_562' title='bbox 3371 3005 3718 3057; x_wconf 87' lang='lat' dir='ltr'><strong>consubstan-</strong></span> 
     </span>
    </p>
   </div>
   <div class='ocr_carea' id='block_1_80' title="bbox 2152 3071 3717 3141">
    <p class='ocr_par' dir='ltr' id='par_1_80' title="bbox 2152 3071 3717 3141">
     <span class='ocr_line' id='line_1_82' title="bbox 2152 3071 3717 3141; baseline -0.001 -14"><span class='ocrx_word' id='word_1_563' title='bbox 2152 3073 2294 3129; x_wconf 90' lang='lat' dir='ltr'><strong>tialis</strong></span> <span class='ocrx_word' id='word_1_564' title='bbox 2321 3087 2438 3127; x_wconf 89' lang='lat' dir='ltr'><strong>esse</strong></span> <span class='ocrx_word' id='word_1_565' title='bbox 2465 3081 2643 3141; x_wconf 90' lang='lat' dir='ltr'><strong>queat,</strong></span> <span class='ocrx_word' id='word_1_566' title='bbox 2669 3073 2768 3128; x_wconf 86' lang='lat' dir='ltr'><strong>nisi</strong></span> <span class='ocrx_word' id='word_1_567' title='bbox 2798 3071 2932 3126; x_wconf 80' lang='lat' dir='ltr'><strong>facta</strong></span> <span class='ocrx_word' id='word_1_568' title='bbox 2949 3071 3106 3125; x_wconf 78' lang='lat' dir='ltr'><strong>fuerit</strong></span> <span class='ocrx_word' id='word_1_569' title='bbox 3126 3074 3223 3126; x_wconf 87' lang='lat' dir='ltr'><strong>dea</strong></span> <span class='ocrx_word' id='word_1_570' title='bbox 3244 3090 3258 3135; x_wconf 88' lang='lat'><strong>;</strong></span> <span class='ocrx_word' id='word_1_571' title='bbox 3283 3089 3455 3140; x_wconf 88' lang='lat' dir='ltr'><strong>neque</strong></span> <span class='ocrx_word' id='word_1_572' title='bbox 3495 3073 3717 3127; x_wconf 85' lang='lat' dir='ltr'><strong>Verbum</strong></span> 
     </span>
    </p>
   </div>
   <div class='ocr_carea' id='block_1_81' title="bbox 476 3136 3716 3212">
    <p class='ocr_par' dir='ltr' id='par_1_81' title="bbox 476 3136 3716 3212">
     <span class='ocr_line' id='line_1_83' title="bbox 476 3136 3716 3212; baseline 0 -17"><span class='ocrx_word' id='word_1_573' title='bbox 476 3136 664 3196; x_wconf 66' lang='lat' dir='ltr'><strong>seruiit</strong></span> <span class='ocrx_word' id='word_1_574' title='bbox 691 3141 966 3195; x_wconf 88' lang='lat' dir='ltr'><strong>Albertino</strong></span> <span class='ocrx_word' id='word_1_575' title='bbox 993 3136 1294 3212; x_wconf 63' lang='lat' dir='ltr'><strong>Calvinist&#39;e</strong></span> <span class='ocrx_word' id='word_1_576' title='bbox 1329 3136 1552 3207; x_wconf 81' lang='lat' dir='ltr'><strong>aliisque</strong></span> <span class='ocrx_word' id='word_1_577' title='bbox 1581 3136 2046 3212; x_wconf 59' lang='lat' dir='ltr'><strong>ejusmodiltomi-</strong></span> <span class='ocrx_word' id='word_1_578' title='bbox 2079 3151 2122 3212; x_wconf 69' lang='grc' dir='ltr'><strong>ς,</strong></span> <span class='ocrx_word' id='word_1_579' title='bbox 2155 3143 2349 3212; x_wconf 85' lang='lat' dir='ltr'><strong>factum</strong></span> <span class='ocrx_word' id='word_1_580' title='bbox 2374 3143 2444 3197; x_wconf 90' lang='lat' dir='ltr'><strong>sit</strong></span> <span class='ocrx_word' id='word_1_581' title='bbox 2475 3136 2568 3211; x_wconf 78' lang='lat' dir='ltr'><strong>per</strong></span> <span class='ocrx_word' id='word_1_582' title='bbox 2589 3142 2988 3198; x_wconf 89' lang='lat' dir='ltr'><strong>conversionem</strong></span> <span class='ocrx_word' id='word_1_583' title='bbox 3017 3136 3461 3197; x_wconf 81' lang='lat' dir='ltr'><strong>consubstantiale</strong></span> <span class='ocrx_word' id='word_1_584' title='bbox 3490 3144 3716 3197; x_wconf 66' lang='lat' dir='ltr'><strong>feminea.</strong></span> 
     </span>
    </p>
   </div>
   <div class='ocr_carea' id='block_1_82' title="bbox 476 3207 2054 3280">
    <p class='ocr_par' dir='ltr' id='par_1_82' title="bbox 476 3207 2054 3280">
     <span class='ocr_line' id='line_1_84' title="bbox 476 3207 2054 3280; baseline -0.004 -14"><span class='ocrx_word' id='word_1_585' title='bbox 476 3212 651 3276; x_wconf 89' lang='lat' dir='ltr'><strong>nibus,</strong></span> <span class='ocrx_word' id='word_1_586' title='bbox 679 3211 855 3280; x_wconf 89' lang='lat' dir='ltr'><strong>reipsa</strong></span> <span class='ocrx_word' id='word_1_587' title='bbox 877 3209 1368 3280; x_wconf 12' lang='lat' dir='ltr'><strong>tamenivanissima</strong></span> <span class='ocrx_word' id='word_1_588' title='bbox 1397 3216 1539 3280; x_wconf 77' lang='lat' dir='ltr'><strong>sunt,</strong></span> <span class='ocrx_word' id='word_1_589' title='bbox 1573 3222 1670 3280; x_wconf 81' lang='lat' dir='ltr'><strong>nec</strong></span> <span class='ocrx_word' id='word_1_590' title='bbox 1689 3207 1900 3260; x_wconf 84' lang='lat' dir='ltr'><strong>aliunde</strong></span> <span class='ocrx_word' id='word_1_591' title='bbox 1922 3223 2054 3280; x_wconf 46' lang='lat' dir='ltr'><strong>pen:</strong></span> 
     </span>
    </p>
   </div>
   <div class='ocr_carea' id='block_1_83' title="bbox 475 3276 2054 3349">
    <p class='ocr_par' dir='ltr' id='par_1_83' title="bbox 475 3276 2054 3349">
     <span class='ocr_line' id='line_1_85' title="bbox 475 3276 2054 3349; baseline -0.002 -16"><span class='ocrx_word' id='word_1_592' title='bbox 475 3281 622 3336; x_wconf 86' lang='lat' dir='ltr'><strong>deris</strong></span> <span class='ocrx_word' id='word_1_593' title='bbox 661 3276 950 3349; x_wconf 85' lang='lat' dir='ltr'><strong>quidquam</strong></span> <span class='ocrx_word' id='word_1_594' title='bbox 989 3279 1206 3349; x_wconf 84' lang='lat' dir='ltr'><strong>habent,</strong></span> <span class='ocrx_word' id='word_1_595' title='bbox 1238 3279 1497 3349; x_wconf 86' lang='lat' dir='ltr'><strong>si_ta_men</strong></span> <span class='ocrx_word' id='word_1_596' title='bbox 1527 3278 1744 3349; x_wconf 77' lang='lat' dir='ltr'><strong>habent,</strong></span> <span class='ocrx_word' id='word_1_597' title='bbox 1776 3291 1935 3349; x_wconf 83' lang='lat' dir='ltr'><strong>quam</strong></span> <span class='ocrx_word' id='word_1_598' title='bbox 1971 3276 2054 3330; x_wconf 88' lang='lat' dir='ltr'><strong>vel</strong></span> 
     </span>
    </p>
   </div>
   <div class='ocr_carea' id='block_1_84' title="bbox 475 3345 1946 3418">
    <p class='ocr_par' dir='ltr' id='par_1_84' title="bbox 475 3345 1946 3418">
     <span class='ocr_line' id='line_1_86' title="bbox 475 3345 1946 3418; baseline -0.005 -14"><span class='ocrx_word' id='word_1_599' title='bbox 475 3351 544 3406; x_wconf 90' lang='lat' dir='ltr'><strong>ab</strong></span> <span class='ocrx_word' id='word_1_600' title='bbox 574 3345 938 3418; x_wconf 79' lang='lat' dir='ltr'><strong>incogitantia,</strong></span> <span class='ocrx_word' id='word_1_601' title='bbox 970 3349 1056 3403; x_wconf 88' lang='lat' dir='ltr'><strong>vel</strong></span> <span class='ocrx_word' id='word_1_602' title='bbox 1079 3347 1239 3401; x_wconf 89' lang='lat' dir='ltr'><strong>etiam</strong></span> <span class='ocrx_word' id='word_1_603' title='bbox 1261 3347 1328 3400; x_wconf 85' lang='lat' dir='ltr'><strong>ab</strong></span> <span class='ocrx_word' id='word_1_604' title='bbox 1366 3345 1946 3418; x_wconf 74' lang='lat' dir='ltr'><strong>inscitiaabutentium.</strong></span> 
     </span>
    </p>
   </div>
   <div class='ocr_carea' id='block_1_85' title="bbox 547 3414 2056 3485">
    <p class='ocr_par' dir='ltr' id='par_1_85' title="bbox 547 3414 2056 3485">
     <span class='ocr_line' id='line_1_87' title="bbox 547 3414 2056 3485; baseline -0.003 -12"><span class='ocrx_word' id='word_1_605' title='bbox 547 3419 679 3472; x_wconf 88' lang='lat' dir='ltr'><strong>Nam</strong></span> <span class='ocrx_word' id='word_1_606' title='bbox 701 3414 766 3472; x_wconf 75' lang='lat' dir='ltr'><strong>iit</strong></span> <span class='ocrx_word' id='word_1_607' title='bbox 792 3433 979 3473; x_wconf 89' lang='lat' dir='ltr'><strong>eorum</strong></span> <span class='ocrx_word' id='word_1_608' title='bbox 1019 3432 1137 3485; x_wconf 76' lang='lat' dir='ltr'><strong>qua:</strong></span> <span class='ocrx_word' id='word_1_609' title='bbox 1165 3431 1262 3483; x_wconf 90' lang='lat' dir='ltr'><strong>pro</strong></span> <span class='ocrx_word' id='word_1_610' title='bbox 1288 3429 1369 3485; x_wconf 10' lang='lat' dir='ltr'><strong>ise</strong></span> <span class='ocrx_word' id='word_1_611' title='bbox 1396 3414 1529 3485; x_wconf 83' lang='lat' dir='ltr'><strong>dixit</strong></span> <span class='ocrx_word' id='word_1_612' title='bbox 1567 3414 1843 3485; x_wconf 85' lang='lat' dir='ltr'><strong>Nestorius</strong></span> <span class='ocrx_word' id='word_1_613' title='bbox 1876 3422 2056 3482; x_wconf 90' lang='lat' dir='ltr'><strong>pateat</strong></span> 
     </span>
    </p>
   </div>
   <div class='ocr_carea' id='block_1_86' title="bbox 476 3484 2054 3553">
    <p class='ocr_par' dir='ltr' id='par_1_86' title="bbox 476 3484 2054 3553">
     <span class='ocr_line' id='line_1_88' title="bbox 476 3484 2054 3553; baseline -0.003 -12"><span class='ocrx_word' id='word_1_614' title='bbox 476 3489 650 3552; x_wconf 78' lang='lat' dir='ltr'><strong>fucus,</strong></span> <span class='ocrx_word' id='word_1_615' title='bbox 681 3487 973 3541; x_wconf 90' lang='lat' dir='ltr'><strong>notandum</strong></span> <span class='ocrx_word' id='word_1_616' title='bbox 1005 3484 1088 3539; x_wconf 73' lang='grc' dir='ltr'><strong>ρει</strong></span> <span class='ocrx_word' id='word_1_617' title='bbox 1116 3484 1423 3538; x_wconf 69' lang='lat' dir='ltr'><strong>haereticum</strong></span> <span class='ocrx_word' id='word_1_618' title='bbox 1448 3484 1610 3553; x_wconf 86' lang='lat' dir='ltr'><strong>hunc,</strong></span> <span class='ocrx_word' id='word_1_619' title='bbox 1642 3499 1748 3553; x_wconf 90' lang='lat' dir='ltr'><strong>quo</strong></span> <span class='ocrx_word' id='word_1_620' title='bbox 1778 3484 1908 3537; x_wconf 90' lang='lat' dir='ltr'><strong>nihil</strong></span> <span class='ocrx_word' id='word_1_621' title='bbox 1935 3500 2054 3537; x_wconf 87' lang='lat' dir='ltr'><strong>um-</strong></span> 
     </span>
    </p>
   </div>
   <div class='ocr_carea' id='block_1_87' title="bbox 476 3552 2058 3639">
    <p class='ocr_par' dir='ltr' id='par_1_87' title="bbox 476 3552 2058 3639">
     <span class='ocr_line' id='line_1_89' title="bbox 476 3552 2058 3639; baseline -0.004 -27"><span class='ocrx_word' id='word_1_622' title='bbox 476 3573 637 3639; x_wconf 71' lang='lat' dir='ltr'><strong>quam</strong></span> <span class='ocrx_word' id='word_1_623' title='bbox 659 3556 1000 3639; x_wconf 73' lang='lat' dir='ltr'><strong>artiﬁciosius</strong></span> <span class='ocrx_word' id='word_1_624' title='bbox 1023 3555 1146 3639; x_wconf 62' lang='lat' dir='ltr'><strong>fuit,</strong></span> <span class='ocrx_word' id='word_1_625' title='bbox 1178 3554 1308 3608; x_wconf 90' lang='lat' dir='ltr'><strong>nihil</strong></span> <span class='ocrx_word' id='word_1_626' title='bbox 1328 3552 1664 3639; x_wconf 81' lang='lat' dir='ltr'><strong>mendacius,</strong></span> <span class='ocrx_word' id='word_1_627' title='bbox 1680 3554 1855 3608; x_wconf 80' lang='lat' dir='ltr'><strong>verbis</strong></span> <span class='ocrx_word' id='word_1_628' title='bbox 1880 3555 2058 3639; x_wconf 56' lang='lat' dir='ltr'><strong>catho:</strong></span> 
     </span>
    </p>
   </div>
   <div class='ocr_carea' id='block_1_88' title="bbox 478 3623 2055 3690">
    <p class='ocr_par' dir='ltr' id='par_1_88' title="bbox 478 3623 2055 3690">
     <span class='ocr_line' id='line_1_90' title="bbox 478 3623 2055 3690; baseline -0.002 -9"><span class='ocrx_word' id='word_1_629' title='bbox 478 3623 596 3682; x_wconf 86' lang='lat' dir='ltr'><strong>lieis</strong></span> <span class='ocrx_word' id='word_1_630' title='bbox 640 3627 857 3681; x_wconf 89' lang='lat' dir='ltr'><strong>solitum</strong></span> <span class='ocrx_word' id='word_1_631' title='bbox 911 3624 1245 3681; x_wconf 87' lang='lat' dir='ltr'><strong>dissimulare</strong></span> <span class='ocrx_word' id='word_1_632' title='bbox 1293 3632 1530 3678; x_wconf 88' lang='lat' dir='ltr'><strong>mentem</strong></span> <span class='ocrx_word' id='word_1_633' title='bbox 1583 3637 1769 3688; x_wconf 88' lang='lat' dir='ltr'><strong>suam,</strong></span> <span class='ocrx_word' id='word_1_634' title='bbox 1815 3623 2055 3690; x_wconf 75' lang='lat' dir='ltr'><strong>magistri</strong></span> 
     </span>
    </p>
   </div>
   <div class='ocr_carea' id='block_1_89' title="bbox 476 3692 2054 3765">
    <p class='ocr_par' dir='ltr' id='par_1_89' title="bbox 476 3692 2054 3765">
     <span class='ocr_line' id='line_1_91' title="bbox 476 3692 2054 3765; baseline -0.003 -14"><span class='ocrx_word' id='word_1_635' title='bbox 476 3695 749 3751; x_wconf 88' lang='lat' dir='ltr'><strong>Theodori</strong></span> <span class='ocrx_word' id='word_1_636' title='bbox 777 3696 1041 3765; x_wconf 80' lang='lat' dir='ltr'><strong>exemplo,</strong></span> <span class='ocrx_word' id='word_1_637' title='bbox 1079 3709 1110 3765; x_wconf 83' lang='lat' dir='ltr'><strong>a</strong></span> <span class='ocrx_word' id='word_1_638' title='bbox 1137 3708 1378 3765; x_wconf 76' lang='lat' dir='ltr'><strong>quonon</strong></span> <span class='ocrx_word' id='word_1_639' title='bbox 1402 3700 1514 3750; x_wconf 78' lang='lat' dir='ltr'><strong>tam</strong></span> <span class='ocrx_word' id='word_1_640' title='bbox 1543 3692 1792 3765; x_wconf 79' lang='lat' dir='ltr'><strong>dogmata</strong></span> <span class='ocrx_word' id='word_1_641' title='bbox 1821 3708 1938 3761; x_wconf 70' lang='lat' dir='ltr'><strong>qua:</strong></span> <span class='ocrx_word' id='word_1_642' title='bbox 1967 3708 2054 3747; x_wconf 85' lang='lat' dir='ltr'><strong>se-</strong></span> 
     </span>
    </p>
   </div>
   <div class='ocr_carea' id='block_1_90' title="bbox 475 3763 2050 3838">
    <p class='ocr_par' dir='ltr' id='par_1_90' title="bbox 475 3763 2050 3838">
     <span class='ocr_line' id='line_1_92' title="bbox 475 3763 2050 3838; baseline -0.003 -18"><span class='ocrx_word' id='word_1_643' title='bbox 475 3775 745 3838; x_wconf 77' lang='lat' dir='ltr'><strong>queretur,</strong></span> <span class='ocrx_word' id='word_1_644' title='bbox 764 3763 1160 3838; x_wconf 57' lang='lat' dir='ltr'><strong>quam&#39;l‘raudes</strong></span> <span class='ocrx_word' id='word_1_645' title='bbox 1179 3763 1372 3831; x_wconf 89' lang='lat' dir='ltr'><strong>quibus</strong></span> <span class='ocrx_word' id='word_1_646' title='bbox 1391 3777 1450 3838; x_wconf 90' lang='lat' dir='ltr'><strong>_se</strong></span> <span class='ocrx_word' id='word_1_647' title='bbox 1477 3768 1680 3838; x_wconf 83' lang='lat' dir='ltr'><strong>tegeret</strong></span> <span class='ocrx_word' id='word_1_648' title='bbox 1702 3763 1923 3838; x_wconf 80' lang='lat' dir='ltr'><strong>edoctus</strong></span> <span class='ocrx_word' id='word_1_649' title='bbox 1951 3772 2050 3838; x_wconf 79' lang='lat' dir='ltr'><strong>est.</strong></span> 
     </span>
    </p>
   </div>
   <div class='ocr_carea' id='block_1_91' title="bbox 546 3832 2055 3890">
    <p class='ocr_par' dir='ltr' id='par_1_91' title="bbox 546 3832 2055 3890">
     <span class='ocr_line' id='line_1_93' title="bbox 546 3832 2055 3890; baseline -0.003 0"><span class='ocrx_word' id='word_1_650' title='bbox 546 3832 946 3890; x_wconf 81' lang='lat' dir='ltr'><strong>Observandum</strong></span> <span class='ocrx_word' id='word_1_651' title='bbox 981 3834 1176 3888; x_wconf 88' lang='lat' dir='ltr'><strong>deinde</strong></span> <span class='ocrx_word' id='word_1_652' title='bbox 1203 3840 1370 3887; x_wconf 87' lang='lat' dir='ltr'><strong>totam</strong></span> <span class='ocrx_word' id='word_1_653' title='bbox 1392 3833 1638 3886; x_wconf 74' lang='lat' dir='ltr'><strong>hteresim</strong></span> <span class='ocrx_word' id='word_1_654' title='bbox 1667 3833 1752 3888; x_wconf 91' lang='lat' dir='ltr'><strong>cui</strong></span> <span class='ocrx_word' id='word_1_655' title='bbox 1781 3832 2055 3887; x_wconf 81' lang='lat' dir='ltr'><strong>Nestorius</strong></span> 
     </span>
    </p>
   </div>
   <div class='ocr_carea' id='block_1_92' title="bbox 477 3901 2056 3971">
    <p class='ocr_par' dir='ltr' id='par_1_92' title="bbox 477 3901 2056 3971">
     <span class='ocr_line' id='line_1_94' title="bbox 477 3901 2056 3971; baseline -0.003 -10"><span class='ocrx_word' id='word_1_656' title='bbox 477 3921 671 3961; x_wconf 90' lang='lat' dir='ltr'><strong>nomen</strong></span> <span class='ocrx_word' id='word_1_657' title='bbox 701 3905 848 3960; x_wconf 84' lang='lat' dir='ltr'><strong>dedit</strong></span> <span class='ocrx_word' id='word_1_658' title='bbox 870 3906 922 3958; x_wconf 92' lang='lat' dir='ltr'><strong>in</strong></span> <span class='ocrx_word' id='word_1_659' title='bbox 958 3919 1023 3958; x_wconf 89' lang='lat' dir='ltr'><strong>eo</strong></span> <span class='ocrx_word' id='word_1_660' title='bbox 1052 3903 1212 3957; x_wconf 79' lang='lat' dir='ltr'><strong>fuisse</strong></span> <span class='ocrx_word' id='word_1_661' title='bbox 1232 3902 1461 3971; x_wconf 88' lang='lat' dir='ltr'><strong>positam</strong></span> <span class='ocrx_word' id='word_1_662' title='bbox 1491 3901 1636 3969; x_wconf 90' lang='lat' dir='ltr'><strong>quod</strong></span> <span class='ocrx_word' id='word_1_663' title='bbox 1666 3902 1798 3955; x_wconf 90' lang='lat' dir='ltr'><strong>duas</strong></span> <span class='ocrx_word' id='word_1_664' title='bbox 1825 3903 1876 3956; x_wconf 92' lang='lat' dir='ltr'><strong>in</strong></span> <span class='ocrx_word' id='word_1_665' title='bbox 1901 3903 2056 3956; x_wconf 77' lang='lat' dir='ltr'><strong>Chri-</strong></span> 
     </span>
    </p>
   </div>
   <div class='ocr_carea' id='block_1_93' title="bbox 475 3971 2054 4042">
    <p class='ocr_par' dir='ltr' id='par_1_93' title="bbox 475 3971 2054 4042">
     <span class='ocr_line' id='line_1_95' title="bbox 475 3971 2054 4042; baseline -0.002 -12"><span class='ocrx_word' id='word_1_666' title='bbox 475 3987 560 4031; x_wconf 85' lang='lat' dir='ltr'><strong>sto</strong></span> <span class='ocrx_word' id='word_1_667' title='bbox 596 3985 816 4030; x_wconf 81' lang='lat' dir='ltr'><strong>naturas</strong></span> <span class='ocrx_word' id='word_1_668' title='bbox 865 3981 1083 4042; x_wconf 77' lang='lat' dir='ltr'><strong>negaret</strong></span> <span class='ocrx_word' id='word_1_669' title='bbox 1109 3973 1220 4029; x_wconf 80' lang='grc' dir='ltr'><strong>καθ’</strong></span> <span class='ocrx_word' id='word_1_670' title='bbox 1245 3973 1536 4042; x_wconf 67' lang='grc' dir='ltr'><strong>ὑπόστασιν</strong></span> <span class='ocrx_word' id='word_1_671' title='bbox 1581 3972 1766 4042; x_wconf 80' lang='lat' dir='ltr'><strong>uniri,</strong></span> <span class='ocrx_word' id='word_1_672' title='bbox 1797 3971 1901 4042; x_wconf 14' lang='lat' dir='ltr'><strong>sed,</strong></span> <span class='ocrx_word' id='word_1_673' title='bbox 1936 3972 2054 4027; x_wconf 91' lang='lat' dir='ltr'><strong>solo</strong></span> 
     </span>
    </p>
   </div>
   <div class='ocr_carea' id='block_1_94' title="bbox 477 4041 2056 4112">
    <p class='ocr_par' dir='ltr' id='par_1_94' title="bbox 477 4041 2056 4112">
     <span class='ocr_line' id='line_1_96' title="bbox 477 4041 2056 4112; baseline -0.003 -12"><span class='ocrx_word' id='word_1_674' title='bbox 477 4061 617 4101; x_wconf 82' lang='lat' dir='ltr'><strong>nexu</strong></span> <span class='ocrx_word' id='word_1_675' title='bbox 645 4045 854 4110; x_wconf 90' lang='lat' dir='ltr'><strong>morali,</strong></span> <span class='ocrx_word' id='word_1_676' title='bbox 903 4041 1077 4112; x_wconf 87' lang='lat' dir='ltr'><strong>qualis</strong></span> <span class='ocrx_word' id='word_1_677' title='bbox 1106 4043 1214 4097; x_wconf 80' lang='lat' dir='ltr'><strong>fere</strong></span> <span class='ocrx_word' id='word_1_678' title='bbox 1242 4041 1383 4112; x_wconf 87' lang='lat' dir='ltr'><strong>inter</strong></span> <span class='ocrx_word' id='word_1_679' title='bbox 1402 4041 1660 4109; x_wconf 87' lang='lat' dir='ltr'><strong>conjuges</strong></span> <span class='ocrx_word' id='word_1_680' title='bbox 1684 4041 1842 4112; x_wconf 84' lang='lat' dir='ltr'><strong>vulgo</strong></span> <span class='ocrx_word' id='word_1_681' title='bbox 1890 4041 2056 4096; x_wconf 88' lang='lat' dir='ltr'><strong>inter-</strong></span> 
     </span>
    </p>
   </div>
   <div class='ocr_carea' id='block_1_95' title="bbox 475 4111 2053 4181">
    <p class='ocr_par' dir='ltr' id='par_1_95' title="bbox 475 4111 2053 4181">
     <span class='ocr_line' id='line_1_97' title="bbox 475 4111 2053 4181; baseline -0.003 -11"><span class='ocrx_word' id='word_1_682' title='bbox 475 4116 636 4181; x_wconf 84' lang='lat' dir='ltr'><strong>cedit,</strong></span> <span class='ocrx_word' id='word_1_683' title='bbox 667 4122 759 4170; x_wconf 88' lang='lat' dir='ltr'><strong>aut</strong></span> <span class='ocrx_word' id='word_1_684' title='bbox 781 4111 936 4170; x_wconf 79' lang='lat' dir='ltr'><strong>certe</strong></span> <span class='ocrx_word' id='word_1_685' title='bbox 956 4113 1311 4167; x_wconf 89' lang='lat' dir='ltr'><strong>intercederet</strong></span> <span class='ocrx_word' id='word_1_686' title='bbox 1339 4111 1479 4181; x_wconf 83' lang='lat' dir='ltr'><strong>inter</strong></span> <span class='ocrx_word' id='word_1_687' title='bbox 1519 4125 1612 4181; x_wconf 83' lang='lat' dir='ltr'><strong>eos</strong></span> <span class='ocrx_word' id='word_1_688' title='bbox 1659 4111 1752 4181; x_wconf 89' lang='lat' dir='ltr'><strong>qui</strong></span> <span class='ocrx_word' id='word_1_689' title='bbox 1794 4119 2053 4180; x_wconf 89' lang='lat' dir='ltr'><strong>perpetuo</strong></span> 
     </span>
    </p>
   </div>
   <div class='ocr_carea' id='block_1_96' title="bbox 475 4179 2049 4253">
    <p class='ocr_par' dir='ltr' id='par_1_96' title="bbox 475 4179 2049 4253">
     <span class='ocr_line' id='line_1_98' title="bbox 475 4179 2049 4253; baseline -0.001 -15"><span class='ocrx_word' id='word_1_690' title='bbox 475 4179 638 4253; x_wconf 80' lang='lat' dir='ltr'><strong>atque</strong></span> <span class='ocrx_word' id='word_1_691' title='bbox 675 4183 1057 4240; x_wconf 89' lang='lat' dir='ltr'><strong>indissociahili</strong></span> <span class='ocrx_word' id='word_1_692' title='bbox 1097 4182 1309 4236; x_wconf 91' lang='lat' dir='ltr'><strong>vinculo</strong></span> <span class='ocrx_word' id='word_1_693' title='bbox 1342 4179 2004 4253; x_wconf 73' lang='lat' dir='ltr'><strong>conjungi__eogitarentur</strong></span> <span class='ocrx_word' id='word_1_694' title='bbox 2035 4199 2049 4236; x_wconf 84' lang='lat'><strong>:</strong></span> 
     </span>
    </p>
   </div>
   <div class='ocr_carea' id='block_1_97' title="bbox 476 4248 2055 4322">
    <p class='ocr_par' dir='ltr' id='par_1_97' title="bbox 476 4248 2055 4322">
     <span class='ocr_line' id='line_1_99' title="bbox 476 4248 2055 4322; baseline -0.001 -14"><span class='ocrx_word' id='word_1_695' title='bbox 476 4248 614 4310; x_wconf 79' lang='lat' dir='ltr'><strong>alter</strong></span> <span class='ocrx_word' id='word_1_696' title='bbox 641 4256 783 4310; x_wconf 87' lang='lat' dir='ltr'><strong>enim</strong></span> <span class='ocrx_word' id='word_1_697' title='bbox 811 4253 1030 4308; x_wconf 89' lang='lat' dir='ltr'><strong>alterius</strong></span> <span class='ocrx_word' id='word_1_698' title='bbox 1044 4267 1258 4322; x_wconf 86' lang='lat' dir='ltr'><strong>semper</strong></span> <span class='ocrx_word' id='word_1_699' title='bbox 1275 4257 1438 4322; x_wconf 83' lang='lat' dir='ltr'><strong>esset,</strong></span> <span class='ocrx_word' id='word_1_700' title='bbox 1464 4266 1563 4304; x_wconf 89' lang='lat' dir='ltr'><strong>nec</strong></span> <span class='ocrx_word' id='word_1_701' title='bbox 1579 4248 1807 4317; x_wconf 84' lang='lat' dir='ltr'><strong>disjungi</strong></span> <span class='ocrx_word' id='word_1_702' title='bbox 1836 4263 2055 4322; x_wconf 79' lang='lat' dir='ltr'><strong>possent</strong></span> 
     </span>
    </p>
   </div>
   <div class='ocr_carea' id='block_1_98' title="bbox 477 4319 2052 4393">
    <p class='ocr_par' dir='ltr' id='par_1_98' title="bbox 477 4319 2052 4393">
     <span class='ocr_line' id='line_1_100' title="bbox 477 4319 2052 4393; baseline -0.001 -15"><span class='ocrx_word' id='word_1_703' title='bbox 477 4340 728 4393; x_wconf 89' lang='lat' dir='ltr'><strong>umquam</strong></span> <span class='ocrx_word' id='word_1_704' title='bbox 748 4323 940 4392; x_wconf 78' lang='lat' dir='ltr'><strong>singuli</strong></span> <span class='ocrx_word' id='word_1_705' title='bbox 965 4339 978 4386; x_wconf 93' lang='lat'><strong>;</strong></span> <span class='ocrx_word' id='word_1_706' title='bbox 1003 4321 1097 4377; x_wconf 88' lang='lat' dir='ltr'><strong>sed</strong></span> <span class='ocrx_word' id='word_1_707' title='bbox 1117 4319 1223 4376; x_wconf 81' lang='lat' dir='ltr'><strong>una</strong></span> <span class='ocrx_word' id='word_1_708' title='bbox 1264 4320 1402 4375; x_wconf 85' lang='lat' dir='ltr'><strong>foret</strong></span> <span class='ocrx_word' id='word_1_709' title='bbox 1429 4328 1744 4393; x_wconf 78' lang='lat' dir='ltr'><strong>perpetuum</strong></span> <span class='ocrx_word' id='word_1_710' title='bbox 1774 4319 2052 4376; x_wconf 85' lang='lat' dir='ltr'><strong>amborum</strong></span> 
     </span>
    </p>
   </div>
   <div class='ocr_carea' id='block_1_99' title="bbox 474 4390 2047 4463">
    <p class='ocr_par' dir='ltr' id='par_1_99' title="bbox 474 4390 2047 4463">
     <span class='ocr_line' id='line_1_101' title="bbox 474 4390 2047 4463; baseline -0.001 -17"><span class='ocrx_word' id='word_1_711' title='bbox 474 4390 722 4463; x_wconf 80' lang='lat' dir='ltr'><strong>dignitas,</strong></span> <span class='ocrx_word' id='word_1_712' title='bbox 741 4390 952 4462; x_wconf 76' lang='lat' dir='ltr'><strong>unaque</strong></span> <span class='ocrx_word' id='word_1_713' title='bbox 976 4393 1295 4463; x_wconf 87' lang='lat' dir='ltr'><strong>auctorita_s,_</strong></span> <span class='ocrx_word' id='word_1_714' title='bbox 1310 4398 1365 4463; x_wconf 84' lang='lat' dir='ltr'><strong>et</strong></span> <span class='ocrx_word' id='word_1_715' title='bbox 1380 4407 1485 4444; x_wconf 89' lang='lat' dir='ltr'><strong>una</strong></span> <span class='ocrx_word' id='word_1_716' title='bbox 1499 4390 1773 4444; x_wconf 87' lang='lat' dir='ltr'><strong>moraliter</strong></span> <span class='ocrx_word' id='word_1_717' title='bbox 1799 4405 2047 4463; x_wconf 77' lang='lat' dir='ltr'><strong>persona.</strong></span> 
     </span>
    </p>
   </div>
   <div class='ocr_carea' id='block_1_100' title="bbox 476 4460 2051 4530">
    <p class='ocr_par' dir='ltr' id='par_1_100' title="bbox 476 4460 2051 4530">
     <span class='ocr_line' id='line_1_102' title="bbox 476 4460 2051 4530; baseline -0.003 -11"><span class='ocrx_word' id='word_1_718' title='bbox 476 4460 646 4519; x_wconf 79' lang='lat' dir='ltr'><strong>Immo</strong></span> <span class='ocrx_word' id='word_1_719' title='bbox 687 4472 741 4518; x_wconf 91' lang='lat' dir='ltr'><strong>et</strong></span> <span class='ocrx_word' id='word_1_720' title='bbox 779 4460 918 4517; x_wconf 83' lang='lat' dir='ltr'><strong>idem</strong></span> <span class='ocrx_word' id='word_1_721' title='bbox 948 4460 1242 4530; x_wconf 86' lang='lat' dir='ltr'><strong>utriusque&#39;</strong></span> <span class='ocrx_word' id='word_1_722' title='bbox 1269 4461 1538 4515; x_wconf 88' lang='lat' dir='ltr'><strong>diceretur</strong></span> <span class='ocrx_word' id='word_1_723' title='bbox 1563 4475 1776 4529; x_wconf 89' lang='lat' dir='ltr'><strong>parens,</strong></span> <span class='ocrx_word' id='word_1_724' title='bbox 1814 4461 1908 4513; x_wconf 90' lang='lat' dir='ltr'><strong>sed</strong></span> <span class='ocrx_word' id='word_1_725' title='bbox 1945 4461 2051 4514; x_wconf 89' lang='lat' dir='ltr'><strong>dis-</strong></span> 
     </span>
    </p>
   </div>
   <div class='ocr_carea' id='block_1_101' title="bbox 477 4532 842 4603">
    <p class='ocr_par' dir='ltr' id='par_1_101' title="bbox 477 4532 842 4603">
     <span class='ocr_line' id='line_1_103' title="bbox 477 4532 842 4603; baseline 0.008 -18"><span class='ocrx_word' id='word_1_726' title='bbox 477 4536 592 4603; x_wconf 80' lang='lat' dir='ltr'><strong>pari</strong></span> <span class='ocrx_word' id='word_1_727' title='bbox 625 4532 785 4588; x_wconf 91' lang='lat' dir='ltr'><strong>modo</strong></span> <span class='ocrx_word' id='word_1_728' title='bbox 829 4549 842 4594; x_wconf 88' lang='lat'><strong>;</strong></span> 
     </span>
    </p>
   </div>
   <div class='ocr_carea' id='block_1_102' title="bbox 477 4611 718 4670">
    <p class='ocr_par' dir='ltr' id='par_1_102' title="bbox 477 4611 718 4670">
     <span class='ocr_line' id='line_1_104' title="bbox 477 4611 718 4670; baseline 0 -12"><span class='ocrx_word' id='word_1_729' title='bbox 477 4620 544 4658; x_wconf 88' lang='lat' dir='ltr'><strong>ne</strong></span> <span class='ocrx_word' id='word_1_730' title='bbox 561 4646 576 4670; x_wconf 95' lang='lat'><strong>,</strong></span> <span class='ocrx_word' id='word_1_731' title='bbox 613 4611 718 4659; x_wconf 91' lang='lat' dir='ltr'><strong>etc.</strong></span> 
     </span>
    </p>
   </div>
   <div class='ocr_carea' id='block_1_103' title="bbox 547 4667 2054 4741">
    <p class='ocr_par' dir='ltr' id='par_1_103' title="bbox 547 4667 2054 4741">
     <span class='ocr_line' id='line_1_105' title="bbox 547 4667 2054 4741; baseline -0.003 -12"><span class='ocrx_word' id='word_1_732' title='bbox 547 4667 824 4729; x_wconf 80' lang='lat' dir='ltr'><strong>Nestorius</strong></span> <span class='ocrx_word' id='word_1_733' title='bbox 853 4673 1029 4741; x_wconf 84' lang='lat' dir='ltr'><strong>igitur,</strong></span> <span class='ocrx_word' id='word_1_734' title='bbox 1067 4686 1189 4725; x_wconf 92' lang='lat' dir='ltr'><strong>cum</strong></span> <span class='ocrx_word' id='word_1_735' title='bbox 1226 4669 1327 4723; x_wconf 90' lang='lat' dir='ltr'><strong>sibi</strong></span> <span class='ocrx_word' id='word_1_736' title='bbox 1359 4669 1674 4741; x_wconf 72' lang='lat' dir='ltr'><strong>calumniam</strong></span> <span class='ocrx_word' id='word_1_737' title='bbox 1711 4667 1822 4723; x_wconf 86' lang='lat' dir='ltr'><strong>ﬁeri</strong></span> <span class='ocrx_word' id='word_1_738' title='bbox 1861 4685 2054 4741; x_wconf 82' lang='lat' dir='ltr'><strong>quere—</strong></span> 
     </span>
    </p>
   </div>
   <div class='ocr_carea' id='block_1_104' title="bbox 475 4737 2053 4812">
    <p class='ocr_par' dir='ltr' id='par_1_104' title="bbox 475 4737 2053 4812">
     <span class='ocr_line' id='line_1_106' title="bbox 475 4737 2053 4812; baseline -0.004 -13"><span class='ocrx_word' id='word_1_739' title='bbox 475 4755 642 4805; x_wconf 84' lang='lat' dir='ltr'><strong>retur,</strong></span> <span class='ocrx_word' id='word_1_740' title='bbox 669 4737 935 4812; x_wconf 77' lang='lat' dir='ltr'><strong>velletque</strong></span> <span class='ocrx_word' id='word_1_741' title='bbox 968 4741 1134 4795; x_wconf 87' lang='lat' dir='ltr'><strong>videri</strong></span> <span class='ocrx_word' id='word_1_742' title='bbox 1170 4753 1486 4812; x_wconf 79' lang='lat' dir='ltr'><strong>succensere</strong></span> <span class='ocrx_word' id='word_1_743' title='bbox 1523 4737 2053 4812; x_wconf 27' lang='lat' dir='ltr'><strong>Samosateno’afﬁr-</strong></span> 
     </span>
    </p>
   </div>
   <div class='ocr_carea' id='block_1_105' title="bbox 473 4807 2048 4876">
    <p class='ocr_par' dir='ltr' id='par_1_105' title="bbox 473 4807 2048 4876">
     <span class='ocr_line' id='line_1_107' title="bbox 473 4807 2048 4876; baseline -0.004 -8"><span class='ocrx_word' id='word_1_744' title='bbox 473 4815 643 4868; x_wconf 77' lang='lat' dir='ltr'><strong>inanti</strong></span> <span class='ocrx_word' id='word_1_745' title='bbox 681 4807 950 4868; x_wconf 70' lang='lat' dir='ltr'><strong>Christum</strong></span> <span class='ocrx_word' id='word_1_746' title='bbox 980 4824 1100 4864; x_wconf 90' lang='lat' dir='ltr'><strong>esse</strong></span> <span class='ocrx_word' id='word_1_747' title='bbox 1144 4809 1315 4863; x_wconf 89' lang='lat' dir='ltr'><strong>solum</strong></span> <span class='ocrx_word' id='word_1_748' title='bbox 1345 4807 1635 4872; x_wconf 87' lang='lat' dir='ltr'><strong>hominem,</strong></span> <span class='ocrx_word' id='word_1_749' title='bbox 1677 4808 1852 4862; x_wconf 68' lang='lat' dir='ltr'><strong>fucum</strong></span> <span class='ocrx_word' id='word_1_750' title='bbox 1899 4809 2048 4876; x_wconf 82' lang='lat' dir='ltr'><strong>fecit;</strong></span> 
     </span>
    </p>
   </div>
   <div class='ocr_carea' id='block_1_106' title="bbox 475 4877 2053 4953">
    <p class='ocr_par' dir='ltr' id='par_1_106' title="bbox 475 4877 2053 4953">
     <span class='ocr_line' id='line_1_108' title="bbox 475 4877 2053 4953; baseline -0.002 -16"><span class='ocrx_word' id='word_1_751' title='bbox 475 4899 649 4953; x_wconf 84' lang='lat' dir='ltr'><strong>neque</strong></span> <span class='ocrx_word' id='word_1_752' title='bbox 677 4883 820 4938; x_wconf 89' lang='lat' dir='ltr'><strong>enim</strong></span> <span class='ocrx_word' id='word_1_753' title='bbox 849 4881 948 4951; x_wconf 90' lang='lat' dir='ltr'><strong>ipsi</strong></span> <span class='ocrx_word' id='word_1_754' title='bbox 978 4879 1392 4953; x_wconf 23' lang='lat' dir='ltr'><strong>objectum‘erat</strong></span> <span class='ocrx_word' id='word_1_755' title='bbox 1429 4877 1593 4953; x_wconf 81' lang='lat' dir='ltr'><strong>quod,</strong></span> <span class='ocrx_word' id='word_1_756' title='bbox 1637 4879 1773 4953; x_wconf 75' lang='lat' dir='ltr'><strong>sicut</strong></span> <span class='ocrx_word' id='word_1_757' title='bbox 1801 4879 2053 4953; x_wconf 77' lang='lat' dir='ltr'><strong>Sa_i_no_sa-</strong></span> 
     </span>
    </p>
   </div>
   <div class='ocr_carea' id='block_1_107' title="bbox 473 4947 2047 5020">
    <p class='ocr_par' dir='ltr' id='par_1_107' title="bbox 473 4947 2047 5020">
     <span class='ocr_line' id='line_1_109' title="bbox 473 4947 2047 5020; baseline -0.003 -13"><span class='ocrx_word' id='word_1_758' title='bbox 473 4947 931 5020; x_wconf 55' lang='lat' dir='ltr'><strong>tenus,(lhristu&#39;m</strong></span> <span class='ocrx_word' id='word_1_759' title='bbox 952 4947 1113 5005; x_wconf 87' lang='lat' dir='ltr'><strong>vellet</strong></span> <span class='ocrx_word' id='word_1_760' title='bbox 1135 4949 1400 5020; x_wconf 83' lang='lat' dir='ltr'><strong>exstitisse</strong></span> <span class='ocrx_word' id='word_1_761' title='bbox 1421 4947 1704 5020; x_wconf 87' lang='lat' dir='ltr'><strong>aliquando</strong></span> <span class='ocrx_word' id='word_1_762' title='bbox 1725 4948 1838 5020; x_wconf 87' lang='lat' dir='ltr'><strong>sine</strong></span> <span class='ocrx_word' id='word_1_763' title='bbox 1851 4948 2047 5015; x_wconf 88' lang='lat' dir='ltr'><strong>Verbo,</strong></span> 
     </span>
    </p>
   </div>
   <div class='ocr_carea' id='block_1_108' title="bbox 472 5017 2049 5094">
    <p class='ocr_par' dir='ltr' id='par_1_108' title="bbox 472 5017 2049 5094">
     <span class='ocr_line' id='line_1_110' title="bbox 472 5017 2049 5094; baseline -0.003 -18"><span class='ocrx_word' id='word_1_764' title='bbox 472 5017 731 5094; x_wconf 80' lang='lat' dir='ltr'><strong>suamque</strong></span> <span class='ocrx_word' id='word_1_765' title='bbox 775 5038 897 5094; x_wconf 88' lang='lat' dir='ltr'><strong>cum</strong></span> <span class='ocrx_word' id='word_1_766' title='bbox 926 5021 1124 5094; x_wconf 83' lang='lat' dir='ltr'><strong>Verbo</strong></span> <span class='ocrx_word' id='word_1_767' title='bbox 1170 5017 1600 5094; x_wconf 76' lang='lat' dir='ltr'><strong>conjunctionem</strong></span> <span class='ocrx_word' id='word_1_768' title='bbox 1656 5019 2049 5094; x_wconf 85' lang='lat' dir='ltr'><strong>operibu_s_m_e-</strong></span> 
     </span>
    </p>
   </div>
   <div class='ocr_carea' id='block_1_109' title="bbox 474 5087 2047 5158">
    <p class='ocr_par' dir='ltr' id='par_1_109' title="bbox 474 5087 2047 5158">
     <span class='ocr_line' id='line_1_111' title="bbox 474 5087 2047 5158; baseline -0.003 -12"><span class='ocrx_word' id='word_1_769' title='bbox 474 5087 664 5147; x_wconf 52' lang='lat' dir='ltr'><strong>ruisse&quot;.</strong></span> <span class='ocrx_word' id='word_1_770' title='bbox 696 5092 826 5158; x_wconf 85' lang='lat' dir='ltr'><strong>Quis</strong></span> <span class='ocrx_word' id='word_1_771' title='bbox 851 5093 992 5146; x_wconf 90' lang='lat' dir='ltr'><strong>enim</strong></span> <span class='ocrx_word' id='word_1_772' title='bbox 1018 5105 1123 5145; x_wconf 93' lang='lat' dir='ltr'><strong>non</strong></span> <span class='ocrx_word' id='word_1_773' title='bbox 1146 5089 1386 5143; x_wconf 86' lang='lat' dir='ltr'><strong>audierat</strong></span> <span class='ocrx_word' id='word_1_774' title='bbox 1411 5087 1784 5141; x_wconf 86' lang='lat' dir='ltr'><strong>iuclamantem</strong></span> <span class='ocrx_word' id='word_1_775' title='bbox 1806 5088 2047 5156; x_wconf 89' lang='lat' dir='ltr'><strong>subinde,</strong></span> 
     </span>
    </p>
   </div>
   <div class='ocr_carea' id='block_1_110' title="bbox 475 5158 2050 5230">
    <p class='ocr_par' dir='ltr' id='par_1_110' title="bbox 475 5158 2050 5230">
     <span class='ocr_line' id='line_1_112' title="bbox 475 5158 2050 5230; baseline -0.003 -16"><span class='ocrx_word' id='word_1_776' title='bbox 475 5171 694 5216; x_wconf 86' lang='lat' dir='ltr'><strong>naturas</strong></span> <span class='ocrx_word' id='word_1_777' title='bbox 723 5162 775 5214; x_wconf 87' lang='lat' dir='ltr'><strong>in</strong></span> <span class='ocrx_word' id='word_1_778' title='bbox 805 5163 920 5230; x_wconf 83' lang='lat' dir='ltr'><strong>ipso</strong></span> <span class='ocrx_word' id='word_1_779' title='bbox 947 5159 1186 5230; x_wconf 69' lang='lat' dir='ltr'><strong>Virginis</strong></span> <span class='ocrx_word' id='word_1_780' title='bbox 1210 5167 1381 5230; x_wconf 83' lang='lat' dir='ltr'><strong>utero,</strong></span> <span class='ocrx_word' id='word_1_781' title='bbox 1415 5158 1652 5230; x_wconf 75' lang='lat' dir='ltr'><strong>immoct</strong></span> <span class='ocrx_word' id='word_1_782' title='bbox 1681 5158 1735 5212; x_wconf 90' lang='lat' dir='ltr'><strong>in</strong></span> <span class='ocrx_word' id='word_1_783' title='bbox 1767 5158 1882 5227; x_wconf 91' lang='lat' dir='ltr'><strong>ipso</strong></span> <span class='ocrx_word' id='word_1_784' title='bbox 1921 5174 2050 5230; x_wconf 81' lang='lat' dir='ltr'><strong>con-</strong></span> 
     </span>
    </p>
   </div>
   <div class='ocr_carea' id='block_1_111' title="bbox 472 5227 2049 5314">
    <p class='ocr_par' dir='ltr' id='par_1_111' title="bbox 472 5227 2049 5314">
     <span class='ocr_line' id='line_1_113' title="bbox 472 5227 2049 5314; baseline -0.001 -28"><span class='ocrx_word' id='word_1_785' title='bbox 472 5238 652 5314; x_wconf 65' lang='lat' dir='ltr'><strong>ceptu,</strong></span> <span class='ocrx_word' id='word_1_786' title='bbox 683 5227 957 5314; x_wconf 70' lang='lat' dir='ltr'><strong>copulatas</strong></span> <span class='ocrx_word' id='word_1_787' title='bbox 985 5231 1137 5310; x_wconf 75' lang='lat' dir='ltr'><strong>esse?</strong></span> <span class='ocrx_word' id='word_1_788' title='bbox 1156 5227 1410 5314; x_wconf 40' lang='lat' dir='ltr'><strong>Sed‘vitio</strong></span> <span class='ocrx_word' id='word_1_789' title='bbox 1432 5227 1762 5314; x_wconf 70' lang='lat' dir='ltr'><strong>vertebatur,</strong></span> <span class='ocrx_word' id='word_1_790' title='bbox 1783 5236 1836 5280; x_wconf 89' lang='lat' dir='ltr'><strong>et</strong></span> <span class='ocrx_word' id='word_1_791' title='bbox 1857 5228 2049 5314; x_wconf 71' lang='lat' dir='ltr'><strong>merito</strong></span> 
     </span>
    </p>
   </div>
   <div class='ocr_carea' id='block_1_112' title="bbox 471 5297 2049 5369">
    <p class='ocr_par' dir='ltr' id='par_1_112' title="bbox 471 5297 2049 5369">
     <span class='ocr_line' id='line_1_114' title="bbox 471 5297 2049 5369; baseline -0.004 -14"><span class='ocrx_word' id='word_1_792' title='bbox 471 5297 704 5369; x_wconf 80' lang='lat' dir='ltr'><strong>quidem,</strong></span> <span class='ocrx_word' id='word_1_793' title='bbox 728 5297 871 5368; x_wconf 79' lang='lat' dir='ltr'><strong>quod</strong></span> <span class='ocrx_word' id='word_1_794' title='bbox 900 5302 1005 5369; x_wconf 14' lang='lat' dir='ltr'><strong>has,</strong></span> <span class='ocrx_word' id='word_1_795' title='bbox 1023 5299 1164 5369; x_wconf 84' lang='lat' dir='ltr'><strong>ipsas</strong></span> <span class='ocrx_word' id='word_1_796' title='bbox 1193 5306 1408 5369; x_wconf 84' lang='lat' dir='ltr'><strong>naturas</strong></span> <span class='ocrx_word' id='word_1_797' title='bbox 1422 5297 1696 5366; x_wconf 88' lang='lat' dir='ltr'><strong>copulatas</strong></span> <span class='ocrx_word' id='word_1_798' title='bbox 1714 5298 1914 5369; x_wconf 82' lang='lat' dir='ltr'><strong>diceret</strong></span> <span class='ocrx_word' id='word_1_799' title='bbox 1934 5298 2049 5369; x_wconf 87' lang='lat' dir='ltr'><strong>solo</strong></span> 
     </span>
    </p>
   </div>
   <div class='ocr_carea' id='block_1_113' title="bbox 473 5367 2049 5436">
    <p class='ocr_par' dir='ltr' id='par_1_113' title="bbox 473 5367 2049 5436">
     <span class='ocr_line' id='line_1_115' title="bbox 473 5367 2049 5436; baseline -0.003 -11"><span class='ocrx_word' id='word_1_800' title='bbox 473 5367 614 5425; x_wconf 82' lang='lat' dir='ltr'><strong>nexu</strong></span> <span class='ocrx_word' id='word_1_801' title='bbox 643 5367 830 5424; x_wconf 86' lang='lat' dir='ltr'><strong>morali</strong></span> <span class='ocrx_word' id='word_1_802' title='bbox 859 5386 870 5422; x_wconf 95' lang='lat'><strong>:</strong></span> <span class='ocrx_word' id='word_1_803' title='bbox 903 5368 1045 5424; x_wconf 87' lang='lat' dir='ltr'><strong>unde</strong></span> <span class='ocrx_word' id='word_1_804' title='bbox 1075 5368 1225 5422; x_wconf 89' lang='lat' dir='ltr'><strong>lleret</strong></span> <span class='ocrx_word' id='word_1_805' title='bbox 1247 5376 1303 5420; x_wconf 91' lang='lat' dir='ltr'><strong>ut</strong></span> <span class='ocrx_word' id='word_1_806' title='bbox 1329 5367 1467 5422; x_wconf 88' lang='lat' dir='ltr'><strong>Deus</strong></span> <span class='ocrx_word' id='word_1_807' title='bbox 1488 5374 1627 5421; x_wconf 85' lang='lat' dir='ltr'><strong>esset</strong></span> <span class='ocrx_word' id='word_1_808' title='bbox 1647 5367 1860 5436; x_wconf 87' lang='lat' dir='ltr'><strong>quidem</strong></span> <span class='ocrx_word' id='word_1_809' title='bbox 1884 5367 2049 5420; x_wconf 89' lang='lat' dir='ltr'><strong>homi-</strong></span> 
     </span>
    </p>
   </div>
   <div class='ocr_carea' id='block_1_114' title="bbox 472 5437 2044 5505">
    <p class='ocr_par' dir='ltr' id='par_1_114' title="bbox 472 5437 2044 5505">
     <span class='ocr_line' id='line_1_116' title="bbox 472 5437 2044 5505; baseline -0.001 -13"><span class='ocrx_word' id='word_1_810' title='bbox 472 5443 574 5505; x_wconf 89' lang='lat' dir='ltr'><strong>nis,</strong></span> <span class='ocrx_word' id='word_1_811' title='bbox 616 5448 670 5494; x_wconf 90' lang='lat' dir='ltr'><strong>et</strong></span> <span class='ocrx_word' id='word_1_812' title='bbox 707 5440 867 5494; x_wconf 90' lang='lat' dir='ltr'><strong>homo</strong></span> <span class='ocrx_word' id='word_1_813' title='bbox 899 5439 1014 5502; x_wconf 86' lang='lat' dir='ltr'><strong>Dei,</strong></span> <span class='ocrx_word' id='word_1_814' title='bbox 1056 5454 1163 5492; x_wconf 89' lang='lat' dir='ltr'><strong>non</strong></span> <span class='ocrx_word' id='word_1_815' title='bbox 1203 5445 1378 5490; x_wconf 89' lang='lat' dir='ltr'><strong>tamen</strong></span> <span class='ocrx_word' id='word_1_816' title='bbox 1410 5438 1549 5491; x_wconf 89' lang='lat' dir='ltr'><strong>Deus</strong></span> <span class='ocrx_word' id='word_1_817' title='bbox 1589 5437 1748 5490; x_wconf 90' lang='lat' dir='ltr'><strong>homo</strong></span> <span class='ocrx_word' id='word_1_818' title='bbox 1791 5443 1845 5490; x_wconf 90' lang='lat' dir='ltr'><strong>et</strong></span> <span class='ocrx_word' id='word_1_819' title='bbox 1884 5437 2044 5491; x_wconf 89' lang='lat' dir='ltr'><strong>homo</strong></span> 
     </span>
    </p>
   </div>
   <div class='ocr_carea' id='block_1_115' title="bbox 475 5506 2046 5577">
    <p class='ocr_par' dir='ltr' id='par_1_115' title="bbox 475 5506 2046 5577">
     <span class='ocr_line' id='line_1_117' title="bbox 475 5506 2046 5577; baseline -0.005 -9"><span class='ocrx_word' id='word_1_820' title='bbox 475 5511 643 5574; x_wconf 86' lang='lat' dir='ltr'><strong>Deus;</strong></span> <span class='ocrx_word' id='word_1_821' title='bbox 676 5517 732 5563; x_wconf 90' lang='lat' dir='ltr'><strong>ut</strong></span> <span class='ocrx_word' id='word_1_822' title='bbox 752 5509 1090 5577; x_wconf 66' lang='lat' dir='ltr'><strong>evangelista:</strong></span> <span class='ocrx_word' id='word_1_823' title='bbox 1109 5507 1290 5570; x_wconf 87' lang='lat' dir='ltr'><strong>verba,</strong></span> <span class='ocrx_word' id='word_1_824' title='bbox 1321 5522 1418 5561; x_wconf 88' lang='lat' dir='ltr'><strong>nec</strong></span> <span class='ocrx_word' id='word_1_825' title='bbox 1446 5507 1818 5577; x_wconf 88' lang='lat' dir='ltr'><strong>proprio,_nec,</strong></span> <span class='ocrx_word' id='word_1_826' title='bbox 1849 5507 1892 5560; x_wconf 91' lang='lat' dir='ltr'><strong>si</strong></span> <span class='ocrx_word' id='word_1_827' title='bbox 1923 5506 2046 5560; x_wconf 89' lang='lat' dir='ltr'><strong>licet</strong></span> 
     </span>
    </p>
   </div>
   <div class='ocr_carea' id='block_1_116' title="bbox 472 5575 2046 5650">
    <p class='ocr_par' dir='ltr' id='par_1_116' title="bbox 472 5575 2046 5650">
     <span class='ocr_line' id='line_1_118' title="bbox 472 5575 2046 5650; baseline -0.004 -15"><span class='ocrx_word' id='word_1_828' title='bbox 472 5583 543 5635; x_wconf 90' lang='lat' dir='ltr'><strong>ita</strong></span> <span class='ocrx_word' id='word_1_829' title='bbox 565 5579 730 5650; x_wconf 90' lang='lat' dir='ltr'><strong>loqui,</strong></span> <span class='ocrx_word' id='word_1_830' title='bbox 766 5575 915 5634; x_wconf 81' lang='lat' dir='ltr'><strong>recto</strong></span> <span class='ocrx_word' id='word_1_831' title='bbox 945 5593 1104 5650; x_wconf 71' lang='lat' dir='ltr'><strong>sensu</strong></span> <span class='ocrx_word' id='word_1_832' title='bbox 1136 5578 1520 5650; x_wconf 83' lang='lat' dir='ltr'><strong>acciperentur,</strong></span> <span class='ocrx_word' id='word_1_833' title='bbox 1549 5576 1642 5650; x_wconf 78' lang='lat' dir='ltr'><strong>sed</strong></span> <span class='ocrx_word' id='word_1_834' title='bbox 1674 5575 1898 5642; x_wconf 77' lang='lat' dir='ltr'><strong>ﬁgurato</strong></span> <span class='ocrx_word' id='word_1_835' title='bbox 1927 5583 2046 5650; x_wconf 53' lang='lat' dir='ltr'><strong>tan:-</strong></span> 
     </span>
    </p>
   </div>
   <div class='ocr_carea' id='block_1_117' title="bbox 473 5644 2044 5722">
    <p class='ocr_par' dir='ltr' id='par_1_117' title="bbox 473 5644 2044 5722">
     <span class='ocr_line' id='line_1_119' title="bbox 473 5644 2044 5722; baseline -0.003 -18"><span class='ocrx_word' id='word_1_836' title='bbox 473 5661 585 5705; x_wconf 87' lang='lat' dir='ltr'><strong>tum</strong></span> <span class='ocrx_word' id='word_1_837' title='bbox 615 5644 668 5705; x_wconf 70' lang='grc' dir='ltr'><strong>εἰ</strong></span> <span class='ocrx_word' id='word_1_838' title='bbox 690 5657 1036 5722; x_wconf 40' lang='grc' dir='ltr'><strong>σχετικῷς-υῐί</strong></span> <span class='ocrx_word' id='word_1_839' title='bbox 1062 5644 1290 5722; x_wconf 84' lang='lat' dir='ltr'><strong>Verbum</strong></span> <span class='ocrx_word' id='word_1_840' title='bbox 1322 5662 1425 5722; x_wconf 79' lang='lat' dir='ltr'><strong>non</strong></span> <span class='ocrx_word' id='word_1_841' title='bbox 1454 5647 1522 5700; x_wconf 87' lang='lat' dir='ltr'><strong>sit</strong></span> <span class='ocrx_word' id='word_1_842' title='bbox 1543 5645 1737 5722; x_wconf 84' lang='lat' dir='ltr'><strong>factum</strong></span> <span class='ocrx_word' id='word_1_843' title='bbox 1765 5661 1915 5709; x_wconf 88' lang='lat' dir='ltr'><strong>caro,</strong></span> <span class='ocrx_word' id='word_1_844' title='bbox 1951 5644 2044 5700; x_wconf 86' lang='lat' dir='ltr'><strong>sed</strong></span> 
     </span>
    </p>
   </div>
   <div class='ocr_carea' id='block_1_118' title="bbox 471 5717 2040 5787">
    <p class='ocr_par' dir='ltr' id='par_1_118' title="bbox 471 5717 2040 5787">
     <span class='ocr_line' id='line_1_120' title="bbox 471 5717 2040 5787; baseline -0.006 -5"><span class='ocrx_word' id='word_1_845' title='bbox 471 5723 648 5782; x_wconf 67' lang='lat' dir='ltr'><strong>carnis</strong></span> <span class='ocrx_word' id='word_1_846' title='bbox 670 5717 1252 5787; x_wconf 64' lang='lat' dir='ltr'><strong>taiituminhabitator;</strong></span> <span class='ocrx_word' id='word_1_847' title='bbox 1282 5725 1338 5772; x_wconf 91' lang='lat' dir='ltr'><strong>ut</strong></span> <span class='ocrx_word' id='word_1_848' title='bbox 1366 5717 1506 5772; x_wconf 89' lang='lat' dir='ltr'><strong>Deus</strong></span> <span class='ocrx_word' id='word_1_849' title='bbox 1533 5733 1639 5773; x_wconf 91' lang='lat' dir='ltr'><strong>non</strong></span> <span class='ocrx_word' id='word_1_850' title='bbox 1680 5717 1748 5771; x_wconf 88' lang='lat' dir='ltr'><strong>sit</strong></span> <span class='ocrx_word' id='word_1_851' title='bbox 1781 5725 2040 5783; x_wconf 88' lang='lat' dir='ltr'><strong>mortuus,</strong></span> 
     </span>
    </p>
   </div>
   <div class='ocr_carea' id='block_1_119' title="bbox 2228 3211 3720 3280">
    <p class='ocr_par' dir='ltr' id='par_1_119' title="bbox 2228 3211 3720 3280">
     <span class='ocr_line' id='line_1_121' title="bbox 2228 3211 3720 3280; baseline 0 -15"><span class='ocrx_word' id='word_1_852' title='bbox 2228 3211 2389 3266; x_wconf 89' lang='lat' dir='ltr'><strong>Suam</strong></span> <span class='ocrx_word' id='word_1_853' title='bbox 2416 3228 2578 3280; x_wconf 91' lang='lat' dir='ltr'><strong>porro</strong></span> <span class='ocrx_word' id='word_1_854' title='bbox 2607 3220 2838 3265; x_wconf 88' lang='lat' dir='ltr'><strong>mentem</strong></span> <span class='ocrx_word' id='word_1_855' title='bbox 2865 3212 3027 3266; x_wconf 91' lang='lat' dir='ltr'><strong>homo</strong></span> <span class='ocrx_word' id='word_1_856' title='bbox 3057 3228 3304 3280; x_wconf 87' lang='lat' dir='ltr'><strong>nequam,</strong></span> <span class='ocrx_word' id='word_1_857' title='bbox 3330 3213 3558 3266; x_wconf 82' lang='lat' dir='ltr'><strong>scribens</strong></span> <span class='ocrx_word' id='word_1_858' title='bbox 3573 3229 3720 3265; x_wconf 86' lang='lat' dir='ltr'><strong>sum-</strong></span> 
     </span>
    </p>
   </div>
   <div class='ocr_carea' id='block_1_120' title="bbox 2157 3280 3714 3352">
    <p class='ocr_par' dir='ltr' id='par_1_120' title="bbox 2157 3280 3714 3352">
     <span class='ocr_line' id='line_1_122' title="bbox 2157 3280 3714 3352; baseline -0.001 -16"><span class='ocrx_word' id='word_1_859' title='bbox 2157 3297 2246 3336; x_wconf 91' lang='lat' dir='ltr'><strong>mo</strong></span> <span class='ocrx_word' id='word_1_860' title='bbox 2268 3281 2522 3352; x_wconf 82' lang='lat' dir='ltr'><strong>pontiﬁci,</strong></span> <span class='ocrx_word' id='word_1_861' title='bbox 2556 3280 2786 3349; x_wconf 87' lang='lat' dir='ltr'><strong>prodidit</strong></span> <span class='ocrx_word' id='word_1_862' title='bbox 2805 3281 2887 3335; x_wconf 89' lang='lat' dir='ltr'><strong>his</strong></span> <span class='ocrx_word' id='word_1_863' title='bbox 2908 3282 3084 3334; x_wconf 79' lang='lat' dir='ltr'><strong>verbis</strong></span> <span class='ocrx_word' id='word_1_864' title='bbox 3116 3281 3308 3352; x_wconf 79' lang='lat' dir='ltr'><strong>(Epist.</strong></span> <span class='ocrx_word' id='word_1_865' title='bbox 3336 3282 3357 3333; x_wconf 86' lang='lat' dir='ltr'><strong>l</strong></span> <span class='ocrx_word' id='word_1_866' title='bbox 3403 3285 3467 3334; x_wconf 88' lang='lat' dir='ltr'><strong>ad</strong></span> <span class='ocrx_word' id='word_1_867' title='bbox 3515 3281 3714 3335; x_wconf 69' lang='lat' dir='ltr'><strong>Cwlcst.</strong></span> 
     </span>
    </p>
   </div>
   <div class='ocr_carea' id='block_1_121' title="bbox 2156 3351 3721 3421">
    <p class='ocr_par' dir='ltr' id='par_1_121' title="bbox 2156 3351 3721 3421">
     <span class='ocr_line' id='line_1_123' title="bbox 2156 3351 3721 3421; baseline -0.001 -17"><span class='ocrx_word' id='word_1_868' title='bbox 2156 3368 2294 3404; x_wconf 87' lang='lat' dir='ltr'><strong>num.</strong></span> <span class='ocrx_word' id='word_1_869' title='bbox 2321 3351 2374 3416; x_wconf 78' lang='lat'><strong>6)</strong></span> <span class='ocrx_word' id='word_1_870' title='bbox 2400 3367 2416 3405; x_wconf 92' lang='lat'><strong><em>:</em></strong></span> <span class='ocrx_word' id='word_1_871' title='bbox 2449 3351 2508 3404; x_wconf 89' lang='lat' dir='ltr'><strong>Si</strong></span> <span class='ocrx_word' id='word_1_872' title='bbox 2530 3351 2640 3421; x_wconf 83' lang='lat' dir='ltr'><strong>quis</strong></span> <span class='ocrx_word' id='word_1_873' title='bbox 2670 3360 2836 3404; x_wconf 85' lang='lat' dir='ltr'><strong>autem</strong></span> <span class='ocrx_word' id='word_1_874' title='bbox 2865 3352 2958 3403; x_wconf 83' lang='lat' dir='ltr'><strong>ltoc</strong></span> <span class='ocrx_word' id='word_1_875' title='bbox 2987 3351 3188 3421; x_wconf 77' lang='lat' dir='ltr'><strong>nomen,</strong></span> <span class='ocrx_word' id='word_1_876' title='bbox 3232 3353 3481 3412; x_wconf 77' lang='grc' dir='ltr'><strong>Θεοτὸκσν,</strong></span> <span class='ocrx_word' id='word_1_877' title='bbox 3514 3365 3721 3420; x_wconf 80' lang='lat' dir='ltr'><strong>propter</strong></span> 
     </span>
    </p>
   </div>
   <div class='ocr_carea' id='block_1_122' title="bbox 2156 3419 3721 3490">
    <p class='ocr_par' dir='ltr' id='par_1_122' title="bbox 2156 3419 3721 3490">
     <span class='ocr_line' id='line_1_124' title="bbox 2156 3419 3721 3490; baseline 0.001 -17"><span class='ocrx_word' id='word_1_878' title='bbox 2156 3430 2332 3474; x_wconf 90' lang='lat' dir='ltr'><strong>natam</strong></span> <span class='ocrx_word' id='word_1_879' title='bbox 2361 3419 2727 3474; x_wconf 78' lang='lat' dir='ltr'><strong>humanitatem</strong></span> <span class='ocrx_word' id='word_1_880' title='bbox 2756 3421 3084 3490; x_wconf 85' lang='lat' dir='ltr'><strong>conjunctam</strong></span> <span class='ocrx_word' id='word_1_881' title='bbox 3107 3419 3213 3473; x_wconf 87' lang='lat' dir='ltr'><strong>Dea</strong></span> <span class='ocrx_word' id='word_1_882' title='bbox 3251 3421 3435 3483; x_wconf 89' lang='lat' dir='ltr'><strong>Verbo,</strong></span> <span class='ocrx_word' id='word_1_883' title='bbox 3464 3419 3564 3474; x_wconf 83' lang='lat' dir='ltr'><strong>nun</strong></span> <span class='ocrx_word' id='word_1_884' title='bbox 3602 3439 3721 3489; x_wconf 88' lang='lat' dir='ltr'><strong>pro-</strong></span> 
     </span>
    </p>
   </div>
   <div class='ocr_carea' id='block_1_123' title="bbox 2154 3490 3723 3560">
    <p class='ocr_par' dir='ltr' id='par_1_123' title="bbox 2154 3490 3723 3560">
     <span class='ocr_line' id='line_1_125' title="bbox 2154 3490 3723 3560; baseline -0.001 -18"><span class='ocrx_word' id='word_1_885' title='bbox 2154 3499 2269 3560; x_wconf 81' lang='lat' dir='ltr'><strong>pter</strong></span> <span class='ocrx_word' id='word_1_886' title='bbox 2288 3493 2585 3558; x_wconf 83' lang='lat' dir='ltr'><strong>parientem,</strong></span> <span class='ocrx_word' id='word_1_887' title='bbox 2617 3499 2888 3559; x_wconf 88' lang='lat' dir='ltr'><strong>proponat,</strong></span> <span class='ocrx_word' id='word_1_888' title='bbox 2921 3490 3134 3543; x_wconf 87' lang='lat' dir='ltr'><strong>dicimus</strong></span> <span class='ocrx_word' id='word_1_889' title='bbox 3156 3492 3358 3560; x_wconf 77' lang='lat' dir='ltr'><strong>quidem</strong></span> <span class='ocrx_word' id='word_1_890' title='bbox 3379 3492 3472 3544; x_wconf 80' lang='lat' dir='ltr'><strong>hoc</strong></span> <span class='ocrx_word' id='word_1_891' title='bbox 3509 3490 3723 3543; x_wconf 66' lang='grc' dir='ltr'><strong>τοι-αδη-</strong></span> 
     </span>
    </p>
   </div>
   <div class='ocr_carea' id='block_1_124' title="bbox 2157 3559 3723 3630">
    <p class='ocr_par' dir='ltr' id='par_1_124' title="bbox 2157 3559 3723 3630">
     <span class='ocr_line' id='line_1_126' title="bbox 2157 3559 3723 3630; baseline 0 -18"><span class='ocrx_word' id='word_1_892' title='bbox 2157 3559 2263 3613; x_wconf 84' lang='lat' dir='ltr'><strong>lum</strong></span> <span class='ocrx_word' id='word_1_893' title='bbox 2291 3563 2341 3613; x_wconf 90' lang='lat' dir='ltr'><strong>in</strong></span> <span class='ocrx_word' id='word_1_894' title='bbox 2365 3577 2478 3614; x_wconf 86' lang='lat' dir='ltr'><strong>eum</strong></span> <span class='ocrx_word' id='word_1_895' title='bbox 2504 3575 2615 3630; x_wconf 71' lang='lat' dir='ltr'><strong>qua:</strong></span> <span class='ocrx_word' id='word_1_896' title='bbox 2642 3561 2838 3630; x_wconf 81' lang='lat' dir='ltr'><strong>peperit</strong></span> <span class='ocrx_word' id='word_1_897' title='bbox 2863 3575 2961 3630; x_wconf 88' lang='lat' dir='ltr'><strong>non</strong></span> <span class='ocrx_word' id='word_1_898' title='bbox 3003 3576 3111 3612; x_wconf 84' lang='lat' dir='ltr'><strong>esse</strong></span> <span class='ocrx_word' id='word_1_899' title='bbox 3157 3559 3456 3613; x_wconf 73' lang='lat' dir='ltr'><strong>corn-aniens</strong></span> <span class='ocrx_word' id='word_1_900' title='bbox 3474 3577 3489 3622; x_wconf 86' lang='lat'><strong>;</strong></span> <span class='ocrx_word' id='word_1_901' title='bbox 3526 3570 3723 3629; x_wconf 73' lang='lat' dir='ltr'><strong>oportet</strong></span> 
     </span>
    </p>
   </div>
   <div class='ocr_carea' id='block_1_125' title="bbox 2155 3628 3721 3699">
    <p class='ocr_par' dir='ltr' id='par_1_125' title="bbox 2155 3628 3721 3699">
     <span class='ocr_line' id='line_1_127' title="bbox 2155 3628 3721 3699; baseline -0.001 -17"><span class='ocrx_word' id='word_1_902' title='bbox 2155 3630 2290 3682; x_wconf 83' lang='lat' dir='ltr'><strong>enim</strong></span> <span class='ocrx_word' id='word_1_903' title='bbox 2312 3646 2478 3682; x_wconf 77' lang='lat' dir='ltr'><strong>veram</strong></span> <span class='ocrx_word' id='word_1_904' title='bbox 2501 3628 2712 3682; x_wconf 82' lang='lat' dir='ltr'><strong>matrem</strong></span> <span class='ocrx_word' id='word_1_905' title='bbox 2740 3628 2802 3682; x_wconf 91' lang='lat' dir='ltr'><strong>de</strong></span> <span class='ocrx_word' id='word_1_906' title='bbox 2828 3628 3004 3682; x_wconf 81' lang='lat' dir='ltr'><strong>cadent</strong></span> <span class='ocrx_word' id='word_1_907' title='bbox 3033 3645 3141 3682; x_wconf 83' lang='lat' dir='ltr'><strong>esse</strong></span> <span class='ocrx_word' id='word_1_908' title='bbox 3161 3631 3380 3682; x_wconf 80' lang='lat' dir='ltr'><strong>essentia</strong></span> <span class='ocrx_word' id='word_1_909' title='bbox 3408 3647 3507 3699; x_wconf 85' lang='lat' dir='ltr'><strong>qua</strong></span> <span class='ocrx_word' id='word_1_910' title='bbox 3547 3628 3621 3682; x_wconf 79' lang='lat' dir='ltr'><strong>est</strong></span> <span class='ocrx_word' id='word_1_911' title='bbox 3658 3646 3721 3680; x_wconf 73' lang='lat' dir='ltr'><strong>ex</strong></span> 
     </span>
    </p>
   </div>
   <div class='ocr_carea' id='block_1_126' title="bbox 2155 3699 3720 3768">
    <p class='ocr_par' dir='ltr' id='par_1_126' title="bbox 2155 3699 3720 3768">
     <span class='ocr_line' id='line_1_128' title="bbox 2155 3699 3720 3768; baseline -0.001 -16"><span class='ocrx_word' id='word_1_912' title='bbox 2155 3715 2209 3752; x_wconf 90' lang='lat' dir='ltr'><strong>se</strong></span> <span class='ocrx_word' id='word_1_913' title='bbox 2237 3710 2440 3763; x_wconf 89' lang='lat' dir='ltr'><strong>natum;</strong></span> <span class='ocrx_word' id='word_1_914' title='bbox 2465 3699 2588 3768; x_wconf 79' lang='lat' dir='ltr'><strong>ferri</strong></span> <span class='ocrx_word' id='word_1_915' title='bbox 2611 3708 2777 3768; x_wconf 83' lang='lat' dir='ltr'><strong>tamen</strong></span> <span class='ocrx_word' id='word_1_916' title='bbox 2797 3714 2960 3767; x_wconf 78' lang='lat' dir='ltr'><strong>posse,</strong></span> <span class='ocrx_word' id='word_1_917' title='bbox 2994 3708 3197 3766; x_wconf 64' lang='lat' dir='ltr'><strong>promer</strong></span> <span class='ocrx_word' id='word_1_918' title='bbox 3217 3700 3382 3768; x_wconf 73' lang='lat' dir='ltr'><strong>ipsam</strong></span> <span class='ocrx_word' id='word_1_919' title='bbox 3426 3700 3720 3751; x_wconf 80' lang='lat' dir='ltr'><strong>considera-</strong></span> 
     </span>
    </p>
   </div>
   <div class='ocr_carea' id='block_1_127' title="bbox 2157 3766 3723 3837">
    <p class='ocr_par' dir='ltr' id='par_1_127' title="bbox 2157 3766 3723 3837">
     <span class='ocr_line' id='line_1_129' title="bbox 2157 3766 3723 3837; baseline -0.001 -17"><span class='ocrx_word' id='word_1_920' title='bbox 2157 3769 2385 3832; x_wconf 85' lang='lat' dir='ltr'><strong>tionent,-</strong></span> <span class='ocrx_word' id='word_1_921' title='bbox 2413 3766 2623 3837; x_wconf 75' lang='lat' dir='ltr'><strong>etquod</strong></span> <span class='ocrx_word' id='word_1_922' title='bbox 2660 3766 2822 3837; x_wconf 77' lang='lat' dir='ltr'><strong>solum</strong></span> <span class='ocrx_word' id='word_1_923' title='bbox 2852 3768 3140 3820; x_wconf 79' lang='lat' dir='ltr'><strong>nominetur</strong></span> <span class='ocrx_word' id='word_1_924' title='bbox 3165 3768 3226 3837; x_wconf 71' lang='lat' dir='ltr'><strong>de</strong></span> <span class='ocrx_word' id='word_1_925' title='bbox 3265 3767 3474 3837; x_wconf 77' lang='lat' dir='ltr'><strong>Virgine</strong></span> <span class='ocrx_word' id='word_1_926' title='bbox 3495 3769 3586 3820; x_wconf 82' lang='lat' dir='ltr'><strong>hoc</strong></span> <span class='ocrx_word' id='word_1_927' title='bbox 3613 3786 3723 3819; x_wconf 81' lang='lat' dir='ltr'><strong>rer—</strong></span> 
     </span>
    </p>
   </div>
   <div class='ocr_carea' id='block_1_128' title="bbox 2156 3835 3720 3908">
    <p class='ocr_par' dir='ltr' id='par_1_128' title="bbox 2156 3835 3720 3908">
     <span class='ocr_line' id='line_1_130' title="bbox 2156 3835 3720 3908; baseline -0.001 -20"><span class='ocrx_word' id='word_1_928' title='bbox 2156 3838 2289 3902; x_wconf 87' lang='lat' dir='ltr'><strong>bum,</strong></span> <span class='ocrx_word' id='word_1_929' title='bbox 2319 3835 2523 3908; x_wconf 78' lang='lat' dir='ltr'><strong>pmpter</strong></span> <span class='ocrx_word' id='word_1_930' title='bbox 2543 3836 2886 3904; x_wconf 86' lang='lat' dir='ltr'><strong>inseparabile</strong></span> <span class='ocrx_word' id='word_1_931' title='bbox 2909 3838 3145 3908; x_wconf 63' lang='lat' dir='ltr'><strong>templum</strong></span> <span class='ocrx_word' id='word_1_932' title='bbox 3167 3835 3280 3908; x_wconf 81' lang='lat' dir='ltr'><strong>_Dei</strong></span> <span class='ocrx_word' id='word_1_933' title='bbox 3322 3835 3473 3889; x_wconf 75' lang='lat' dir='ltr'><strong>Verbi</strong></span> <span class='ocrx_word' id='word_1_934' title='bbox 3494 3853 3557 3888; x_wconf 64' lang='lat' dir='ltr'><strong>ex</strong></span> <span class='ocrx_word' id='word_1_935' title='bbox 3577 3838 3720 3905; x_wconf 73' lang='lat' dir='ltr'><strong>ipsa;</strong></span> 
     </span>
    </p>
   </div>
   <div class='ocr_carea' id='block_1_129' title="bbox 2155 3904 3720 3978">
    <p class='ocr_par' dir='ltr' id='par_1_129' title="bbox 2155 3904 3720 3978">
     <span class='ocr_line' id='line_1_131' title="bbox 2155 3904 3720 3978; baseline -0.002 -18"><span class='ocrx_word' id='word_1_936' title='bbox 2155 3922 2257 3978; x_wconf 87' lang='lat' dir='ltr'><strong>non</strong></span> <span class='ocrx_word' id='word_1_937' title='bbox 2298 3904 2422 3978; x_wconf 79' lang='lat' dir='ltr'><strong>quia</strong></span> <span class='ocrx_word' id='word_1_938' title='bbox 2463 3909 2595 3978; x_wconf 74' lang='lat' dir='ltr'><strong>ipsa</strong></span> <span class='ocrx_word' id='word_1_939' title='bbox 2618 3908 2686 3959; x_wconf 85' lang='lat' dir='ltr'><strong>sit</strong></span> <span class='ocrx_word' id='word_1_940' title='bbox 2731 3915 2894 3959; x_wconf 87' lang='lat' dir='ltr'><strong>mater</strong></span> <span class='ocrx_word' id='word_1_941' title='bbox 2927 3904 3022 3958; x_wconf 84' lang='lat' dir='ltr'><strong>Dei</strong></span> <span class='ocrx_word' id='word_1_942' title='bbox 3057 3905 3224 3968; x_wconf 87' lang='lat' dir='ltr'><strong>Verbi,</strong></span> <span class='ocrx_word' id='word_1_943' title='bbox 3249 3923 3397 3959; x_wconf 84' lang='lat' dir='ltr'><strong>nemo</strong></span> <span class='ocrx_word' id='word_1_944' title='bbox 3421 3908 3557 3958; x_wconf 86' lang='lat' dir='ltr'><strong>enim</strong></span> <span class='ocrx_word' id='word_1_945' title='bbox 3585 3904 3720 3957; x_wconf 79' lang='lat' dir='ltr'><strong>auti—</strong></span> 
     </span>
    </p>
   </div>
   <div class='ocr_carea' id='block_1_130' title="bbox 2153 3976 2638 4047">
    <p class='ocr_par' dir='ltr' id='par_1_130' title="bbox 2153 3976 2638 4047">
     <span class='ocr_line' id='line_1_132' title="bbox 2153 3976 2638 4047; baseline 0 -20"><span class='ocrx_word' id='word_1_946' title='bbox 2153 3976 2380 4047; x_wconf 80' lang='lat' dir='ltr'><strong>quiorent</strong></span> <span class='ocrx_word' id='word_1_947' title='bbox 2409 3993 2462 4047; x_wconf 87' lang='lat' dir='ltr'><strong>se</strong></span> <span class='ocrx_word' id='word_1_948' title='bbox 2483 3976 2638 4046; x_wconf 89' lang='lat' dir='ltr'><strong>parit.</strong></span> 
     </span>
    </p>
   </div>
   <div class='ocr_carea' id='block_1_131' title="bbox 2224 4041 3722 4113">
    <p class='ocr_par' dir='ltr' id='par_1_131' title="bbox 2224 4041 3722 4113">
     <span class='ocr_line' id='line_1_133' title="bbox 2224 4041 3722 4113; baseline 0.001 -15"><span class='ocrx_word' id='word_1_949' title='bbox 2224 4045 2398 4113; x_wconf 86' lang='lat' dir='ltr'><strong>Atque</strong></span> <span class='ocrx_word' id='word_1_950' title='bbox 2443 4041 2557 4099; x_wconf 61' lang='lat' dir='ltr'><strong>hiec</strong></span> <span class='ocrx_word' id='word_1_951' title='bbox 2609 4052 2691 4098; x_wconf 89' lang='lat' dir='ltr'><strong>est</strong></span> <span class='ocrx_word' id='word_1_952' title='bbox 2729 4045 2937 4099; x_wconf 87' lang='lat' dir='ltr'><strong>vanitas</strong></span> <span class='ocrx_word' id='word_1_953' title='bbox 2983 4044 3274 4098; x_wconf 86' lang='lat' dir='ltr'><strong>testimonii</strong></span> <span class='ocrx_word' id='word_1_954' title='bbox 3321 4041 3464 4112; x_wconf 88' lang='lat' dir='ltr'><strong>quod</strong></span> <span class='ocrx_word' id='word_1_955' title='bbox 3510 4061 3609 4113; x_wconf 87' lang='lat' dir='ltr'><strong>pro</strong></span> <span class='ocrx_word' id='word_1_956' title='bbox 3664 4060 3722 4099; x_wconf 88' lang='lat' dir='ltr'><strong>se</strong></span> 
     </span>
    </p>
   </div>
   <div class='ocr_carea' id='block_1_132' title="bbox 2153 4112 3722 4183">
    <p class='ocr_par' dir='ltr' id='par_1_132' title="bbox 2153 4112 3722 4183">
     <span class='ocr_line' id='line_1_134' title="bbox 2153 4112 3722 4183; baseline -0.004 -11"><span class='ocrx_word' id='word_1_957' title='bbox 2153 4112 2430 4172; x_wconf 26' lang='lat' dir='ltr'><strong>Nesto’rius</strong></span> <span class='ocrx_word' id='word_1_958' title='bbox 2451 4114 2584 4168; x_wconf 83' lang='lat' dir='ltr'><strong>dixit</strong></span> <span class='ocrx_word' id='word_1_959' title='bbox 2606 4132 2617 4166; x_wconf 92' lang='lat'>:</span> <span class='ocrx_word' id='word_1_960' title='bbox 2645 4114 2811 4168; x_wconf 90' lang='lat' dir='ltr'><strong>nihilo</strong></span> <span class='ocrx_word' id='word_1_961' title='bbox 2833 4115 2950 4183; x_wconf 90' lang='lat' dir='ltr'><strong>plus</strong></span> <span class='ocrx_word' id='word_1_962' title='bbox 2971 4114 3109 4168; x_wconf 89' lang='lat' dir='ltr'><strong>valet</strong></span> <span class='ocrx_word' id='word_1_963' title='bbox 3129 4114 3181 4167; x_wconf 94' lang='lat' dir='ltr'><strong>id</strong></span> <span class='ocrx_word' id='word_1_964' title='bbox 3196 4113 3338 4182; x_wconf 91' lang='lat' dir='ltr'><strong>quod</strong></span> <span class='ocrx_word' id='word_1_965' title='bbox 3359 4112 3596 4168; x_wconf 83' lang='lat' dir='ltr'><strong>Joannes</strong></span> <span class='ocrx_word' id='word_1_966' title='bbox 3616 4114 3722 4167; x_wconf 83' lang='lat' dir='ltr'><strong>An-</strong></span> 
     </span>
    </p>
   </div>
   <div class='ocr_carea' id='block_1_133' title="bbox 2154 4184 3722 4252">
    <p class='ocr_par' dir='ltr' id='par_1_133' title="bbox 2154 4184 3722 4252">
     <span class='ocr_line' id='line_1_135' title="bbox 2154 4184 3722 4252; baseline -0.001 -15"><span class='ocrx_word' id='word_1_967' title='bbox 2154 4185 2430 4240; x_wconf 87' lang='lat' dir='ltr'><strong>tiochenus</strong></span> <span class='ocrx_word' id='word_1_968' title='bbox 2458 4184 2596 4249; x_wconf 86' lang='lat' dir='ltr'><strong>tulit,</strong></span> <span class='ocrx_word' id='word_1_969' title='bbox 2629 4184 2742 4237; x_wconf 88' lang='lat' dir='ltr'><strong>sive</strong></span> <span class='ocrx_word' id='word_1_970' title='bbox 2771 4191 2978 4252; x_wconf 88' lang='lat' dir='ltr'><strong>tempus</strong></span> <span class='ocrx_word' id='word_1_971' title='bbox 3004 4199 3110 4252; x_wconf 89' lang='lat' dir='ltr'><strong>quo</strong></span> <span class='ocrx_word' id='word_1_972' title='bbox 3142 4186 3338 4252; x_wconf 85' lang='lat' dir='ltr'><strong>scripta</strong></span> <span class='ocrx_word' id='word_1_973' title='bbox 3367 4184 3592 4252; x_wconf 87' lang='lat' dir='ltr'><strong>epistola</strong></span> <span class='ocrx_word' id='word_1_974' title='bbox 3623 4193 3722 4248; x_wconf 82' lang='lat' dir='ltr'><strong>est,</strong></span> 
     </span>
    </p>
   </div>
   <div class='ocr_carea' id='block_1_134' title="bbox 2153 4253 3717 4322">
    <p class='ocr_par' dir='ltr' id='par_1_134' title="bbox 2153 4253 3717 4322">
     <span class='ocr_line' id='line_1_136' title="bbox 2153 4253 3717 4322; baseline -0.002 -14"><span class='ocrx_word' id='word_1_975' title='bbox 2153 4254 2266 4308; x_wconf 89' lang='lat' dir='ltr'><strong>sive</strong></span> <span class='ocrx_word' id='word_1_976' title='bbox 2287 4269 2512 4322; x_wconf 86' lang='lat' dir='ltr'><strong>persona</strong></span> <span class='ocrx_word' id='word_1_977' title='bbox 2541 4253 2838 4315; x_wconf 85' lang='lat' dir='ltr'><strong>scribentis,</strong></span> <span class='ocrx_word' id='word_1_978' title='bbox 2865 4253 2977 4307; x_wconf 84' lang='lat' dir='ltr'><strong>sive</strong></span> <span class='ocrx_word' id='word_1_979' title='bbox 3004 4254 3163 4306; x_wconf 91' lang='lat' dir='ltr'><strong>etiam</strong></span> <span class='ocrx_word' id='word_1_980' title='bbox 3205 4253 3483 4307; x_wconf 86' lang='lat' dir='ltr'><strong>Nestorins</strong></span> <span class='ocrx_word' id='word_1_981' title='bbox 3511 4264 3717 4322; x_wconf 71' lang='lat' dir='ltr'><strong>Specta-</strong></span> 
     </span>
    </p>
   </div>
   <div class='ocr_carea' id='block_1_135' title="bbox 2156 4322 3725 4391">
    <p class='ocr_par' dir='ltr' id='par_1_135' title="bbox 2156 4322 3725 4391">
     <span class='ocr_line' id='line_1_137' title="bbox 2156 4322 3725 4391; baseline -0.002 -14"><span class='ocrx_word' id='word_1_982' title='bbox 2156 4333 2257 4377; x_wconf 87' lang='lat' dir='ltr'><strong>tur.</strong></span> <span class='ocrx_word' id='word_1_983' title='bbox 2281 4322 2414 4378; x_wconf 83' lang='lat' dir='ltr'><strong>Nam</strong></span> <span class='ocrx_word' id='word_1_984' title='bbox 2443 4331 2570 4378; x_wconf 91' lang='lat' dir='ltr'><strong>tunc</strong></span> <span class='ocrx_word' id='word_1_985' title='bbox 2591 4324 2846 4391; x_wconf 89' lang='lat' dir='ltr'><strong>temporis</strong></span> <span class='ocrx_word' id='word_1_986' title='bbox 2874 4322 3102 4376; x_wconf 83' lang='lat' dir='ltr'><strong>Nestorii</strong></span> <span class='ocrx_word' id='word_1_987' title='bbox 3131 4324 3357 4387; x_wconf 89' lang='lat' dir='ltr'><strong>animus,</strong></span> <span class='ocrx_word' id='word_1_988' title='bbox 3385 4331 3443 4376; x_wconf 91' lang='lat' dir='ltr'><strong>ut</strong></span> <span class='ocrx_word' id='word_1_989' title='bbox 3463 4332 3578 4376; x_wconf 88' lang='lat' dir='ltr'><strong>erat</strong></span> <span class='ocrx_word' id='word_1_990' title='bbox 3605 4338 3725 4376; x_wconf 81' lang='lat' dir='ltr'><strong>exa-</strong></span> 
     </span>
    </p>
   </div>
   <div class='ocr_carea' id='block_1_136' title="bbox 2153 4391 3725 4462">
    <p class='ocr_par' dir='ltr' id='par_1_136' title="bbox 2153 4391 3725 4462">
     <span class='ocr_line' id='line_1_138' title="bbox 2153 4391 3725 4462; baseline -0.001 -14"><span class='ocrx_word' id='word_1_991' title='bbox 2153 4393 2399 4448; x_wconf 86' lang='lat' dir='ltr'><strong>cerbatus</strong></span> <span class='ocrx_word' id='word_1_992' title='bbox 2444 4408 2604 4462; x_wconf 86' lang='lat' dir='ltr'><strong>supra</strong></span> <span class='ocrx_word' id='word_1_993' title='bbox 2647 4391 2888 4462; x_wconf 84' lang='lat' dir='ltr'><strong>modum,</strong></span> <span class='ocrx_word' id='word_1_994' title='bbox 2935 4391 3015 4462; x_wconf 83' lang='lat' dir='ltr'><strong>sic</strong></span> <span class='ocrx_word' id='word_1_995' title='bbox 3039 4408 3144 4445; x_wconf 91' lang='lat' dir='ltr'><strong>non</strong></span> <span class='ocrx_word' id='word_1_996' title='bbox 3175 4391 3272 4445; x_wconf 79' lang='lat' dir='ltr'><strong>fuit</strong></span> <span class='ocrx_word' id='word_1_997' title='bbox 3311 4393 3725 4462; x_wconf 82' lang='lat' dir='ltr'><strong>exprobratione</strong></span> 
     </span>
    </p>
   </div>
   <div class='ocr_carea' id='block_1_137' title="bbox 2154 4460 3724 4531">
    <p class='ocr_par' dir='ltr' id='par_1_137' title="bbox 2154 4460 3724 4531">
     <span class='ocr_line' id='line_1_139' title="bbox 2154 4460 3724 4531; baseline -0.002 -15"><span class='ocrx_word' id='word_1_998' title='bbox 2154 4462 2369 4516; x_wconf 73' lang='lat' dir='ltr'><strong>hteresis</strong></span> <span class='ocrx_word' id='word_1_999' title='bbox 2389 4460 2624 4530; x_wconf 82' lang='lat' dir='ltr'><strong>agendus</strong></span> <span class='ocrx_word' id='word_1_1000' title='bbox 2645 4460 2697 4516; x_wconf 91' lang='lat' dir='ltr'><strong>in</strong></span> <span class='ocrx_word' id='word_1_1001' title='bbox 2725 4460 2906 4523; x_wconf 84' lang='lat' dir='ltr'><strong>furias,</strong></span> <span class='ocrx_word' id='word_1_1002' title='bbox 2931 4461 3022 4515; x_wconf 91' lang='lat' dir='ltr'><strong>sed</strong></span> <span class='ocrx_word' id='word_1_1003' title='bbox 3043 4462 3371 4516; x_wconf 79' lang='lat' dir='ltr'><strong>oeconomica</strong></span> <span class='ocrx_word' id='word_1_1004' title='bbox 3382 4460 3572 4531; x_wconf 76' lang='lat' dir='ltr'><strong>potius</strong></span> <span class='ocrx_word' id='word_1_1005' title='bbox 3584 4463 3724 4514; x_wconf 86' lang='lat' dir='ltr'><strong>velut</strong></span> 
     </span>
    </p>
   </div>
   <div class='ocr_carea' id='block_1_138' title="bbox 893 4520 3725 4602">
    <p class='ocr_par' dir='ltr' id='par_1_138' title="bbox 893 4520 3725 4602">
     <span class='ocr_line' id='line_1_140' title="bbox 893 4520 3725 4602; baseline -0.001 -16"><span class='ocrx_word' id='word_1_1006' title='bbox 893 4532 1049 4586; x_wconf 89' lang='lat' dir='ltr'><strong>unius</strong></span> <span class='ocrx_word' id='word_1_1007' title='bbox 1090 4520 1310 4596; x_wconf 76' lang='lat' dir='ltr'><strong>natura;</strong></span> <span class='ocrx_word' id='word_1_1008' title='bbox 1362 4520 1581 4584; x_wconf 72' lang='lat' dir='ltr'><strong>alterius</strong></span> <span class='ocrx_word' id='word_1_1009' title='bbox 1628 4520 1772 4585; x_wconf 78' lang='lat' dir='ltr'><strong>velut</strong></span> <span class='ocrx_word' id='word_1_1010' title='bbox 1807 4530 2052 4602; x_wconf 86' lang='lat' dir='ltr'><strong>adoptio-</strong></span> <span class='ocrx_word' id='word_1_1011' title='bbox 2077 4520 2126 4580; x_wconf 80' lang='grc' dir='ltr'><strong>Β</strong></span> <span class='ocrx_word' id='word_1_1012' title='bbox 2152 4520 2456 4588; x_wconf 68' lang='lat' dir='ltr'><strong>adulatione</strong></span> <span class='ocrx_word' id='word_1_1013' title='bbox 2477 4531 2792 4601; x_wconf 89' lang='lat' dir='ltr'><strong>palpandus.</strong></span> <span class='ocrx_word' id='word_1_1014' title='bbox 2821 4520 3040 4596; x_wconf 86' lang='lat' dir='ltr'><strong>Deinde,</strong></span> <span class='ocrx_word' id='word_1_1015' title='bbox 3067 4538 3195 4587; x_wconf 89' lang='lat' dir='ltr'><strong>tunc</strong></span> <span class='ocrx_word' id='word_1_1016' title='bbox 3233 4547 3354 4602; x_wconf 85' lang='lat' dir='ltr'><strong>cum</strong></span> <span class='ocrx_word' id='word_1_1017' title='bbox 3392 4520 3725 4602; x_wconf 69' lang='lat' dir='ltr'><strong>scriberetur</strong></span> 
     </span>
    </p>
   </div>
   <div class='ocr_carea' id='block_1_139' title="bbox 2151 4599 3726 4672">
    <p class='ocr_par' dir='ltr' id='par_1_139' title="bbox 2151 4599 3726 4672">
     <span class='ocr_line' id='line_1_141' title="bbox 2151 4599 3726 4672; baseline -0.002 -17"><span class='ocrx_word' id='word_1_1018' title='bbox 2151 4602 2397 4672; x_wconf 84' lang='lat' dir='ltr'><strong>epistola,</strong></span> <span class='ocrx_word' id='word_1_1019' title='bbox 2426 4599 2535 4672; x_wconf 82' lang='lat' dir='ltr'><strong>non</strong></span> <span class='ocrx_word' id='word_1_1020' title='bbox 2564 4599 2678 4656; x_wconf 83' lang='lat' dir='ltr'><strong>erat</strong></span> <span class='ocrx_word' id='word_1_1021' title='bbox 2698 4616 2802 4657; x_wconf 86' lang='lat' dir='ltr'><strong>una</strong></span> <span class='ocrx_word' id='word_1_1022' title='bbox 2824 4609 3181 4672; x_wconf 82' lang='lat' dir='ltr'><strong>constansque</strong></span> <span class='ocrx_word' id='word_1_1023' title='bbox 3193 4601 3438 4672; x_wconf 83' lang='lat' dir='ltr'><strong>omnium</strong></span> <span class='ocrx_word' id='word_1_1024' title='bbox 3460 4601 3642 4672; x_wconf 81' lang='lat' dir='ltr'><strong>Opinio</strong></span> <span class='ocrx_word' id='word_1_1025' title='bbox 3663 4599 3726 4652; x_wconf 85' lang='lat' dir='ltr'><strong>de</strong></span> 
     </span>
    </p>
   </div>
   <div class='ocr_carea' id='block_1_140' title="bbox 2151 4670 3726 4740">
    <p class='ocr_par' dir='ltr' id='par_1_140' title="bbox 2151 4670 3726 4740">
     <span class='ocr_line' id='line_1_142' title="bbox 2151 4670 3726 4740; baseline -0.002 -13"><span class='ocrx_word' id='word_1_1026' title='bbox 2151 4671 2381 4727; x_wconf 86' lang='lat' dir='ltr'><strong>Nestorii</strong></span> <span class='ocrx_word' id='word_1_1027' title='bbox 2413 4670 2534 4738; x_wconf 90' lang='lat' dir='ltr'><strong>ﬁde,</strong></span> <span class='ocrx_word' id='word_1_1028' title='bbox 2582 4685 2706 4726; x_wconf 88' lang='lat' dir='ltr'><strong>nam</strong></span> <span class='ocrx_word' id='word_1_1029' title='bbox 2747 4671 3001 4740; x_wconf 77' lang='lat' dir='ltr'><strong>perplexe</strong></span> <span class='ocrx_word' id='word_1_1030' title='bbox 3029 4670 3376 4724; x_wconf 46' lang='lat' dir='ltr'><strong>de&#39;industria</strong></span> <span class='ocrx_word' id='word_1_1031' title='bbox 3401 4679 3456 4725; x_wconf 89' lang='lat' dir='ltr'><strong>et</strong></span> <span class='ocrx_word' id='word_1_1032' title='bbox 3481 4670 3726 4738; x_wconf 80' lang='lat' dir='ltr'><strong>ambigue</strong></span> 
     </span>
    </p>
   </div>
   <div class='ocr_carea' id='block_1_141' title="bbox 2151 4739 3726 4810">
    <p class='ocr_par' dir='ltr' id='par_1_141' title="bbox 2151 4739 3726 4810">
     <span class='ocr_line' id='line_1_143' title="bbox 2151 4739 3726 4810; baseline 0 -16"><span class='ocrx_word' id='word_1_1033' title='bbox 2151 4741 2500 4810; x_wconf 83' lang='lat' dir='ltr'><strong>loquebatur;</strong></span> <span class='ocrx_word' id='word_1_1034' title='bbox 2522 4741 2611 4796; x_wconf 89' lang='lat' dir='ltr'><strong>alii</strong></span> <span class='ocrx_word' id='word_1_1035' title='bbox 2633 4741 2774 4796; x_wconf 89' lang='lat' dir='ltr'><strong>enim</strong></span> <span class='ocrx_word' id='word_1_1036' title='bbox 2790 4739 2950 4796; x_wconf 79' lang='lat' dir='ltr'><strong>verba</strong></span> <span class='ocrx_word' id='word_1_1037' title='bbox 2973 4739 3260 4810; x_wconf 83' lang='lat' dir='ltr'><strong>ﬂexiloqua</strong></span> <span class='ocrx_word' id='word_1_1038' title='bbox 3282 4741 3334 4794; x_wconf 90' lang='lat' dir='ltr'><strong>in</strong></span> <span class='ocrx_word' id='word_1_1039' title='bbox 3357 4741 3726 4808; x_wconf 80' lang='lat' dir='ltr'><strong>benigniorem</strong></span> 
     </span>
    </p>
   </div>
   <div class='ocr_carea' id='block_1_142' title="bbox 2151 4809 3725 4880">
    <p class='ocr_par' dir='ltr' id='par_1_142' title="bbox 2151 4809 3725 4880">
     <span class='ocr_line' id='line_1_144' title="bbox 2151 4809 3725 4880; baseline -0.003 -16"><span class='ocrx_word' id='word_1_1040' title='bbox 2151 4809 2378 4880; x_wconf 81' lang='lat' dir='ltr'><strong>partem,</strong></span> <span class='ocrx_word' id='word_1_1041' title='bbox 2410 4812 2500 4865; x_wconf 89' lang='lat' dir='ltr'><strong>alii</strong></span> <span class='ocrx_word' id='word_1_1042' title='bbox 2521 4812 2572 4865; x_wconf 92' lang='lat' dir='ltr'><strong>in</strong></span> <span class='ocrx_word' id='word_1_1043' title='bbox 2603 4811 2922 4880; x_wconf 88' lang='lat' dir='ltr'><strong>oppositam,</strong></span> <span class='ocrx_word' id='word_1_1044' title='bbox 2946 4809 3041 4864; x_wconf 90' lang='lat' dir='ltr'><strong>sed</strong></span> <span class='ocrx_word' id='word_1_1045' title='bbox 3073 4809 3357 4874; x_wconf 87' lang='lat' dir='ltr'><strong>veriorem,</strong></span> <span class='ocrx_word' id='word_1_1046' title='bbox 3400 4810 3725 4880; x_wconf 76' lang='lat' dir='ltr'><strong>interpreta-</strong></span> 
     </span>
    </p>
   </div>
   <div class='ocr_carea' id='block_1_143' title="bbox 2151 4878 3732 4952">
    <p class='ocr_par' dir='ltr' id='par_1_143' title="bbox 2151 4878 3732 4952">
     <span class='ocr_line' id='line_1_145' title="bbox 2151 4878 3732 4952; baseline -0.003 -17"><span class='ocrx_word' id='word_1_1047' title='bbox 2151 4878 2362 4952; x_wconf 79' lang='lat' dir='ltr'><strong>bantur.</strong></span> <span class='ocrx_word' id='word_1_1048' title='bbox 2389 4878 2662 4952; x_wconf 37' lang='lat' dir='ltr'><strong>Denique,&quot;</strong></span> <span class='ocrx_word' id='word_1_1049' title='bbox 2677 4878 2929 4952; x_wconf 80' lang='lat' dir='ltr'><strong>credibile</strong></span> <span class='ocrx_word' id='word_1_1050' title='bbox 2958 4888 3039 4952; x_wconf 78' lang='lat' dir='ltr'><strong>est</strong></span> <span class='ocrx_word' id='word_1_1051' title='bbox 3059 4880 3312 4952; x_wconf 84' lang='lat' dir='ltr'><strong>neipsius</strong></span> <span class='ocrx_word' id='word_1_1052' title='bbox 3331 4878 3732 4952; x_wconf 42' lang='lat' dir='ltr'><strong>quidethoan-l</strong></span> 
     </span>
    </p>
   </div>
   <div class='ocr_carea' id='block_1_144' title="bbox 2152 4948 3728 5012">
    <p class='ocr_par' dir='ltr' id='par_1_144' title="bbox 2152 4948 3728 5012">
     <span class='ocr_line' id='line_1_146' title="bbox 2152 4948 3728 5012; baseline -0.004 -4"><span class='ocrx_word' id='word_1_1053' title='bbox 2152 4952 2234 5008; x_wconf 89' lang='lat' dir='ltr'><strong>nis</strong></span> <span class='ocrx_word' id='word_1_1054' title='bbox 2262 4950 2418 5004; x_wconf 85' lang='lat' dir='ltr'><strong>ﬁdem</strong></span> <span class='ocrx_word' id='word_1_1055' title='bbox 2440 4948 2566 5006; x_wconf 78' lang='lat' dir='ltr'><strong>tunc</strong></span> <span class='ocrx_word' id='word_1_1056' title='bbox 2593 4949 2755 5004; x_wconf 80' lang='lat' dir='ltr'><strong>fuisse</strong></span> <span class='ocrx_word' id='word_1_1057' title='bbox 2784 4948 3066 5003; x_wconf 77' lang='lat' dir='ltr'><strong>admodum</strong></span> <span class='ocrx_word' id='word_1_1058' title='bbox 3097 4949 3392 5012; x_wconf 86' lang='lat' dir='ltr'><strong>sinceram;</strong></span> <span class='ocrx_word' id='word_1_1059' title='bbox 3426 4949 3590 5002; x_wconf 89' lang='lat' dir='ltr'><strong>immo</strong></span> <span class='ocrx_word' id='word_1_1060' title='bbox 3640 4948 3728 5002; x_wconf 72' lang='lat' dir='ltr'><strong>vix</strong></span> 
     </span>
    </p>
   </div>
   <div class='ocr_carea' id='block_1_145' title="bbox 2154 5017 3730 5089">
    <p class='ocr_par' dir='ltr' id='par_1_145' title="bbox 2154 5017 3730 5089">
     <span class='ocr_line' id='line_1_147' title="bbox 2154 5017 3730 5089; baseline -0.002 -15"><span class='ocrx_word' id='word_1_1061' title='bbox 2154 5037 2259 5075; x_wconf 91' lang='lat' dir='ltr'><strong>non</strong></span> <span class='ocrx_word' id='word_1_1062' title='bbox 2275 5029 2499 5083; x_wconf 90' lang='lat' dir='ltr'><strong>certum,</strong></span> <span class='ocrx_word' id='word_1_1063' title='bbox 2517 5035 2674 5089; x_wconf 90' lang='lat' dir='ltr'><strong>quam</strong></span> <span class='ocrx_word' id='word_1_1064' title='bbox 2691 5019 2941 5072; x_wconf 89' lang='lat' dir='ltr'><strong>hauserat</strong></span> <span class='ocrx_word' id='word_1_1065' title='bbox 2955 5035 2985 5072; x_wconf 91' lang='lat' dir='ltr'><strong>a</strong></span> <span class='ocrx_word' id='word_1_1066' title='bbox 3002 5019 3255 5086; x_wconf 89' lang='lat' dir='ltr'><strong>magistro</strong></span> <span class='ocrx_word' id='word_1_1067' title='bbox 3270 5020 3542 5089; x_wconf 81' lang='lat' dir='ltr'><strong>communi</strong></span> <span class='ocrx_word' id='word_1_1068' title='bbox 3561 5017 3730 5071; x_wconf 77' lang='lat' dir='ltr'><strong>Theo-</strong></span> 
     </span>
    </p>
   </div>
   <div class='ocr_carea' id='block_1_146' title="bbox 2152 5087 3727 5154">
    <p class='ocr_par' dir='ltr' id='par_1_146' title="bbox 2152 5087 3727 5154">
     <span class='ocr_line' id='line_1_148' title="bbox 2152 5087 3727 5154; baseline -0.002 -10"><span class='ocrx_word' id='word_1_1069' title='bbox 2152 5090 2283 5144; x_wconf 90' lang='lat' dir='ltr'><strong>doro</strong></span> <span class='ocrx_word' id='word_1_1070' title='bbox 2304 5087 2599 5144; x_wconf 70' lang='lat' dir='ltr'><strong>doctrinam</strong></span> <span class='ocrx_word' id='word_1_1071' title='bbox 2619 5089 2904 5143; x_wconf 88' lang='lat' dir='ltr'><strong>retinuisse</strong></span> <span class='ocrx_word' id='word_1_1072' title='bbox 2933 5090 3129 5151; x_wconf 88' lang='lat' dir='ltr'><strong>animo,</strong></span> <span class='ocrx_word' id='word_1_1073' title='bbox 3162 5087 3472 5154; x_wconf 89' lang='lat' dir='ltr'><strong>tamdiuque</strong></span> <span class='ocrx_word' id='word_1_1074' title='bbox 3507 5087 3727 5146; x_wconf 81' lang='lat' dir='ltr'><strong>fovisse.</strong></span> 
     </span>
    </p>
   </div>
   <div class='ocr_carea' id='block_1_147' title="bbox 2151 5157 3736 5231">
    <p class='ocr_par' dir='ltr' id='par_1_147' title="bbox 2151 5157 3736 5231">
     <span class='ocr_line' id='line_1_149' title="bbox 2151 5157 3736 5231; baseline -0.003 -17"><span class='ocrx_word' id='word_1_1075' title='bbox 2151 5160 2321 5214; x_wconf 85' lang='lat' dir='ltr'><strong>donec</strong></span> <span class='ocrx_word' id='word_1_1076' title='bbox 2344 5161 2530 5228; x_wconf 83' lang='lat' dir='ltr'><strong>ipsam,</strong></span> <span class='ocrx_word' id='word_1_1077' title='bbox 2563 5167 2655 5231; x_wconf 82' lang='lat' dir='ltr'><strong>aut</strong></span> <span class='ocrx_word' id='word_1_1078' title='bbox 2679 5159 3307 5231; x_wconf 68' lang='lat' dir='ltr'><strong>qumstionisagitationc</strong></span> <span class='ocrx_word' id='word_1_1079' title='bbox 3329 5157 3586 5222; x_wconf 87' lang='lat' dir='ltr'><strong>eruditus,</strong></span> <span class='ocrx_word' id='word_1_1080' title='bbox 3639 5167 3736 5231; x_wconf 31' lang='lat' dir='ltr'><strong>aut.</strong></span> 
     </span>
    </p>
   </div>
   <div class='ocr_carea' id='block_1_148' title="bbox 2150 5228 3282 5296">
    <p class='ocr_par' dir='ltr' id='par_1_148' title="bbox 2150 5228 3282 5296">
     <span class='ocr_line' id='line_1_150' title="bbox 2150 5228 3282 5296; baseline -0.005 -11"><span class='ocrx_word' id='word_1_1081' title='bbox 2150 5231 2294 5285; x_wconf 89' lang='lat' dir='ltr'><strong>orbis</strong></span> <span class='ocrx_word' id='word_1_1082' title='bbox 2323 5230 2681 5284; x_wconf 88' lang='lat' dir='ltr'><strong>commotione</strong></span> <span class='ocrx_word' id='word_1_1083' title='bbox 2703 5229 2940 5292; x_wconf 89' lang='lat' dir='ltr'><strong>territus,</strong></span> <span class='ocrx_word' id='word_1_1084' title='bbox 2971 5228 3282 5296; x_wconf 89' lang='lat' dir='ltr'><strong>deponeret.</strong></span> 
     </span>
    </p>
   </div>
   <div class='ocr_carea' id='block_1_149' title="bbox 2220 5293 3730 5367">
    <p class='ocr_par' dir='ltr' id='par_1_149' title="bbox 2220 5293 3730 5367">
     <span class='ocr_line' id='line_1_151' title="bbox 2220 5293 3730 5367; baseline -0.003 -15"><span class='ocrx_word' id='word_1_1085' title='bbox 2220 5300 2568 5367; x_wconf 88' lang='lat' dir='ltr'><strong>Quamquam,</strong></span> <span class='ocrx_word' id='word_1_1086' title='bbox 2618 5305 2678 5352; x_wconf 91' lang='lat' dir='ltr'><strong>ut</strong></span> <span class='ocrx_word' id='word_1_1087' title='bbox 2721 5298 2948 5366; x_wconf 88' lang='lat' dir='ltr'><strong>ingenue</strong></span> <span class='ocrx_word' id='word_1_1088' title='bbox 2976 5293 3163 5360; x_wconf 73' lang='lat' dir='ltr'><strong>fatear,</strong></span> <span class='ocrx_word' id='word_1_1089' title='bbox 3196 5305 3444 5367; x_wconf 83' lang='lat' dir='ltr'><strong>suspecta</strong></span> <span class='ocrx_word' id='word_1_1090' title='bbox 3470 5295 3604 5367; x_wconf 70' lang='lat' dir='ltr'><strong>mihi</strong></span> <span class='ocrx_word' id='word_1_1091' title='bbox 3634 5293 3730 5348; x_wconf 80' lang='lat' dir='ltr'><strong>fuit</strong></span> 
     </span>
    </p>
   </div>
   <div class='ocr_carea' id='block_1_150' title="bbox 2149 5363 3740 5438">
    <p class='ocr_par' dir='ltr' id='par_1_150' title="bbox 2149 5363 3740 5438">
     <span class='ocr_line' id='line_1_152' title="bbox 2149 5363 3740 5438; baseline -0.005 -15"><span class='ocrx_word' id='word_1_1092' title='bbox 2149 5363 2377 5437; x_wconf 83' lang='lat' dir='ltr'><strong>semper,</strong></span> <span class='ocrx_word' id='word_1_1093' title='bbox 2407 5363 2597 5438; x_wconf 78' lang='lat' dir='ltr'><strong>estque</strong></span> <span class='ocrx_word' id='word_1_1094' title='bbox 2618 5363 2926 5431; x_wconf 82' lang='lat' dir='ltr'><strong>etiamnum,</strong></span> <span class='ocrx_word' id='word_1_1095' title='bbox 2947 5366 3066 5438; x_wconf 79' lang='lat' dir='ltr'><strong>ﬁdei</strong></span> <span class='ocrx_word' id='word_1_1096' title='bbox 3083 5363 3364 5430; x_wconf 80' lang='lat' dir='ltr'><strong>confessio,</strong></span> <span class='ocrx_word' id='word_1_1097' title='bbox 3382 5363 3740 5438; x_wconf 65' lang='lat' dir='ltr'><strong>quanrJoan-&#39;</strong></span> 
     </span>
    </p>
   </div>
   <div class='ocr_carea' id='block_1_151' title="bbox 2152 5436 3736 5508">
    <p class='ocr_par' dir='ltr' id='par_1_151' title="bbox 2152 5436 3736 5508">
     <span class='ocr_line' id='line_1_153' title="bbox 2152 5436 3736 5508; baseline -0.004 -16"><span class='ocrx_word' id='word_1_1098' title='bbox 2152 5454 2247 5493; x_wconf 87' lang='lat' dir='ltr'><strong>nes</strong></span> <span class='ocrx_word' id='word_1_1099' title='bbox 2269 5436 2327 5491; x_wconf 86' lang='lat' dir='ltr'><strong>in</strong></span> <span class='ocrx_word' id='word_1_1100' title='bbox 2359 5455 2488 5508; x_wconf 90' lang='lat' dir='ltr'><strong>pace</strong></span> <span class='ocrx_word' id='word_1_1101' title='bbox 2517 5436 2875 5508; x_wconf 83' lang='lat' dir='ltr'><strong>Ecclesiarum</strong></span> <span class='ocrx_word' id='word_1_1102' title='bbox 2910 5437 3102 5508; x_wconf 80' lang='lat' dir='ltr'><strong>edidit;</strong></span> <span class='ocrx_word' id='word_1_1103' title='bbox 3133 5451 3301 5508; x_wconf 80' lang='lat' dir='ltr'><strong>neque</strong></span> <span class='ocrx_word' id='word_1_1104' title='bbox 3327 5436 3512 5508; x_wconf 80' lang='lat' dir='ltr'><strong>potuit</strong></span> <span class='ocrx_word' id='word_1_1105' title='bbox 3547 5436 3736 5508; x_wconf 83' lang='lat' dir='ltr'><strong>hacte-</strong></span> 
     </span>
    </p>
   </div>
   <div class='ocr_carea' id='block_1_152' title="bbox 2151 5505 3734 5576">
    <p class='ocr_par' dir='ltr' id='par_1_152' title="bbox 2151 5505 3734 5576">
     <span class='ocr_line' id='line_1_154' title="bbox 2151 5505 3734 5576; baseline -0.003 -17"><span class='ocrx_word' id='word_1_1106' title='bbox 2151 5523 2269 5572; x_wconf 90' lang='lat' dir='ltr'><strong>nus,</strong></span> <span class='ocrx_word' id='word_1_1107' title='bbox 2321 5505 2561 5576; x_wconf 78' lang='lat' dir='ltr'><strong>quamvis</strong></span> <span class='ocrx_word' id='word_1_1108' title='bbox 2607 5507 2759 5560; x_wconf 87' lang='lat' dir='ltr'><strong>valde</strong></span> <span class='ocrx_word' id='word_1_1109' title='bbox 2783 5523 3014 5568; x_wconf 87' lang='lat' dir='ltr'><strong>avercm,</strong></span> <span class='ocrx_word' id='word_1_1110' title='bbox 3049 5506 3185 5560; x_wconf 49' lang='lat' dir='ltr'><strong>hare</strong></span> <span class='ocrx_word' id='word_1_1111' title='bbox 3212 5506 3338 5559; x_wconf 89' lang='lat' dir='ltr'><strong>mihi</strong></span> <span class='ocrx_word' id='word_1_1112' title='bbox 3368 5505 3734 5576; x_wconf 74' lang='lat' dir='ltr'><strong>Sttspieimtettt</strong></span> 
     </span>
    </p>
   </div>
   <div class='ocr_carea' id='block_1_153' title="bbox 2150 5575 3729 5646">
    <p class='ocr_par' dir='ltr' id='par_1_153' title="bbox 2150 5575 3729 5646">
     <span class='ocr_line' id='line_1_155' title="bbox 2150 5575 3729 5646; baseline -0.002 -17"><span class='ocrx_word' id='word_1_1113' title='bbox 2150 5575 2391 5631; x_wconf 86' lang='lat' dir='ltr'><strong>minuere</strong></span> <span class='ocrx_word' id='word_1_1114' title='bbox 2414 5577 2644 5646; x_wconf 84' lang='lat' dir='ltr'><strong>prudens</strong></span> <span class='ocrx_word' id='word_1_1115' title='bbox 2665 5576 2848 5646; x_wconf 79' lang='lat' dir='ltr'><strong>Cyl-illi</strong></span> <span class='ocrx_word' id='word_1_1116' title='bbox 2879 5577 3269 5630; x_wconf 56' lang='lat' dir='ltr'><strong>confessionem</strong></span> <span class='ocrx_word' id='word_1_1117' title='bbox 3299 5575 3612 5646; x_wconf 73' lang='lat' dir='ltr'><strong>recipientis</strong></span> <span class='ocrx_word' id='word_1_1118' title='bbox 3640 5575 3729 5646; x_wconf 82' lang='lat' dir='ltr'><strong>be-</strong></span> 
     </span>
    </p>
   </div>
   <div class='ocr_carea' id='block_1_154' title="bbox 2150 5644 3737 5716">
    <p class='ocr_par' dir='ltr' id='par_1_154' title="bbox 2150 5644 3737 5716">
     <span class='ocr_line' id='line_1_156' title="bbox 2150 5644 3737 5716; baseline -0.003 -17"><span class='ocrx_word' id='word_1_1119' title='bbox 2150 5644 2424 5714; x_wconf 78' lang='lat' dir='ltr'><strong>nignaque</strong></span> <span class='ocrx_word' id='word_1_1120' title='bbox 2461 5644 2734 5716; x_wconf 71' lang='grc' dir='ltr'><strong>οἰκονομίςί.</strong></span> <span class='ocrx_word' id='word_1_1121' title='bbox 2777 5645 2905 5716; x_wconf 72' lang='lat' dir='ltr'><strong>Nam</strong></span> <span class='ocrx_word' id='word_1_1122' title='bbox 2956 5647 3128 5715; x_wconf 88' lang='lat' dir='ltr'><strong>primo</strong></span> <span class='ocrx_word' id='word_1_1123' title='bbox 3163 5646 3390 5698; x_wconf 74' lang='lat' dir='ltr'><strong>Aeacius</strong></span> <span class='ocrx_word' id='word_1_1124' title='bbox 3446 5644 3737 5716; x_wconf 59' lang='lat' dir='ltr'><strong>Bernensis</strong></span> 
     </span>
    </p>
   </div>
   <div class='ocr_carea' id='block_1_155' title="bbox 2151 5714 3730 5784">
    <p class='ocr_par' dir='ltr' id='par_1_155' title="bbox 2151 5714 3730 5784">
     <span class='ocr_line' id='line_1_157' title="bbox 2151 5714 3730 5784; baseline -0.004 -12"><span class='ocrx_word' id='word_1_1125' title='bbox 2151 5726 2337 5773; x_wconf 84' lang='lat' dir='ltr'><strong>auctor</strong></span> <span class='ocrx_word' id='word_1_1126' title='bbox 2356 5717 2476 5773; x_wconf 89' lang='lat' dir='ltr'><strong>ﬁdei</strong></span> <span class='ocrx_word' id='word_1_1127' title='bbox 2504 5714 2733 5784; x_wconf 79' lang='lat' dir='ltr'><strong>videtur,</strong></span> <span class='ocrx_word' id='word_1_1128' title='bbox 2792 5714 2972 5784; x_wconf 77' lang='lat' dir='ltr'><strong>homo,</strong></span> <span class='ocrx_word' id='word_1_1129' title='bbox 3004 5731 3121 5770; x_wconf 87' lang='lat' dir='ltr'><strong>mea</strong></span> <span class='ocrx_word' id='word_1_1130' title='bbox 3170 5715 3386 5784; x_wconf 67' lang='lat' dir='ltr'><strong>quidem</strong></span> <span class='ocrx_word' id='word_1_1131' title='bbox 3438 5714 3730 5778; x_wconf 80' lang='lat' dir='ltr'><strong>sententia,</strong></span> 
     </span>
    </p>
   </div>
  </div>
