4022 6182
357 373 486 427 lll5

1170 351 1475 427 DISSERT.
1515 370 1553 424 ι.
1599 370 1687 425 DE
1731 370 2002 426 ιιιειιεδι
2044 369 2130 426 er
2173 370 2385 426 Limus
2423 371 2757 431 ussronu.

3464 387 3620 440 llllr

345 487 484 560 male
515 482 733 560 allectus
758 497 883 560 erga
904 481 1192 560 Christum.
1218 483 1419 560 Deinde
1442 483 1564 560 huic
1592 481 1712 560 fidei
1733 481 1925 536 Ncsto-
1953 489 1998 544 Α
2029 483 2471 560 Symmystarum,
2496 487 2592 560 sed
2620 486 2878 543 Albertini
2908 492 3078 560 magis
3103 492 3356 548 librorum
3391 496 3602 550 helluo-

345 559 457 610 rius
485 556 600 608 sine
620 554 730 608 ullo
751 556 833 608 sui
853 554 1114 622 dogmatis
1135 552 1441 624 prgejudicio
1469 553 1805 624 subscribere
1827 568 1924 621 po-

345 627 468 680 tuit.
501 625 740 692 Denique
769 621 942 678 videri
978 621 1154 694 potest
1182 621 1430 694 Cyr-illus,
1475 639 1594 694 cum
1644 622 1921 694 turbarum

385 705 606 749 crttesus
634 691 795 766 esset,
829 691 1050 766 putasse
1083 691 1349 766 Ecclesias
1392 692 1677 766 pacandas,
1711 691 1918 766 velAsic.

385 713 606 749 CI'UCSUS
634 713 795 757 esset,
829 713 1042 763 punisse
1084 713 1349 766 μεειθδιδδ
1392 713 1677 762 pacanuas,
1712 713 1793 744 νυι
1822 713 1918 745 διε.

345 713 546 820 Q’erum
588 778 652 818 ea
681 762 747 816 de
776 778 834 816 rc
875 763 1008 816 alias
1040 764 1260 824 iterum;
1304 762 1515 815 interim
1545 759 1761 814 adverte
1787 761 1925 814 Aca-

345 835 414 889 cii
437 847 648 901 quoque
670 832 1028 886 testimonium
1050 848 1146 901 pro
1166 831 1412 888 Nestorio
1433 831 1673 901 potuisse
1700 829 1918 901 adduci:

346 850 414 889 cu
475 849 648 901 noque
670 849 1028 886 testimonium
1050 849 1146 901 pro
1166 849 1412 888 tvestorto
1433 849 1673 900 potuisse
1700 849 1918 883 auuuct:

346 849 590 958 scribens
643 903 784 954 enim
825 902 892 956 ad
917 901 1190 972 Cyrillum,
1222 901 1442 972 perinde
1471 915 1533 972 ac
1557 898 1813 972 Joannes,
1843 899 1924 952 vi-

345 973 503 1027 detur
539 971 840 1025 Nestorium
894 969 1178 1034 excusare;
1219 969 1332 1031 sed,
1382 969 1604 1039 perinde
1650 969 1810 1022 etiam
1857 983 1922 1023 ac

345 1041 600 1102 Joannes,
625 1049 902 1110 suspectus
917 1041 1106 1094 merito
1132 1047 1319 1110 potest;
1337 1055 1475 1110 esse,
1495 1046 1713 1110 propter
1728 1046 1923 1090 utram-

346 1127 453 1232 qlqe
481 1107 765 1176 rationem,
790 1119 844 1164 et
857 1110 998 1180 quod
1013 1107 1184 1164 dubia:
1204 1109 1272 1163 sit
1293 1108 1434 1174 ﬁdei,
1459 1115 1512 1161 et
1537 1108 1670 1162 certi
1692 1107 1744 1160 iu
1767 1122 1919 1162 reum

346 1193 377 1232 a
418 1188 587 1232 ectus.

346 1188 587 1234 allectus.

415 1250 617 1304 Eadem
664 1257 745 1305 est
771 1248 1116 1304 Orientalium
1142 1248 1514 1318 episcoporum
1539 1262 1658 1318 qua:
1692 1245 1921 1318 Joannis

344 1336 521 1376 causa.
557 1319 880 1374 Theodoreti
907 1329 1085 1374 autem
1128 1316 1488 1374 testimonium
1533 1316 1704 1370 audiri
1734 1318 1918 1385 procul

345 1389 508 1443 dubio
531 1389 649 1458 jure
679 1405 784 1444 non
814 1389 993 1454 debet,
1034 1403 1156 1458 cum
1183 1388 1272 1458 sit
1299 1386 1549 1458 hominis,
1582 1387 1662 1440 vel
1685 1402 1915 1458 consen-

345 1455 546 1513 tientis
571 1459 853 1524 Nestorio,
894 1459 979 1512 vel
1025 1457 1280 1526 singulari
1335 1457 1567 1526 amicitia
1603 1455 1912 1522 conjuncti,

344 1529 486 1597 quod
517 1537 817 1597 utrumque,
850 1537 942 1582 aut
970 1525 1126 1582 tidem
1156 1542 1372 1582 omnem
1397 1525 1635 1592 derogat,
1659 1533 1750 1578 aut
1770 1533 1916 1579 certe

344 1598 568 1651 multum
588 1599 798 1652 minuit.

415 1668 563 1723 Adde
591 1669 734 1736 quod
761 1666 889 1721 illud
913 1667 1084 1736 ipsum
1104 1665 1248 1732 quod
1275 1664 1540 1736 prolatum
1564 1671 1646 1736 est
1666 1662 1913 1736 Theodo—

343 1738 442 1792 reti
491 1732 852 1791 testimonium
894 1732 1008 1789 rem
1056 1735 1108 1788 in
1147 1732 1471 1788 contrarium
1500 1732 1740 1795 conlicit;
1772 1748 1912 1800 quo-

285 1819 291 1826 '
341 1806 502 1861 modo
556 1807 697 1860 enim
743 1805 1020 1859 catholicis
1069 1804 1387 1871 persuadeat
1415 1802 1775 1871 innocentiam
1805 1803 1908 1855 Ne-

341 1851 512 1938 storii,
557 1851 651 1944 qui
679 1851 868 1930 contra
913 1851 1164 1928 Ecclesia:
1205 1873 1463 1943 judicium
1507 1887 1565 1926 se
1619 1870 1793 1925 facere
1830 1874 1911 1926 in-
1940 1851 1987 1910 Β

339 1945 517 1999 dicet?

413 2014 541 2079 Quae
565 2021 740 2082 potest
763 2022 942 2070 autem
967 2028 1085 2069 esse
1111 2013 1162 2066 in
1206 2029 1264 2066 re
1296 2011 1592 2082 theologica
1622 2009 1911 2082 auctoritas

341 2080 599 2146 Socratis,
624 2099 742 2138 cum
765 2084 940 2145 fuerit,
973 2092 1064 2137 aut
1091 2082 1438 2137 scholasticus
1459 2081 1526 2133 de
1547 2080 1681 2140 loro,
1714 2088 1805 2132 aut
1844 2080 1911 2134 de

340 2152 463 2222 aula
493 2154 758 2221 scriptor?
784 2153 852 2206 Et
879 2162 937 2206 ut
969 2153 1143 2222 aliqua
1170 2153 1324 2206 detur
1352 2165 1488 2214 esse,
1521 2149 1909 2222 melior__tamen

339 2220 464 2274 inde
489 2219 648 2274 causa
670 2222 897 2277 Nestorii
926 2237 1032 2276 non
1054 2219 1245 2276 evadet
1275 2240 1290 2273 ι
1318 2236 1442 2274 nam
1470 2234 1589 2288 qua:
1617 2219 1817 2283 scribit,
1843 2234 1906 2274 ea

336 2290 525 2357 procul
545 2290 706 2345 dubio
729 2308 854 2346 vera
881 2301 1022 2357 sunt,
1055 2293 1148 2347 sed
1178 2307 1286 2344 non
1336 2290 1403 2344 ad
1438 2305 1572 2343 rem.
1605 2289 1908 2342 Nestorium

337 2359 412 2412 ait
433 2375 560 2420 non,
585 2361 806 2429 perinde
824 2378 886 2416 ac
916 2360 1136 2416 Paulum
1157 2369 1211 2415 et
1231 2359 1534 2422 Photinum,
1558 2358 1736 2412 dicere
1755 2357 1913 2429 Chri-

334 2437 476 2498 stum
506 2428 797 2498 simplicem
827 2431 1134 2497 hominem;
1165 2439 1310 2486 certe
1335 2448 1347 2482 :
1379 2430 1646 2496 negabant
1673 2429 1815 2498 enim
1833 2428 1907 2482 illi

335 2496 754 2571 hontinetucum
788 2500 958 2556 Verbo
988 2517 1084 2571 per
1111 2515 1170 2555 se
1206 2499 1541 2571 ltypostatico
1571 2507 1732 2571 atque
1761 2496 1906 2553 Patri

335 2567 589 2640 ὃμοογσίῳ
605 2570 968 2640 conjunctum,
986 2566 1129 2639 quod
1151 2566 1295 2624 certe
1316 2569 1591 2640 Nestorius
1612 2566 1902 2640 fatebatur:

334 2638 602 2709 negabant
616 2639 725 2709 jam
756 2640 878 2695 inde
907 2656 935 2694 a
963 2638 1226 2709 ceneeptu
1259 2639 1508 2702 hominis,
1533 2638 1784 2709 unionem
1809 2652 1906 2691 ex-

333 2707 554 2773 stitisse,
609 2705 909 2763 afﬁrmabat
950 2705 1272 2764 Nestorius:
1319 2709 1584 2776 negabant
1637 2705 1905 2773 Virginem

332 2791 452 2830 esse
477 2779 825 2854 ξρεεξῖοτόκργ,
859 2780 1212 2854 contendebat
1235 2779 1530 2854 Nestorius.
1554 2776 1691 2854 Quid
1711 2777 1904 2831 multa?

331 2847 533 2918 apertis
554 2847 630 2900 illi
657 2849 830 2902 verbis
856 2848 1126 2903 Christum
1163 2849 1459 2918 simplicem
1488 2848 1757 2918 hominem
1781 2862 1908 2918 pro-

331 2913 645 2996 ﬁtebantur,
677 2933 785 2996 non
831 2919 1182 2996 proﬁtebatur
1225 2913 1528 2996 Nestorius;
1579 2915 1673 2970 "sed
1729 2913 1902 2996 reipsa

330 2987 516 3041 ἕνωσιν
541 2989 646 3042 καθ’
665 2986 950 3043 ὐπὸστὸισιν
973 3004 1080 3042 non
1102 2988 1432 3051 admittebat,
1461 2988 1512 3040 in
1534 3003 1640 3054 quo
1663 3001 1780 3040 cum
1803 2986 1905 3040 illis

329 3058 717 3126 consentiebat.
745 3057 913 3112 lllusit
939 3073 1064 3126 ergo
1093 3057 1320 3121 Socrati,
1353 3072 1471 3110 cum
1501 3063 1745 3126 quartum
1772 3055 1906 3108 duo-

326 3123 699 3194 deeitnnmque
719 3123 1022 3182 sermonem
1039 3128 1276 3189 haberet,
1295 3123 1645 3193 magnamque
1665 3125 1763 3178 sibi
1786 3140 1905 3179 esse

327 3207 359 3278 a
384 3193 547 3278 Psuio
571 3193 906 3278 Pbotiuoqpe
933 3197 1244 3278 distantiam
1272 3197 1503 3278 diceret;
1541 3195 1736 3278 dicen-ti
1759 3197 1901 3277 enim
1929 3217 1972 3278 ε

325 3264 570 3336 credidit,
596 3264 1038 3333 ignarus’l‘raudis
1065 3267 1375 3335 detegendae
1407 3274 1462 3321 et
1488 3265 1729 3336 mysterii
1751 3266 1904 3336 peni-

326 3333 436 3388 tius
464 3335 810 3404 intelligendi.

396 3404 686 3478 Diodorum
712 3421 844 3461 vero
883 3404 1034 3478 Tarsi
1076 3404 1531 3478 Theodorumque
1563 3405 1903 3478 Mopsuestia:

323 3473 579 3548 adhibere
593 3483 781 3548 testes,
813 3475 1006 3544 quibus
1034 3473 1448 3548 recta__1‘iestorii
1466 3475 1595 3548 fides
1622 3473 1897 3548 probetur,

319 3543 449 3614 quid
470 3543 611 3598 aliud
641 3543 852 3599 tandem
875 3553 956 3598 est
975 3561 1134 3614 quam
1155 3545 1383 3614 aliquem
1402 3544 1540 3597 velle
1573 3543 1761 3614 purum
1794 3549 1901 3602 cri—

317 3612 481 3683 minis
501 3615 802 3677 ostendere,
827 3612 1170 3683 producendo
1185 3613 1380 3676 socios,
1407 3621 1499 3666 aut
1519 3612 1678 3668 etiam
1701 3616 1898 3670 duces?

316 3681 455 3752 Eram
467 3690 750 3752 utrumque
765 3681 994 3738 Nestorii
1011 3685 1388 3746 institutorem,
1405 3683 1716 3752 viciniorem
1732 3685 1894 3748 hunc,

317 3751 470 3824 illum
517 3751 882 3824 remotiorem.
920 3752 1148 3824 Cyrillus
1200 3752 1452 3824 prodidit,
1492 3751 1764 3824 damnavit
1792 3755 1896 3809 Ec-

315 3821 481 3874 clesia
508 3839 521 3875 :
553 3837 726 3890 neque
749 3820 913 3877 ultum
940 3820 1007 3878 d'e
1025 3820 1232 3878 duobus
1258 3823 1388 3877 satis
1415 3836 1666 3890 umquam
1690 3822 1900 3878 Facun-

314 3890 439 3954 dus,
459 3898 946 3960 quantumcumque
970 3893 1188 3955 nitatur,
1211 3892 1518 3953 absolverit,
1549 3907 1672 3946 cum
1699 3893 1809 3948 suis
1837 3909 1896 3949 se

313 3973 534 4028 quoque
575 3963 752 4016 verbis
780 3963 958 4026 ambo,
989 3971 1043 4016 et
1071 3963 1317 4030 prodant,
1362 3969 1416 4015 et
1453 3960 1723 4016 damnent.
1757 3961 1896 4028 Quid

311 4030 464 4082 enim
486 4035 588 4101 hac
614 4031 829 4087 Diodori
857 4033 1124 4101 sententia
1169 4033 1338 4101 magis
1365 4031 1672 4088 hatreticum
1706 4031 1842 4101 (Lib.
1876 4049 1895 4088 ι

309 4109 497 4174 contra
512 4098 871 4174 Syuusiastas)
892 4119 906 4154 :
931 4099 1013 4154 Ne
1025 4103 1165 4174 ﬁlius
1187 4098 1380 4156 Maria!
1397 4109 1598 4171 putetur
1610 4098 1748 4174 Deus
1773 4102 1896 4155 Ver.

309 4169 464 4233 Imm;
489 4169 723 4225 mortalis
751 4169 887 4224 enim
915 4169 1182 4226 mortalem
1229 4169 1439 4240 generat
1488 4172 1763 4224 secundum
1791 4188 1892 4224 na-

309 4248 506 4312 turam,
538 4249 586 4293 et
615 4249 1024 4312 cgrpusigenerat
1046 4239 1509 4305 consubstantiale;
1539 4250 1587 4294 et
1633 4241 1760 4295 duas
1798 4258 1892 4312 ge-

309 4309 606 4363 nerationes
628 4309 766 4364 Deus
802 4309 1019 4364 Verbum
1041 4327 1142 4365 non
1171 4311 1404 4375 sustinet,
1451 4326 1607 4363 unam
1634 4320 1754 4364 ante
1791 4309 1892 4365 sa:-

309 4377 453 4451 cula,
479 4379 693 4451 alteram
721 4381 1083 4451 posterioribus
1119 4379 1466 4451 temporibus?
1494 4379 1628 4451 Quid
1659 4381 1761 4434 ista
1790 4381 1893 4434 im-

308 4447 599 4515 pudentius
621 4449 670 4521 (1
678 4447 842 4521 bid.)_:
873 4449 1141 4521 Perfectus
1162 4447 1282 4503 ante
1309 4450 1498 4521 singula
1518 4449 1889 4521 Filiusmerfc-

308 4524 484 4590 c_tmn,
515 4519 650 4590 quod
683 4534 747 4572 ea:
789 4519 990 4580 David,
1019 4521 1328 4590 assumpsit;
1374 4519 1540 4572 Filius
1593 4521 1682 4573 Dei
1719 4519 1885 4589 ﬁlium

308 4579 702 4672 gavit—tibicen
730 4591 852 4642 mihi
867 4605 898 4672 ,ξ
932 4591 1070 4644 Duos
1090 4579 1246 4672 igitur
1264 4579 1884 4672 ﬁlilosprtedicas'ltuos
1915 4579 1962 4637 ο

306 4655 451 4724 ﬁlios
504 4657 668 4711 David
715 4675 817 4712 non
844 4659 986 4723 dico;
1026 4655 1130 4714 non
1157 4655 1293 4713 enim
1315 4655 1614 4713 dixi'Deum
1671 4659 1886 4713 Verbum

306 4725 477 4800 [ilium
506 4727 700 4791 David;
730 4729 818 4781 sed
847 4745 1005 4800 neque
1033 4730 1160 4784 duos
1193 4731 1330 4798 ﬁlios
1357 4730 1451 4800 Diei
1473 4729 1750 4800 secundum
1772 4729 1892 4782 sub-

306 4799 588 4861 stantiam;
628 4814 719 4850 nec
756 4800 892 4851 enim
937 4800 1052 4852 dico
1092 4800 1217 4852 duos
1239 4816 1304 4852 ex
1327 4799 1616 4852 substantia
1638 4799 1751 4861 Dei,
1773 4815 1889 4852 cum

305 4863 433 4940 dico
452 4865 612 4940 Deum
645 4867 863 4940 Verbum
883 4879 1002 4921 ante
1020 4866 1214 4922 satcula
1235 4867 1494 4922 habitasse
1508 4871 1563 4921 in
1610 4870 1784 4940 genito
1824 4883 1888 4922 ex

302 4938 500 4989 semine
530 4935 732 4989 David?

382 5003 506 5061 ﬂare
550 5007 712 5060 verba
752 5006 1034 5076 exscripsit
1088 5005 1401 5076 Theodorus
1431 5006 1484 5060 in
1513 5006 1664 5061 libris
1683 5006 1792 5060 suis
1822 5007 1889 5061 de

302 5073 708 5145 l‘ncarnatione;
732 5077 917 5130 eadem
933 5073 1082 5130 enim
1111 5076 1180 5129 ibi
1204 5075 1471 5144 leguntur,
1494 5078 1688 5145 quibus
1708 5076 1886 5130 addit:

305 5141 443 5218 Non
467 5147 545 5218 sic
566 5148 618 5218 in
651 5164 708 5201 eo
738 5147 832 5218 qui
856 5155 931 5198 est
970 5163 1035 5218 ea:
1058 5141 1475 5218 semine'jtavid,
1511 5141 1649 5199 Sicut
1685 5147 1738 5198 in
1769 5163 1890 5218 pro-7

303 5213 496 5282 pltetis,
527 5213 768 5270 habitavit
807 5215 942 5269 Dens
979 5215 1214 5268 Verbum.
1266 5213 1355 5268 Illi
1401 5218 1538 5285 enim
1584 5213 1890 5285 particulari

303 5285 533 5357 quadam
569 5296 620 5338 et
663 5287 866 5339 modica
901 5287 1189 5357 quantitate
1233 5286 1404 5357 sancti
1453 5283 1678 5357 Spiritus
1717 5288 1888 5356 gratia

305 5352 623 5424 fruebantur,
649 5356 730 5408 ltic
765 5352 932 5407 autem
963 5357 1020 5424 in,
1044 5355 1122 5406 Itis
1150 5356 1205 5408 in
1236 5354 1415 5423 quibus
1447 5352 1890 5409 inter-duruerant

301 5422 382 5494 illi
398 5424 591 5494 jugiter
611 5424 956 5494 permanebat.
983 5423 1161 5476 Gloria
1191 5422 1343 5494 Verbi
1364 5441 1424 5476 ac
1443 5425 1699 5494 sapientia
1722 5425 1890 5494 reple-

303 5493 474 5557 batur,
507 5493 636 5563 alter
663 5495 841 5562 procul
869 5493 1020 5547 dubio
1047 5503 1235 5563 praeter
1267 5493 1504 5556 Verbum,
1535 5505 1583 5546 et
1603 5495 1884 5547 subsistens

301 5564 512 5631 proprie
549 5561 740 5628 Filius,
765 5581 826 5617 ac
871 5561 1126 5628 seorsum;
1163 5581 1266 5618 non
1288 5565 1424 5616 ettim
1455 5563 1675 5617 Verbum
1695 5575 1884 5617 semet—

301 5633 471 5699 ipsum
493 5636 747 5703 sapientia
772 5633 998 5704 replebat
1018 5643 1070 5704 et
1087 5634 1276 5704 gloria,
1299 5634 1390 5687 sed
1410 5633 1561 5687 alteri
1581 5637 1749 5704 potius
1775 5636 1886 5688 Ita-:6

301 5717 433 5774 quis
446 5713 564 5774 sunt
591 5705 816 5774 insignia
829 5702 1156 5773 conferebat.

373 5771 468 5828 llis
489 5773 560 5830 ita
582 5771 979 5838 demonstratis,
1007 5774 1125 5842 quis
1148 5791 1253 5830 non
1277 5775 1501 5830 miretur
1524 5773 1801 5836 Albertini,
1827 5782 1882 5828 et

2029 543 2130 633 nis,
2157 543 2567 633 au'daciam,'qui
2582 566 2770 633 contra
2792 543 3598 633 teni_uih"ébh’ciii1it3ﬁebam},

2026 627 2571 707 cujusauctoritatem
2602 628 2653 707 in
2676 643 2772 707 sua
2793 631 3129 707 confessione
3155 627 3452 707 Calviriiani
3498 627 3598 705 ipsi

2025 697 2306 765 recipiunt,
2338 697 2594 764 cujusque
2609 697 2865 765 judicium
2887 700 3164 756 duodecim
3186 704 3502 758 saeculorum
3518 697 3600 761 re-

2025 764 2263 842 verentia
2286 767 2558 842 probavit;
2581 764 2774 842 contra
2796 767 2982 842 Patres
3011 772 3200 842 quinti,
3245 773 3296 825 id
3334 783 3434 837 est,
3475 792 3600 830 eru-

2023 831 2118 884 diti
2147 835 2345 910 saeeuli,
2370 850 2432 889 ac
2463 837 2868 910 praeclarissima
2889 831 3052 894 totius
3078 831 3332 896 Ecclesia:
3361 831 3591 910 lumina;

2025 909 2209 977 contra
2233 904 2442 977 pi_oru_m
2460 907 2707 977 omnium
2733 906 2931 963 Christi
2957 911 3221 964 cultorum
3261 911 3436 977 fidem,
3489 904 3598 970 Ne;

2022 972 2246 1054 storiuin
2269 972 2518 1054 Ecclesia:
2545 976 2858 1054 fulminibus
2871 979 3130 1054 attritum,
3162 981 3379 1037 Patrum
3412 972 3595 1054 dispu-

2023 1042 2314 1119 tationibus
2341 1045 2944 1119 convictum,_omnibus
2970 1042 3222 1119 deinceps
3250 1055 3455 1108 rsicculis
3496 1042 3594 1109 cx-

2020 1112 2354 1176 secrabilem,
2386 1115 2633 1169 omnibus
2653 1114 2851 1170 Christi
2879 1112 3206 1174 amatoribus
3235 1122 3596 1177 abominatum

2019 1179 2337 1261 defendunt;
2379 1183 2472 1261 qui
2509 1199 2702 1261 purum
2742 1187 3256 1261 errorisasserunt,
3286 1205 3444 1257 quem
3471 1209 3596 1261 por-

2022 1257 2245 1305 tentosae
2266 1251 2526 1307 doctrinae
2546 1253 2738 1327 ducem
2776 1256 2934 1327 leges
2950 1251 3269 1327 loquuntur;
3301 1251 3459 1327 quem
3471 1251 3592 1314 ’ἰω-

2018 1328 2296 1387 peratores
2317 1338 2408 1396 _ne_
2437 1337 2534 1376 suo
2555 1323 3011 1396 quideminomine
3029 1323 3036 1324 ί
3056 1323 3270 1393 dignum
3311 1323 3591 1396 putarunt;

2017 1403 2175 1457 quem
2195 1405 2290 1444 sua
2314 1392 2478 1460 ipsius
2496 1393 2821 1448 conscientia
2842 1410 2994 1448 reum
3015 1392 3160 1450 orbis
3178 1392 3430 1451 commoti
3451 1401 3594 1453 dam-

2019 1461 2184 1525 navit,
2212 1462 2365 1532 cujus
2391 1463 2623 1529 linguam
2646 1472 2854 1528 natura,
2906 1465 3114 1518 Domini
3144 1467 3224 1519 sui
3252 1467 3464 1532 vindex,
3497 1470 3591 1523 de-

2016 1531 2336 1598 pascendam
2377 1532 2645 1585 vermibus
2690 1541 2816 1587 ante
2856 1544 3079 1588 mortem
3105 1536 3283 1590 dedit?
3309 1537 3387 1591 Ad
3417 1531 3467 1591 id
3495 1539 3592 1591 itu-

2016 1599 2282 1667 pudentire
2311 1601 2571 1669 profecto,
2599 1603 2942 1670 quantumvis
2962 1604 3299 1659 dissimulare
3329 1616 3592 1661 conentur

2013 1669 2196 1742 aliqui,
2231 1671 2426 1742 adegit,
2458 1672 2602 1742 quod
2621 1669 2760 1725 unus
2790 1672 2927 1742 typis
2953 1675 3244 1739 mandavit,
3267 1677 3407 1729 male
3429 1675 3586 1731 feria-

2012 1746 2097 1792 tos
2117 1739 2360 1796 homines
2382 1741 2680 1810 professum
2711 1742 2763 1794 in
2787 1739 3026 1811 Deipara:
3054 1760 3250 1797 nomen
3279 1746 3480 1800 odium.

2620 1871 2850 1928 CAPUT
2887 1873 2972 1927 Ill.

2011 1962 2090 2016 De
2119 1963 2278 2018 tribus
2299 1967 2549 2020 hcet-elicis
2578 1968 2721 2029 Aria.
2755 1967 3137 2037 Apollinari,_et
3165 1966 3437 2033 Eunomia,
3469 1989 3585 2037 quoa

2079 2050 2192 2155 πένῃ
2226 2037 2449 2156 ῗοεὶεταε
2477 2053 2568 2106 per
2611 2035 2922 2090 calumniam
2957 2053 2989 2090 a
3029 2035 3273 2094 Nestorio
3321 2035 3583 2096 catholicis

2080 2120 2108 2158 0
2138 2120 2220 2175 Jcc
2245 2122 2274 2156 a
2296 2115 2390 2158 est.

2079 2212 2331 2280 Quamvis
2357 2230 2429 2287 es
2449 2215 3163 2287 princedentibuscapitibus
3191 2227 3375 2287 aperte
3395 2207 3586 2287 pateat

2008 2299 2160 2365 mens
2203 2284 2574 2368 sententiaque
2612 2285 2840 2368 Nestori}
2865 2286 2932 2341 de
2967 2284 3368 2368 dispensatione
3399 2284 3581 2368 i)omi-_

2009 2354 2158 2425 nica,
2180 2353 2513 2425 manifestior
2542 2363 2718 2412 tamen
2740 2357 2914 2412 adhuc
2941 2353 3240 2425 clariorque
3284 2357 3493 2423 evadet,
3538 2362 3584 2414 si

2008 2423 2272 2505 patefacta
2296 2424 2456 2505 fuerit
2484 2441 2646 2505 causa
2667 2443 2763 2481 cur
2789 2434 2908 2505 tam
2937 2423 3282 2505 vehementer
3308 2427 3585 2505 Nestorins

2007 2492 2062 2546 in
2083 2492 2356 2615 CErillum,
2379 2493 2670 2618 Cyrilli‘que
2690 2503 2984 2552 sectatores
3010 2497 3304 2552 catholicos
3343 2499 3584 2552 invectus

2007 2563 2096 2616 sit.
2173 2578 2203 2616 a
2223 2579 2352 2618 vero
2374 2580 2533 2618 causa
2584 2567 2682 2618 uit.
2712 2566 2813 2618 nisi
2833 2565 3008 2618 fallor.
3057 2567 3264 2618 snecies
3310 2567 3582 2618 afﬁnitatis

2006 2563 2096 2635 sit.
2126 2563 2203 2616 Ea
2223 2579 2352 2635 vero
2374 2563 2533 2619 causa
2560 2563 2682 2625 fuit,
2712 2566 2813 2620 nisi
2833 2565 3010 2631 fallor.
3057 2567 3264 2635 species
3310 2567 3582 2622 aliinitatis

2005 2633 2474 2705 interopinionem
2502 2635 2841 2700 catholicam,
2874 2642 3036 2705 atque
3065 2633 3316 2690 Arianam
3339 2645 3392 2691 et
3413 2637 3578 2705 Apol-

2005 2703 2351 2773 linarianam;
2375 2711 2430 2758 et
2457 2719 2519 2758 ea
2547 2705 2762 2773 quidem
2785 2703 2963 2770 tanta,
2979 2713 3036 2759 ut
3059 2706 3278 2761 alterius
3300 2706 3366 2760 ab
3410 2703 3578 2760 altera

2005 2772 2293 2846 discrimen
2339 2789 2446 2846 non
2485 2772 2742 2846 potuerit,
2773 2775 2875 2830 nisi
2901 2774 3299 2846 perspicacibus
3325 2777 3494 2832 oculis
3525 2779 3577 2830 in

2006 2841 2130 2912 ﬁdei
2153 2843 2353 2898 lumine
2372 2841 2635 2912 dignosci.

2073 2910 2210 2986 Cum
2230 2913 2372 2986 enim
2401 2910 2611 2986 φζισικῆς
2639 2915 2866 2986 ἔνώσιῳς
2890 2915 3009 2970 dua:
3048 2916 3156 2972 sint
3200 2916 3424 2985 species,
3472 2932 3578 2970 una

2005 2981 2280 3055 diliicilior
2306 2981 2597 3055 inteneetu,
2641 2999 2746 3052 qua
2788 2985 2909 3040 dua:
2947 2994 3148 3040 natura:
3175 2981 3492 3055 copulantur
3523 2986 3577 3039 in

2004 3053 2263 3132 unitatem
2292 3053 2456 3132 solius
2474 3054 2815 3132 hypostasis;
2840 3055 3005 3109 altera
3028 3053 3320 3132 notissima,
3344 3071 3447 3123 qua
3471 3055 3580 3109 duo

2001 3123 2294 3192 iunguntur
2321 3123 2374 3178 in
2396 3123 2664 3178 unitatem
2684 3125 2844 3179 etiam
2868 3134 3088 3191 naturae,
3115 3133 3174 3180 ut
3195 3126 3370 3178 anima
3392 3134 3444 3177 et
3465 3141 3578 3178 cor-

2007 3209 2143 3262 pus:
2174 3195 2348 3249 visnm
2372 3202 2456 3248 est
2482 3193 2728 3250 Nestorio
2773 3196 2997 3264 aliisque
3051 3211 3083 3249 a
3121 3194 3335 3249 nemine
3362 3193 3574 3264 delendi

2006 3265 2372 3337 possehullam
2399 3265 2572 3337 ἔρισιν
2611 3272 2840 3337 φυσικήν,
2866 3263 2968 3320 nisi
2993 3280 3154 3337 quam
3181 3263 3400 3337 secundi
3421 3264 3574 3337 modi

2005 3348 2126 3387 esse
2152 3333 2401 3388 diximus.
2434 3333 2643 3405 Exiqua
2673 3351 2793 3390 cum
2815 3333 3044 3390 absurda
3062 3337 3291 3405 plurima
3308 3333 3578 3402 impieque

2002 3411 2312 3472 sequantur,
2347 3404 2468 3458 inde
2515 3404 2670 3459 facile
2706 3405 2759 3458 in
2798 3405 2976 3460 odium
3005 3404 3148 3474 vulgi
3176 3405 3577 3474 adducebantur

1999 3473 2092 3540 qui
2122 3475 2277 3542 primi
2305 3474 2517 3543 generis
2555 3475 2806 3528 unionem
2842 3473 3148 3530 tuebantur.
3188 3473 3298 3529 Nec
3331 3474 3473 3527 enim
3507 3476 3577 3526 ab

2000 3543 2130 3598 Ario
2158 3553 2322 3667 atque
2349 3544 2642 3614 Apollinari
2663 3543 2817 3600 facile
2843 3545 3073 3600 discerni
3100 3552 3384 3614 poterant,
3415 3552 3470 3597 et
3499 3543 3576 3598 illi

2000 3619 2180 3667 tamen
2248 3629 2318 3667 uo
2339 3614 2588 3667 omnibus
2608 3615 2965 3667 communiter
2985 3616 3136 3667 exosi
3157 3623 3332 3667 erant.

1998 3619 2180 3668 tamen
2209 3614 2318 3668 duo
2339 3614 2588 3668 omnibus
2608 3615 2965 3668 communiter
2985 3616 3136 3669 exosi
3157 3623 3332 3669 erant.

2069 3681 2244 3754 Atque
2273 3683 2388 3754 haec
2409 3697 2567 3754 causa
2591 3681 2811 3754 luit_cur
2834 3681 3033 3754 Cyrillo
3055 3684 3330 3754 Nestorius
3350 3682 3579 3750 aliisque

1998 3750 2249 3805 unionem
2262 3751 2362 3804 καθ’
2381 3753 2668 3806 ὑπόστασιν
2688 3750 3091 3806 defendentibus
3111 3753 3421 3807 societatem
3451 3768 3571 3805 cum

1997 3820 2158 3886 Ario,
2191 3821 2518 3889 Apollinari,
2557 3819 2926 3887 Eunomioquc
2954 3820 3231 3887 objiceret,
3263 3821 3580 3876 catholicos:

1995 3905 2101 3958 que
2131 3891 2347 3944 nomine
2376 3889 2746 3944 haereticorum
2783 3890 3108 3945 traduceret.
3155 3889 3384 3958 Expedit
3415 3890 3575 3956 igitur

1995 3961 2062 4014 de
2093 3961 2315 4028 singulis
2347 3960 2515 4014 tribus
2544 3958 2660 4014 istis
2679 3959 2944 4014 haereticis
2981 3959 3230 4013 nonnihil
3250 3959 3570 4021 observare,

1996 4037 2055 4100 ut
2093 4027 2361 4084 sententia
2396 4029 2628 4084 Nestorii
2667 4027 2736 4100 de
2771 4029 3026 4100 mysterio
3061 4029 3482 4100 incarnationis,
3519 4039 3576 4081 et

1994 4099 2231 4167 ejusdem
2257 4101 2310 4154 in
2339 4100 2635 4155 catholicos
2655 4099 2918 4154 calumnia
2946 4099 3116 4167 magis
3143 4099 3418 4166 magisque
3439 4107 3575 4150 rete-

1993 4178 2173 4237 gatur.
2215 4169 2388 4224 Tanto
2433 4170 2578 4224 enim
2631 4169 2867 4238 apertius
2909 4169 3073 4224 homo
3119 4183 3348 4238 nequam
3395 4167 3572 4236 prodit

1990 4249 2248 4304 mentem,
2296 4247 2500 4308 quanto
2547 4237 2916 4292 vehementius
2963 4237 3574 4302 alienam'sententiam,

1989 4309 2075 4364 vel
2104 4310 2388 4375 haereseos,
2418 4310 2504 4363 vel
2528 4308 2720 4362 saltem
2747 4309 2946 4362 erroris
2973 4308 3212 4362 damnat.

2410 4418 2436 4482 §
2460 4416 2497 4467 l.
2530 4416 2607 4467 De
2630 4415 2748 4466 Ario
2772 4423 2917 4478 atque
2941 4417 3146 4467 Arianis.

2059 4509 2332 4565 Traditum
2353 4518 2436 4564 est
2460 4526 2490 4563 a
2521 4508 2790 4563 veteribus
2813 4509 2986 4579 capita
3011 4509 3117 4565 duo
3139 4510 3405 4564 exstitisse
3427 4508 3573 4563 Aria-

1987 4597 2068 4634 nae
2091 4579 2377 4650 impietatis
2397 4579 2464 4634 de
2493 4579 2668 4634 Verbo
2707 4579 2888 4634 divino
2923 4597 2935 4633 :
2968 4580 3214 4641 alterum,
3243 4579 3386 4650 quod
3413 4579 3572 4650 Patre

1993 4647 2225 4730 minus“
2247 4657 2593 4730 creatumque
2638 4649 3087 4730 ess_ct;_alterum,
3118 4647 3261 4730 quod
3298 4647 3571 4730 car-ni'pro

1995 4721 2169 4775 anima
2200 4719 2404 4775 luisset.
2447 4717 2591 4774 Istud
2630 4720 2950 4774 omittebant
2977 4717 3178 4782 Ariani,
3205 4733 3325 4772 cum
3365 4717 3432 4770 de
3454 4717 3572 4769 Tri-

1995 4791 2162 4844 nitate
2182 4800 2431 4858 agerent;
2449 4789 2598 4854 illud,
2623 4806 2744 4845 cum
2766 4789 2832 4845 de
2853 4789 3226 4866 lncarnzitioue
3250 4805 3262 4839 :
3287 4795 3570 4866 utrumque

1995 4868 2173 4914 tamen
2202 4856 2507 4914 connexum
2527 4868 2662 4924 erat,
2693 4868 2897 4928 utmox
2918 4857 3153 4928 pateﬁet.
3188 4858 3262 4928 De
3284 4856 3572 4928 posteriori

1993 4929 2317 4984 Athanasius
2366 4930 2420 4982 in
2472 4929 2606 4982 libro
2636 4928 2703 4983 de
2731 4925 2976 4982 Adventu
3013 4926 3212 4981 Christi
3239 4944 3251 4978 :
3283 4925 3457 4989 Arius,
3489 4925 3572 4994 ins

1993 5001 2127 5068 quit,
2150 5016 2356 5054 carnem
2379 4998 2542 5053 solam
2571 4998 2642 5051 ad
2667 4995 3399 5068 occultandamDiviuitatem
3439 4997 3571 5068 {ate-

1996 5065 2192 5140 {ursac
2212 5087 2305 5140 pro
2335 5079 2510 5124 nostro
2533 5069 2762 5140 interiori
2782 5069 3005 5128 homine,
3022 5065 3125 5140 ltoc
3144 5075 3237 5130 est,
3269 5082 3360 5134 pro
3395 5065 3572 5119 anima

2005 5137 2224 5194 Verbum
2245 5141 2300 5191 in
2321 5156 2475 5192 carne
2495 5139 2569 5191 ait
2587 5137 2862 5202 exstitisse,
2893 5137 3148 5207 passionis
3168 5151 3372 5207 sensum
3397 5143 3446 5187 et
3489 5152 3571 5207 r_c_-

1992 5211 2360 5264 surrectionem
2405 5208 2470 5262 ab
2497 5209 2678 5276 inferis
2725 5203 2994 5276 Diriuiﬁtati
3029 5223 3199 5276 ausus
3209 5203 3481 5276 ascribere.
3506 5203 3571 5258 Et

1993 5280 2098 5335 alio
2125 5279 2322 5349 inloco
2354 5277 2490 5349 (Lib.
2535 5273 2597 5349 de
2624 5276 2837 5329 Ittcarn.
2876 5275 3129 5349 Christi);
3150 5273 3374 5349 rustra
3413 5275 3575 5349 igitur

1991 5349 2174 5403 Ariani
2187 5348 2282 5403 sibi
2302 5344 2502 5403 somnia
2522 5348 2743 5417 ﬁngunt,
2760 5355 3040 5400 asserentes
3064 5345 3383 5398 Salvatorem
3405 5344 3574 5417 solam

1991 5420 2330 5489 assumpsisse
2368 5415 2715 5489 carnetttita
2775 5427 2830 5489 ut
2863 5417 3129 5489 passionis
3174 5432 3377 5468 sensum
3418 5415 3570 5483 impie

1995 5485 2312 5560 transferant
2331 5485 3069 5560 adimpatibilemDeitaients
3166 5555 3178 5560 _
3284 5551 3350 5560 ιη
3446 5526 3456 5536 .

2061 5551 2204 5613 Idem
2233 5559 2300 5614 de
2331 5558 2440 5612 Arii
2467 5551 2708 5612 sectariis
2735 5555 2891 5610 docet
2919 5554 3245 5625 Epiphanius
3275 5551 3446 5622 (liter.
3474 5551 3568 5625 99)

1991 5629 2044 5683 in
2085 5644 2269 5683 eorum
2301 5627 2488 5682 hmresi
2530 5635 2585 5681 et
2623 5627 2674 5678 in
2697 5641 2901 5679 summa
2921 5665 2935 5689 ,
2966 5622 3033 5680 ut
3055 5626 3376 5692 Augustinus
3407 5622 3569 5678 refert

1992 5698 2132 5770 (Lib.
2169 5698 2314 5770 Mter.
2363 5714 2503 5770 nunt.
2529 5694 2763 5770 49,50);
2796 5705 2905 5770 tum
2929 5693 3170 5770 Gregorii
3192 5695 3316 5755 duo,
3341 5692 3567 5770 Namati-

1991 5761 2154 5828 ienus
2193 5768 2420 5841 epistola
2448 5784 2463 5824 ι
2495 5767 2559 5821 ad
2600 5761 2944 5832 Cledoniunt,
2989 5761 3341 5836 et'Nyssenus
3391 5761 3569 5831 ωηατ,
