4022 6182
448 369 588 423 1115

1167 356 1256 417 AD
1294 353 1571 411 PARTEM
1611 349 1989 408 SECUNDAM
2030 349 2099 405 II.
2144 346 2578 403 MEBCATORIS
2617 345 2980 401 arrmmx.

3571 343 3698 403 11Ιό

449 490 636 533 contra
686 475 1034 533 Eunomium;
1087 469 1316 540 Cyrillus
1363 468 1487 540 item
1514 464 1923 540 Alexandrinus
1951 465 2019 540 in
2053 468 2095 525 Α
2126 464 2177 517 in
2211 463 2362 515 nobis
2390 462 2524 515 alius
2551 462 2834 540 homo__est
2866 460 2955 530 qui
2985 470 3200 516 creatur
3225 477 3255 517 a
3286 460 3419 527 Deo,
3450 462 3586 517 alius
3611 465 3698 533 qui

444 549 673 617 cpistola
699 534 1401 617 apolqgetichad'Acacium
1428 537 1751 617 Melitenuu'i‘.
1786 534 2026 614 Theodo-

449 604 598 672 τὲως
620 604 755 682 (ιὲὸῖ
782 632 811 667 v
834 604 980 667 Hier.
1011 610 1144 662 Fab.
1168 627 1282 677 cap.
1310 607 1395 674 11)
1424 607 1606 659 Arium
1628 604 2025 682 etnl‘gunomium

446 674 634 740 scribit
675 691 893 766 putasse
938 674 1267 766 assumptum
1295 693 1413 732 esse
1440 692 1654 745 corpus,
1686 674 2025 728 Diviuitatem

452 771 582 810 vero
610 750 799 808 anima:
827 760 1007 810 partes
1035 750 1251 803 obiissc.

519 823 780 877 Observat
819 811 1085 876 Mercator
1121 824 1481 873 commentum
1524 813 1664 868 istud
1715 829 1822 867 non
1862 811 2028 867 fuisse

452 891 521 948 ab
541 893 668 947 Ario
690 894 805 962 ipso
835 890 1128 963 inventum,
1150 888 1245 942 sed
1266 888 1333 963 ab
1374 885 1600 948 Ariauis,
1624 890 1683 937 ut
1704 898 1786 963 se,
1813 883 2024 963 opinor,

450 963 658 1017 facilius
699 954 1080 1033 quzestionibus
1128 957 1474 1033 expedirent,
1527 970 1645 1024 qua:
1697 954 2028 1033 temporibus

449 1034 564 1087 Arii
594 1023 827 1087 nondum
850 1023 1237 1084 movebantur:
1264 1026 1509 1079 tribuitur
1536 1023 1713 1077 tamen
1735 1023 1881 1085 Ario,
1906 1038 2029 1091 par-

449 1102 547 1157 tim
575 1103 645 1173 ob
673 1100 1108 1173 consuetudinem
1143 1095 1710 1173 onerandimagistros
1738 1092 2023 1173 discipulo-

451 1187 571 1226 rum
618 1172 846 1235 invidia,
876 1169 1067 1239 partim
1106 1168 1230 1239 quia
1271 1182 1337 1239 ex
1375 1164 1491 1231 ejus
1530 1162 1803 1231 principiis
1848 1162 2026 1216 confe-

452 1249 598 1295 ctum
617 1242 787 1297 visum
807 1236 907 1303 est,
925 1246 1018 1292 aut
1037 1238 1101 1292 iis
1122 1236 1407 1291 admodum
1427 1248 1739 1302 congruum,
1766 1239 1824 1285 ut
1843 1242 2030 1303 postea

452 1311 711 1365 dicemus.

525 1380 799 1435 Venerunt
842 1393 1007 1448 porro
1053 1375 1235 1448 Ariani
1277 1374 1330 1427 in
1361 1374 1510 1448 hanc
1554 1379 1810 1448 mentem,
1836 1372 2029 1448 partim

452 1457 676 1520 propter
696 1440 1298 1531 pnejtidieiaquazdain,
1329 1444 1443 1497 sive
1470 1458 1565 1531 sua
1594 1442 1661 1495 de
1691 1440 1887 1521 Verbo,
1918 1442 2033 1531 sive

453 1512 754 1574 communia
776 1512 843 1573 de
880 1512 1095 1571 homine
1119 1523 1173 1569 et
1194 1515 1398 1575 anima;
1432 1512 1624 1579 partim
1656 1512 1908 1579 quoniam
1930 1512 2030 1565 sibi

454 1589 792 1653 videbantur,
818 1589 919 1641 hac
947 1585 1229 1655 hypotliesi
1250 1583 1403 1655 data,
1433 1580 1584 1655 facile
1610 1580 1877 1655 explicare
1897 1597 2037 1649 qum-

454 1674 682 1727 cumque
710 1650 788 1714 de
818 1650 1037 1727 Christo
1078 1653 1206 1707 ﬁdes
1250 1652 1501 1707 Ecclesiae
1528 1656 1734 1727 teneret
1780 1650 2040 1727 adversus,

456 1719 773 1792 Photinum,
805 1726 956 1796 cujus
996 1732 1156 1780 aetate
1191 1730 1374 1777 natum
1422 1736 1547 1777 reor
1584 1719 1902 1774 Arianorum
1932 1722 2034 1776 hoc

462 1797 789 1865 ﬁgmentum.

523 1865 658 1921 Cum
686 1868 827 1922 enim
857 1881 920 1920 ea
968 1870 1285 1934 tempestate

456 1945 600 1991 esset
618 1937 841 2005 simplex
864 1937 1045 1999 homo,
1070 1931 1121 1987 in
1142 1949 1249 2005 quo
1270 1931 1536 2005 habitaret
1556 1931 1806 1993 Verbum,
1832 1938 1886 1984 et
1905 1946 2035 2005 quo-

456 2006 617 2059 modo
644 2000 875 2060 Verbum
917 2000 1179 2058 habitaret
1221 2003 1271 2055 in
1312 2002 1549 2066 homine,
1601 2016 1668 2055 an
1717 2000 2031 2068 operatione

456 2082 680 2139 tantum,
713 2084 769 2129 ut
796 2073 1026 2144 Spiritus
1050 2082 1267 2144 sanctus
1298 2071 1349 2126 in
1368 2070 1555 2144 justis;
1581 2087 1649 2124 an
1670 2070 1837 2144 etiam
1857 2069 2032 2126 ενὼσει

452 2138 673 2220 φυσικῇί
694 2138 1042 2220 quaproprie
1079 2142 1345 2220 diceretur
1374 2142 1626 2220 verbum“
1647 2156 1773 2220 caro
1812 2138 2029 2203 factum,

452 2209 511 2268 et
539 2209 643 2267 non
682 2209 859 2269 carnis
894 2209 1064 2269 solum
1097 2212 1386 2266 habitator.
1428 2209 1529 2277 Qui
1572 2209 1801 2264 Photino
1828 2225 2032 2263 meram

456 2284 897 2338 inhabitationem
929 2283 1194 2337 inducenti
1226 2282 1553 2346 restiterunt,
1594 2295 1719 2349 pars
1746 2287 2036 2334 tenuerunt

455 2368 576 2409 sese
599 2354 736 2407 intra
758 2354 991 2417 modum,
1025 2360 1083 2406 ut
1110 2352 1392 2416 catholici;
1421 2366 1546 2420 pars
1568 2357 1942 2413 excesserunt,
1976 2358 2035 2403 ut

457 2423 637 2477 Ariani
659 2432 818 2492 atque
844 2423 1254 2492 Apollinaristtc.
1297 2420 1685 2492 Omnesenim,
1724 2435 1844 2492 cum
1876 2420 2032 2492 unio—_

457 2507 581 2547 nem
634 2489 1022 2547 substanti'vam
1073 2494 1172 2548 sibi
1226 2490 1611 2546 defendendam
1660 2490 1937 2553 viderent,
1988 2489 2034 2541 si

455 2562 617 2617 modo
646 2562 843 2617 vellent
866 2563 1084 2633 proprio
1110 2578 1268 2617 sensu
1295 2560 1635 2633 evangelisue
1663 2560 1823 2633 verba
1853 2574 2033 2633 sume-

456 2646 534 2697 το,
559 2646 786 2701 cumque
813 2629 944 2687 duas
968 2629 1343 2700 intelligerent
1378 2646 1496 2686 esse
1538 2629 1751 2701 unionis
1789 2629 2037 2701 substano

457 2701 578 2771 tivae
604 2698 808 2771 species
826 2742 841 2767 ,
869 2717 1003 2771 quas
1045 2698 1202 2757 antea
1238 2701 1610 2771 exposuimus,
1633 2698 1891 2771 catholici
1918 2699 2035 2771 sola

456 2768 789 2841 hypostatica
836 2768 1073 2827 contenti
1113 2780 1268 2836 sunt;
1294 2768 1502 2841 iﬁAriani
1542 2768 1797 2841 majorem
1845 2769 2035 2821 volue-

456 2839 601 2903 runt,
625 2842 796 2909 qualis
838 2856 1029 2910 nempe
1074 2840 1354 2895 intercedit
1392 2840 1531 2910 inter
1561 2839 1798 2910 animam
1837 2846 1892 2910 et
1915 2853 2035 2910 cor-

457 2923 558 2979 pus
586 2928 598 2961 :
624 2907 790 2978 quare
819 2907 1051 2965 Verbum
1080 2910 1328 2965 dixerunt
1361 2910 1413 2963 in
1445 2907 1658 2963 Christo
1691 2924 1755 2963 ea
1785 2908 2035 2962 tribuisse

452 2979 605 3034 carni
652 2994 772 3047 quae
820 2980 957 3035 solet
1004 2982 1208 3041 anima.
1255 2981 1419 3035 vitam
1462 2980 1692 3043 scilicet,
1734 2986 1938 3033 motum
1980 2986 2037 3033 et

455 3063 693 3105 sensum.

528 3117 584 3171 Si
613 3133 717 3190 qua
746 3136 874 3173 vero
905 3120 1033 3175 ﬁdes
1056 3118 1354 3190 Epiphanio
1383 3118 1565 3189 (Hier.
1596 3117 1802 3190 679),»et
1827 3118 2034 3190 auctori

1368 1868 1657 1916 mereretur
1685 1875 1752 1914 an
1789 1858 2033 1913 Christus
2068 1837 2106 1892 Β

2126 541 2441 602 procreatur
2467 548 2495 584 a
2524 531 2851 602 parentibus.

2197 602 2282 655 Vl.
2328 600 2395 655 Ut
2431 602 2548 655 duie
2578 601 2773 654 fuerint
2804 600 2956 654 unius
2985 599 3143 655 Verbi
3173 600 3336 655 divini
3366 602 3694 656 nativitates:

2126 673 2293 725 altera
2321 683 2521 725 acterna
2546 686 2613 724 ex
2636 669 2813 734 Patre,
2854 671 3019 724 altera
3053 672 3363 739 temporalis
3392 687 3457 725 ex
3490 682 3655 726 matre
3683 692 3694 725 :

2126 758 2232 810 quo
2262 742 2421 795 etiam
2456 740 2617 795 modo
2669 741 2930 809 contingit
2966 741 3098 793 duas
3131 744 3360 810 egistere
3400 742 3699 797 nativitates

2126 809 2507 880 Cuiuscumque
2549 810 2780 863 hominis
2811 827 2823 861 :
2859 826 3018 863 unam
3065 825 3133 864 ex
3174 809 3304 880 Deo,
3347 826 3453 878 qua
3495 822 3702 866 creatur

2128 896 2297 944 mens,
2340 888 2394 934 et
2419 879 2633 949 Quidcm
2664 888 2789 934 ante
2835 880 3045 944 satcula,
3078 880 3120 933 si
3162 879 3428 949 credimus
3455 880 3698 948 Origeni;

2129 951 2372 1012 alteram,
2398 948 2500 1019 qua
2531 959 2841 1019 procreatur
2869 950 3047 1019 homo,
3079 948 3587 1019 delinitogtenipore.

2201 1019 2308 1073 Vll.
2354 1017 2428 1073 Ut
2464 1017 2636 1087 neque
2679 1020 2909 1089 Verbum
2947 1018 3049 1073 diei
3080 1019 3248 1089 possit
3285 1017 3484 1074 Christi
3526 1021 3700 1075 Domi-

2132 1106 2250 1150 nus,
2285 1105 2456 1159 neque
2483 1090 2727 1143 Christus
2754 1088 2953 1159 Spiritu
2982 1088 3167 1159 sancto
3191 1090 3385 1143 minor.

2202 1159 2332 1213 Vlll.
2370 1157 2435 1214 Ut
2459 1168 2565 1213 tam
2589 1174 2713 1214 vere
2738 1157 3057 1229 proprieque
3078 1158 3218 1229 Deus
3240 1166 3511 1213 asseratur
3532 1168 3698 1225 natus,

2131 1245 2336 1298 passus,
2368 1238 2630 1293 mortuus,
2663 1228 2794 1300 etc],
2821 1244 2980 1300 quam
3006 1243 3133 1283 vere
3154 1228 3405 1283 dicuntur
3428 1231 3591 1296 nasci,
3614 1247 3701 1300 pa-

2132 1300 2277 1369 tique
2306 1300 2496 1369 singuli
2519 1300 2717 1369 quique
2738 1299 3001 1353 homines.

2227 1368 2291 1421 Χ.
2336 1366 2409 1423 Ut
2448 1366 2697 1439 denique,
2736 1374 2792 1423 et
2836 1366 3202 1439 earoChristi
3246 1366 3491 1423 deiﬁcata
3531 1368 3699 1431 fuerit,

2133 1448 2188 1497 ct
2211 1439 2447 1494 Verbum
2468 1437 2817 1494 incarnatum.
2848 1437 2987 1503 Quid
3012 1438 3217 1508 reliqua
3247 1453 3560 1507 persequar,
3603 1457 3702 1494 uno

2134 1510 2265 1564 satis
2295 1510 2541 1579 exemplo
2570 1508 2869 1579 communis
2893 1508 3123 1562 hominis
3148 1509 3464 1563 manifesta?

2206 1579 2339 1634 Huic
2386 1577 2514 1634 vero
2557 1578 2813 1633 doctrina:
2853 1592 3188 1645 consequens
3227 1587 3345 1632 erat
3386 1586 3443 1630 ut
3478 1577 3703 1633 Verbqu

2136 1666 2257 1703 cum
2303 1650 2689 1713 iucarnaretur,
2735 1657 2791 1704 et
2820 1663 3138 1702 conversum
3168 1648 3238 1702 sit
3277 1648 3329 1701 in
3359 1649 3612 1711 animam,
3655 1657 3705 1703 et

2135 1720 2282 1773 carni
2317 1720 2570 1783 mixtum,
2600 1726 2655 1773 et
2696 1718 2915 1783 patibile
2943 1717 3225 1783 eﬁ'ectum;
3255 1717 3334 1772 sic
3378 1718 3520 1772 enim
3563 1734 3707 1773 meos

2137 1736 2282 1773 carni
2317 1734 2570 1783 mixtum,
2600 1734 2655 1773 et
2735 1734 2915 1773 annue
2943 1734 3225 1783 euecwm;
3255 1734 3334 1772 suc
3378 1734 3520 1772 enim
3563 1734 3707 1773 meos

2137 1805 2258 1843 cum
2288 1789 2595 1843 incarnatur
2614 1797 2669 1843 et
2696 1734 2858 1843 iiomo
2894 1786 2971 1851 ﬁt,
3003 1788 3070 1841 ab
3095 1785 3409 1856 Origenistis
3440 1787 3707 1842 dicebatur

2139 1860 2189 1912 in
2233 1860 2463 1912 animam
2511 1860 2790 1922 converti,
2832 1858 3155 1926 miscerique
3214 1866 3328 1912 toto
3370 1873 3622 1926 corpore,
3657 1866 3706 1911 et

2135 1929 2369 1998 passioni
2409 1928 2640 1983 obnoxia
2670 1926 2803 1994 ﬁeri,
2829 1942 2892 1982 ac
2927 1942 3115 1983 omnes
3139 1927 3372 1982 hominis
3399 1928 3708 1997 appellatio-

2136 2014 2232 2052 nes
2257 1999 2551 2068 suscipere.

2204 2069 2355 2133 Quod
2383 2066 2559 2123 autem
2588 2068 2745 2123 aliter
2771 2084 2879 2124 non
2907 2068 3143 2139 potuerit
3174 2074 3357 2139 totum,
3385 2066 3706 2139 incarnatio-

2136 2137 2217 2191 nis
2245 2139 2516 2206 negotium
2542 2140 2746 2207 peragi,
2778 2155 2845 2194 ex
2872 2136 2939 2195 eo
2960 2138 3276 2195 videbantur
3300 2137 3399 2191 sibi
3430 2136 3705 2202 conﬁcere,

2133 2207 2276 2331 quod
2317 2208 2513 2277 duplex
2546 2217 2752 2263 tantum
2781 2216 3087 2279 superesset
3112 2209 3193 2262 rei
3234 2207 3579 2275 expedienda:
3600 2224 3705 2259 mo-

2172 2293 2269 2330 us:
2299 2277 2433 2331 alter
2474 2293 2505 2331 a
2551 2277 2901 2331 Samosateno
2950 2288 3205 2331 assertus.
3249 2293 3367 2331 (iure
3411 2279 3537 2330 unio
3583 2293 3705 2331 pure

2172 2293 2269 2330 us:
2299 2277 2433 2332 alter
2474 2293 2505 2331 a
2551 2277 2901 2335 Samosateno
2950 2288 3205 2342 assertus,
3249 2293 3367 2347 qua:
3411 2279 3537 2330 unio
3583 2293 3706 2345 pure

2134 2353 2375 2419 ᾳχετική,
2402 2363 2497 2402 seu
2526 2350 2775 2419 moralis;
2807 2350 2941 2403 alter
2961 2348 3190 2403 Photino
3216 2364 3245 2401 a
3272 2347 3585 2416 quibusdam
3620 2349 3704 2399 tri-

2134 2417 2312 2488 butus,
2342 2434 2461 2488 qua:
2489 2418 2616 2472 unio
2647 2420 2978 2488 hypostatica
3009 2419 3243 2488 quidem,
3269 2434 3376 2470 non
3403 2433 3506 2488 qua
3538 2426 3703 2470 tamen

2134 2486 2296 2558 homo
2339 2479 2613 2558 hypostasi
2658 2479 2837 2553 Verbi,
2871 2489 2964 2544 sed
3010 2479 3115 2558 qua
3161 2479 3394 2542 Verbum
3422 2479 3703 2555 'hypostasi

2134 2556 2723 2629 hominis‘subsisteret,
2770 2560 2968 2629 quippe
3008 2556 3105 2629 per
3148 2574 3207 2613 se
3250 2559 3617 2629 ἀνυπόστατον,
3656 2568 3703 2613 et

2133 2627 2461 2695 prolatit‘ium
2500 2628 2794 2683 dumtaxat.
2828 2627 3086 2699 Neutrum
3134 2644 3262 2683 vero
3299 2628 3504 2682 admitti
3534 2646 3701 2699 posse,

2135 2712 2240 2750 non
2266 2706 2466 2751 tantum
2488 2699 2785 2752 communis
2805 2697 3055 2753 Ecclesia:
3081 2698 3209 2753 ﬁdes
3235 2699 3489 2752 adversus
3517 2697 3701 2753 utrum-

2134 2780 2239 2849 que
2269 2767 2575 2849 hatreticum
2619 2769 2927 2849 evipccbat,
2958 2768 3052 2823 sed
3089 2769 3252 2849 etiam
3297 2768 3486 2849 synodi
3530 2770 3701 2823 Antio-

2136 2836 2320 2909 cliena:
2345 2838 2463 2909 duae
2490 2846 2677 2893 contra
2703 2838 3139 2909 Samosatenum,
3181 2836 3590 2909 Sirmieusisque
3618 2856 3701 2909 ge-

2134 2905 2297 2982 mina,
2330 2908 2551 2982 aliaeque
2572 2918 2757 2982 contra
2780 2908 3065 2982 Photinum
3094 2908 3427 2982 deﬁnieram.

2211 2974 2481 3045 Urgebant
2500 2978 2691 3033 deinde
2720 2980 2914 3033 acriter
2941 2979 3279 3047 evangelista:
3316 2980 3537 3045 dictum,
3574 2979 3698 3032 Ver-

2133 3045 2250 3119 bum
2273 3049 2611 3119 caroifactum
2627 3058 2729 3113 est,
2758 3057 2864 3102 tum
2886 3045 3254 3119 pervulgatum
3282 3049 3430 3109 illud,
3454 3066 3702 3118 quorsum

2136 3116 2450 3191 anima_ubi
2494 3116 2943 3191 Verbumuadcst,
2984 3128 3039 3173 et
3075 3116 3289 3191 quidem
3319 3116 3541 3191 quasi:
3584 3122 3705 3173 uni-

459 3186 665 3261 Dialogi
692 3199 878 3261 contra
918 3186 1342 3261 Apollina'ristas,
1384 3186 1541 3257 quem
1582 3189 1676 3261 alii
1720 3188 2033 3254 Athanasio,
2064 3197 2107 3257 (ζ
2140 3186 2541 3261 tpm__;_deniqiie
2581 3186 3383 3261 Apollinaristarum'rationes,
3423 3189 3533 3261 sive
3575 3205 3706 3261 quas

454 3258 549 3313 alii
587 3257 1084 3330 Maximomartyri
1132 3266 1555 3330 supposuerunt,
1592 3257 1841 3330 videntur
1880 3272 2038 3330 argu—

456 3330 680 3399 inentati
709 3330 810 3383 hac
836 3329 888 3382 in
920 3326 1090 3399 parte,
1118 3326 1364 3399 quo'fere
1385 3328 1543 3399 modo
1566 3326 1882 3399 Aristoteles
1901 3328 2039 3399 solet

458 3396 512 3477 in
539 3398 701 3477 rebus
738 3396 974 3477 physicis
1006 3396 1149 3477 (Lib.
1176 3415 1212 3452 ιι
1241 3398 1451 3477 Phi/3.).
1484 3397 1540 3477 id
1575 3396 1898 3477 quodhnunc
1926 3398 2038 3465 agi-

458 3474 547 3535 tur
573 3466 653 3535 ita
674 3466 849 3535 potuit
895 3476 951 3522 et
977 3466 1195 3522 omnino
1233 3476 1287 3521 et
1328 3466 1462 3521 bene
1494 3466 1638 3531 ﬁeri;
1668 3466 1825 3519 aliter
1865 3482 2039 3534 neque

458 3534 597 3605 bene
627 3533 741 3590 ﬁeri
769 3537 961 3605 potuit,
998 3553 1169 3605 neque
1186 3538 1454 3601 ‘omuino;
1486 3538 1557 3590 ita
1588 3550 1715 3603 ergo
1744 3533 1986 3604 contigit.

532 3602 785 3659 Potuisse
800 3622 930 3659 vero
959 3602 1159 3661 ﬁeri—ut
1186 3623 1247 3661 ea
1287 3607 1496 3661 ratione
1524 3602 1754 3660 Verbum
1778 3602 1913 3660 caro
1937 3606 2035 3660 tie-

456 3680 561 3737 ret,
586 3674 639 3729 id
667 3683 766 3739 est,
797 3675 979 3740 homo,
1012 3676 1134 3735 inde
1171 3677 1554 3741 conﬁciebant,
1598 3674 1740 3743 quod
1778 3675 1939 3730 homo
1967 3678 2037 3731 sit

456 3744 634 3797 anima
662 3755 817 3816 utens
839 3761 1066 3815 corpore
1082 3788 1097 3811 ,
1120 3747 1370 3816 quodque
1399 3762 1550 3800 meus
1577 3745 1827 3814 quaelibet
1853 3755 2035 3801 creata

456 3815 696 3868 converti
727 3817 895 3884 possit
925 3818 975 3871 in
998 3818 1251 3881 animam,
1281 3815 1331 3869 id
1370 3816 1572 3870 infundi
1614 3821 1665 3868 in
1690 3830 1904 3884 corpus,
1948 3825 2033 3870 at—

455 3897 561 3952 que
605 3884 768 3955 homo
810 3885 942 3940 ﬁeri.
974 3884 1107 3940 Cum
1153 3901 1280 3955 ergo
1318 3885 1551 3941 Verbum
1595 3886 1831 3939 dicerent
1874 3902 2035 3939 unam

455 3968 577 4025 esse
605 3952 673 4009 de
717 3956 986 4009 mentibus
1032 3952 1246 4018 creatis,
1279 3957 1451 4024 ipsum
1498 3955 1893 4025 contendebant
1938 3972 2037 4025 po~

454 4023 622 4147 :uisse
661 4025 799 4080 uniri
832 4025 981 4080 carni
1018 4026 1185 4080 instar
1212 4023 1433 4091 anima},
1458 4033 1619 4094 atque
1664 4026 1735 4078 ita
1765 4023 2035 4080 hominem

474 4105 589 4145 teri.

474 4105 568 4145 lerl
576 4132 589 4145 .

526 4160 761 4236 Primum
792 4165 1131 4236 principium,
1165 4164 1215 4236 id
1246 4172 1346 4229 est,
1376 4162 1744 4236 deﬁnitionem
1779 4163 2033 4231 hominis,

452 4231 617 4304 veluti
642 4231 1317 4304 concessam'accipiebant
1336 4251 1402 4290 ex
1422 4235 1732 4304 pervulgata
1758 4242 1883 4288 tunc
1908 4243 2037 4289 tem-

450 4302 599 4372 poris
642 4301 1036 4361 Platonicorum
1076 4301 1351 4370 doctrina;
1383 4301 1609 4359 alterum
1651 4304 2039 4359 mutuahantur

450 4370 816 4452 ab.0rigen_e,
846 4375 1192 4452 cujusnerant
1227 4390 1466 4448 propago
1504 4374 1788 4445 quaedam;
1821 4375 2036 4430 tertium

448 4441 552 4512 sibi
584 4445 858 4512 proprium
888 4441 1245 4500 vindicabant:

518 4509 636 4564 Jam
666 4509 795 4568 vero
825 4516 962 4569 belle
990 4517 1167 4569 omnia
1191 4522 1460 4573 constare.
1491 4514 1535 4568 si
1574 4528 1636 4569 ea
1666 4513 1877 4567 ratione
1896 4513 2032 4569 Ver-

2139 3252 2367 3327 Cyrillus
2397 3252 2561 3311 refert
2589 3252 2723 3327 (Lib.
2767 3259 2829 3313 de
2853 3259 2994 3312 licet.
3028 3258 3161 3313 Fide
3191 3259 3260 3312 ad
3300 3252 3483 3327 Tlieod.
3516 3276 3560 3312 c.
3593 3252 3706 3325 17),

2140 3325 2253 3401 _s_iv_e
2272 3342 2395 3401 qua:
2431 3325 2689 3401 plumum
2710 3338 3095 3401 coacervantur
3124 3330 3175 3384 in
3201 3326 3474 3401 dialogo}
3501 3339 3555 3383 et
3585 3327 3617 3379 5
3643 3329 3707 3385 de

2139 3393 2420 3468 Triuitate,
2433 3393 2583 3468 inter
2602 3396 2881 3468 Athanasii
2906 3396 3099 3468 Opera.

2210 3462 2383 3533 Atque
2433 3467 2545 3522 haec
2591 3467 2687 3522 fuit
2740 3462 3059 3523 Arianorum
3106 3469 3322 3524 hmrcsis
3358 3468 3426 3523 de
3470 3469 3709 3523 incarna-

2140 3533 2304 3607 tione,
2337 3543 2454 3590 orta
2484 3553 2552 3591 ex
2580 3538 2747 3592 altera
2777 3538 2844 3592 de
2874 3537 3151 3602 Triuitate,
3184 3554 3288 3607 qua
3330 3555 3451 3593 cum
3483 3539 3709 3593 Verbum

2138 3603 2379 3678 dicereut
2422 3616 2654 3678 mentem
2686 3618 3047 3663 creaturarum
3080 3603 3322 3678 primam,
3357 3609 3602 3662 idoneum
3632 3609 3709 3661 fa-

2138 3674 2351 3748 ciebant
2373 3677 2514 3748 quod
2546 3678 2814 3731 laberetur
2844 3679 2894 3732 in
2916 3674 3127 3748 corpus,
3160 3686 3214 3732 et
3243 3678 3394 3733 ﬁeret
3419 3679 3613 3748 anima.

2209 3743 2249 3799 F
2256 3743 2403 3818 uisse:
2416 3746 2578 3818 hujus
2609 3748 2825 3818 lucresis
2854 3743 3069 3803 nomine
3096 3757 3401 3818 suspectum
3429 3746 3712 3802 Orientali-

2138 3812 2238 3867 bus
2264 3812 2538 3887 _Cyrilluin,
2572 3832 2730 3871 nemo
2758 3816 2893 3872 forte
2921 3812 3205 3872 mirabitur
3218 3820 3307 3887 qui
3337 3818 3475 3886 apud
3506 3836 3564 3872 se
3593 3836 3712 3887 pcr-

2140 3883 2403 3967 pepdei-it,
2439 3885 2521 3939 vel
2557 3883 3252 3967 temporumconditioncm
3285 3883 3714 3967 quilmslatebat

2139 3953 2311 4027 adhuc
2334 3953 2711 4027 incarnationis
2740 3958 3048 4027 mysterium
3078 3959 3187 4011 suis
3213 3953 3461 4012 omnibus
3482 3959 3716 4013 tenebris

2138 4024 2432 4096 involutum
2452 4064 2466 4086 ,
2495 4026 2580 4080 vel
2608 4024 2989 4094 suspicantium
3018 4028 3352 4082 aﬂ‘ectionem
3399 4043 3536 4096 quos
3578 4029 3715 4081 livor

2138 4093 2343 4169 urebat.
2377 4094 2507 4169 Nam
2536 4093 2740 4169 uniuni
2771 4108 2953 4169 φυσικῇ
2996 4106 3049 4152 et
3087 4099 3190 4153 καθ’
3220 4093 3523 4160 suam...
3554 4114 3715 4165 quam

2139 4162 2367 4233 Cyl-illus
2406 4166 2667 4221 calholice
2712 4162 3049 4233 defendebat,
3099 4170 3285 4222 eadem
3338 4185 3457 4233 qua:
3504 4162 3715 4222 Ariaua:

2138 4232 2326 4287 hmresi
2349 4243 2403 4305 et
2431 4238 2812 4304 consequentia
2835 4245 2887 4291 et
2916 4239 3204 4305 pugnantia
3233 4232 3569 4302 videbantur,
3597 4239 3715 4291 istis

2136 4304 2434 4376 prarscrtim
2465 4306 2766 4376 hominibus
2786 4304 2930 4375 quos
2948 4304 3140 4376 partim
3168 4308 3364 4361 invidia
3401 4325 3714 4363 commme-

2139 4381 2239 4433 rat,
2272 4375 2464 4442 partim
2488 4374 2840 4431 fasciuaverat
2860 4374 3085 4433 vesanus
3110 4394 3260 4433 amor
3287 4379 3369 4432 sui
3392 4378 3640 4432 Nestorii.

2211 4442 2285 4517 ita
2310 4460 2471 4513 porro
2497 4446 2603 4499 alte
2633 4446 2900 4517 insederat
2929 4448 3167 4517 ipsorum
3196 4448 3386 4502 animis
3417 4448 3601 4502 isthme
3621 4465 3714 4503 su~

2141 4512 2329 4587 spicio,
2363 4522 2419 4568 ut
2448 4517 2692 4587 quamvis
2707 4514 2937 4587 Cyrillus
2952 4512 3159 4571 'nullam
3194 4519 3596 4587 pnetermiserit
3623 4535 3715 4573 oc-

448 4578 594 4663 bum.
614 4581 811 4665 factum
857 4601 984 4665 caro
1029 4585 1254 4665 dicatur,
1284 4584 1583 4665 probabant
1610 4583 1870 4665 exemplo
1884 4600 2033 4665 com-
2063 4576 2111 4637 D
2136 4576 2435 4665 casiouem‘,
2465 4576 2581 4665 sive
2608 4585 2736 4665 Ari_o
2754 4576 3043 4665 anathema
3088 4576 3461 4665 dicéudinsive
3489 4604 3714 4642 conver-

447 4652 624 4725 muiiis
651 4653 906 4725 cujusque
935 4656 1187 4717 hominis,
1218 4652 1370 4725 cujus
1399 4654 1575 4705 anima
1601 4654 1814 4720 corpori
1857 4654 2029 4708 infusa

449 4719 508 4777 ﬁt
536 4719 730 4788 homo;
763 4719 886 4781 huic
905 4726 1046 4780 enim
1077 4719 1603 4777 rationi—connexum
1629 4719 1776 4774 erat:

520 4791 560 4851 Ι.
608 4791 673 4846 Ut
708 4794 951 4849 Christus
980 4810 1085 4849 non
1126 4794 1196 4847 sit
1236 4793 1397 4847 homo
1446 4791 1620 4859 qualis
1665 4792 1891 4862 quisque
1933 4809 2030 4845 no—

446 4868 635 4943 strum,
661 4865 753 4919 sed
775 4881 902 4920 vere
926 4865 1066 4920 Deus
1092 4872 1247 4919 utens
1264 4876 1493 4933 corpore
1512 4870 1787 4931 assumpto
1810 4864 2029 4931 perinde

446 4946 512 4989 ac
537 4948 713 4988 anima
744 4951 861 4991 SUO.

514 5000 578 5054 ll.
619 5002 688 5057 Ut
713 5006 869 5059 beata
901 5005 1063 5073 Virgo
1103 5012 1213 5059 tam
1240 5017 1368 5057 vene
1414 5000 1713 5073 appelletur
1751 5002 2022 5073 ieroréxor.

444 5086 605 5152 quam
634 5072 1017 5152 ἀνθρωποτὸκοξ
1035 5074 1286 5146 quaelibet
1309 5073 1434 5138 alia,
1473 5087 1592 5142 qua:
1618 5072 1890 5126 hominem
1928 5089 2025 5143 pe-

518 5149 603 5194 rit.

518 5156 559 5192 l’l
590 5181 603 5194 .

444 5155 601 5264 pelli.
645 5210 713 5265 Ut
740 5213 1038 5268 incarnatio
1071 5230 1176 5268 non
1216 5213 1286 5267 sit
1331 5212 1458 5267 unio
1499 5212 1777 5280 utriusque
1823 5220 2028 5267 natura:

442 5288 665 5355 σχετική
708 5290 937 5355 tantum,
983 5285 1153 5354 qualis
1197 5284 1353 5355 inter
1384 5281 1668 5355 conjuges;
1711 5281 1803 5334 sed
1844 5290 2027 5355 φυσική

442 5350 641 5417 potius,
672 5361 728 5407 et
754 5350 1034 5419 οὐσιώδηέ,
1063 5354 1361 5424 cuiusmodi
1390 5354 1529 5408 inter
1556 5352 1789 5406 animam
1819 5350 1875 5405 et
1901 5368 2024 5406 cor-

443 5434 559 5490 l‘“_5:

516 5488 610 5563 IV.
638 5489 713 5563 Ut
742 5492 794 5547 in
822 5491 1038 5549 Christo
1083 5492 1202 5548 dua:
1225 5494 1332 5550 sint
1360 5493 1574 5563 quidem
1624 5500 1850 5563 naturae,
1879 5491 2020 5546 sicut

443 5558 495 5639 in
525 5561 706 5628 nobis;
736 5564 1014 5645 sedunica
1039 5572 1217 5645 tamen
1238 5558 1434 5619 existat
1460 5564 1738 5618 ambarum
1766 5562 2020 5632 hyposta-

441 5634 708 5704 sis,_more
736 5634 940 5704 pariter
966 5634 1154 5689 nostri.

515 5699 575 5753 Vr.
622 5701 689 5757 Ut
717 5699 823 5758 non
847 5705 1003 5776 alius
1038 5705 1107 5761 sit
1135 5705 1222 5776 qui
1254 5720 1318 5759 ex
1354 5703 1511 5757 Patre
1551 5703 1738 5767 Filius,
1768 5702 1901 5757 alius
1927 5702 2019 5776 qui

441 5784 505 5829 ex
534 5783 707 5832 matre
730 5793 748 5845 ς
768 5775 859 5834 sed
885 5792 1013 5835 unus
1049 5786 1101 5834 et
1128 5774 1266 5833 idem
1295 5792 1361 5831 ex
1387 5788 1615 5845 utroque
1638 5790 1652 5833 ;
1680 5789 1849 5843 neque
1876 5774 2020 5828 enim

2138 4652 2345 4727 sionem
2395 4653 3058 4727 Verbi‘confusionemquc
3095 4673 3157 4712 ac
3196 4658 3509 4711 mixtionem
3539 4674 3713 4727 oppu-

2136 4723 2350 4801 gnandi,
2383 4723 2844 4801 siveaﬂirmanter
2863 4723 3088 4781 docendi
3118 4734 3284 4781 totam
3306 4723 3714 4801 liumanitaﬁni,

2136 4795 2415 4863 ipsamque
2444 4795 2577 4865 adeo
2606 4796 2856 4859 animam,
2888 4808 3213 4865 assumptam
3246 4812 3383 4862 esse,
3416 4799 3505 4850 vix
3537 4806 3714 4850 tamen

2136 4877 2388 4935 umquam
2438 4864 2615 4935 facere
2662 4866 2762 4920 sibi
2792 4865 2945 4920 ﬁdem
2976 4868 3243 4935 potuerit;
3292 4868 3455 4922 immo
3494 4877 3717 4921 coactus

2136 4932 2207 4985 sit
2235 4934 2540 5005 aliquando,
2573 4951 2691 4989 cum
2720 4953 2820 5005 pax
2850 4932 3208 4991 Ecclesiarum
3238 4938 3478 4999 iniretur,
3507 4937 3577 4989 de
3606 4938 3719 4991 suis

2136 5004 2610 5075 anathematismis,
2645 5004 2913 5075 tamquam
2943 5006 3223 5061 discordiae
3268 5007 3464 5069 causis,
3504 5008 3668 5063 silere
3700 5026 3714 5059 :

2134 5087 2304 5140 usque
2325 5074 2461 5129 adeo
2486 5074 2785 5130 discrimen
2815 5078 3091 5144 utriusque
3120 5079 3395 5131 sementim
3423 5077 3721 5131 obscurum

2134 5148 2261 5197 tunc
2289 5152 2425 5210 erat,
2473 5160 2573 5199 nec
2616 5146 2716 5199 nisi
2764 5146 3143 5203 oculatissimis
3180 5147 3478 5217 quibusque
3506 5149 3721 5218 perspi-

2132 5226 2311 5266 Clllllﬂ.

2201 5281 2261 5355 Id
2283 5299 2411 5337 vero
2433 5291 2489 5338 ut
2516 5293 2729 5355 constet
2759 5302 2863 5340 non
2906 5294 3106 5341 temere
3135 5300 3165 5340 a
3194 5301 3281 5340 me
3306 5286 3504 5349 aﬂ’erri.
3531 5302 3724 5355 opem

2128 5353 2357 5426 pretium
2388 5362 2469 5426 est
2497 5353 2815 5426 Arianorum
2855 5356 3155 5410 doctrinam
3184 5372 3304 5411 cum
3334 5353 3726 5426 singulis—aua-

2128 5421 2483 5495 themalismis
2516 5424 2696 5495 Cyrilli
2726 5440 3071 5493 componere.

2199 5492 2418 5565 Dicebat
2448 5495 2496 5546 in
2515 5492 2687 5563 primo
2708 5492 2953 5565 Cyrillus,
2980 5494 3378 5549 Emmanuelem
3402 5512 3519 5551 esse
3546 5498 3723 5549 Deum

2126 5564 2252 5617 κατὰ
2278 5564 2502 5635 ἁλῃθείαν
2534 5564 2955 5635 ε-ςμιςιιιικνικῖυηι
2989 5566 3368 5632 interpretatur
3399 5568 3512 5635 ipse
3552 5572 3720 5629 alias,

2126 5640 2313 5686 natura
2337 5633 2521 5687 Deum.
2554 5633 2678 5689 llzcc
2708 5635 2823 5703 ipsa
2848 5651 2950 5687 vox
2980 5642 3096 5687 erat
3127 5633 3470 5700 Arianorum,
3495 5636 3723 5688 Emma-

2127 5703 2338 5756 nuclem
2370 5712 2475 5757 tam
2526 5714 2868 5775 vercuattu'a
2913 5704 3075 5758 Deum
3104 5720 3244 5767 esse,
3277 5721 3437 5774 quam
3482 5706 3727 5775 quisque

2127 5782 2364 5831 nostrum
2415 5775 2595 5831 homo.
2641 5774 2882 5830 Addebat
2932 5775 3181 5847 Cyrillus,
3238 5775 3439 5832 idcirco
3489 5774 3716 5831 beatam
