4022 6182
336 348 479 402 ill?

1146 345 1450 402 DISSERT.
1495 344 1535 399 l.
1578 344 1666 399 DE
1707 344 1971 399 llA'IRESl
2017 345 2101 398 ET
2142 345 2362 403 LIBRIS
2401 347 2737 402 NESTOltll.

3484 355 3613 407 ιηκ

332 456 614 531 Virginem
666 455 1473 531 esseemréxgv.inclamabant
1519 465 1575 531 et
1612 457 1753 511 istud
1784 456 1921 531 idem
1952 464 1996 518 Α
2028 456 2244 531 Christo
2292 474 2606 527 agnoscere.
2640 461 2699 531 Id
2743 477 2874 518 vero
2921 463 3141 531 intelligi
3174 466 3257 520 vix
3306 483 3369 522 ac
3416 484 3482 522 ne
3524 474 3610 526 vix

330 527 540 607 .Ariani,
568 526 725 595 idque
764 524 956 580 Proclo
985 527 1289 598 Cyrilloque
1340 528 1620 581 Nestorius
1648 542 1790 597 saepe
1818 529 1919 581 ob-

330 604 646 719 lc(flliicebat
694 665 746 718 in
793 664 1046 727 secundo,
1104 665 1199 719 Dei
1249 664 1422 720 Patris
1480 665 1711 721 Verbum
1766 665 1917 720 carni

329 737 559 793 ἦνῶσθαι
584 737 692 790 καθ’
722 736 1021 797 ὑπόστασιν,
1044 751 1317 803 unumque
1342 751 1463 789 cum
1490 752 1584 790 sua
1607 751 1768 789 carne
1798 750 1917 789 esse

328 805 625 859 Christum.
660 804 751 857 llis
781 805 909 874 ipsis
953 804 1129 858 verbis
1148 821 1300 858 suam
1331 806 1512 859 Ariani
1542 814 1775 859 mentem
1820 821 1917 859 ex-

329 876 629 943 ponebant,
658 890 780 929 cum
810 883 1087 929 uterentur
1112 874 1362 944 exemplo
1407 876 1618 941 animm,
1649 890 1767 943 qua:
1794 890 1917 929 cum

328 960 436 1014 suo
464 959 692 1014 corpore
722 961 857 998 unus
881 954 964 999 est
984 945 1166 997 homo.

409 1013 464 1068 In
496 1013 673 1076 tertio,
722 1015 1004 1068 anathema
1055 1013 1398 1082 intorquebat
1439 1013 1489 1067 in
1520 1028 1641 1083 eum
1685 1014 1775 1083 qui
1808 1029 1912 1067 non

327 1082 594 1138 fateretur
628 1084 782 1138 Verbi
812 1094 867 1138 et
885 1083 1060 1138 carnis
1085 1089 1297 1142 φυσικήν
1323 1084 1516 1139 ἕνωσιν.
1547 1082 1739 1136 Totum
1769 1084 1915 1139 virus

329 1153 547 1207 Ariame
593 1154 849 1208 doctrina:
877 1152 1252 1208 continebatur
1296 1153 1378 1207 his
1423 1153 1644 1207 vocibus
1684 1152 1911 1217 duabus,

328 1230 519 1303 φνᾳική
545 1225 742 1291 ἔνωσις,
790 1222 1085 1293 cujusmodi
1115 1238 1307 1292 nempe
1347 1223 1581 1276 animam
1633 1228 1688 1277 et
1717 1238 1915 1292 corpus

329 1301 470 1345 unit.

409 1360 631 1417 Vetabat
660 1362 712 1416 in
743 1370 935 1431 quarto
978 1377 1044 1416 ne
1070 1361 1192 1430 quis
1228 1377 1391 1416 voces
1434 1376 1554 1429 qua:
1588 1360 1654 1415 de
1701 1360 1914 1416 Christo

324 1433 532 1499 passim
562 1433 614 1486 in
644 1432 934 1500 Scripturis
982 1434 1151 1487 sacris
1201 1440 1508 1495 occurrunt,
1543 1439 1652 1483 tum
1703 1431 1770 1483 ab
1798 1432 1914 1500 ipso

326 1500 567 1567 Christo,
597 1511 706 1556 tum
736 1500 802 1555 ab
822 1502 1079 1572 apostolis
1105 1502 1278 1572 dieue,
1306 1501 1513 1572 duabus
1541 1500 1915 1572 hypostasibus

325 1573 641 1639 partiretur.
673 1570 941 1627 Volabant
968 1572 1197 1641 idipsum
1227 1570 1429 1635 Ariani,
1453 1586 1551 1623 suo
1579 1585 1789 1623 rursum
1812 1571 1913 1624 ho-

326 1641 491 1711 minis
518 1643 767 1711 exemplo
797 1642 967 1695 abusi.

400 1710 459 1763 In
480 1706 694 1776 quinto,
721 1711 985 1775 edicebat,
1007 1709 1262 1771 Verbum,
1288 1724 1411 1762 cum
1432 1722 1559 1762 caro
1588 1706 1784 1762 factum
1807 1716 1910 1773 est,

402 1778 553 1835 rinde
582 1796 644 1834 ac
671 1797 769 1834 nos
804 1780 952 1835 carni
980 1788 1036 1833 et
1068 1779 1311 1846 sanguini
1340 1778 1783 1832 communicasse.
1816 1778 1908 1832 Ni-

348 1826 416 1902 iit
429 1826 570 1903 ἕίῖυἷι
582 1826 1782 1909 “dienam;{nisainsamanage;
1798 1826 1912 1903 ne.
1944 1826 1987 1884 Β

323 1919 411 1973 vis
440 1928 555 1972 erat
582 1918 695 1972 haec
733 1918 1058 1988 explicanda:
1086 1917 1243 1988 ratio.

399 1988 459 2042 In
489 1996 661 2053 sexto,
695 1988 787 2043 Dei
804 1985 1051 2043 'Verbum
1080 1987 1310 2055 negabat
1341 2000 1460 2041 esse
1508 1985 1704 2041 Christi
1733 1987 1908 2043 domi-

322 2073 477 2111 num.
510 2057 566 2113 ld
599 2059 863 2127 negabant
891 2058 1091 2122 Ariani,
1121 2072 1221 2112 nec
1249 2057 1516 2123 negabant
1544 2063 1772 2121 tantum,
1813 2060 1904 2113 sel

322 2128 491 2181 etiam
541 2144 635 2183 cur
687 2128 736 2183 id
788 2127 1027 2183 facerent
1062 2142 1279 2182 causam
1324 2128 1661 2195 perspicuam
1713 2128 1907 2183 affere-

320 2195 458 2268 lgant
481 2215 494 2249 :
517 2198 641 2265 quia
664 2213 854 2268 nempe
876 2198 1107 2268 Verbum
1128 2196 1275 2268 carni
1296 2197 1501 2268 unitum
1523 2213 1629 2251 non
1651 2198 1807 2251 aliter
1826 2207 1907 2252 est

319 2264 589 2337 Christus,
636 2264 802 2335 quam
825 2267 1096 2337 quomodo
1133 2267 1311 2337 anima
1352 2265 1524 2320 infusa
1566 2269 1779 2336 corpori
1825 2278 1908 2324 est

324 2334 509 2408 homo.
542 2334 729 2392 Nullus
753 2334 932 2393 autem
962 2336 1398 2408 propriedicitur
1420 2337 1500 2408 sui
1528 2334 1795 2408 dominus.

398 2403 455 2458 In
499 2409 728 2475 septimo
783 2403 1283 2476 abnuebat'pariter
1325 2406 1556 2459 Verbum
1608 2407 1659 2460 in
1689 2404 1903 2461 Christo

320 2478 537 2545 operari
566 2478 710 2532 velut
740 2478 791 2531 in
817 2479 1054 2541 homine,
1086 2477 1175 2545 qui
1222 2490 1327 2529 non
1358 2476 1426 2529 sit
1454 2476 1741 2545 ipsummet
1770 2478 1902 2531 Ver-

320 2543 469 2615 bum.
501 2547 818 2602 Ahnuebant
856 2549 995 2602 istud
1025 2543 1241 2615 quoque
1283 2543 1488 2611 Ariani,
1516 2561 1635 2600 cum
1663 2546 1905 2603 dicerent

320 2612 556 2669 Verbum
582 2618 804 2686 perinde
831 2634 950 2672 esse
976 2612 1119 2672 hunc
1146 2612 1419 2686 hominem
1443 2616 1536 2684 qui
1564 2615 1719 2669 Jesns
1748 2618 1904 2672 Chri—

315 2692 455 2807 ἓξυιε,
486 2685 648 2755 atque
675 2689 854 2743 anima
880 2696 964 2743 est
1002 2689 1164 2742 homo
1203 2685 1414 2753 aliquis,
1441 2687 1672 2756 exempli
1701 2689 1896 2755 gratia,

361 2770 394 2807 e
422 2772 530 2807 rus.

361 2764 530 2809 ctrus.

390 2822 716 2881 Prohibebat
764 2827 813 2882 in
857 2836 1050 2883 octavo
1097 2825 1201 2881 dici
1239 2833 1571 2895 assumptum
1626 2826 1898 2883 hominem

314 2895 532 2966 adorari
574 2913 695 2951 cum
723 2896 920 2964 Verbo,
952 2897 1104 2966 quasi
1147 2897 1254 2950 duo
1296 2896 1404 2949 sint
1431 2896 1704 2961 adorandi,
1736 2898 1900 2953 homo

311 2975 372 3037 et
396 2963 662 3037 Verbum;
694 2982 762 3022 ne
789 2963 1138 3037 quaternitas,
1170 2966 1313 3034 quod
1342 2966 1465 3019 alibi
1496 2975 1766 3030 causatur,
1799 2983 1898 3035 pro

311 3032 578 3117 Trinitate
631 3032 989 3117 induceretur.
1022 3032 1369 3117 Istudxipsnm
1415 3037 1669 3117 vetabant
1716 3032 1898 3092 Ariani

309 3112 536 3177 propter
563 3106 805 3161 eamdem
833 3123 991 3177 quam
1024 3107 1179 3177 primi
1212 3106 1528 3160 invenerunt
1551 3122 1785 3161 causam.

2026 528 2253 607 quidem
2270 539 2501 598 poterat,
2534 532 2650 585 sine
2673 529 2994 587 Arianorum
3015 528 3320 591 commento
3347 538 3413 592 de
3437 540 3611 596 Verbo

2021 599 2211 650 animm
2240 599 2416 652 locum
2449 609 2680 655 tenente.

2090 666 2351 746 Alterum,
2375 670 2518 737 quod
2542 679 2727 746 aperte
2746 672 2949 728 diceret
2990 689 3154 727 unam
3192 690 3311 729 esse
3340 686 3462 746 post
3490 679 3609 733 ἕνω-

2018 758 2100 792 σιν
2128 737 2590 813 Verbiinearnati
2610 749 2854 813 naturam
2888 762 2899 797 :
2933 760 3052 813 quae
3080 737 3369 811 sententia,
3403 757 3461 801 ut
3488 760 3608 803 erat

2019 822 2213 887 peruse
2255 808 2563 887 obscurior,
2606 811 2679 887 ita
2708 811 2864 887 facile
2904 808 2972 867 ab
3011 814 3315 887 hominibus
3359 808 3502 872 male
3552 820 3603 873 in

2017 874 2275 957 Cyrillum
2296 878 2518 941 allectis,
2540 874 2785 957 peiorem
2815 884 2866 936 in
2892 892 3097 951 partem
3128 885 3507 954 accipiebatur.

2088 947 2283 1028 Ariana
2328 962 2492 1028 porro
2540 947 2757 1005 hieresis
2802 947 3109 1022 oppugnata
3150 947 3605 1025 est-argumentis

2016 1025 2310 1085 praesertim
2339 1027 2587 1085 quatuor.

2086 1085 2125 1137 Ι.
2167 1086 2321 1159 Quod
2350 1085 2585 1159 Verbum
2608 1090 2678 1143 sit
2706 1088 2945 1157 ejusdem
2974 1106 3095 1145 cum
3135 1092 3293 1147 Patre
3330 1098 3598 1159 essentize.

2014 1164 2181 1234 atque
2203 1156 2429 1234 ἀληθινὸς
2460 1158 2608 1234 Θεὸςἱ
2633 1156 2793 1227 quem
2825 1160 3006 1234 Ariani
3038 1160 3343 1234 fatebantur
3381 1156 3603 1234 propter

2013 1225 2384 1306 excellentiam
2415 1225 2667 1306 essentiai
2686 1244 2804 1283 esse
2835 1228 3086 1306 ἄτρεπτον
3122 1235 3213 1306 agni
3246 1225 3597 1306 ἇναλὶὶοίοίτον,

2013 1302 2174 1364 atque
2200 1297 2271 1369 ita
2303 1297 2527 1369 deprimi
2571 1314 2678 1354 non
2715 1314 2873 1369 posse
2901 1297 2979 1354 'ad
3013 1302 3378 1358 conditionem
3407 1304 3601 1358 animae

2012 1379 2231 1418 Carnem
2254 1365 2611 1422 informantis.

2083 1432 2147 1487 ll.
2188 1433 2340 1500 Quod
2372 1437 2423 1490 in
2446 1436 2740 1506 Evangelio
2772 1438 3017 1493 Christus
3058 1440 3363 1495 meminerit
3407 1442 3599 1497 anima:

2014 1517 2140 1567 sua),
2172 1519 2291 1573 quae
2319 1506 2607 1577 aliquando
2636 1511 2953 1563 conturbata
2982 1510 3052 1563 sit
3080 1525 3143 1563 ac
3174 1511 3340 1565 tristis
3368 1512 3435 1565 ad
3457 1528 3599 1567 mor-

2013 1580 2142 1653 tom,
2174 1590 2444 1653 quamque
2471 1577 2585 1647 ipse
2612 1580 2870 1647 posuerit,
2905 1586 3068 1649 atque
3096 1578 3291 1634 iterum
3324 1595 3425 1650 pro
3451 1583 3597 1637 arbi-

2014 1647 2118 1714 trio
2135 1647 2452 1714 sumpserit.

2081 1712 2169 1766 ΙΙΙ.
2200 1712 2365 1787 Quod
2404 1716 2505 1771 nisi
2542 1716 2774 1772 Verbum
2821 1724 3058 1772 mentem
3100 1732 3316 1787 quoque
3359 1719 3593 1776 hominis

2011 1784 2355 1857 sumpsisset,
2382 1795 2552 1841 totum
2592 1788 2776 1857 utique
2821 1787 3092 1841 hominem
3121 1784 3245 1841 ἰιοὴ
3287 1789 3588 1845 salvasset:

2012 1852 2237 1908 salvavit
2265 1856 2479 1929 enimid
2502 1872 2668 1929 unum
2688 1852 2851 1929 ’ψιοᾴ
2895 1858 3212 1929 assumpsit;
3244 1866 3299 1912 et
3318 1874 3438 1914 eam
3468 1876 3592 1929 par-

2012 1930 2118 1998 tem
2142 1926 2405 1998 prmcipue
2432 1926 2616 1998 debuit
2644 1926 2936 1981 sanandam
2962 1928 3255 1998 suscipere,
3292 1929 3345 1983 in
3372 1926 3484 1998 qua
3508 1945 3590 1984 ra-

2010 1991 2242 2066 dix_erat
2267 1991 2412 2066 mali,
2444 1997 2589 2063 quod
2622 2006 2918 2066 peccatum.

2077 2061 2164 2116 1V.
2207 2062 2360 2129 Quod
2382 2061 2682 2120 obedientia
2712 2065 2955 2119 Christus
2975 2081 3082 2120 non
3112 2065 3297 2122 fuisset
3320 2076 3585 2135 mortuus.

2007 2146 2120 2204 nec
2154 2142 2328 2204 morte
2371 2136 2593 2189 meritus
2633 2136 2923 2204 quidquam
2969 2152 3070 2200 pro
3115 2135 3439 2203 hominibus,
3490 2154 3590 2194 nec

2006 2201 2230 2273 proinde
2259 2204 2495 2272 ipsorum
2518 2201 2941 2273 medi—ator'apud
2964 2205 3151 2258 Deum.
3179 2205 3300 2260 Haec
3323 2201 3463 2261 enim
3487 2210 3586 2262 tria

2003 2270 2055 2392 Fi
2098 2272 2198 2392 sotli
2244 2270 2571 2329 conveniunt
2602 2276 2695 2345 qui
2740 2270 3017 2331 rationalis
3061 2274 3219 2328 simul
3265 2285 3320 2330 et
3365 2277 3585 2331 inferior

2027 2356 2139 2392 ueri
2169 2382 2184 2392 .

2027 2350 2184 2396 uerit.

2219 2431 2262 2496 ᾗ.
2291 2431 2353 2481 ll.
2380 2431 2457 2483 De
2481 2428 2779 2496 hpollinario
2801 2440 2949 2497 atque
2982 2432 3352 2497 Apollinaristis.

2072 2546 2188 2620 Non
2230 2562 2395 2620 parva
2438 2548 2539 2602 fuit
2577 2547 2893 2620 Apollinarii
2931 2563 3053 2603 cum
3082 2547 3293 2620 Arianis
3328 2547 3584 2604 doctrime

2002 2616 2276 2671 aﬂinitas’:
2310 2618 2362 2671 in
2392 2634 2458 2672 en
2490 2616 2666 2673 tamen
2692 2632 2867 2687 pugna
2889 2627 3026 2679 erat,
3048 2618 3193 2687 quod
3221 2633 3343 2671 cum
3381 2620 3579 2673 nullam

2002 2688 2186 2740 Ariani
2216 2688 2449 2741 animam
2495 2688 2711 2742 Christo
2740 2696 2936 2757 pmter
2963 2687 3194 2741 Verbum
3240 2687 3533 2757 tribuerent
3561 2730 3579 2751 ,

2001 2757 2364 2826 Apollinarius
2388 2773 2506 2811 eam
2548 2756 2875 2813 concesserit
2902 2773 3007 2826 qua
3036 2772 3233 2825 corpus
3254 2756 3431 2826 viget,
3464 2774 3580 2813 mo-

1999 2825 2155 2880 vetur
2181 2835 2235 2880 et
2259 2828 2439 2881 sentit.
2472 2828 2648 2882 Solius
2676 2842 2805 2896 ergo
2834 2825 3027 2881 mentis
3055 2827 3199 2880 vices
3227 2842 3256 2879 a
3287 2825 3463 2881 Verbo
3483 2843 3575 2881 ex-

1999 2897 2131 2966 pleri
2156 2899 2445 2962 asserebat,
2472 2914 2538 2952 ex
2559 2914 2665 2967 quo
2692 2913 2799 2953 uno
2820 2897 3125 2951 discrimine
3145 2897 3406 2967 originem
3429 2897 3578 2966 plura

1999 2967 2304 3037 duxerunt,
2335 2966 2636 3037 dequibus
2684 2976 2863 3022 tamen
2890 2983 2997 3021 non
3029 2967 3175 3037 prius
3205 2966 3465 3037 agendum
3498 2970 3544 3021 vi
3563 3000 3575 3009 -

1998 3036 2156 3091 detur
2200 3051 2360 3105 quam
2401 3036 2467 3091 de
2524 3038 2639 3106 ipso
2688 3036 3341 3106 Apollinario’obscrvata
3382 3036 3577 3091 fuerint

1998 3106 2275 3170 nonnulla,
2305 3122 2423 3175 quae
2452 3122 2626 3161 causa:
2672 3107 3054 3163 incredibiliter
3092 3107 3332 3162 obscura:
3378 3106 3583 3175 aliquid

388 3172 711 3258 Prohibcbat
732 3172 893 3232 etiam
919 3179 976 3258 i_n
1006 3172 1150 3258 tione
1194 3192 1261 3230 ne
1290 3177 1416 3258 quis
1439 3186 1709 3258 assereret
1739 3178 1894 3258 Chri-
1920 3194 1967 3258 ρ
1998 3177 2138 3258 forte
2166 3176 2301 3258 lucis
2322 3172 2572 3258 afferant.

309 3252 459 3299 stum
502 3245 733 3314 Spiritus
778 3248 950 3302 sancti
993 3249 1191 3301 virtute
1220 3247 1365 3299 velut
1404 3246 1577 3301 aliena
1625 3247 1887 3315 adjuvari,

309 3316 515 3383 quippe
544 3331 665 3370 cum
692 3317 922 3385 Spiritus
947 3326 1164 3371 sanctus
1192 3333 1221 3369 a
1254 3316 1392 3370 Filio
1417 3316 1691 3384 procedat,
1732 3318 1882 3373 Chri-

307 3394 536 3454 stusque
564 3386 634 3439 sit
656 3386 749 3457 ille
791 3387 907 3457 ipse
928 3386 1093 3457 Filius
1126 3397 1359 3457 teternus
1384 3385 1499 3457 Dei,
1527 3402 1557 3439 a
1586 3402 1693 3457 quo
1719 3388 1890 3457 Spiri-

308 3464 399 3509 tus
469 3456 731 3523 procedit.
791 3455 1154 3509 Prohibebant
1212 3455 1263 3508 id
1320 3455 1523 3524 pariter
1576 3455 1788 3521 Ariani,
1836 3466 1894 3513 et

307 3524 529 3592 quidem
576 3526 765 3579 eadem
812 3526 877 3580 de
923 3542 1111 3588 causa,
1161 3540 1281 3578 cum
1341 3524 1599 3592 Spiritum
1645 3536 1891 3583 sanetum

306 3603 614 3665 assererem
635 3612 664 3649 a
696 3595 854 3650 Patre
882 3611 979 3665 per
1006 3595 1195 3649 Filium
1223 3595 1413 3665 creari.

383 3663 827 3720 Anathematismi
855 3663 1248 3735 consequentes
1293 3664 1419 3735 duo,
1470 3678 1700 3735 quorum
1747 3664 1897 3733 prior

306 3732 380 3806 ad
423 3750 545 3806 eum
582 3736 883 3804 pertinebat
913 3737 1002 3806 qui
1024 3732 1349 3806 dilliteretur
1378 3734 1610 3806 Verbum
1651 3732 1895 3806 incarna-

308 3803 461 3876 tione
488 3803 686 3860 factum
715 3821 833 3861 esse
854 3803 1158 3876 pontiﬁcem
1188 3813 1242 3860 et
1271 3805 1575 3874 apostolum
1600 3803 1895 3876 confessio—

307 3874 396 3945 nis
437 3882 650 3945 nostrae,
694 3874 867 3945 seque
886 3893 983 3945 pro
1026 3876 1197 3941 nobis,
1231 3891 1337 3929 non
1370 3876 1497 3929 item
1544 3890 1643 3943 pro
1693 3874 1892 3943 seipso,

307 3943 571 4016 obtulisse
602 3943 786 4016 Patri;
805 3943 1074 4016 posterior
1092 3947 1157 4000 ad
1181 3961 1303 4000 eum
1325 3945 1414 4013 qui
1430 3960 1652 4016 carnem
1682 3945 1894 3999 Domini

307 4014 594 4085 vivilicam,
625 4015 676 4069 id
706 4014 948 4085 est,’quac
970 4016 1062 4069 dat
1088 4017 1252 4071 vitam
1279 4015 1498 4085 mundo,
1528 4022 1748 4085 negaret
1775 4030 1894 4070 esse

308 4082 471 4156 Verbi
503 4086 808 4156 propriam,
844 4082 1107 4156 quoniam
1156 4086 1331 4140 Procli
1377 4082 1693 4139 defendendi
1733 4101 1893 4140 causa

308 4154 512 4224 conditi
542 4163 685 4219 sunt,
736 4154 1196 4211 eam'doctrinam
1245 4156 1521 4210 continent
1557 4170 1738 4224 quam,
1792 4156 1893 4210 etsi

310 4223 498 4296 iisdem
521 4226 706 4296 verbis
727 4226 865 4295 apud
895 4226 1121 4281 Arianos
1141 4240 1445 4296 expressam
1470 4223 1649 4296 legere
1678 4242 1763 4279 me
1785 4243 1891 4280 non

310 4295 549 4359 memini,
600 4311 665 4349 ex
696 4294 1013 4350 Arianorum
1044 4294 1225 4351 tamen
1254 4295 1528 4365 principiis
1554 4294 1695 4350 ellici
1736 4312 1893 4364 posse

312 4374 558 4436 apertum
589 4375 690 4436 est.
724 4365 854 4420 Nam
879 4367 921 4420 si
947 4366 1175 4420 Verbum
1193 4374 1275 4420 est
1302 4382 1401 4436 pro
1428 4366 1625 4429 anima,
1654 4381 1757 4433 qua
1780 4367 1894 4419 exi-

309 4434 404 4488 stit
433 4435 595 4506 homo
623 4434 778 4490 Jesus
805 4436 1066 4500 Christus,
1100 4436 1254 4490 fateri
1275 4434 1490 4506 oportet
1519 4436 1704 4505 procul
1729 4436 1892 4491 dubio

308 4504 560 4575 quotlibet
585 4506 785 4560 Christi
805 4506 1000 4570 ollicia,
1025 4507 1280 4575 atqueita
1301 4504 1662 4561 sacerdotium
1693 4514 1747 4559 et
1767 4522 1892 4575 apo—

308 4523 560 4571 quaennet
585 4523 785 4560 uirisu
805 4523 1000 4570 omela,
1025 4523 1185 4575 atque
1208 4523 1280 4562 ua
1301 4523 1662 4561 saccruouum
1693 4523 1747 4559 et
1767 4523 1794 4559 a
1838 4523 1885 4559 o-

307 4574 903 4646 stolatum,convenire
930 4577 1126 4631 Verbo.
1174 4574 1398 4646 Oportet
1437 4576 1639 4645 pariter
1666 4523 1885 4630 concib-

307 4643 438 4698 dere
487 4644 722 4700 Verbum
763 4648 998 4717 scipsmn
1054 4643 1507 4717 Patri—obtulisse
1560 4661 1660 4715 pro
1714 4646 1888 4717 nobis,

306 4729 587 4797 suamque,
618 4732 780 4797 quam
810 4716 1074 4771 animaret
1100 4733 1340 4781 carnem,
1372 4716 1561 4797 fecisse
1590 4730 1785 4785 panem
1807 4716 1891 4769 vi-

308 4784 539 4854 vilicnm,
569 4784 660 4854 qui
687 4786 740 4840 in
767 4802 917 4844 sacra
950 4802 1129 4841 mensa
1160 4788 1493 4854 proponitur.

376 4803 539 4849 tcum,
569 4803 660 4854 qui
687 4803 740 4840 ιη
767 4803 917 4844 sacra
950 4803 1129 4841 mensa
1196 4803 1493 4854 reponitur.

376 4853 689 4910 Postremus
712 4858 923 4911 tandem
954 4857 1020 4910 de
1050 4803 1227 4911 Verbo
1258 4857 1351 4911 Dei
1382 4871 1539 4926 passo
1562 4896 1576 4920 ,
1610 4853 1887 4920 cruciﬁxo,

305 4933 542 4987 mortuo,
592 4935 648 4980 et
706 4927 1063 4995 primogenito
1111 4942 1179 4980 ex
1232 4928 1491 4990 mortuis,
1538 4933 1597 4978 ut
1650 4926 1888 4979 omnium

306 4996 539 5049 maxime
562 4996 768 5052 animos
790 4997 1240 5054 Nestorizantium
1264 4996 1503 5059 oll'endit,
1530 4996 1603 5049 ita
1619 4996 1764 5049 visus
1783 5003 1886 5061 est,

306 5082 414 5119 non
445 5064 619 5119 affinis
648 5074 874 5131 tantum,
922 5066 1018 5121 sed
1050 5067 1187 5120 idem
1229 5075 1389 5133 atque
1414 5066 1736 5120 Arianorum
1786 5065 1889 5119 ha:-

304 5135 458 5200 resis,
491 5137 740 5207 visusque
761 5138 985 5207 proinde
1017 5136 1262 5207 symbolo
1290 5136 1885 5207 Nicatgoproscriptus,

304 5221 409 5274 qua
432 5215 583 5274 parte
609 5203 805 5263 dicitur
833 5203 1119 5261 anathema
1150 5206 1413 5261 asserenti
1434 5203 1624 5259 Filium
1646 5203 1887 5261 Dei’esse

303 5276 583 5330 mutationi
608 5286 663 5330 et
690 5277 993 5333 alterationi
1021 5277 1328 5333 obnoxium.

374 5345 499 5399 lbec
523 5357 578 5400 et
604 5348 707 5400 alia
732 5348 984 5417 Cyrillum
1007 5349 1134 5401 satis
1150 5348 1414 5401 vocabant
1435 5346 1486 5400 in
1526 5345 1884 5413 suspicionem

304 5417 673 5487 consensiOnis
700 5434 821 5472 cum
853 5418 1062 5471 Arianis
1088 5435 1099 5469 :
1124 5418 1480 5487 suspicionem
1517 5424 1692 5469 tamen
1724 5430 1886 5487 ange-

304 5485 434 5568 bant
482 5486 609 5553 duo,
660 5502 866 5556 magnce
914 5485 1257 5558 postmodum
1301 5487 1479 5541 futura
1525 5486 1885 5541 contentionis

301 5570 526 5610 lemma.
1290 5581 1296 5587 ’

374 5628 643 5689 Alterum,
698 5626 842 5695 quod
882 5624 1110 5698 Cyrillus
1142 5642 1286 5698 saepe
1324 5642 1513 5698 vocem
1546 5627 1745 5698 φύσεως
1784 5640 1883 5694 pro

305 5697 587 5754 ὑποστάσει
609 5706 858 5765 poneret:
882 5696 1020 5751 unde
1041 5712 1161 5751 cum
1185 5697 1395 5750 unicam
1413 5696 1463 5750 in
1478 5696 1690 5750 Christo
1715 5697 1882 5765 hypo-

304 5768 491 5823 itasim
548 5764 879 5838 pnediearet,
928 5768 1137 5827 unicam
1192 5767 1472 5825 videbatur
1528 5764 1774 5823 naturam
1828 5764 1879 5819 in

2068 3247 2183 3300 Duo
2220 3245 2444 3317 fuerunt
2484 3246 2820 3317 Apollinarii,
2849 3254 3084 3317 pateret
3113 3245 3252 3299 lilius
3284 3262 3296 3297 :
3339 3245 3428 3300 ille
3455 3264 3583 3302 cum.

1995 3316 2315 3371 Alexandria
2338 3315 2657 3372 Laodiceam
2684 3315 2985 3385 inigrasset,
3017 3316 3175 3370 istum
3200 3317 3454 3384 suscepit,
3484 3320 3577 3386 qui

1994 3386 2217 3456 perinde
2245 3402 2309 3441 ac
2353 3396 2507 3456 pater
2543 3388 2826 3442 rhetorica:
2865 3395 3039 3456 totum
3068 3394 3229 3454 atque
3275 3386 3583 3456 sophistica:

1995 3454 2053 3510 se
2098 3456 2247 3511 dedit
2295 3474 2306 3509 :
2355 3454 2582 3526 uterque
2629 3457 2942 3512 Laodicenze
2969 3454 3241 3526 _Ecclesi:e
3280 3454 3587 3522 inservivit,

1993 3535 2149 3594 pater
2177 3527 2229 3580 in
2261 3523 2691 3597 presbyterorum
2718 3527 2886 3595 gradu
2908 3567 2924 3591 ,
2958 3523 3096 3581 filius
3136 3534 3195 3580 ut
3210 3525 3420 3597 lector;
3466 3542 3577 3596 quo

1995 3603 2240 3663 tempore
2265 3594 2510 3651 haeresim
2542 3594 2813 3661 fecerunt,
2838 3596 2883 3649 si
2907 3597 3176 3651 credimus
3202 3594 3430 3649 Socrati.

2066 3664 2243 3718 Solius
2284 3663 2375 3718 lilii
2417 3666 2629 3720 celebre
2666 3665 2952 3719 admodum
2992 3680 3187 3719 nomen
3238 3665 3464 3729 exstitit,
3510 3665 3588 3720 do

1995 3747 2103 3814 quo
2127 3742 2304 3814 tamen
2330 3734 2858 3814 pugnaqtiatradunt
2881 3741 3113 3800 veteres,
3136 3734 3256 3787 aliis
3284 3733 3338 3786 in
3368 3734 3587 3799 laudes,‘

1995 3803 2115 3857 aliis
2145 3803 2197 3856 in
2226 3802 2465 3857 convicia
2486 3802 2684 3857 ell‘usis.

2066 3872 2427 3943 Laodicenum
2451 3872 2760 3943 episr‘opum
2797 3871 2958 3943 fuisse
2978 3871 3180 3943 scribit
3194 3869 3585 3943 Hieronymus.

1995 3941 2389 3998 Antiochenum
2418 3940 2806 3997 Tlieodoretus.
2859 3941 3113 3995 llanresim
3157 3940 3346 3995 fecisse
3395 3952 3589 3995 narrat

1995 4011 2282 4076 Socrates,
2325 4028 2445 4068 cum
2502 4013 2672 4069 lector
2714 4020 2895 4074 esset,
2943 4019 3165 4080 propter
3203 4010 3575 4080 impotentiam

1995 4084 2179 4160 animi,
2207 4084 2463 4160 ultionem
2491 4082 2905 4160 _medita_nti_s_de
2949 4080 3180 4160 Georgio
3219 4081 3511 4160 episcopo2
3543 4097 3583 4136 a.

1995 4167 2104 4221 quo
2133 4155 2411 4209 abstentus
2433 4154 2658 4209 fuisset:
2692 4154 2942 4208 incidisse
2982 4152 3035 4205 in
3064 4166 3303 4221 errorem
3344 4152 3574 4221 prmiu-

1994 4218 2308 4294 eogitantia,
2353 4240 2474 4279 cum
2516 4225 2884 4294 episcopatum
2925 4229 3175 4294 teneret,
3216 4218 3570 4294 Epiphanius.

1995 4290 2359 4348 Ahstentionis
2388 4310 2418 4347 a
2448 4290 2680 4363 Georgio
2702 4290 2923 4363 causam
2947 4292 3182 4346 refundit
3220 4290 3479 4363 Socrates
3520 4292 3580 4350 in

1997 4363 2224 4443 nimianl
2242 4379 2363 4417 cum
2390 4364 2573 4443 gentili
2588 4361 2920 4443 philosopho
2940 4361 3379 4443 consuetudinem
3407 4378 3419 4413 :
3444 4376 3572 4442 con.

1996 4434 2165 4485 tendit
2193 4433 2525 4489 Sozomenus
2554 4432 2615 4488 id
2630 4432 2937 4499 contigisse,
2961 4432 3104 4501 quod
3126 4448 3245 4485 cum
3278 4432 3581 4489 Athanasio

1994 4501 2272 4557 Laodiczea
2302 4512 2613 4559 transeunte
2657 4502 3125 4559 communicasset.
3160 4501 3583 4559 Innumerabilia,

1918 4570 1969 4630 D
1994 4573 2271 4633 scripsisse
2296 4574 2569 4629 volumina
2607 4574 2863 4628 adversus
2894 4573 3121 4626 Arianos
3144 4610 3158 4633 ,
3209 4569 3587 4624 Ennomianos.

1994 4589 2096 4626 εει-ι
2118 4589 2271 4627 ιειδεθ
2296 4589 2569 4629 votumma
2607 4589 2863 4628 adversus
2894 4589 3121 4626 artanos
3144 4610 3158 4633 ,
3209 4589 3583 4624 niinnnnanos.

1994 4652 2054 4717 et
2087 4589 2433 4712 Drigenistas,
2481 4653 2671 4717 auctor
2715 4652 2798 4717 est
2842 4642 3170 4717 Theophilus
3212 4648 3375 4717 atque
3408 4639 3583 4717 etiam

1993 4709 2351 4784 Hieronymus
2383 4734 2395 4769 :
2423 4714 2795 4771 consensionis
2840 4728 2959 4784 cum
2995 4709 3588 4784 'ejusmodilnereticis.

1992 4779 2355 4837 Nazianienus
2399 4794 2633 4841 accusat.
2682 4784 2852 4839 Reum
2915 4781 3233 4836 Sabellianze.
3283 4779 3585 4847 impietatis

1992 4851 2194 4928 faciunt
2235 4854 2457 4928 Basilius
2496 4864 2552 4910 et
2590 4854 2991 4928 Tliepdoretus,
3041 4866 3230 4928 purum
3259 4848 3581 4928 Vincentius

1994 4921 2288 4977 Lirinensis
2316 4933 2370 4977 et
2416 4924 2669 4979 Leontius
2689 4917 3073 4977 Scholasticus.
3109 4918 3330 4973 Veteres
3354 4917 3585 4986 quidam

1993 4992 2241 5047 docuisse
2291 4992 2467 5048 ferunt
2495 4995 2596 5049 tria
2621 4993 2969 5048 vehementer
3006 4990 3179 5043 aliena
3212 5004 3242 5041 a
3284 4986 3386 5041 ﬁde
3416 5004 3428 5039 :
3458 4986 3572 5057 pri-

1994 5079 2161 5127 mum,
2194 5063 2338 5131 quod
2367 5064 2597 5119 Verbum
2642 5079 2748 5117 non
2774 5059 3123 5129 assumpserit
3159 5074 3227 5113 ex
3256 5057 3427 5131 Maria
3446 5072 3573 5131 cars

1993 5126 2263 5207 [reapse-il
2304 5149 2335 5187 e
2375 5135 2513 5207 cmlo
2542 5132 2814 5207 attulerit;
2848 5126 3108 5189 alterum,
3142 5127 3283 5198 quod
3324 5126 3579 5207 divinitas

1994 5202 2175 5268 Verbi,
2207 5204 2288 5257 sin
2320 5205 2495 5257 minus
2520 5212 2655 5267 tota,
2687 5203 2877 5256 saltem
2906 5217 2971 5255 ex
2996 5208 3147 5270 parte
3166 5241 3180 5265 ,
3211 5214 3471 5270 conversa
3502 5202 3576 5270 sit

1993 5274 2047 5327 in
2070 5290 2313 5339 carnem;
2338 5282 2689 5342 postremum,
2721 5271 2865 5341 quod
2896 5267 3051 5342 mille
3085 5271 3239 5324 annis
3255 5276 3402 5342 Lpost
3425 5267 3571 5337 judi-

1990 5344 2131 5398 cium
2154 5338 2425 5412 regnaturi
2465 5345 2572 5399 sint
2618 5342 2669 5397 in
2699 5338 2842 5396 terra
2874 5340 3070 5412 sancti
3096 5356 3216 5398 cum
3245 5338 3478 5412 Christo,
3509 5352 3573 5393 ac

1991 5414 2202 5467 tandem
2219 5409 2522 5482 aliquando
2563 5412 2821 5467 exstitura
2862 5409 3179 5482 Origeniana
3213 5411 3568 5482 ἀνακύκλησις.

1993 5482 2115 5537 Haec
2142 5492 2195 5537 et
2216 5480 2595 5553 alia—ejusmodi
2624 5490 2869 5553 portenta
2894 5481 3060 5548 magis
3080 5480 3387 5553 opinionem
3410 5492 3570 5553 quam

1989 5553 2260 5624 dogmata,
2304 5571 2333 5607 a
2363 5547 2649 5624 discipulis
2677 5547 3002 5624 excogitata,
3026 5547 3300 5624 contendit
3340 5547 3573 5624 Epipha-

1991 5616 2127 5685 nius,
2160 5616 2599 5694 magistrumque,
2627 5632 2683 5678 ut
2712 5622 2787 5685 flt,
2818 5616 3213 5694 discipulorum
3257 5616 3448 5694 invidia
3496 5616 3571 5667 la-

1988 5694 2226 5748 borasse.
2254 5688 2363 5747 Sed
2391 5688 2518 5763 quid
2540 5708 2640 5763 ego
2670 5694 2820 5764 plura
2850 5709 2956 5751 non
2972 5688 3161 5751 minus
3191 5688 3305 5748 istis
3327 5701 3567 5759 ιῖυειὶίιιν

1989 5764 2058 5819 tia
2102 5766 2430 5837 persequar?
