4022 6182
350 252 478 307 iiii

1153 248 1458 307 DISSERT.
1503 248 1542 305 1.
1590 249 1676 303 DE
1717 243 1986 305 lleRESl
2031 251 2115 305 ET
2161 250 2376 306 tantus
2415 252 2747 308 Νεδτυηιι.

3467 259 3598 314 “‘29.

346 362 594 438 omnibus
625 362 723 430 piis
761 369 871 438 et‘a
901 363 1285 438 prpbatissimis
1305 363 1603 438 quibusque
1636 363 1920 431 episcopis,
1955 371 1994 425 Α
2028 371 2115 438 sto
2135 379 2238 438 non
2285 373 2491 418 tantum
2539 367 2733 438 mentis
2777 367 2948 438 locum
2995 375 3179 438 tenere
3221 369 3597 438 opinabantur,

347 433 665 486 invidiosum
713 433 858 486 reddi
899 433 1117 495 soleret,
1151 448 1235 495 ne,
1266 443 1323 486 Iit
1350 441 1463 488 erat
1513 434 1784 486 inuncasm
1824 448 1918 484 an-

345 503 644 566 rtoritatis,
672 501 891 568 orbem,
939 503 1082 572 quod
1125 504 1199 556 ait
1243 503 1370 568 ille,
1420 502 1662 556 traheret
1707 503 1760 556 in
1801 516 1924 555 suas

383 581 544 624 artes.

383 589 544 624 ιιι-ως.

346 589 378 641 p
417 641 474 694 ll.
515 640 625 694 Cur
672 647 778 694 tam
821 642 1138 696 invidiosum
1185 642 1416 697 evaserit
1459 640 1780 710 Apollinaris
1818 655 1922 694 no-

347 727 487 775 men,
517 710 616 764 viri
647 712 969 780 caiteroquin
1017 712 1239 776 nobilis,
1272 712 1362 780 qui
1391 727 1489 780 pro
1510 709 1639 765 ’ﬁde
1677 711 1922 764 exsilium

347 783 414 834 ab
442 780 654 850 Arianis
674 795 861 848 passus
891 788 1060 845 esset,
1091 796 1356 849 quemque
1381 781 1620 834 moribus
1658 780 1925 850 probatis-

347 865 537 903 simum
564 847 910 920 Epiphanius,
942 852 1088 904 libris
1109 847 1766 920 'editiseelebratissiuium
1799 847 1923 902 Hie-

348 933 620 989 ronymus,
652 922 961 988 magistrum
989 921 1133 974 orbis
1162 920 1472 974 Vincentius
1503 919 1793 989 Lirinensis
1818 933 1916 987 ap-

349 987 661 1058 pellaverit?
691 994 725 1043 Α
738 987 1048 1058 pollinarem
1067 998 1215 1058 puto,
1242 990 1381 1057 quod
1407 989 1568 1042 tradit
1597 987 1924 1057 Epiphanius

350 1058 506 1130 (Lac.
533 1061 621 1112 cit.
648 1059 823 1130 ),tnon
861 1067 969 1113 tam
1007 1075 1102 1113 sua
1130 1074 1290 1127 quam
1319 1058 1698 1130 discipulorum
1728 1058 1922 1130 invidia

261 1144 264 1147 ·
348 1127 650 1199 laborasse;
699 1129 856 1196 idque
899 1136 1216 1199 expertum,
1254 1128 1397 1196 quod
1425 1128 1600 1199 solent
1644 1127 1920 1199 magistri,

349 1197 479 1250 alias
527 1214 632 1252 non
684 1195 1060 1267 inculpabiles,
1091 1199 1142 1251 in
1190 1195 1327 1266 quos
1364 1198 1602 1251 debitum
1651 1195 1924 1266 pejoribus

350 1268 621 1337 discipulis
647 1269 827 1322 odium
855 1269 1041 1335 vulgus
1081 1267 1322 1321 ell‘undit.

417 1334 749 1406 Quamquam
788 1334 981 1406 πιθεωὰ
1025 1337 1212 1406 procul
1251 1335 1413 1406 dubio
1441 1334 1614 1390 fuerat
1651 1335 1706 1388 in
1743 1335 1924 1406 ipsam

351 1405 671 1475 Apollinaris
696 1405 1011 1462 sententiam
1028 1405 1275 1460 excitata
1297 1405 1521 1460 offensio
1544 1444 1560 1468 ,
1602 1420 1702 1459 nec
1741 1405 1928 1458 imme-

349 1477 471 1540 rito,
503 1491 624 1530 cum
660 1475 891 1531 funditus
932 1477 1146 1531 tolleret
1183 1476 1393 1543 generis
1421 1475 1590 1530 nostri
1623 1489 1801 1529 veram
1847 1489 1928 1528 re-

349 1546 742 1615 demptionem;
776 1546 828 1600 id
859 1548 1002 1601 enim
1031 1547 1242 1600 sanavit
1267 1545 1514 1599 Christus
1548 1544 1692 1612 quod
1719 1559 1927 1615 assum-

349 1613 556 1683 psitISi
585 1629 715 1685 ergo
753 1631 861 1670 non
907 1615 1194 1685 assumpsit
1217 1622 1451 1685 mentem
1475 1652 1490 1678 ,
1541 1627 1647 1685 qua
1694 1613 1926 1685 maxime

350 1682 618 1754 peccatur,
647 1682 742 1740 sed
781 1700 977 1755 corpus
1008 1682 1204 1750 solum,
1233 1684 1376 1753 quod
1401 1682 1563 1755 morti
1592 1683 1882 1736 obnoxium
1905 1721 1920 1744 ,

349 1738 627 1810 dicivcerte
653 1738 760 1810 non
791 1738 970 1825 potest
997 1738 1270 1809 heminuui
1292 1768 1459 1823 genus
1481 1752 1734 1825 liberasse
1755 1767 1785 1804 a
1807 1738 1926 1820 pec;
1957 1738 2000 1797 Β

348 1831 489 1889 cato,
521 1840 640 1894 qua:
659 1821 1046 1894 mors—animae;
1089 1825 1182 1878 sed
1210 1839 1239 1876 a
1268 1821 1611 1894 corruptione
1646 1822 1778 1885 sola,
1807 1836 1927 1894 qua:

350 1911 495 1949 mors
519 1891 781 1963 corporis.
810 1893 935 1963 Hum
953 1900 1128 1946 autem
1149 1893 1404 1960 quantula
1429 1891 1510 1963 est
1535 1891 1928 1963 quamqueexif

352 1963 415 2018 iis
461 1960 793 2033 redemptio?
840 1961 1020 2017 Potuit
1065 1961 1724 2033 igitureampbpausam
1758 1960 1926 2033 videri

352 2028 694 2102 Apollinaris,
717 2028 1184 2102 quamquaminde
1205 2031 1270 2085 lis
1309 2029 1451 2102 nulla
1479 2028 1578 2084 fuit
1606 2029 1732 2102 olim
1763 2028 1923 2092 facta,

351 2099 444 2180 aut
465 2099 751 2180 injuriosps
779 2101 834 2180 in_
859 2099 1321 2180 Christpm,qucm
1343 2099 1927 2180 nolletredcmptorem

351 2168 654 2225 animorum
683 2169 867 2236 fateri;
891 2179 982 2224 aut
1020 2168 1316 2238 Pelagianae
1344 2169 1633 2239 impietatis
1662 2183 1802 2229 reus,
1835 2169 1926 2238 qui

352 2241 561 2296 animos
590 2248 808 2310 negaret
833 2237 1406 2310 redemptionecgere,
1422 2237 1580 2310 quasi
1610 2237 1784 2310 forent
1808 2237 1927 2310 puri

351 2311 522 2378 culpae
549 2307 848 2378 originalis,
879 2307 1094 2378 suisque
1120 2309 1219 2364 sibi
1242 2307 1666 2363 ii'atureviribus
1685 2307 1752 2362 ad
1779 2307 1926 2362 salu-

353 2380 888 2449 temtadipisccndam
923 2380 1245 2449 sufficerent.

421 2447 507 2502 lli.
546 2447 674 2515 Quae
704 2448 1144 2504 tandem'fuerint
1175 2447 1669 2519 Apollinaristarum
1709 2447 1926 2518 propria

351 2521 690 2573 commenta?
710 2519 816 2574 Sex
839 2521 1106 2589 praecipua
1136 2520 1264 2573 mihi
1293 2528 1515 2589 reperta
1533 2527 1658 2572 sunt
1685 2519 1822 2589 apud
1835 2532 1928 2589 ve-

353 2536 690 2573 commenta!
710 2536 816 2574 aex
878 2536 1106 2589 meoipua
1136 2536 1264 2573 milii
1293 2536 1503 2588 reperta
1533 2536 1658 2572 sunt
1685 2536 1714 2571 Il
1758 2536 1822 2572 uu
1835 2536 1923 2572 ve-

353 2597 495 2661 teres
544 2597 792 2645 auctores
835 2536 1178 2661 {Theodorek
1219 2589 1309 2642 lib.
1361 2605 1412 2643 iv
1468 2587 1666 2643 Ilwret.
1718 2536 1853 2661 gub.
1883 2587 1923 2658 ).

357 2658 592 2712 Primum
631 2657 969 2720 συνουσᾶυσις
992 2699 1006 2723 ,
1056 2659 1108 2712 id
1147 2667 1248 2724 est,
1292 2667 1602 2712 naturarum
1642 2657 1923 2723 confusio,

352 2727 504 2796 cujus
548 2729 794 2785 inventor
842 2727 1109 2783 Polemius
1141 2747 1153 2782 :
1184 2730 1272 2784 hic
1320 2726 1772 2793 Polemianorum,
1815 2728 1926 2782 sive

353 2795 804 2873 syriusiastarum,
836 2807 1008 2873 secta;
1025 2814 1218 2853 nomen
1243 2797 1423 2873 dedit;
1436 2797 1710 2873 Alterum,
1745 2804 1928 2873 κρᾶσις

354 2867 447 2929 τῆς
462 2870 694 2940 θεότητος
717 2873 803 2924 καὶ
828 2875 917 2924 τοῦ
948 2871 1213 2940 σώματος,
1264 2882 1371 2940 seu
1389 2867 1693 2940 Divinitalis
1716 2867 1786 2921 ρι’
1807 2883 1928 2920 cor-

356 2939 503 3008 poris
546 2940 968 3008 contemperatio
1020 2937 1180 3008 atque
1225 2938 1449 3002 mixtio,
1492 2939 1642 3008 cujus
1681 2937 1929 3008 inventor

356 2955 503 3006 poris
546 2955 756 2993 contem
799 2955 968 2992 erano
1020 2955 1180 3008 atque
1225 2955 1449 3002 nnxuo,
1492 2955 1642 3005 cuius
1681 2955 1927 2990 inventor

356 3007 497 3060 idem
529 3024 542 3060 :
581 3017 741 3076 atque
762 2955 886 3062 Eine
913 3015 1028 3062 orta
1055 3009 1506 3078 Eutychianorum
1531 3007 1780 3071 haeresis;
1804 3028 1927 3062 συν-

355 3083 598 3151 ρρσίωσιν
625 3094 788 3151 porro
835 3086 890 3132 et
930 3081 1194 3151 aii-nequ
1225 3092 1288 3132 ac
1322 3083 1503 3151 κρᾶσιν
1539 3085 1684 3131 recte
1712 3087 1928 3151 sanctus

354 3145 589 3200 Thomas
619 3145 1506 3216 interpretatur"informationem
1566 3146 1808 3215 corporis
1862 3147 1930 3199 ab

351 3216 549 3270 anima.
585 3215 850 3282 Tertium,
900 3217 1181 3272 conversio
1228 3216 1388 3270 Verbi
1430 3217 1482 3270 in
1531 3231 1764 3280 carnem,
1808 3230 1929 3269 cum

353 3286 504 3340 fieret
534 3287 722 3352 homo;
746 3294 801 3341 et
829 3303 1008 3341 rursus
1033 3287 1209 3341 carnis
1238 3288 1289 3340 in
1314 3285 1563 3349 Verbum,
1595 3294 1716 3354 post
1745 3299 1931 3338 ascen-

349 3356 556 3431 sionem
581 3394 596 3417 ,
638 3372 756 3431 quae
785 3355 942 3431 Verbi
978 3361 1294 3431 dyingmgt€,_
1310 3365 1364 3431 et
1392 3357 1569 3431 carnis
1597 3357 1881 3416 ἀποθέωσις
1913 3372 1924 3406 :

351 3426 434 3478 hat
479 3425 856 3495 conversiones
889 3425 1023 3479 dua!
1053 3425 1196 3480 aliud
1226 3425 1368 3495 nihil
1399 3426 1571 3495 reipsa
1601 3433 1725 3479 sunt
1768 3440 1927 3495 quam

348 3497 476 3565 duo,
509 3502 568 3547 ut
600 3494 904 3565 loquuntur,
937 3495 1128 3565 animm
1161 3494 1410 3565 statusin
1451 3494 1678 3565 corpore
1715 3494 1928 3548 mortali

345 3564 573 3627 scilicet,
600 3564 652 3617 in
679 3563 788 3631 quo
809 3564 972 3618 servit
993 3563 1387 3632 quodammodo
1407 3563 1647 3633 corpori;
1679 3572 1734 3616 et
1757 3565 1806 3616 in
1829 3565 1930 3618 im-

349 3635 598 3699 mortali,
631 3634 683 3704 in
729 3649 846 3704 quo
865 3634 914 3687 ei
942 3634 1249 3704 dominatur
1284 3634 1428 3687 omni
1457 3647 1523 3686 ex
1551 3641 1721 3704 parte.
1754 3633 1926 3698 Quar-

349 3714 462 3756 tum
483 3743 498 3768 ,
542 3702 685 3772 quod
712 3702 776 3756 ex
807 3703 1024 3770 Virgine
1049 3703 1278 3757 Verbum
1316 3717 1424 3756 non
1453 3703 1766 3772 sumpsisset
1812 3719 1930 3755 car-

329 3779 494 3836 ‘nem,
524 3770 616 3828 sed
638 3787 668 3825 e
691 3773 827 3827 cmlo
850 3773 1111 3829 attulisset
1144 3791 1156 3826 :
1183 3782 1342 3841 atque
1383 3772 1454 3824 ita
1485 3770 1660 3841 Virgo
1691 3772 1927 3832 Θεοτὸκος

333 3841 453 3896 'dici
483 3858 606 3917 vere
651 3858 756 3896 non
787 3851 1000 3912 posset;
1043 3845 1205 3898 immo
1240 3839 1357 3917 nec
1383 3839 1794 3917 s'cvepwrrort'txoc,_
1824 3841 1926 3895 uisi

344 3913 530 3981 specie
559 3910 804 3977 tantum,
828 3921 884 3966 ut
911 3927 1027 3980 quae
1058 3930 1162 3967 non
1203 3910 1479 3981 genuisset
1495 3910 1923 3981 vercihominem

397 3983 528 4036 erbo
539 3983 763 4045 unitum,
779 3982 870 4036 sed
885 3980 1263 4038 transmisisset
1274 3985 1549 4036 dumtaxat
1563 3980 1707 4034 velut
1730 3995 1865 4050 aqua
1874 3996 1924 4035 m

342 4052 567 4106 canalis.
617 4051 672 4105 ld
711 4067 812 4120 ego
859 4051 1094 4120 ﬁgmenti
1134 4053 1491 4119 excogitatum
1536 4065 1663 4104 reor
1705 4049 1798 4120 ab’
1822 4051 1925 4105 illis

344 4119 863 4192 Apollinaristarum,
883 4119 988 4192 tQui
1009 4138 1129 4177 cum
1159 4123 1396 4192 Deipartc
1423 4120 1665 4174 hostibus
1693 4119 1927 4192 ferendis

343 4191 644 4261 eunimque
681 4191 979 4247 rationibus
1013 4191 1280 4246 solvendis
1313 4206 1471 4261 pares
1496 4206 1555 4246 se
1591 4206 1709 4261 non
1753 4191 1923 4261 senti-

341 4269 488 4324 rent,
520 4259 820 4315 maluerunt
839 4261 1116 4316 delirando
1143 4259 1352 4322 dicere,
1386 4261 1437 4314 id
1463 4260 1726 4330 quodest,
1761 4259 1926 4328 Virgi-

344 4345 472 4384 nem
495 4347 523 4384 e
548 4332 684 4386 cmlo
711 4332 980 4398 gravidam
1000 4333 1191 4386 factam
1222 4333 1399 4392 fuisse,
1425 4331 1567 4383 aliud
1593 4331 1719 4383 nihil
1763 4331 1923 4384 fuisse

342 4415 508 4471 quam
536 4401 657 4455 inde
679 4417 876 4470 corpus
897 4403 1167 4471 accepisse
1188 4402 1328 4471 quod
1358 4408 1591 4470 pareret.
1626 4400 1877 4471 Quintum
1902 4441 1917 4464 ,

1955 3106 1999 3166 C

2025 435 2118 486 sed
2149 435 2338 487 anim-.e
2363 449 2596 502 quoque,
2622 435 2774 506 cujus
2816 445 2900 489 est
2923 437 3136 498 dolere,
3168 435 3368 506 eosque
3406 441 3598 494 all’ccto

2024 518 2253 574 corpore
2275 513 2451 574 motus
2474 505 2726 574 experiri,
2755 521 2872 574 qua:
2897 513 3032 566 παθὴ
3054 505 3298 562 aGrzccis
3317 519 3595 564 vocantur.

2024 571 2207 640 Neque
2237 573 2379 643 enim
2404 587 2476 643 co
2496 571 2664 642 usque
2693 571 2984 643 putandum
3005 585 3087 631 est
3110 577 3388 632 insaniissc
3426 579 3600 632 homi-

2024 656 2138 706 nes,
2170 651 2227 695 ut
2243 641 2590 714 Divinitatemf
2603 641 2758 714 verbi
2771 645 3051 700 crederent
3074 647 3294 714 flagellis
3305 649 3596 705 secundum

2023 725 2082 766 se
2103 725 2262 785 posse
2282 712 2430 777 caidi,
2454 713 2806 785 aiiigiclavis,
2837 715 3100 785 perforari
3122 712 3328 781 lancea,
3360 717 3595 785 sepeliri,

2025 788 2129 834 etc.
2161 780 2288 833 inde
2314 783 2500 850 procul
2525 780 2688 836 dubio
2717 780 2934 843 παθηῖςὸν
2953 784 3186 840 Verbum
3211 780 3555 842 nominabant
3581 827 3595 846 ,

2022 850 2147 918 quia
2175 850 2284 923 pati
2324 859 2524 923 posset,
2568 853 2789 921 perinde
2818 869 2878 908 ac
2913 853 3051 908 solet
3097 857 3272 909 anima
3316 856 3599 923 conjum-ta

2023 919 2257 993 corpori,
2290 919 2441 987 cujus
2482 919 2714 975 motibus
2743 932 2965 992 propter
3004 927 3375 993 cognationem
3404 919 3488 988 et,
3540 935 3601 979 ut

2023 989 2397 1111 ioqpcftantur,
2429 989 2767 1048 σννουσίωσιῦ
2807 989 3043 1061 quatitur
3068 989 3229 1063 atque
3276 995 3434 1050 etiam
3474 1011 3599 1065 per-

2049 1075 2081 1111 u
2151 1074 2177 1111 a
2209 1075 2288 1111 ur.

2025 1066 2288 1112 turbatur.

2092 1127 2178 1181 1V.
2210 1127 2361 1202 Unde
2385 1136 2595 1202 constat
2623 1129 2736 1185 inec
2764 1145 2870 1184 non
2897 1146 3016 1185 esse
3048 1132 3357 1202 dpollinarii
3402 1134 3588 1202 ipsius-

2024 1206 2161 1260 mct,
2187 1200 2281 1250 sed
2309 1198 2692 1272 discipulorum
2716 1203 3046 1272 commenta?
3059 1198 3308 1272 Pluribus
3330 1198 3598 1272 certisque

2023 1268 2379 1341 argumentis.
2434 1267 2566 1322 Nam
2613 1270 2819 1340 primo,
2877 1271 3156 1324 Athanasii
3196 1273 3263 1325 ad
3293 1267 3595 1341 Epictetum

2023 1335 2266 1409 Corinthi
2297 1335 2952 1409 episcopum'scribentis,
2990 1341 3198 1409 istaque
3219 1335 3396 1396 omnia
3436 1343 3599 1396 refel-

2024 1405 2211 1481 lentis,
2243 1405 2532 1481 epistolam
2566 1409 2889 1481 Apollinaris
2911 1410 3022 1479 ipse
3063 1405 3386 1481 magnopere
3409 1410 3598 1464 lauda-

2025 1475 2103 1552 vit
2137 1476 2422 1552 his__verbis_
2458 1475 2656 1552 LEpist.
2716 1475 3188 1552 ad_§erap_ionent,
3235 1475 3369 1552 tItV
3419 1481 3596 1552 Antiq.

2027 1543 2168 1620 Licet.
2202 1543 2420 1620 Hernici
2448 1543 2646 1620 Canisii
2675 1565 2726 1618 p.
2764 1548 2886 1620 112)
2919 1567 2932 1601 :
2959 1543 3246 1620 Epistulam
3269 1551 3479 1620 domini
3501 1543 3600 1604 mei

2026 1612 2350 1691 (Athanasii)
2378 1612 2688 1691 Corinthum:
2712 1612 2922 1691 missam
2961 1612 3269 1691 magnopere
3297 1619 3602 1691 approbari-

2027 1700 2158 1758 n_ms.
2190 1683 2385 1738 Eorum
2414 1693 2583 1738 autem
2603 1688 2697 1758 qui
2710 1688 2887 1758 dicunt
2907 1683 3108 1741 caruc'm
3128 1683 3231 1742 Deo
3262 1683 3600 1743 consubstan-

2030 1755 2229 1835 tiatem,
2251 1771 2501 1835 Inagitati!
2527 1755 2787 1835 insaniam
2816 1757 3185 1835 άιιζζιζιιιιίὶῃιηβ.
3199 1759 3410 1835 Peliude
3443 1767 3601 1835 negat

2029 1837 2092 1875 ea
2108 1824 2219 1896 ipsa
2248 1823 2444 1896 flagitia
2466 1827 2658 1896 merito
2683 1841 2841 1894 posse
2861 1826 2959 1880 sibi
2989 1827 3146 1893 olijici
3169 1825 3359 1896 (Epist.
3395 1828 3464 1880 ad
3479 1823 3601 1882 Dio-

2027 1893 2232 1961 nysium
2249 1934 2262 1954 ,
2286 1894 2439 1963 ibid.)
2463 1911 2475 1945 :
2501 1893 2653 1968 Quod
2673 1893 2840 1968 autem
2865 1911 3013 1949 nemo
3041 1896 3149 1968 lucc
3178 1893 3395 1967 objicere
3413 1907 3601 1968 potest,

2029 1976 2143 2032 qua:
2166 1971 2344 2015 contra
2372 1965 2618 2036 quosdam
2647 1965 2786 2017 dicta
2813 1974 2950 2028 sunt,
2982 1965 3311 2036 manifestum
3339 1965 3422 2020 est
3452 1969 3604 2020 exiis

2029 2046 2142 2104 quin
2170 2033 2740 2102 semper’scripsimus,
2797 2049 2968 2104 neque
3011 2033 3216 2104 carnem
3265 2035 3606 2089 Saluatorise

2030 2101 2153 2172 quia
2181 2117 2310 2163 esse,
2336 2117 2496 2171 neque
2513 2101 2986 2172 earnanAejusdem
3029 2102 3329 2159 substantia:
3350 2121 3463 2158 esse
3488 2102 3624 2158 cum'

2030 2167 2160 2231 Deo,
2184 2167 2434 2244 quatenus
2455 2179 2530 2224 est
2553 2188 2694 2244 caro.
2727 2167 2964 2244 Denique
3009 2173 3118 2244 huic
3138 2174 3352 2244 eadem,
3401 2177 3608 2244 pariter

2029 2238 2489 2312 atque'_Arianum
2545 2239 2756 2312 dogma,
2814 2238 2972 2312 unde
3008 2238 3435 2312 feretoriuntur',
3459 2245 3602 2312 quod

2029 2306 2192 2362 Filius
2220 2307 2313 2363 Dei
2335 2317 2578 2363 creatura
2608 2306 2706 2375 sit,
2744 2311 3006 2380 expressis
3043 2311 3221 2366 verbis
3247 2306 3603 2376 condemnat,

2030 2393 2136 2431 non
2161 2393 2262 2451 suo
2289 2386 2520 2451 tantum,
2564 2381 2935 2451 sedverorum
2965 2395 3177 2449 quoque
3221 2381 3600 2451 discipulorum

2029 2448 2245 2522 nomine
2275 2447 2461 2522 (Ibid.,
2517 2466 2570 2519 p.
2597 2449 2742 2522 diti)
2774 2467 2786 2502 :
2815 2447 3166 2522 Apollinariys
3204 2458 3253 2504 et
3273 2447 3371 2522 qui
3407 2469 3600 2506 mecum

2028 2527 2148 2571 sunt
2173 2518 2543 2602 Iiwcsenfimus
2572 2519 2635 2573 de
2658 2518 3066 2604 inmutatione;
3085 2518 3319 2604 Camerti
3335 2521 3604 2604 ὁμοούςιωι

2028 2598 2220 2659 nostris
2247 2591 2393 2642 carni
2417 2591 2694 2659 assumpsit
2713 2606 2778 2642 ea:
2814 2588 2985 2643 Maria
3024 2588 3244 2643 Verbum
3273 2588 3389 2656 Dei,
3419 2593 3605 2645 unicus

2027 2658 2080 2729 in
2104 2659 2344 2729 unionem
2373 2675 2487 2712 cum
2513 2657 2789 2712 Dirinitate
2810 2699 2824 2722 ,
2871 2675 2934 2713 ea:
2961 2660 3212 2729 principio
3255 2663 3600 2729 conceptionis

2017 2728 2082 2800 in
2107 2726 2346 2800 Virgine;
2368 2738 2518 2799 atque
2552 2731 2622 2782 ita
2653 2731 2817 2800 factus
2839 2739 2914 2782 est
2941 2726 3109 2800 homo,
3129 2726 3384 2800 quoniam
3409 2726 3528 2784 caro
3554 2741 3602 2784 et

2013 2796 2258 2918 ‘gpiritus
2298 2807 2373 2851 est
2413 2796 2562 2852 homo
2612 2796 2889 2851 secundum
2934 2796 3256 2870 Apostolum.
3305 2799 3375 2852 Et
3404 2800 3498 2853 hoc
3525 2810 3602 2852 est

2085 2865 2257 2918 erbum
2278 2885 2486 2918 carnem
2509 2870 2698 2918 factum
2725 2885 2854 2918 esse.
2887 2871 3081 2918 unitum
3102 2885 3215 2918 esse
3241 2871 3404 2918 carni-
3427 2880 3482 2918 ut
3503 2870 3602 2918 Im-

2085 2865 2257 2920 erbum
2278 2885 2486 2921 carnem
2507 2870 2698 2938 factum
2725 2885 2854 2933 esse,
2887 2865 3081 2921 unitum
3102 2885 3215 2922 esse
3241 2871 3404 2934 carni,
3427 2880 3482 2922 ut
3503 2870 3602 2922 Im-

2029 2951 2214 3006 qtanus
2235 2937 2477 3006 spiritus;
2507 2937 2716 2991 uocatur
2735 2940 2870 2990 enint
2900 2939 3049 2991 homo
3071 2939 3257 2992 similis
3285 2939 3431 2993 nobis
3456 2955 3600 3001 caro;

2017 3003 2288 3078 Dominus
2308 3019 2474 3060 autent
2496 3019 2569 3060 est
2591 3025 2745 3077 supra
2768 3024 2860 3060 nos
2882 3009 3030 3061 homo
3054 3023 3070 3060 :
3092 3007 3414 3078 qumnobrem
3437 3021 3484 3061 et
3506 3026 3605 3062 ca:-

2032 3073 2173 3148 lestis
2198 3086 2300 3148 est,
2348 3087 2556 3147 propter
2593 3073 2864 3148 proprium
2922 3073 3171 3147 Spiritum
3204 3078 3471 3148 ca’lestcm,
3523 3082 3604 3132 cui

2031 3145 2304 3217 prudentia
2332 3145 2503 3200 carnis
2531 3145 2919 3200 adversabatur.
2959 3145 3122 3217 Atque
3149 3148 3221 3200 ita
3251 3147 3604 3201 destrucbatnr

2029 3213 2084 3288 i_t_t
2115 3213 2316 3288 Christo
2342 3227 2625 3286 peccatum,
2646 3217 2962 3288 elidissoluta
2999 3213 3075 3288 est
3117 3233 3256 3288 mors
3283 3233 3347 3270 ea:
3372 3231 3600 3288 peccato.

2013 3279 2100 3335 'Et
2121 3299 2213 3357 nos
2241 3279 2367 3353 facii
2397 3279 2673 3356 participes
2694 3286 2848 3356 hujus
2871 3287 3064 3357 aperis,
3109 3287 3215 3356 ﬁde
3237 3279 3526 3351 solvamur;
3554 3297 3603 3341 et

2030 3367 2143 3426 cum
2166 3355 2328 3407 simus
2357 3355 2420 3408 ea:
2447 3355 2598 3426 patre
2642 3355 2859 3418 terreno,
2892 3355 3136 3426 efﬁcimur
3169 3358 3361 3411 similes
3390 3359 3601 3411 calcati.

2027 3423 2316 3496 Anatlicnta
2341 3423 2496 3496 igitur
2522 3428 2606 3490 sit,
2638 3427 2721 3496 qui
2743 3442 2845 3479 non
2875 3423 2999 3478 dicit
3050 3443 3255 3479 carnem
3283 3443 3348 3480 ea:
3398 3426 3603 3490 Maria;

2027 3501 2077 3565 et
2105 3496 2188 3565 qui
2219 3495 2370 3565 dicit
2398 3513 2511 3548 eam
2565 3495 2770 3548 carnem
2813 3511 2924 3548 esse
2961 3505 3162 3550 natura:
3189 3513 3290 3549 non
3313 3507 3515 3562 creatis,
3555 3506 3607 3550 et

2028 3563 2297 3639 amamus
2325 3563 2470 3639 Deo;
2493 3567 2647 3619 immo
2670 3575 2718 3618 et
2740 3567 2835 3639 qui
2855 3566 2979 3619 dicit
3010 3565 3343 3639 Dirinitatem
3372 3584 3483 3621 esse
3508 3584 3604 3639 pa-

2028 3631 2238 3706 tibilem.
2264 3643 2313 3688 et
2342 3651 2406 3706 ea;
2435 3638 2671 3706 ipsncsse
2697 3631 2961 3706 passiones
2983 3637 3190 3706 animat.

2098 3703 2477 3773 Admonendus
2526 3703 2723 3767 lector,
2755 3705 2853 3758 sub
2896 3704 3080 3770 linem,
3123 3705 3467 3773 Pelagianos,
3501 3706 3605 3760 etsi

2027 3769 2166 3824 forte
2189 3785 2378 3839 magna
2405 3772 2755 3842 jungerentur
2782 3789 2902 3827 cum
2936 3769 3329 3842 Apollinaris‘lis
3378 3769 3606 3842 noeessi~

2029 3847 2165 3903 tate,
2201 3842 2262 3893 iis
2289 3850 2465 3894 tamen
2497 3844 2548 3893 in
2571 3845 2679 3896 suis
2703 3840 2821 3895 ﬁdei
2847 3840 3040 3896 libellis
3068 3844 3348 3896 anathema
3382 3840 3600 3898 dixisse.

2028 3908 2160 3981 Vide
2189 3909 2391 3981 Theod.
2427 3910 2778 3980 inSymbolo;
2814 3909 2986 3964 Rufin.
3013 3911 3220 3981 στιν.ἀὸ
3241 3913 3420 3977 Fidei;
3454 3913 3596 3968 Pela-

2026 3979 2169 4046 gium
2193 3981 2243 4033 in
2275 3979 2460 4034 Libell.
2496 3979 2641 4034 num.
2669 3981 2732 4046 7;
2769 3979 3100 4044 Cwlcstium,
3132 3982 3288 4047 ibi:l.;
3337 3981 3603 4036 Iulianum

2027 4048 2290 4122 in_Libell.
2323 4059 2459 4120 part.
2488 4067 2542 4104 ιη
2564 4066 2708 4104 num.
2743 4051 2792 4105 6.
2818 4050 3020 4106 Causas
3042 4052 3358 4122 protulimus
3386 4053 3438 4106 in
3461 4054 3604 4108 notis

2026 4118 2091 4172 ad
2135 4118 2334 4174 citatos
2365 4122 2540 4188 locos,
2589 4135 2721 4190 quas
2759 4118 3094 4178 consuluisse
3144 4123 3457 4177 nonnullum
3503 4126 3606 4178 erit

2026 4204 2202 4258 opera:
2231 4193 2482 4260 pretium.

2557 4281 2582 4344 §
2606 4280 2690 4332 ΠΙ.
2716 4281 2792 4332 De.
2817 4282 3065 4334 Eunomo.

2098 4396 2340 4450 Eunomii
2371 4412 2536 4470 error
2560 4398 2699 4470 circa
2738 4399 3030 4454 trinitatem
3075 4400 3372 4455 divinarum
3418 4416 3606 4470 perso—

341 4467 491 4539 quod
518 4486 644 4524 caro
669 4471 735 4525 de
757 4467 894 4525 cutio
923 4467 1083 4525 allata
1112 4467 1310 4525 nite—rna
1339 4467 1496 4532 foret,
1525 4479 1579 4523 et
1608 4485 1726 4524 cum
1752 4470 1924 4522 Verbo
1957 4467 2000 4526 D
2029 4483 2216 4539 narum
2245 4467 2736 4539 pervulgatissimus
2758 4477 2866 4531 est,
2900 4471 3252 4538 omnibusque
3282 4467 3465 4537 notus;
3499 4488 3604 4528 non

340 4539 504 4593 simul
531 4551 729 4595 creata.
753 4539 976 4610 Oportet
998 4541 1070 4595 ita
1093 4542 1380 4595 delirantes
1400 4540 1654 4594 defecisse
1669 4540 1742 4610 ab
1761 4539 1922 4607 Apol-

343 4610 504 4662 linari
531 4611 598 4664 ad
627 4608 828 4676 Arium,
847 4627 949 4680 qua
970 4620 1123 4680 parte
1139 4611 1369 4666 Verbum
1391 4615 1629 4680 creatum
1650 4608 1920 4680 dicebant,

343 4695 451 4749 qua
496 4696 620 4735 vero
657 4675 998 4735 concrcatam
1029 4680 1205 4735 Verbo
1252 4695 1502 4743 carnem,
1531 4679 1595 4732 ad
1642 4675 1921 4746 Origencm

343 4748 440 4802 aut
459 4751 648 4804 saltem
669 4749 1011 4818 Origenistas,
1045 4751 1136 4819 qui
1165 4758 1358 4820 praeter
1381 4748 1800 4820 verum'Deum,
1830 4750 1922 4817 qui

341 4820 494 4873 solus
525 4820 711 4883 Pater,
742 4822 1115 4889 incorporeum
1163 4819 1292 4874 nihil
1341 4835 1459 4874 esse
1505 4819 1917 4874 contendebant.

341 4891 588 4953 Sextum,
609 4891 752 4959 quod
782 4889 894 4945 haec
923 4890 1034 4955 ipsa
1057 4905 1203 4952 caro,
1235 4897 1291 4942 ut
1320 4898 1436 4943 erat
1469 4889 1639 4942 Verbo
1658 4927 1672 4950 ,
1702 4889 1921 4957 perinde

339 4975 406 5014 ac
433 4961 587 5014 nobis
629 4968 810 5014 nostra
832 4998 846 5021 ,
889 4960 1356 5014 consubstantialis
1381 5001 1395 5023 ,
1442 4960 1511 5012 ita
1543 4967 1739 5012 nostra:
1782 4966 1924 5012 esset

339 5033 676 5098 ἕτεροούσιος.
738 5029 837 5096 Qui
881 5030 985 5084 hoc
1031 5030 1276 5082 delirium
1330 5030 1692 5098 sequebantur
1739 5035 1924 5095 aperte

339 5051 420 5085 ατε
457 5051 676 5091 οονσιος.
738 5049 837 5096 QUI
881 5049 985 5084 HOC
1031 5049 1276 5082 (iﬁlll'llllll
1330 5049 1692 5098 SCQUBURIHUI‘
1739 5049 1922 5095 πβρι-ιο

337 5049 698 5154 όεᾶθειθὺαηῑ
726 5100 789 5153 ad
833 5104 1080 5164 Δοκήταςζ
1113 5114 1235 5152 nam
1263 5099 1308 5152 si
1335 5098 1578 5152 Christus
1607 5111 1781 5166 neque
1807 5098 1922 5150 ani-

337 5186 483 5224 mam
505 5169 710 5234 habuit,
733 5185 907 5239 neque
927 5184 1143 5240 carnem
1165 5177 1359 5223 nostra:
1380 5168 1664 5240 ὁμορύσφν,
1691 5183 1799 5220 non
1825 5167 1925 5221 fuit

333 5255 527 5294 revera
557 5240 738 5303 homo,
771 5237 862 5295 sed
892 5239 1174 5294 videbatur
1210 5237 1434 5292 tantum.
1466 5237 1761 5306 Septimum
1785 5276 1800 5298 ,
1829 5253 1921 5306 pa-

337 5311 544 5365 tibilem
575 5323 694 5364 esse
722 5310 1011 5365 secundum
1035 5324 1093 5363 se
1119 5309 1460 5362 Divinitatem
1491 5305 1670 5362 Verbi.
1704 5305 1840 5360 Fuit
1865 5315 1921 5360 et

335 5382 438 5436 ista
489 5381 736 5462 impietas
781 5379 1278 5462 Apollinaristarum
1327 5395 1356 5432 a
1402 5377 1658 5459 magistro
1687 5390 1805 5462 eam
1848 5376 1918 5462 ob

335 5446 939 5505 causam‘deilcientium
967 5449 1031 5503 ad
1062 5449 1314 5513 Arianos,
1348 5448 1471 5516 quia
1497 5463 1600 5501 non
1642 5446 1772 5499 satis
1800 5454 1918 5500 erat

336 5523 465 5591 ipsis
493 5535 804 5591 persuasum
832 5521 898 5575 de
925 5519 1220 5591 differentia
1244 5519 1433 5591 animae
1455 5525 1509 5570 et
1529 5516 1915 5591 mentis,quam

337 5585 514 5667 tamen
546 5591 1002 5667 Apollinaris-pro
1037 5589 1300 5667 principio
1326 5595 1570 5667 poqeret.
1610 5585 1720 5667 Hac
1757 5586 1916 5667 lepitn

333 5663 531 5719 utentis
559 5655 612 5718 ei
633 5662 822 5717 animae
850 5655 1146 5716 dilierentia
1167 5655 1392 5726 sublata,
1417 5656 1649 5714 Verbum
1672 5656 1725 5711 in
1754 5655 1912 5711 Chri-

2030 4535 2249 4605 perinde
2277 4537 2438 4600 alter,
2471 4538 2560 4608 qui
2608 4539 2748 4592 circa
2789 4535 3208 4595 incarnationem
3255 4535 3605 4608 Vertit—Quis

2029 4609 2171 4660 enim
2195 4615 2434 4660 veterum
2465 4607 2652 4660 eadem
2681 4608 2998 4663 Eunomium
3029 4627 3148 4665 cum
3168 4611 3374 4666 Ariode
3403 4607 3536 4665 Filio
3552 4622 3607 4666 et

2029 4675 2228 4746 Spiritu
2256 4685 2444 4730 sancto
2491 4679 2718 4732 sensisse
2761 4697 2865 4734 non
2925 4681 3172 4734 tradidit?
3202 4681 3442 4734 Sensisse
3472 4696 3603 4735 vero

2028 4761 2149 4801 cum
2189 4746 2398 4800 Arianis
2421 4747 2488 4800 de
2514 4747 2688 4802 Verbo
2716 4751 2905 4803 animm
2934 4751 3107 4805 locum
3139 4760 3353 4804 tenente
3377 4752 3426 4802 in
3453 4751 3608 4803 Chri—

2027 4825 2141 4880 sto,
2173 4817 2264 4885 qui
2286 4818 2558 4886 scripserit
2580 4819 2767 4885 quinto
2791 4823 2986 4874 smculo
3017 4837 3123 4874 non
3149 4822 3363 4873 memini
3411 4836 3495 4874 me
3523 4820 3596 4874 lc-

2029 4902 2155 4954 gere
2182 4901 2525 4955 quemquam.
2572 4899 2768 4956 pneter
2794 4889 3175 4951 Mercatorem,
3209 4888 3607 4943 Theodoretqu

2031 4964 2084 5029 et
2107 4956 2431 5029 Nestorium.
2492 4956 2570 5009 Illi
2612 4972 2739 5011 vero
2769 4964 2907 5019 tres,
2941 4969 3000 5013 ut
3047 4959 3366 5012 Eunoinium
3395 4974 3608 5029 semper

2030 5027 2244 5079 Arianis
2267 5026 2496 5095 jungunt
2525 5035 2745 5096 propter
2773 5031 3083 5083 societatem
3110 5030 3336 5092 erroris,
3371 5029 3442 5082 ita
3465 5026 3608 5083 facto

2028 5097 2225 5152 docent
2244 5095 2373 5167 nihil
2401 5097 2468 5167 de
2492 5095 2657 5165 ipsius
2678 5113 2862 5152 errore
2886 5100 3061 5153 all'crri
3105 5115 3262 5167 posse
3284 5099 3428 5167 quod
3467 5099 3608 5152 inter

2028 5168 2290 5238 agendum
2321 5165 2711 5238 deArioinou
2756 5168 2824 5222 sit
2868 5165 3184 5238 occupatum
3235 5186 3247 5221 :
3289 5165 3455 5237 quare
3492 5184 3609 5223 rem

2026 5235 2184 5309 hujus
2222 5235 2626 5309 hominisfaciie
2667 5235 3032 5304 absolvemus,
3083 5239 3129 5294 si
3165 5235 3333 5309 pauca
3363 5240 3606 5309 qumdatn

2025 5305 2309 5360 observata
2340 5304 2554 5358 fuerint.
3165 5304 3183 5309 “
3267 5322 3271 5324 ·

2095 5375 2494 5430 Observandum
2542 5375 2701 5443 igitur
2733 5376 2908 5445 primo
2947 5377 3298 5434 Mercatorem
3339 5377 3606 5434 Eunomia

2019 5446 2224 5499 socium
2255 5445 2521 5516 addidisse
2550 5445 2946 5511 Macedoniam,
2978 5451 3120 5516 quod
3144 5451 3228 5503 vel
3271 5464 3430 5503 nemo
3452 5457 3604 5502 vete-

2018 5531 2134 5588 rum
2151 5555 2166 5578 ,
2192 5517 2276 5588 vel
2307 5515 2461 5585 pauci
2485 5516 2838 5588 tradiderunt.
2861 5515 3043 5588 Neque
3063 5535 3190 5573 vero
3214 5520 3405 5573 mirum
3434 5520 3603 5572 mere-

2020 5586 2179 5638 ticum
2210 5585 2434 5639 alterum
2475 5586 2658 5647 alteri,
2702 5589 2847 5643 velut
2896 5585 3351 5652 in'conctuswue,
3375 5604 3609 5642 consen-

2019 5656 2152 5711 sisse
2167 5695 2182 5722 ,
2207 5671 2327 5711 cum
2349 5655 2414 5710 de
2435 5657 2697 5728 princip-io
2734 5661 3116 5727 convenirent;
3172 5661 3329 5716 ambo
3350 5659 3492 5713 enim
3520 5662 3597 5711 ta-
