4022 6182
505 304 635 360 1l3l

1064 300 1153 353 AD
1192 294 1462 351 PARTE“
1504 295 1866 353 SECUNDA.“
1906 296 2185 354 OPERUM
2226 298 2293 352 Μ.
2339 293 2523 350 MERC
2542 295 2773 350 \TORIS
2816 294 3183 349 APPENDIX.

3613 300 3760 354 “3‘3

504 413 879 481 tinetur,quod
896 410 961 464 de
983 408 1348 483 Samosateno,
1373 408 2060 483 etajeterimbustraditum,
2094 416 2137 470 Α
2168 425 2294 483 num
2341 418 2469 483 ante
2503 424 2701 483 paucos
2742 408 2855 483 dies
2899 423 3070 483 ‘quam
3114 418 3432 483 moreretur,
3486 413 3751 482 insignem

504 494 613 543 csa
659 476 808 537 nOb'is
852 479 1183 534 tractandum
1230 486 1328 531 est.
1372 476 1439 547 1⁸Δ
1462 476 1626 542 Quale
1658 476 1849 531 Paulus
1879 479 2065 547 qreipsa

498 550 735 609 Verbum
769 552 859 604 Dei
885 548 1176 616 agnoverit,
1210 563 1275 600 an
1302 545 1442 615 quod
1474 547 1671 600 indicat
1720 548 1831 615 ipse
1878 545 2072 602 Paulus

498 616 871 683 ἴεν-ἀπόστατον,
893 634 957 671 an
980 618 1121 686 quod
1145 617 1321 686 plures
1338 616 1425 669 alii
1447 616 1679 677 tradunt,
1704 617 2066 674 ἀννπὸστατον.

502 695 564 746 ‘2”
594 692 935 745 Christumne
980 688 1176 741 dixerit
1216 701 1283 739 ex
1323 693 1549 753 utroque
1602 694 1823 755 parente
1869 697 2069 748 natum,

502 761 644 831 quod
673 760 906 831 scribere
928 758 1137 831 videtur
1164 755 1457 831 Mercator}
1481 763 1571 831 aut
1592 757 1800 831 cx__sola
1832 756 2069 831 Virgine,

502 824 645 899 quod
674 829 887 899 alii._5°
923 826 1055 899 Quid
1085 824 1378 899 significent
1421 824 1693 899 Athanasii
1736 827 1897 879 verba
1948 842 2073 899 mox

502 894 754 953 laudata:
788 897 951 949 Deum
994 894 1276 947 Nazarethi
1319 896 1372 946 in
1412 894 1572 946 iurem
1606 896 1814 957 editum,
1861 905 1908 947 et
1957 896 2076 947 inde

501 968 754 1022 existendi
775 967 1081 1037 principium
1105 965 1343 1037 regnique
1389 974 1727 1037 consecutum.
1753 964 1853 1037 _d°_
1885 962 2073 1037 Utrum

504 1037 700 1091 Paulus
728 1033 969 1090 docuerit
1018 1033 1268 1087 Verbum
1296 1034 1361 1085 ab
1410 1033 1523 1100 ipso
1556 1033 1885 1086 formationis
1924 1034 2074 1086 initio

502 1107 773 1162 habitasse
798 1107 849 1159 in
873 1104 1105 1166 homine,
1134 1103 1275 1170 quod
1305 1102 1623 1157 Athanasius
1669 1102 1969 1170 signiﬁcare
2001 1104 2076 1155 vi-

504 1178 689 1241 detur;
721 1191 786 1228 an
815 1174 958 1242 quod
992 1174 1147 1239 vulgo
1184 1172 1433 1242 jactatur,
1486 1173 1693 1225 nonnisi
1742 1180 1861 1240 post
1913 1174 2073 1225 vitam

503 1255 690 1301 sancte
718 1241 1032 1304 traductam,
1061 1249 1370 1309 tantumque
1394 1241 1702 1295 beuelicium
1727 1242 1937 1310 pietatis
1958 1258 2079 1309 ope-

506 1318 654 1370 ribus
698 1313 1065 1385 promeritum.
1098 1310 1156 1361 5°
1186 1311 1301 1385 Qua
1349 1311 1400 1385 in
1431 1320 1580 1385 parte
1614 1310 1888 1364 Nestorius
1910 1310 2077 1385 Paulo

505 1380 837 1439 consenserit
882 1390 973 1435 aut
998 1381 1324 1434 dissenserit.
1367 1380 1428 1431 6°
1458 1380 1625 1446 Quam
1657 1394 1781 1433 vere
1820 1382 2076 1449 scriptum

506 1455 782 1523 reliquerit
808 1452 1089 1523 Mercator,
1115 1450 1271 1523 ambo
1302 1451 1351 1503 in
1381 1464 1445 1502 eo
1468 1450 2078 1523 luereticos'convenisse

507 1519 649 1592 quod
679 1523 907 1576 Verbum
934 1521 1169 1575 dicerent
1196 1520 1260 1572 ab
1283 1526 1504 1592 interno
1530 1519 1865 1592 Filiu_m__uo_n
1896 1519 2075 1592 fuisse,

507 1587 599 1646 sed
652 1593 880 1645 Verbum
925 1598 1149 1652 tantum,
1181 1603 1299 1656 quae
1344 1589 1506 1641 veluti
1556 1588 1783 1641 medulla
1815 1587 2080 1641 Pauliame

508 1662 750 1715 hzeresis.

579 1731 731 1797 Quod
752 1729 983 1799 pertinet
1003 1728 1070 1781 ad
1092 1729 1313 1797 primam
1338 1726 1702 1799 qiuestionem,
1726 1735 1881 1799 vetus
1901 1727 2081 1799 opinio

504 1796 716 1870 estiam
747 1796 869 1852 inde
899 1814 928 1850 a
979 1796 1280 1870 longinquis
1325 1797 1480 1850 ducta
1514 1796 1839 1870 temporibus
1879 1798 1945 1849 ad
1985 1813 2081 1850 no-

509 1866 677 1924 stram
706 1882 874 1935 usque
899 1875 1131 1928 aztatem,
1156 1866 1561 1920 Samosateaum
1586 1866 1875 1935 trinitatem
1906 1881 2087 1934 perso-

510 1955 699 1993 narum
746 1934 1043 1991 divinarum
1087 1936 1382 1995 sustulisse,
1436 1950 1703 2001 unumque
1751 1934 1961 1987 Patrem
1991 1937 2084 1989 Dei

514 2010 729 2063 nomine
756 2020 996 2066 vocasse,
1020 2006 1104 2059 cui
1128 2014 1304 2058 tamen
1338 2005 1593 2057 tribueret
1616 2004 1844 2057 Verbum
1871 2013 2088 2058 coaeter-

516 2094 659 2138 num,
691 2076 785 2131 sed
810 2075 1136 2155 prolatitium
1172 2074 1476 2155 dumtaxat,
1512 2081 1566 2126 et
1592 2076 1957 2154 ἁνγπςόσῖατον,
1989 2090 2087 2127 no-

513 2157 732 2214 stroque
780 2142 971 2199 simile.
1027 2142 1158 2196 Tam
1208 2144 1531 2214 pervulgata:
1577 2143 1843 2212 opinionis
1912 2159 2087 2214 neque

514 2213 684 2283 origo,
716 2229 887 2282 neque
914 2214 1111 2267 veritas
1132 2213 1460 2281 apertissima
1491 2218 1589 2266 est.

585 2280 928 2351 Investiganti
950 2282 1076 2335 mihi
1106 2280 1224 2350 quis
1252 2283 1488 2335 omnium
1517 2283 1716 2349 primus
1739 2281 1788 2334 id
1818 2280 1984 2336 Paulo
2008 2290 2087 2334 at-

502 2355 780 2415 ‘tribuerit,
810 2368 966 2406 nemo
996 2351 1305 2404 Latinorum
1334 2351 1638 2413 Philastrio,
1673 2367 1830 2405 nemo
1874 2351 2087 2404 Gneco-

506 2440 635 2477 ‘rnm
658 2422 955 2492 Epiphanio
978 2421 1246 2489 antiquior
1271 2422 1520 2485 occurrit,
1550 2422 1736 2475 saltem
1762 2420 1851 2492 qui
1872 2436 2088 2492 expres-

515 2495 589 2547 sis
620 2490 794 2546 verbis
818 2499 1052 2544 mentem
1074 2493 1361 2559 aperuerit,
1394 2504 1715 2558 quamquam
1747 2506 1812 2544 ne
1843 2490 1938 2559 ipsi
1967 2490 2088 2558 qui—

518 2564 639 2617 dem
662 2562 820 2615 ambo
842 2561 1135 2614 clarissime
1157 2562 1460 2617 loquantur.

591 2630 903 2685 Philastrius
925 2629 1094 2697 (Tom.
1128 2629 1191 2681 IV
1219 2627 1457 2681 Biblioth.
1490 2629 1605 2682 PP.
1643 2629 1812 2698 initio)
1840 2647 1851 2679 :
1889 2627 2087 2698 Paulus

502 2701 724 2781 quidam
747 2698 1231 2781 fuitISamo’saten‘us
1253 2709 1367 2781 post
1396 2700 1579 2781 [ιω-ξπ,
1604 2698 1785 2781 anria,
1830 2698 1931 2781 qui.
1962 2697 2091 2781 Ver—

502 2716 724 2822 zmaam
747 2716 843 2781 [uit
867 2716 1231 2779 Samosatenus
1253 2716 1367 2767 post
1396 2716 1485 2751 nos
1514 2716 1579 2779 m_
1604 2716 1785 2778 byrsa,
1830 2716 1915 2769 qui
1968 2716 2089 2751 ver—

500 2784 503 2785 '
552 2787 635 2823 um
670 2769 780 2831 Dei,
809 2768 862 2821 id
882 2777 973 2827 est,
1006 2766 1263 2820 Christum
1294 2766 1454 2819 Deum
1484 2766 1579 2820 Det
1608 2766 1803 2820 Filium
1852 2764 2089 2819 substan—

522 2842 694 2902 tivum,
722 2855 782 2890 ac
804 2838 1140 2906 personalem,
1175 2845 1222 2886 et
1256 2839 1615 2905 sempiternum
1643 2853 1752 2889 esse
1778 2852 1891 2889 cum
1931 2835 2089 2889 Patre

500 2905 842 2977 denegabat:
873 2907 1177 2974 prolativum
1198 2915 1384 2967 autem,
1408 2905 1462 2957 id
1489 2914 1582 2969 est,
1607 2908 1773 2977 quasi_
1778 2922 1899 2977 aera
1925 2922 2090 2977 quem-

498 2974 899 3038 ‘dam'dicebat;
931 2991 1031 3028 non
1056 2983 1230 3044 tamen
1246 2990 1515 3042 personam
1541 2974 1699 3028 vivam
1725 2974 1854 3044 Filii
1899 2974 2087 3044 sempi—

497 3056 721 3099 ‘ternam
741 3060 852 3097 cum
872 3046 1176 3099 sempiterno
1200 3042 1356 3096 Patre
1389 3044 1689 3098 credendum
1714 3043 1941 3097 docebat.

2176 478 2415 548 Dionysii
2440 476 2569 548 ferri
2599 478 2919 548 epistolam?

2244 546 2488 627 Eruenda
2511 547 2819 627 quaestionis
2850 556 2955 626 tam
2989 546 3484 627 impedias-solutio
3515 566 3605 627 ex_
3629 554 3756 622 ipsis

2175 616 2416 670 Pauliani
2446 614 2616 669 delirii
2634 617 2932 685 mysteriis.
2988 614 3247 684 Fingebat
3270 618 3359 671 ille
3396 620 3562 673 Deum
3592 614 3757 677 instar

2173 688 2331 748 solis,
2364 685 2514 753 cujus
2556 685 3022 756 tria__eonsiderari
3062 687 3325 751 debeant,
3359 688 3526 756 ligura
3548 706 3643 745 seu
3674 693 3756 746 di-

2175 772 2295 810 scus
2344 756 2457 823 ipse
2502 755 2593 823 qui
2640 754 2851 816 dicitur,
2893 762 2948 809 et
2984 756 3212 821 energire
3252 754 3754 817 duae,'illuminandi

2175 842 2236 879 ac
2264 824 2623 879 calefaciendi.
2677 823 2881 891 Figura:
2911 832 2965 877 et
3002 826 3311 878 substantia:
3354 828 3581 880 similem
3614 831 3755 885 dice-

2174 894 2264 947 bat
2296 893 2505 947 Patrem
2524 934 2537 955 ,
2568 894 2618 947 vi
2649 893 2983 948 illuminandi
3018 893 3245 947 Verbum
3265 934 3279 958 ,
3329 897 3379 948 vi
3409 896 3753 954 calefaciendi

2176 964 2721 1035 Spiritnmqsanctum;
2754 962 3104 1035 sedAVerbum
3133 964 3309 1017 aiebat
3334 965 3499 1035 (idem
3520 970 3753 1024 sentien-

2175 1034 2298 1085 dum
2322 1033 2401 1105 de
2423 1033 2623 1105 Spiritu
2652 1032 2870 1103 sancto)
2895 1033 3126 1097 gemino,
3152 1032 3374 1105 perinde
3397 1051 3459 1089 ac
3490 1046 3747 1105 nostrum,

2176 1104 2406 1171 spectari
2435 1116 2590 1170 posse
2612 1102 2664 1153 in
2689 1102 2859 1172 statu,
2876 1108 3254 1172 proutncmpe
3280 1103 3359 1156 vel
3385 1105 3651 1161 ἐνδιάθετον
3673 1102 3755 1161 θεὲ

2176 1181 2286 1233 set,
2320 1172 2401 1247 vel
2434 1173 2752 1247 npopopixéu.
2796 1171 2872 1247 (l_n
2894 1171 3102 1247 Scholis
3132 1171 3673 1247 dieunt,__immanens
3699 1185 3751 1232 et

2180 1240 2489 1309 transiens.)
2530 1240 2793 1307 Quamdiu
2826 1241 2875 1293 in
2906 1240 3016 1293 Deo
3045 1250 3143 1306 est,
3177 1259 3280 1295 non
3311 1244 3469 1297 aliam
3500 1246 3678 1309 habet,
3708 1248 3753 1300 si

2180 1310 2345 1364 Paulo
2374 1309 2667 1374 credimus,
2709 1309 3036 1380 hypostasim
3064 1326 3223 1379 quam
3254 1313 3531 1381 ipsiusmet
3563 1316 3752 1369 intelli-

2179 1382 2371 1448 gentis,
2414 1388 2472 1433 ut
2513 1394 2683 1448 neque
2730 1388 3000 1442 nostrum,
3042 1396 3163 1433 cum
3197 1382 3411 1435 insitum
3447 1385 3748 1449 cogitatur:

2180 1465 2302 1502 cum
2349 1458 2526 1503 autem
2568 1449 2837 1519 profertur
2884 1450 3160 1519 exterius,
3211 1451 3458 1519 forasque
3507 1456 3750 1518 mittitur,

2181 1534 2333 1591 suam
2378 1518 2797 1587 incipit’habere
2842 1518 3159 1591 distinctam
3185 1535 3214 1571 a
3256 1518 3561 1588 proferente
3591 1525 3755 1591 hypo-

2182 1589 2385 1653 stasim,
2419 1583 2575 1657 quam
2605 1596 2785 1641 tamen
2816 1589 3037 1647 amittit,
3078 1589 3165 1641 ubi
3195 1583 3418 1657 primum
3444 1583 3753 1645 redierit-ad

2185 1658 2349 1711 Deum
2392 1656 2550 1726 aquo
2581 1665 2949 1727 processerat,
2980 1656 3207 1727 adeptis
3238 1659 3583 1727 implendum.
3630 1661 3753 1715 Ver-

2185 1728 2310 1780 bum
2341 1742 2467 1793 ergo
2508 1728 2741 1781 divinum
2790 1726 2986 1779 Paulus
3033 1726 3259 1780 faciebat
3299 1726 3353 1781 et
3400 1732 3752 1794 ἔννπόστατον,

2118 1770 2157 1827 Β
2186 1812 2307 1851 cum
2336 1812 2366 1849 a
2401 1770 2511 1851 Deo
2540 1796 2900 1859 discessisset;
2931 1805 2985 1849 et
3014 1798 3378 1860 ἀνυπόστατον,
3410 1814 3530 1851 cum
3563 1802 3612 1851 in
3646 1773 3754 1854 Deo

2186 1866 2445 1921 resideret
2470 1884 2481 1917 :
2515 1873 2676 1933 atque
2698 1866 2771 1918 ita
2800 1866 3152 1921 ἀνυπόστατον
3181 1875 3307 1920 ante
3328 1868 3551 1929 szecula,
3580 1872 3753 1924 busti-

2189 1957 2378 1991 στατον
2423 1936 2475 1988 in
2521 1943 2780 2001 tempore.
2824 1934 3082 1999 Addebat,
3119 1934 3346 1989 Verbum
3377 1944 3503 1989 tunc
3545 1936 3657 1990 ﬁeri
3698 1938 3755 1989 ti-

2186 2005 2332 2066 lium,
2359 2020 2479 2078 cum
2509 2003 2795 2078 profertur,
2829 2004 3116 2078 incipitque
3142 2006 3635 2078 prepriamhabere
3658 2008 3749 2078 hy—

2259 2076 2479 2137 stasim,
2531 2073 2758 2141 prolatio
2805 2073 2947 2127 enim
2976 2074 3203 2141 ipsamet
3256 2083 3335 2127 est
3381 2074 3471 2127 lilii
3512 2076 3676 2129 editio
3697 2073 3755 2130 in

2209 2159 2377 2213 ncem.
2419 2142 2659 2213 Addebat
2698 2143 2857 2213 etiam
2890 2150 3015 2195 tunc
3046 2144 3300 2213 temporis
3330 2143 3498 2197 Deum
3528 2146 3753 2213 aliquem

2188 2211 2320 2276 ﬁeri,
2349 2229 2451 2265 non
2483 2211 2655 2275 ἀΐδιον,
2681 2221 2733 2264 et
2760 2211 2849 2277 qui
2871 2212 2939 2264 ab
2960 2212 3258 2280 aeternitate
3280 2228 3374 2280 per
3391 2229 3448 2266 se
3478 2211 3755 2277 subsistat;

2186 2283 2277 2350 qui
2298 2282 2436 2335 enim
2463 2281 2610 2334 lieret
2628 2279 2771 2347 quod
2797 2287 2911 2350 erat
2928 2281 2951 2332 ?
2970 2278 3073 2350 Sed
3096 2278 3363 2334 recentem
3394 2292 3449 2334 et
3472 2284 3756 2348 novellum,

2187 2360 2246 2404 ut
2273 2352 2361 2420 qui
2400 2350 2679 2420 Nazarethi
2709 2349 2942 2417 incaepit.
2984 2349 3119 2420 Quin
3160 2351 3320 2403 etiam
3350 2353 3595 2414 volebat,
3626 2353 3758 2405 Ver-

2188 2418 2311 2475 bum
2338 2418 2531 2473 factum
2562 2418 2772 2487 Filium,
2805 2427 2860 2472 et
2888 2434 2985 2487 per
3013 2436 3070 2472 se
3089 2419 3197 2486 jam
3230 2420 3394 2472 Deum
3419 2423 3755 2485 existentem,

2186 2489 2526 2543 descendisse
2554 2488 2605 2540 in
2634 2486 2813 2541 Jesum
2832 2529 2864 2558 ,ν
2887 2486 2939 2541 in
2981 2503 3154 2555 eoque
3183 2498 3423 2557 patrasse
3452 2507 3616 2558 opera
3640 2506 3756 2558 qua:

2188 2558 2589 2611 admirationem
2633 2557 2970 2625 pepererint:
3021 2572 3127 2624 quo
3177 2568 3351 2611 tamen
3394 2557 3602 2623 relicto,
3643 2557 3759 2613 dim

2187 2629 2383 2697 passio,
2417 2636 2507 2697 aut
2534 2636 2678 2681 certe
2707 2642 2870 2697 mors,
2901 2629 3246 2695 impenderet,
3280 2631 3548 2683 rev-classe
3574 2630 3638 2683 ad
3660 2628 3759 2681 Pa-

2188 2696 2325 2751 trem
2352 2715 2362 2748 :
2400 2696 2657 2763 ideoque,
2690 2711 2787 2766 nec
2811 2696 3039 2749 Verbum
3068 2698 3172 2750 dici
3200 2714 3359 2766 posse
3390 2715 3635 2766 passum,
3667 2713 3763 2752 nec

2191 2768 2357 2822 Deum
2411 2774 2699 2820 mortuum.
2740 2765 3083 2836 _D_esertionis
3124 2765 3498 2833 argumentum
3547 2768 3762 2836 putabat

2186 2836 2569 2898 certissimum,
2612 2834 2757 2902 quod
2786 2833 2939 2888 Jesus
2969 2836 3107 2888 inter
3131 2837 3510 2904 exspirantium
3539 2833 3763 2891 clamas-

2188 2916 2270 2962 set
2296 2925 2307 2957 :
2342 2905 2481 2958 Deus
2511 2904 2646 2957 Deus
2667 2920 2825 2975 meus,
2858 2921 3015 2975 quare
3034 2921 3113 2975 me
3133 2906 3446 2975 dereliqmsti
3463 2907 3488 2958 ?

2260 2976 2351 3029 Sic
2378 2990 2437 3028 se
2459 2976 2616 3028 habet
2646 2974 3026 3043 insanicapitis
3056 2974 3390 3041 ﬁgmentum;
3426 2974 3766 3030 nihilominus

2192 3045 2314 3099 inde
2343 3046 2541 3104 omnia,
2571 3058 2690 3111 qum
2718 3042 2784 3095 de
2812 3042 3166 3096 Samosateno
3196 3060 3227 3097 a
3256 3045 3525 3098 veteribus
3548 3045 3764 3099 tradim-

594 3114 920 3185 Epiphanius
942 3110 1168 3183 (Hazresi
1197 3110 1327 3185 615:);
1359 3113 1456 3166 Est
1480 3124 1648 3185 autem
1673 3114 1824 3167 Pauli
1853 3115 1958 3168 hau:
1980 3115 2090 3182 opi—
2118 3127 2159 3185 ρ
2192 3126 2296 3185 tur,
2328 3130 2434 3167 non
2463 3112 2661 3185 difficili
2692 3113 3157 3185 negotiointelligi
3188 3123 3432 3181 possunt.

522 3181 830 3249 uim—Deum
872 3181 1098 3253 Patrem,
1148 3193 1197 3253 et
1225 3181 1438 3253 Filium,
1476 3201 1536 3235 uc
1578 3184 1827 3253 Spiritum
1855 3181 2087 3237 sanctum

522 3271 679 3308 unum
700 3269 808 3307 esse
828 3253 1010 3305 Deum.
1044 3252 1262 3305 Verbum
1293 3251 1386 3304 Dei
1406 3251 2090 3321 ejusque'Spiritumyinesse

524 3324 633 3377 Deo
656 3334 912 3392 perpetuo,
931 3324 1066 3392 sicu_t
1081 3322 1302 3392 hominis
1329 3322 1381 3372 in
1408 3319 1560 3392 corde
1582 3319 1842 3390 proprium
1871 3319 2089 3392 Verbum

521 3388 690 3446 inesse
716 3388 985 3443 cernimus.
1022 3390 1215 3443 Filium
1265 3388 1360 3441 Dei
1388 3388 1765 3443 subsistentiam
1792 3390 1976 3442 habere
2004 3408 2092 3446 per

525 3478 636 3513 sese
663 3460 888 3522 nullam,
919 3460 1007 3510 sed
1028 3460 1081 3510 in
1116 3458 1221 3510 Deo
1250 3459 1537 3510 subsistere.
1572 3458 1652 3509 Ad
1696 3459 1803 3511 haec
1832 3459 1926 3510 Dei
1969 3458 2093 3511 Ver-

528 3530 642 3581 bum
664 3530 717 3581 in
749 3537 910 3581 terras
928 3527 1208 3596 delapsum,
1231 3528 1284 3578 in
1310 3525 1340 3577 ¹1
1348 3543 1455 3596 esu,
1485 3528 1567 3596 qui
1589 3528 1737 3580 homo
1758 3544 1925 3580 merus
1941 3538 2089 3589 esset,

526 3598 803 3651 habitasse.
832 3596 916 3649 Ita
944 3595 1103 3661 unus,
1134 3596 1298 3666 i_nquit
1329 3595 1447 3666 ille,
1482 3595 1620 3649 Deus
1649 3606 1723 3666 est
1750 3614 1766 3649 :
1812 3612 1970 3666 neque
2005 3608 2094 3649 aut

528 3666 690 3721 Pater
715 3676 791 3720 est
818 3666 994 3729 Pater,
1021 3675 1109 3718 aut
1128 3664 1177 3735 ﬁ:
1180 3662 1298 3717 ilius
1320 3662 1519 3735 Filius,
1534 3675 1622 3717 aut
1643 3665 1868 3735 Spiritus
1888 3662 2092 3720 sanctus

530 3737 755 3804 Spiritus
787 3745 862 3788 est
890 3744 1112 3804 sanctus.
1149 3733 1314 3787 Immo
1342 3750 1455 3787 vero
1487 3733 1621 3787 Deus
1646 3733 1777 3787 unus
1805 3745 1882 3787 est
1912 3734 2091 3800 Pater,

528 3803 582 3859 et
601 3807 756 3876 hujus
781 3806 835 3857 in
856 3806 967 3874 ipso
998 3803 1195 3876 Filius,
1219 3811 1273 3855 ut
1297 3812 1373 3855 est
1398 3804 1677 3876 in__homine
1697 3820 1882 3876 sermo.

600 3870 891 3942 Uti-umque
906 3881 1118 3928 secutus
1130 3872 1392 3926 Mercator
1414 3870 1684 3942 (Epistide
1695 3872 2094 3938 Discrim.,etc.,

528 3961 670 3997 num.
712 3941 1129 4011 l).’Nestorius,
1177 3942 1372 4008 inquit,
1412 3942 1547 4011 circa
1586 3941 1801 3995 Verbum
1835 3942 1954 4006 Dei,
1992 3960 2096 3997 non

562 4014 727 4066 uidem
747 4010 803 4064 ut
826 4011 1022 4064 Paulus
1042 4012 1212 4072 sentit,
1273 4012 1323 4063 ui
1346 4027 1443 4063 non
1466 4010 1847 4064 substantivum.
1881 4013 1971 4064 sed
1985 4030 2102 4081 pro-

529 4032 749 4129 ?atitium
773 4083 1011 4129 uolentia:
1039 4080 1134 4129 Dei
1180 4028 1361 4129 edicam:
1401 4078 1617 4129 Verbum
1644 4096 1753 4129 esse
1801 4080 1998 4129 definit.
2033 4081 2098 4129 Et

549 4028 727 4082 yumem
747 4028 803 4064 ut
826 4028 1022 4064 ramus
1042 4028 1212 4072 senm,
1273 4028 1323 4063 ut
1346 4028 1443 4063 non
1466 4028 1847 4064 substanuwm.
1881 4028 1969 4064 sea
1985 4030 2098 4081 pro-

549 4084 749 4135 atitium
772 4083 1011 4149 potentia:
1039 4080 1134 4133 Dei
1180 4028 1361 4147 enicas
1401 4078 1617 4132 Verbum
1644 4096 1753 4149 esse
1801 4080 1998 4149 deﬁnit.
2032 4081 2098 4135 Et

531 4153 634 4204 alio
659 4153 709 4204 in
733 4146 851 4203 loco
873 4148 1185 4220 (Indissert.
1201 4148 1276 4220 μά
1302 4148 1364 4200 1⁸2
1384 4150 1642 4201 auat/tem.
1678 4146 1928 4213 Nestorii,
1954 4167 2093 4204 num.

532 4221 618 4288 19)
654 4239 666 4272 :
701 4216 893 4291 Paulus
939 4218 1153 4291 Verbum
1190 4216 1284 4291 Dei
1336 4223 1658 4291 προφορικὸν.
1698 4222 1782 4272 καὶ
1826 4224 2101 4288 πρακτικὸν

532 4287 667 4360 λόγον
701 4290 753 4344 δὲ
800 4290 1119 4360 ignorati»,
1154 4287 1207 4360 id
1238 4297 1331 4349 est,
1378 4287 1714 4360 proﬂttivum,
1752 4297 1800 4340 et
1836 4293 2099 4360 potestatis

529 4357 810 4426 elfectivum
834 4357 1051 4412 Verbum
1066 4359 1241 4421 sensit,
1262 4373 1362 4410 non
1378 4358 1765 4418 substantivum,
1786 4358 1917 4426 quod
1935 4358 2100 4413 Grazci

530 4426 776 4486 οὐσιώδις
805 4427 999 4479 dicunt.

2263 3183 2496 3237 Primum
2536 3183 2695 3249 igitur
2728 3182 2955 3234 asseruit
2991 3181 3224 3235 Verbum
3253 3197 3371 3236 esse
3400 3184 3762 3248 ἀνυπόστατον,

2188 3269 2309 3333 cum
2334 3251 2619 3333 profertiir,
2642 3260 2706 3333 ,ει
2745 3252 3116 3333 iuuabunt-oo,
3148 3267 3269 3305 cum
3298 3253 3433 3320 apud
3456 3252 3618 3331 Deum
3648 3260 3757 3333 est.

2262 3320 2460 3375 Deinde
2480 3361 2493 3384 ,
2532 3320 2764 3374 Verbum
2795 3320 2932 3373 idem
2963 3328 3220 3373 aeternum
3252 3336 3396 3384 esse,
3422 3337 3538 3376 cum
3569 3322 3621 3373 in
3648 3321 3765 3375 Deo

2191 3392 2423 3513 \Fi‘elrbum
2467 3398 2670 3443 tantum
2708 3395 2822 3453 est;
2868 3397 2922 3442 et
2965 3390 3292 3458 temporale,
3343 3406 3464 3444 cum
3502 3391 3675 3444 evasit
3710 3390 3766 3443 in

2244 3475 2409 3513 num.

2244 3475 2409 3513 ιιιιιηι.

2263 3528 2443 3583 Tertio
2466 3569 2481 3591 ,
2514 3528 2726 3582 unicum
2766 3542 2884 3582 esse
2928 3527 3094 3582 Deum
3141 3529 3365 3587 ἀληθινὸν
3394 3535 3449 3582 et
3476 3538 3767 3589 :eternum.

2192 3598 2282 3665 qui
2313 3597 2502 3662 Pater;
2548 3597 2643 3668 sed
2672 3597 2807 3651 alios
2826 3605 3082 3668 pt-:eterea
3121 3597 3255 3651 duos
3296 3599 3646 3668 temporales,
3679 3597 3767 3666 qti

2194 3668 2425 3721 Verbum
2456 3676 2510 3721 et
2533 3666 2820 3735 sapientia,
2852 3682 2973 3721 cum
3002 3667 3303 3735 mittuntur.

2265 3738 2486 3803 Quarto,
2517 3734 2651 3790 ducs
2680 3737 2948 3789 exstitisse
2978 3736 3028 3789 in
3063 3734 3277 3789 Christo
3316 3735 3482 3790 Filios
3519 3736 3643 3802 Dei,
3675 3734 3769 3789 sed

2196 3822 2357 3860 unum
2390 3815 2596 3866 natura,
2630 3805 2855 3859 alterum
2883 3805 3199 3874 adoptione;
3234 3807 3480 3875 hancque
3507 3821 3625 3860 esse
3658 3821 3774 3875 pas-

2197 3892 2335 3933 sum.
2370 3875 2515 3928 illum
2539 3891 2645 3928 non
2672 3875 2817 3928 item.

2266 3944 2346 3997 Ex
2375 3946 2455 3997 his
2483 3946 2644 3997 etiam
2674 3943 2985 4011 intelligitur
3021 3958 3126 4011 qua
3172 3950 3327 4011 parte
3372 3959 3492 3997 cum
3533 3942 3767 3997 Sabellio

2198 4013 2265 4067 de
2306 4014 2561 4067 Trinitate
2607 4013 2917 4067 convenerit
2940 4051 2988 4082 ,Δ
3006 4022 3061 4065 et
3103 4014 3606 4082 qua’pugnaverit:
3651 4028 3769 4065 nam

2200 4091 2425 4152 uterque
2471 4083 2682 4136 sustulit
2729 4084 2901 4150 reipsa
2950 4080 3305 4152 Trinitatem,
3342 4080 3458 4135 sed
3506 4082 3773 4135 Sabellius

2201 4150 2429 4206 Verbum
2451 4160 2505 4205 et
2533 4152 2857 4220 Sapientiam
2872 4165 3032 4220 _mera
3062 4150 3196 4205 dixit
3219 4167 3337 4205 esse
3367 4153 3582 4204 nomina
3618 4153 3773 4204 unius

2202 4221 2296 4275 Dei
2315 4222 2522 4275 diverse
2545 4218 2835 4290 operantis.
2868 4218 3063 4290 Paulus
3096 4220 3329 4274 Verbum
3361 4230 3413 4274 et
3440 4220 3773 4290 Sapientiam

2202 4290 2418 4343 nolebat
2446 4290 2511 4344 ab
2539 4288 2738 4343 afterno
2774 4304 2891 4343 esse
2930 4288 3208 4344 ἐνδιάθετον
3236 4290 3483 4357 quiddam
3501 4288 3691 4359 {quod
3720 4290 3771 4343 in

2205 4369 2445 4427 tempore
2472 4368 2527 4412 et
2546 4360 2717 4413 emitti
2746 4366 2952 4427 posset,
2991 4367 3043 4411 et
3079 4374 3175 4427 per
3210 4374 3270 4412 se
3309 4359 3557 4427 existere.
3622 4358 3773 4411 Unde

2203 4425 2464 4482 Sabellius
2492 4427 2704 4481 Patrem
2738 4425 2914 4481 aiebat
2951 4425 3280 4481 incarnatum
3310 4425 3496 4491 fuisse,
3529 4430 3692 4481 immo
3717 4436 3772 4481 et

602 4495 718 4550 Non
742 4485 915 4548 minus
938 4497 1138 4578 incerta
1167 4503 1247 4578 est
1274 4496 1473 4575 veritas
1496 4496 1765 4564 opinionis
1797 4510 1958 4563 quam
1980 4498 2094 4578 _(_)ri-
2132 4485 2177 4543 Ι)
2202 4513 2441 4578 passum;
2490 4499 2716 4563 negabat
2762 4496 2957 4578 Paulus
2983 4514 2994 4547 :
3036 4507 3197 4578 atque
3239 4497 3318 4577 ita_
3349 4485 3772 4578 Patripassianus

529 4582 636 4635 go:
672 4580 789 4618 nam
829 4563 1097 4632 quomodo
1142 4565 1414 4635 cohaerent
1444 4563 1576 4630 ista,
1622 4580 1740 4633 qua:
1768 4578 1799 4617 a
1827 4566 2094 4620 veteribus

530 4633 743 4697 iradita,
777 4643 831 4687 et
858 4650 887 4687 a
908 4633 1590 4702 consequentibusreeepta
1612 4642 1751 4697 sunt,
1778 4649 1897 4688 cum
1918 4638 2095 4690 verbis

530 4706 809 4771 ipsiusmet
850 4702 995 4755 Pauli
1024 4702 1155 4771 duas
1177 4701 1403 4771 dicentis
1438 4701 1730 4771 inLChristo
1758 4704 2090 4771 h'ypostases,

530 4768 770 4841 duasque
811 4786 1095 4841 personas,
1129 4770 1290 4841 immo
1323 4770 1458 4823 duos
1488 4768 1653 4836 filios,
1692 4768 1852 4825 unum
1883 4780 2090 4837 natura,

530 4844 620 4911 qui
652 4838 746 4896 fuit
774 4838 899 4911 ante
944 4840 1154 4911 saecula,
1186 4838 1413 4911 alterum
1441 4842 1546 4896 καθ’
1577 4841 1887 4911 ὁμωνυμίαν,
1920 4844 2008 4909 qui
2043 4845 2094 4897 in

534 4908 806 4982 tcinpore?
844 4910 983 4982 Nam
1020 4910 1064 4963 si
1094 4908 1413 4982 Verbumet
1451 4908 1613 4965 homo
1631 4908 1755 4982 sunt
1776 4913 1898 4982 dua;
1922 4911 2091 4982 hypo-

531 4977 702 5036 stases
748 4982 800 5034 in
832 4979 1076 5043 Christo,
1138 4977 1279 5047 quod
1319 4978 1503 5033 decem
1546 4981 1670 5033 totis
1714 4977 2093 5047 quies-tionibus

534 5049 727 5104 Paulus
756 5051 961 5119 prolixe
988 5049 1209 5119 probat,
1236 5050 1515 5119 quomodo
1544 5048 1772 5119 Verbum
1797 5057 1878 5119 est
1906 5048 2087 5119 ἀνρπόο

533 5116 859 5174 στατονῗΑιι
882 5116 1015 5173 forte
1039 5116 1213 5171 Patris
1233 5118 1530 5187 liypostasis
1559 5120 1728 5186 rcipsa
1754 5118 1849 5170 fuit
1871 5118 1921 5169 in
1943 5117 2095 5171 Cbri-
2151 5170 2157 5175 ,

532 5196 636 5250 sto,
662 5189 754 5241 sed
784 5204 887 5242 non
915 5189 1183 5241 diceretur
1212 5194 1407 5250 tamen,
1434 5188 1575 5255 quod
1604 5188 1771 5241 sensit
1796 5187 2097 5241 Sabellius?

533 5256 637 5309 Sed
658 5258 926 5324 quomodo
959 5255 1171 5318 Paulus,
1205 5256 1246 5309 si
1273 5270 1358 5309 res
1386 5254 1463 5309 ita
1487 5272 1546 5310 se
1575 5257 1815 5321 haberet,
1847 5272 1952 5310 non
1978 5254 2101 5309 fuis-

533 5338 617 5378 set
679 5323 897 5394 perinde
945 5324 1364 5393 Patripassianus
1408 5335 1567 5394 atque
1610 5326 1901 5385 Sabellius,
1956 5328 2097 5392 quoi
2136 5323 2142 5329 ’

535 5404 711 5448 tamen
752 5410 782 5449 e
826 5394 1093 5449 veteribus
1123 5394 1505 5464 nemoqtradit,
1549 5396 1725 5464 plures
1750 5396 1981 5461 negant?
2016 5396 2093 5447 An

534 5465 867 5536 supposititia
904 5472 985 5536 est
1026 5465 1249 5533 epistola
1284 5462 1523 5536 Dionysii
1551 5462 1921 5536 'Alertandrini,
1953 5464 2094 5536 quod

536 5534 862 5597 nonuemini,
893 5534 1172 5602 desperata
1196 5534 1320 5588 nodi
1343 5534 1627 5599 solutione,
1654 5534 1787 5588 forte
1816 5535 2021 5602 venerit
2045 5534 2094 5586 in

534 5604 807 5674 mentem?
854 5604 919 5656 At
961 5601 1086 5671 quid
1135 5604 1223 5674 lict
1270 5603 1594 5674 Hieronymo
1631 5603 1841 5674 dicente
1873 5601 2009 5671 (Lib.
2038 5604 2098 5655 de

538 5676 726 5748 Srript.
767 5672 904 5726 Evcl.
941 5690 1054 5743 cap.
1097 5673 1206 5743 69),
1242 5672 1494 5728 adversus
1551 5672 1768 5725 Paulum
1796 5672 2102 5725 Samosata-

2200 4567 2289 4620 ille
2318 4575 2536 4621 vocatus
2553 4574 2634 4620 est
2654 4581 2684 4618 a
2712 4567 2981 4620 veteribus
3009 4568 3273 4629 omnibus,
3306 4568 3405 4619 iste
3433 4582 3466 4620 a
3495 4568 3663 4620 nullo.

2271 4635 2385 4701 Qua
2408 4636 2689 4690 occasione
2719 4636 2879 4688 aliam
2910 4635 3195 4689 observare
3226 4636 3349 4689 licet
3379 4636 3600 4690 Sabellii
3634 4635 3770 4688 Pau-

2200 4705 2343 4772 lique
2388 4705 2759 4758 differentiam.
2800 4702 2953 4757 Prior
2998 4706 3140 4757 enim
3175 4705 3425 4758 unionem
3464 4714 3771 4758 naturarum

2198 4775 2301 4829 καθ⁴
2329 4776 2615 4830 ὑπόστασιν
2642 4774 2858 4840 agnovit
2891 4791 2903 4825 :
2942 4774 3212 4840 quomodo
3250 4775 3389 4828 enim
3431 4774 3636 4842 alioqui
3677 4773 3774 4825 Pa-

2200 4854 2337 4896 trem
2385 4858 2607 4913 passumr
2638 4843 2881 4913 diceret,
2922 4843 3157 4913 patiente
3202 4842 3453 4913 Christo?
3499 4841 3773 4913 Posterior

2200 4910 2441 4966 eamdem
2470 4912 2688 4965 omnino
2726 4910 2942 4979 reiecit,
2973 4912 3233 4979 siquidem
3266 4912 3397 4967 duas
3426 4928 3547 4967 esse
3578 4912 3777 4965 Christi

2200 4997 2489 5052 personas,
2529 4982 2769 5048 duosque
2796 4981 2891 5034 Dei
2917 4980 3109 5046 Filios,
3152 4997 3273 5036 cum
3300 4983 3496 5036 unione
3525 4982 3780 5052 byposta-

2200 5052 2301 5105 tica
2333 5051 2477 5104 omni
2506 5065 2573 5104 ex
2595 5057 2746 5117 parte
2766 5058 2984 5118 pugnat.

2268 5120 2525 5173 Secunda:
2550 5120 2859 5187 quaestionis
2876 5118 3144 5172 solvendtc
3168 5117 3373 5173 facilior
3393 5128 3474 5173 est
3503 5120 3782 5187 magisque

2199 5190 2447 5258 expedita
2495 5189 2651 5241 ratio.
2716 5187 2844 5240 Nam
2892 5187 3036 5257 quod
3083 5189 3156 5241 ait
3197 5188 3481 5251 Mercator,
3526 5206 3559 5240 a
3611 5188 3783 5241 Paulo

2199 5257 2487 5320 Christum,
2529 5259 2861 5309 communiter
2901 5266 2957 5308 ut
2995 5259 3184 5320 caeteri,
3212 5268 3389 5309 uatum
3430 5259 3688 5310 hominem
3718 5273 3783 5309 ex

2200 5340 2427 5398 utroque,
2455 5335 2672 5398 parente
2700 5326 2936 5398 deﬁniri;
2972 5326 3181 5398 videtur
3209 5326 3422 5395 quidem
3452 5328 3782 5398 contrarium

2202 5395 2375 5450 verbis
2406 5395 2676 5448 Athanasii
2707 5410 2830 5447 mox
2860 5395 3033 5447 allatis
3056 5435 3071 5458 ,
3124 5396 3492 5449 Samosatenus
3526 5395 3691 5447 Deum
3716 5410 3782 5447 ex

2210 5464 2417 5534 Virgine
2445 5464 2733 5532 conﬁtetur,
2766 5472 2819 5517 et
2847 5464 3262 5534 istisipsiusmet
3290 5462 3474 5523 Pauli,
3508 5464 3783 5534 Crescebat

2199 5532 2352 5613 {esus
2373 5551 2436 5613 er
2460 5534 2655 5613 Spiritu
2685 5542 2863 5587 sancto
2886 5545 2934 5587 et
2952 5533 3120 5613 aria
3153 5533 3363 5613 Virgine
3384 5544 3535 5613 natus
3555 5532 3779 5612 (Quint.

2204 5602 2276 5671 Si).
2310 5602 2415 5656 Sed
2446 5601 2614 5671 reipsa
2640 5618 2744 5655 non
2768 5611 2983 5671 pugnat.
3034 5601 3215 5669 Neque
3248 5601 3390 5656 enim
3413 5601 3783 5657 controversia

2207 5674 2519 5725 movebatur
2544 5672 2607 5724 de
2637 5680 2803 5725 matre
2841 5672 3070 5735 Christi,
3106 5674 3321 5738 virgone
3363 5672 3662 5742 pepererit,
3712 5685 3782 5724 an
