4022 6182
470 330 608 387 "53

1043 326 1132 381 AD
1173 323 1448 380 PARTEM
1487 311 1855 379 SECUNDAM
1896 319 2177 375 OPERUM
2218 320 2282 374 Μ.
2329 320 2767 378 MERCATORIS
2805 321 3146 377 APPENDIX

3617 322 3737 376 H3“.

535 439 666 521 Inde
693 452 822 521 vero
866 443 1266 521 consequuntur
1293 435 1513 505 reliquie
1544 449 1740 521 .omines
1777 434 2044 521 dpgmatis
2073 442 2121 498 Α
2148 436 2378 521 muliere,
2411 437 2603 521 factum
2620 436 2880 521 sub'lege;
2905 437 3136 521 videlicet
3157 448 3216 521 ut
3227 440 3348 510 quia
3371 449 3525 520 natus
3552 456 3616 521 ea:
3635 457 3743 520 ntu-

466 510 709 566 Pauliani
738 515 953 578 partes,
1002 503 1119 574 quae
1144 508 1330 578 decem
1368 503 1767 578 quaestionibus
1792 503 2045 578 Dionysio

465 574 758 654 propositis
796 577 1156 654 continentur.
1188 575 1264 654 “Si
1292 577 1436 654 enim
1464 575 1582 628 dure
1601 582 1726 654 sunt
1754 574 1806 626 in
1834 574 2047 628 Christo

468 645 813 722 iiypostases,
855 653 1070 715 Oportet
1100 655 1157 699 ut
1183 645 1560 722 Christusnon
1591 645 1662 698 sit
1698 654 1885 722 natura
1914 660 2048 722 apo-

465 715 725 775 stolorum
767 716 908 770 Deus
929 756 943 776 ,
996 725 1182 784 quiest.
1236 715 1294 781 l;
1329 724 1384 769 ut
1405 717 1474 770 sit
1502 724 1690 768 natura
1719 715 1880 784 homo
1911 716 2050 769 sicut

467 806 586 854 nos,
611 794 800 858 qumst.
829 786 894 851 2;
925 783 1032 858 non
1063 787 1252 840 eadem
1285 787 1355 858 sit
1392 787 1694 858 hypostasis
1733 783 1892 858 Verbi
1931 800 2050 858 qua:

466 854 726 919 crucifixi,
759 865 948 924 quiest.
972 857 1005 908 5
1027 872 1042 920 ;
1064 873 1260 926 corpus
1275 854 1478 909 Christi
1505 871 1677 925 neque
1700 854 2044 926 εἰιζωοποξόν,

404 987 410 992 ,
466 945 642 998 neque
697 928 1133 998 incorruptior],
1160 925 1380 998 propter
1422 927 1585 980 vitam
1623 926 1743 998 ipsi
1787 925 2048 986 οὗσιωδῶς

466 995 705 1059 inlitam,
747 995 936 1064 quiest.
975 995 1036 1060 4;
1087 996 1223 1050 ﬁlius
1263 995 1441 1049 Maria:
1468 1011 1572 1049 non
1614 995 1772 1049 fuerit
1800 1004 1926 1049 ante
1951 1011 2050 1049 saa-

466 1071 586 1124 cula
617 1076 671 1122 et
706 1083 826 1121 cum
864 1066 1022 1120 Patre
1061 1067 1296 1134 ingenito
1318 1107 1331 1130 ,
1363 1075 1552 1134 qmest.
1589 1064 1648 1128 5;
1681 1075 1740 1118 ut
1769 1081 1900 1134 puer
1928 1081 2050 1120 cum

466 1147 641 1192 matre
670 1138 876 1204 fugiens
921 1139 972 1190 in
1023 1136 1310 1206 [’Egyptinn
1337 1178 1350 1199 ,
1395 1152 1492 1189 nec
1530 1137 1597 1189 ab
1617 1137 1917 1190 :eternitate
1938 1137 2051 1189 exi-

467 1218 594 1273 stat,
619 1223 720 1262 nec
739 1207 932 1275 ubique
954 1207 1073 1268 loci,
1097 1215 1283 1274 (ιιιιεδι.
1317 1205 1694 1269 6;utVerbu1n
1721 1223 1824 1259 non
1847 1221 2052 1259 assum-

468 1281 636 1350 psorit
681 1277 908 1350 formam
954 1278 1095 1330 servi
1144 1277 1614 1350 sineqhypostasi,
1657 1284 1845 1345 quazst.
1899 1276 1962 1340 7;
1995 1285 2052 1330 ut

468 1346 703 1404 internus
740 1347 844 1401 dici
885 1356 1152 1415 nequeat,
1196 1348 1284 1414 qui
1325 1346 1608 1400 duodecim
1637 1361 1897 1399 annorum
1928 1361 2053 1400 vere

470 1421 646 1474 dictus
675 1426 774 1482 est,
805 1426 996 1485 quaest.
1022 1416 1082 1481 8;
1117 1426 1174 1470 ut
1200 1417 1338 1470 Deus
1361 1430 1581 1483 magnus
1609 1431 1715 1469 non
1741 1415 1928 1477 fuerit,
1960 1417 2052 1484 qui

471 1489 658 1544 esuriit
702 1497 756 1541 ct
803 1487 1095 1546 laboravit,
1127 1495 1316 1554 quaest.
1349 1486 1408 1551 9;
1451 1495 1508 1539 ut
1535 1488 1755 1541 omnino
1785 1487 1923 1538 Deus
1947 1502 2052 1539 non

470 1562 561 1622 sit,
609 1558 700 1628 qui
741 1556 1003 1628 veraciter
1043 1557 1275 1628 dixerit:
1326 1555 1572 1628 Nondum
1608 1555 1817 1608 escendi
1845 1557 1912 1607 ad
1943 1555 2052 1608 Pa-

473 1639 600 1683 trem
621 1626 784 1681 meum
811 1626 988 1696 (Joan.
1022 1643 1110 1689 xx,
1146 1627 1256 1695 l7),
1287 1635 1476 1696 quatst.
1515 1626 1597 1678 ‘10.

541 1698 648 1752 Sed
677 1706 733 1750 ut
755 1694 867 1750 haec
885 1697 1184 1750 distinctius
1211 1694 1383 1749 adhuc
1411 1705 1716 1757 cernanttir,
1743 1694 2055 1749 revocandze

470 1778 594 1823 sunt
623 1769 675 1821 in
704 1767 1017 1820 memoriam
1045 1768 1281 1834 quinque
1306 1776 1483 1834 partes
1511 1765 1760 1819 catholici
1791 1765 2056 1832 dogmatis

469 1855 605 1908 quas
633 1839 806 1906 capite
830 1835 853 1887 l
881 1836 1220 1908 distinximus
1245 1854 1256 1886 :
1294 1851 1419 1908 nam
1440 1836 1723 1908 inprima,
1752 1835 2054 1908 quod_\ier-

469 1903 597 1964 lium
645 1903 715 1962 sit
764 1906 1261 1960 consubstantivum
1311 1905 1472 1970 Patri,
1505 1903 1778 1959 Nestorius
1823 1921 1852 1957 a
1891 1903 2058 1959 Paulo

471 1981 742 2038 dissensit,
770 1976 929 2043 idque
946 1976 1210 2029 Mercator
1242 1976 1467 2029 monuit.
2003 2002 2005 2004 -

543 2048 728 2112 Quoad
756 2046 1062 2108 secundam,
1104 2045 1245 2113 quod
1279 2045 1507 2100 Verbum
1542 2046 1800 2112 integram
1830 2045 2061 2099 hominis

471 2128 718 2172 naturam
749 2117 1118 2184 assumpserit,
1153 2124 1206 2169 ct
1237 2132 1341 2169 non
1365 2131 1578 2170 carnem
1603 2118 1790 2177 solam,
1818 2115 1900 2168 vel
1941 2116 2058 2168 ani-

471 2205 572 2242 mae
604 2188 684 2242 vel
715 2187 909 2240 mentis
924 2194 1218 2254 expertem,
1241 2194 1463 2254 uterque
1485 2201 1606 2239 cum
1629 2186 1906 2240 catholicis
1927 2200 2058 2238 eoa-

472 2259 636 2312 venit.
680 2258 754 2310 De
785 2259 958 2320 tertia,
983 2256 1124 2323 quod
1155 2257 1446 2324 assumptio
1477 2257 1526 2308 in
1561 2258 1673 2325 ipso
1698 2255 1876 2308 Maria:
1906 2264 2060 2325 utero

491 2337 690 2382 )eracta
721 2328 807 2388 sit,
839 2335 1061 2393 uterque
1089 2333 1236 2378 recte
1265 2330 1443 2380 sentit.
1467 2331 1519 2379 ln
1541 2324 1910 2394 quarta,quod
1933 2324 2061 2378 Ver-

491 2346 690 2382 )Cl‘thlil
721 2346 807 2388 Sil,
839 2346 1061 2393 Utcrquc
1089 2346 1236 2378 I‘CClC
1265 2346 1443 2380 SBIIHL.
1467 2346 1519 2379 ιιι
1541 2346 1910 2394 quarta,quml
1941 2346 2061 2378 ver-

472 2346 596 2452 Ltlll’l
627 2397 1006 2452 indissolubilis
1022 2412 1190 2449 nexus
1219 2396 1463 2448 humana:
1491 2409 1692 2450 natum
1722 2396 1956 2464 copulet,
1981 2395 2062 2447 di-

471 2485 658 2522 versus
679 2467 810 2521 abiit
831 2483 860 2519 a
879 2465 1043 2519 Paulo
1065 2465 1368 2530 Nestorius;
1393 2467 1478 2520 hic
1493 2468 1634 2519 enim
1657 2466 1936 2527 catholico,
1961 2465 2062 2518 iste

473 2546 660 2592 contra
691 2538 923 2592 sensisse
953 2535 1147 2599 fertur,
1181 2536 1494 2589 derelictum
1541 2551 1732 2604 nempe
1773 2535 2060 2602 aliquando

475 2624 504 2660 a
531 2607 706 2662 Verbo
737 2607 1026 2660 hominem.
1053 2605 1424 2675 Quodspectat
1446 2606 1511 2658 ad
1541 2607 1804 2675 quintam,
1825 2605 1891 2658 de
1915 2605 2062 2658 unio-

476 2680 558 2732 nis
587 2678 746 2731 modo
775 2677 880 2730 καθ’
902 2677 1204 2737 ὑπόστασιν,
1239 2684 1462 2743 uterque
1503 2691 1531 2728 a
1564 2678 1787 2730 veritate
1817 2675 2058 2740 recessit,

473 2749 566 2802 sed
589 2755 774 2817 aperte
797 2746 1018 2817 Paulus,
1045 2745 1321 2817 Nestorius
1354 2746 1770 2817 dissimulanter.
1803 2745 1896 2799 Ille
1917 2745 2061 2798 enim

475 2815 917 2874 dmsinanifeste
946 2815 1084 2867 ﬁlios
1111 2816 1393 2880 dixit;iste
1424 2815 1552 2868 nihil
1583 2833 1688 2869 non
1719 2817 1933 2868 molitus
1954 2823 2056 2878 est,

469 2897 536 2941 ut
565 2903 631 2940 ne
659 2888 792 2941 duas
811 2887 1084 2939 videretur
1112 2900 1368 2953 personas
1389 2886 1441 2938 in
1469 2885 1703 2949 Christo,
1737 2885 1980 2955 duosque
2007 2885 2063 2936 ﬁ-

468 2958 576 3012 lios
595 2965 648 3011 et
668 2957 914 3010 dominos
942 2955 1239 3009 admittere.

546 3026 771 3096 Oportet
798 3035 976 3096 autem
1006 3024 1072 3077 ad
1101 3040 1163 3078 ea
1185 3037 1304 3094 qua)
1331 3040 1458 3079 mox
1485 3025 1626 3080 dicta
1647 3033 1771 3080 sunt
1794 3040 1823 3078 a
1852 3023 2058 3080 Merca—

469 3095 606 3152 tore
626 3098 676 3151 id
705 3096 847 3165 quod
893 3095 991 3148 fuit
1020 3096 1071 3147 in
1103 3097 1389 3164 partitione
1423 3104 1754 3164 postremum
1795 3110 2057 3164 qinerere,

2147 505 2271 557 liere
2299 521 2404 558 non
2426 515 2502 559 est
2525 506 2682 567 Deus,
2716 505 2938 560 Verbum
2969 506 3017 558 F
3021 509 3140 561 ilius
3169 511 3216 562 ei
3239 505 3363 562 'non
3385 511 3471 571 sit,
3503 510 3593 563 sed
3613 511 3740 564 alius

2149 576 2603 715 03mm
2631 587 2784 648 partu
2807 577 3039 632 mulieris
3079 577 3342 649 (Dissert.
3375 581 3446 633 ad
3477 578 3736 634 lianatlt.

2151 661 2292 697 nam.
2318 661 2370 710 υ,
2403 661 2509 710 ιυ).

2223 713 2750 783 ldipsumMercator
2777 724 2966 787 postea
2995 717 3493 787 longeavidentius
3523 717 3738 774 demon-

2151 787 2655 858 strathiterumque
2683 796 2867 842 mouet
2889 788 3169 851 lectorem,
3199 803 3268 844 ne
3296 789 3398 844 sibi
3433 789 3667 858 patiatur
3689 791 3740 842 il-

2153 854 2285 930 ludi.
2303 852 2452 930 Quod
2473 852 2589 930 ejus
2605 858 2884 930 impietatis
2900 874 3059 928 genus
3081 875 3182 912 non
3205 858 3290 911 hic
3307 875 3362 912 tn
3382 852 3483 912 ista
3498 861 3734 930 capitulo,

2151 925 2242 980 sed
2268 925 2324 977 in
2350 927 2467 979 aliis
2487 925 2714 995 scriptis,
2737 929 2792 980 in
2811 925 2916 982 isto
2935 937 3104 982 tamen
3123 930 3298 982 codice
3320 925 3621 992 insertis,'et
3641 940 3738 982 tra-

2153 996 2693 1069 ctatibuscontinetur
2717 1007 2765 1050 et
2794 999 2998 1069 legitur.
3033 997 3101 1069 Et
3126 998 3248 1052 inde
3269 1007 3345 1052 est
3366 1000 3504 1069 quod
3531 1001 3739 1053 catholi-

2152 1082 2242 1119 cus
2271 1067 2356 1136 qui
2378 1067 2502 1135 legit
2517 1078 2697 1121 cautus
2713 1084 2822 1121 esse
2845 1067 2996 1121 debet
3022 1067 3087 1122 de
3105 1070 3353 1122 varietate
3379 1067 3430 1122 et
3448 1071 3738 1123 inconstan-

2156 1138 2244 1197 tia,
2277 1153 2430 1206 quam
2459 1147 2629 1206 utrum
2663 1139 2884 1202 astutia,
2926 1154 2996 1190 an
3043 1138 3280 1192 vecordia
3318 1138 3386 1190 ad
3417 1140 3739 1194 alliciendo»

2153 1205 2441 1260 auditorem
2468 1205 2672 1269 habeat,
2713 1224 2817 1261 non
2844 1219 2921 1262 est
2950 1208 3105 1278 facile
3150 1224 3322 1262 nosse.
3364 1206 3555 1272 Quoris
3582 1218 3738 1263 tamen

2154 1286 2334 1349 pacto,
2377 1286 2580 1329 constat
2625 1293 2740 1330 eum
2779 1279 2974 1349 varium
3010 1294 3160 1349 esse,
3183 1278 3379 1349 sibique
3405 1281 3733 1333 contrarium.

2158 1344 2284 1409 Quis
2306 1357 2476 1398 autem
2496 1362 2599 1399 non
2621 1357 2867 1417 agnoscat
2884 1348 3178 1418 liujusmodi
3201 1344 3477 1413 hominem,
3507 1361 3597 1401 aut
3627 1361 3739 1403 tam-

2155 1433 2306 1488 quam
2329 1427 2548 1491 astutum
2565 1427 2879 1491 captatorem
2901 1435 3012 1491 esse
3033 1419 3330 1490 fugiendum
3346 1457 3362 1481 ,
3379 1431 3467 1472 aut
3491 1429 3738 1491 tamquam

2155 1487 2444 1549 excordem,
2489 1496 2662 1555 utpote
2716 1487 2812 1540 sibi
2847 1487 3224 1551 adversantem,
3275 1499 3325 1542 et
3378 1505 3443 1542 ea:
3507 1487 3739 1543 varietate

2159 1557 2428 1640 confusum
2449 1599 2462 1618 ,
2495 1557 2816 1640 nul-laptqu
2839 1576 2948 1640 esse
2974 1560 3286 1640 sequendum
3318 1558 3506 1640 (lbid._,
3538 1577 3593 1640 ir.
3614 1559 3738 1630 2'2)?

2228 1625 2363 1679 Cum
2395 1627 2466 1680 ita
2487 1627 2715 1681 sollicite
2735 1627 3002 1682 Mercator
3023 1625 3283 1683 lectorem
3302 1625 3614 1683 attentionis
3637 1625 3737 1683 nio-

2161 1705 2310 1757 neat,
2338 1697 2611 1768 qumsierit
2651 1698 2790 1751 forte
2820 1699 2990 1752 lector
3018 1700 3134 1768 ipse
3161 1699 3348 1767 quanti
3379 1699 3591 1752 tandem
3632 1716 3737 1753 nio--

2161 1768 2324 1820 menti
2355 1766 2512 1820 fuerit
2559 1768 2658 1820 ista
2688 1769 3010 1822 criminatio.
3040 1766 3190 1821 VFuit
3232 1785 3363 1823 sane
3401 1771 3643 1833 maximi,
3690 1780 3739 1824 ut

2164 1851 2282 1902 qua}
2303 1837 2627 1890 continuerit
2647 1853 2820 1891 causa:
2844 1839 3005 1892 totius
3025 1855 3285 1891 summam
3307 1858 3321 1891 :
3356 1856 3478 1892 nam
3508 1841 3600 1907 qui
3623 1840 3751 1893 Vera

2165 1907 2289 1978 bum
2314 1915 2472 1973 negat
2493 1922 2608 1960 esse
2621 1907 2810 1978 Filium
2834 1908 2926 1962 Dei
2958 1917 3082 1962 ante
3113 1909 3561 1972 incarnationem,
3591 1919 3738 1978 atque

2164 1977 2237 2029 ita
2286 1978 2476 2030 asserit
2507 1979 2723 2032 nomine
2764 1977 2882 2031 Filii
2909 1989 3189 2046 utramque
3219 1989 3464 2033 naturam
3511 1977 3738 2044 indicari,

2162 2047 2336 2115 primo
2360 2056 2557 2114 pugnat
2599 2047 2886 2117 Scriptum:
2915 2050 3217 2117 pmdicenti
3248 2059 3508 2104 zeternum
3541 2049 3738 2110 Filium,

2161 2132 2320 2185 quem
2345 2117 2504 2170 Pater
2523 2125 2649 2171 ante
2671 2118 2946 2172 luciferum
2977 2120 3176 2186 genuit.
3212 2119 3415 2173 Deinde
3435 2120 3741 2173 contradicit

2164 2187 2284 2240 ﬁdei
2309 2187 2550 2250 Nicen-ae,
2585 2203 2689 2256 qua
2721 2188 2883 2242 Filius
2923 2187 3064 2241 Patri
3112 2191 3614 2252 coz'isubstantialis,
3648 2188 3739 2241 Pa-

2162 2269 2350 2325 terque
2377 2263 2636 2311 aeternum
2680 2257 2838 2312 Pater
2864 2259 3115 2313 creditur.
3159 2257 3351 2313 Postea
3392 2259 3744 2313 Samosatena)

2163 2328 2469 2396 impietatis,
2507 2344 2613 2381 non
2641 2329 2877 2397 speciem
2914 2336 3139 2386 tantum.
3167 2329 3260 2382 sed
3309 2331 3584 2398 proprium
3610 2347 3742 2398 sym-

2161 2399 2344 2451 bolum
2396 2398 2688 2466 praxsel‘ert.
2725 2398 2944 2462 Deinde,
2996 2400 3039 2452 si
3067 2397 3320 2453 Christus
3337 2397 3500 2452 Filius
3550 2397 3742 2454 Deiex

2165 2476 2405 2540 tempore
2427 2467 2599 2540 factus
2627 2469 2713 2532 sit,
2742 2469 2977 2540 proclive
3006 2477 3088 2523 est
3114 2477 3169 2540 ut
3197 2469 3280 2540 vel
3308 2469 3652 2523 admittantur
3681 2471 3738 2519 ti-

2163 2538 2218 2590 lii
2240 2539 2346 2590 duo
2370 2539 2422 2590 in
2445 2537 2679 2602 Christo,
2717 2538 2803 2591 vel
2825 2539 3099 2605 generatio
3131 2538 3287 2593 Verbi
3316 2548 3515 2593 icterna
3547 2540 3744 2606 rejieia-

2163 2615 2266 2670 tur,
2303 2608 2385 2660 vel
2409 2610 2691 2662 conversio
2739 2608 2898 2662 Verbi
2948 2610 2999 2662 in
3031 2609 3302 2662 hominem
3335 2609 3630 2671 inducatur,
3661 2610 3743 2662 vel

2161 2675 2404 2747 Christus
2426 2676 2591 2730 Filius
2620 2678 2716 2732 Dei
2745 2677 3044 2747 adoptivus.
3070 2678 3198 2744 Qua:
3218 2687 3341 2732 sunt
3373 2677 3539 2740 Pauli,
3560 2678 3739 2732 Sabel-

2157 2747 2237 2808 ‘lii,
2262 2746 2482 2802 Polemii
2504 2757 2557 2800 et
2581 2746 2941 2817 Mopsuesteni
2966 2748 3181 2816 ﬂagitia.

2233 2818 2492 2886 Denique,
2511 2819 2555 2870 si
2586 2815 2800 2872 nomine
2821 2817 2938 2872 Filii
2953 2827 3178 2886 utraque
3195 2826 3383 2872 natura
3405 2815 3743 2886 signiﬁcetur,

2161 2885 2400 2942 omnium
2425 2885 2535 2941 fere
2563 2899 2999 2956 argumentorum
3028 2885 3145 2956 qua:
3167 2903 3231 2942 ex
3261 2885 3534 2956 Scriptura
3566 2889 3743 2942 conci-

2159 2957 2600 3026 lioque,Niucno
2626 2965 2898 3026 petuntur,
2944 2958 3012 3012 ad
3042 2959 3374 3027 probandum
3423 2957 3586 3011 Deum
3628 2973 3746 3011 esse

2163 3032 2366 3089 natum,
2401 3043 2738 3096 passamque,
2763 3036 2817 3080 et
2841 3040 3130 3092 mortuum,
3165 3037 3293 3091 etc.,
3319 3029 3398 3081 vis
3430 3028 3741 3088 declinatur,

2170 3105 2333 3165 atque
2360 3098 2431 3150 ita
2453 3113 2658 3152 summa
2683 3096 2803 3151 ﬁdei
2825 3098 3100 3152 catholica:
3121 3098 3187 3152 de
3202 3099 3399 3153 unione
3419 3098 3744 3167 hypostatiea

475 3184 636 3236 quam
655 3183 779 3221 vere
800 3166 998 3220 dictum
1027 3165 1096 3218 sit
1118 3182 1220 3236 non
1242 3167 1474 3236 conﬁteri
1495 3165 1790 3219 Nestorium
1811 3165 1874 3218 de
1898 3165 2061 3236 Verbo
2089 3170 2132 3230 C
2166 3168 2368 3236 labelit,
2402 3178 2508 3222 etc.

472 3235 904 3298 eonsubstuntiro,
933 3236 1097 3304 ipsum
1121 3235 1312 3289 Filium
1341 3235 1438 3288 Dei
1477 3237 1784 3288 naturaliter
1802 3251 1937 3298 esse,
1970 3235 2060 3288 sed

474 3308 538 3360 ab
564 3309 850 3361 teteruitate
881 3305 1100 3357 Verbum
1128 3314 1344 3369 tantum,
1381 3313 1484 3359 etc.
1507 3323 1522 3367 ;
1547 3304 1594 3356 F
1597 3307 1740 3358 ilium
1766 3321 1881 3357 vero
1913 3304 2058 3357 illum

474 3394 602 3434 esse,
633 3386 680 3428 et
710 3375 810 3428 dici
837 3373 1122 3444 debererqui
1161 3390 1226 3427 ea:
1255 3373 1429 3444 Maria
1456 3377 1529 3444 sit
1565 3384 1716 3426 natus
1747 3377 1764 3444 (
1777 3372 1953 3444 Epist.
1995 3374 2060 3426 de

476 3446 648 3499 Discr.
669 3461 808 3497 num.
827 3444 901 3511 1).
937 3441 1158 3496 Videtur
1184 3444 1324 3496 enim
1348 3443 1460 3511 ipse
1489 3441 1764 3496 Nestorius
1776 3441 2059 3499 Mercatori

476 3515 744 3584 expressis
771 3510 950 3584 verbis
971 3510 1513 3584 contradicereErat
1527 3512 1748 3584 quidem,
1774 3513 1848 3565 ait
1862 3511 2054 3584 (Serm.

474 3581 565 3654 £2),
595 3583 730 3636 Deus
765 3582 980 3636 Verbum
1005 3591 1123 3654 ante
1142 3581 1551 3654 incarnationem
1578 3591 1629 3635 et
1646 3581 1816 3654 Filius
1843 3591 1891 3634 et
1919 3582 2059 3636 Deus

476 3651 591 3708 cum
637 3654 822 3717 Patre;
853 3653 1068 3721 sumpsit
1107 3667 1222 3705 vero
1263 3652 1548 3721 novissimis
1582 3651 1889 3721 temporibus
1927 3655 2059 3706 servi

475 3729 723 3797 formam.
744 3722 849 3777 Sed
870 3720 983 3774 cum
998 3722 1062 3775 sit
1083 3729 1134 3774 et
1159 3731 1311 3775 antea
1341 3720 1602 3797 Filiu_s,_et
1623 3725 1702 3797 ita
1717 3731 1926 3797 vocetur
1946 3732 2060 3797 post

474 3793 895 3865 assumptionem,
927 3807 1031 3845 non
1060 3800 1224 3865 potest
1252 3793 1423 3865 vocari
1454 3793 1640 3865 divisus
1667 3793 1826 3861 ﬁlius,
1847 3809 1919 3865 ne
1933 3793 2059 3846 duos

472 3866 609 3935 ﬁlios
631 3857 1035 3935 constituamus;
1060 3857 1156 3915 sed
1183 3863 1299 3932 quia
1319 3857 1406 3915 illi
1419 3877 1512 3914 con
1511 3857 1721 3935 junctus
1742 3872 1816 3935 est
1837 3864 1921 3935 qui
1948 3871 2063 3914 erat

473 3930 506 3987 a
536 3936 794 4004 principio
831 3930 1018 4004 ilius,
1052 3947 1156 3986 non
1195 3930 1389 4002 potest,
1419 3930 1696 3985 secundum
1734 3930 2056 4002 dignitatem,

471 4002 742 4074 ﬁliationis
761 4002 1059 4074 divisionem
1087 4003 1362 4074 suscipere.

544 4074 752 4128 Nodum
774 4072 932 4127 solvit
957 4070 1358 4141 Mercatoripse
1379 4085 1499 4124 cum
1532 4070 1688 4141 l‘acit;
1722 4071 1895 4141 arguit
1917 4071 2059 4124 enim

471 4143 778 4198 Nestorium
798 4184 812 4205 ,
857 4150 912 4195 et
951 4141 1003 4194 in
1059 4140 1284 4210 epistola
1305 4182 1318 4204 ,
1355 4141 1500 4208 quod
1529 4140 1780 4207 loquendi
1809 4141 2061 4207 ambages

473 4221 704 4282 qumrat;
730 4222 785 4267 et
805 4212 959 4273 alibi,
985 4212 1128 4280 quod
1157 4211 1255 4264 sibi
1283 4210 1634 4282 contradicat.
1664 4210 1872 4263 Accedit
1903 4211 2056 4282 etiam

472 4280 618 4337 aliud
655 4284 931 4353 impietatis
977 4282 1369 4353 deliramentum
1407 4280 1622 4353 dicentis
1648 4281 2058 4353 _-])t'(Blet_'ti’li8_t.83¢

470 4355 588 4423 illos
619 4348 800 4406 Patres
848 4353 1185 4423 pronuntiare
1213 4351 1419 4423 credere
1457 4367 1512 4410 se
1550 4349 1800 4423 ianeum
1837 4348 2057 4404 Verbum

470 4421 522 4476 Γ
524 4425 672 4477 ilium
696 4421 1044 4492 unigenitum;
1072 4421 1169 4492 sed
1193 4421 1450 4486 dixemnt,
1481 4422 1663 4492 inquit,
1695 4436 1851 4492 unum
1869 4435 2057 4492 secre-

473 4494 593 4547 dere
612 4488 891 4546 Dominum
911 4491 1086 4544 Jesum
1109 4489 1384 4554 Christum,
1404 4488 1868 4544 consubstantivum
1889 4488 2054 4554 Patri,

471 4565 637 4618 Deum
660 4563 721 4616 de
751 4560 860 4616 Deo
887 4577 1024 4623 vero,
1063 4561 1232 4631 lumen
1261 4560 1325 4631 de
1345 4561 1556 4631 lumine,
1589 4577 1687 4631 per?
1707 4577 1854 4631 quem
1882 4561 2056 4631 o_mnia

471 4638 612 4706 facta
640 4641 777 4694 sunt,
812 4641 1072 4706 tamquam
1107 4630 1253 4706 Deus
1274 4629 1507 4706 Verbum
1551 4630 1689 4700 apud
1713 4629 1864 4706 istum
1889 4629 2056 4706 ilius

470 4699 572 4759 non
601 4707 688 4768 sit,
723 4707 852 4756 sicut
874 4699 1208 4770 in'superiore
1234 4699 1344 4769 ejus
1365 4715 1598 4751 sermone
1624 4701 1849 4769 apertius
1880 4700 2055 4754 decla-

472 4786 636 4828 ratur.

542 4844 671 4909 Qum
693 4844 757 4896 (tu
756 4845 843 4914 jus
873 4843 981 4896 hazc
1003 4841 1241 4914 vanitas?
1269 4837 1454 4914 Qumve
1477 4839 1770 4892 dementia?
1795 4837 1958 4914 Quod
1973 4840 2055 4894 lu-

469 4916 690 4969 dibrium
715 4911 881 4984 potius
905 4915 957 4965 in
994 4921 1096 4964 tam
1126 4911 1438 4984 inconstanti
1473 4925 1858 4984 segmentaunon
1889 4911 2056 4984 minus

465 4987 620 5052 stulto
653 4977 802 5052 quam
834 4984 1030 5052 impio?
1058 4990 1112 5033 ut
1150 4978 1377 5052 Verbum»
1403 4977 1494 5032 Dei
1532 4978 1624 5031 Dei
1667 4978 1832 5052 Filius
1865 4981 1911 5052 ei
1954 4996 2058 5034 non

468 5051 568 5113 sit;
583 5061 636 5102 ut
653 5048 801 5107 Jesus
825 5055 870 5105 ei
885 5048 952 5106 sit
973 5069 1037 5104 ex
1056 5051 1325 5104 medietate
1342 5048 1494 5112 Deus,
1509 5065 1573 5101 ea:
1595 5050 1863 5102 medietate
1883 5049 2052 5114 homo,

468 5142 514 5174 e:
550 5128 680 5179 idem
712 5134 880 5175 tamen
914 5121 1135 5174 Verbum
1171 5122 1261 5173 Dei
1300 5117 1469 5172 Filius
1492 5135 1601 5172 esse
1639 5135 1738 5171 non
1771 5121 1965 5188 possit?
1991 5120 2058 5173 Ut

469 5202 619 5246 modo
647 5194 714 5244 sit
739 5193 1180 5244 ronsubstantivus
1207 5198 1456 5259 natusque
1475 5206 1538 5242 ex
1564 5188 1672 5242 Deo
1696 5189 1882 5253 Patre,
1920 5189 2054 5242 Deus

468 5280 614 5316 verus
645 5263 707 5314 de
746 5262 863 5314 'Deo
893 5278 1026 5325 vero,
1053 5261 1220 5313 lumen
1250 5259 1312 5313 de
1341 5259 1532 5312 lumine
1561 5275 1577 5312 :
1608 5269 1784 5328 postea
1813 5276 1927 5312 vero
1959 5261 2055 5312 lto-

471 5350 582 5385 γαίη
607 5333 736 5384 nihil
759 5333 1020 5401 proprium
1046 5331 1353 5383 naturaliter
1375 5328 1587 5401 habens,
1619 5329 1708 5382 sed
1727 5330 1839 5381 sola
1859 5345 2056 5380 nuncu—

468 5406 675 5474 pazioue
716 5399 944 5465 alterius,
979 5403 1230 5470 particeps
1261 5401 1445 5452 divina:
1469 5399 1734 5469 dignitatis
1754 5440 1767 5463 ,
1795 5407 2054 5468 tamquam

471 5477 621 5527 homo
643 5481 794 5524 natus
825 5489 888 5524 ex
920 5483 1160 5540 tempore.

541 5542 857 5596 Claudenda—z
884 5536 1344 5594 sane-Christiania
1365 5557 1532 5599 aures,
1566 5555 1674 5590 cum
1717 5539 1904 5591 dicitur
1928 5536 2052 5591 Filii

468 5632 649 5668 nomen
681 5630 781 5666 non
832 5613 1126 5683 s'gniﬁcare
1176 5609 1395 5683 Ve'bum
1435 5609 1564 5683 illud
1583 5610 1771 5683 _l’atris
1819 5609 1952 5683 quod
1990 5625 2055 5662 ea:

468 5687 580 5752 ipso
609 5693 658 5738 et
687 5685 735 5736 in
778 5680 892 5752 ipso
933 5691 1027 5736 est.
1056 5683 1135 5734 Ad
1176 5682 1310 5752 quod
1338 5680 1681 5752 tgstimonium
1707 5689 1832 5740 esto,
1871 5680 2049 5741 lector,

445 5749 710 5810 ,attentus.
746 5749 904 5818 Misit,
959 5755 1139 5820 inquit,
1175 5749 1312 5805 Deus
1343 5749 1534 5804 Filium
1563 5766 1707 5802 suum
1755 5752 1946 5819 fectant
1989 5766 2050 5802 ea

2235 3235 2340 3291 Sed
2387 3237 2656 3306 quaesierit
2703 3236 2894 3291 iterum
2933 3238 3106 3292 lector
3144 3253 3240 3292 cur
3281 3236 3548 3291 Nestorius
3575 3235 3746 3289 videri

2165 3307 2391 3360 voluerit
2440 3307 2601 3362 modo
2653 3307 2792 3361 hanc
2831 3308 2991 3362 modo
3042 3307 3263 3362 alteram
3305 3315 3506 3377 partem
3543 3307 3596 3359 in
3643 3306 3746 3359 ista

2164 3377 2463 3445 quaestione
2487 3378 2658 3444 sequi.

2231 3447 2392 3500 Certe
2421 3446 2705 3511 Mercator,
2733 3447 2858 3501 dum
2888 3446 3233 3502 Nestorianos
3278 3445 3749 3500 anathematismos

2162 3516 2389 3580 refellit,
2434 3517 2724 3584 aliquando
2765 3517 3094 3572 demonstrat
3135 3515 3438 3571 Nestorium
3491 3515 3746 3577 secundo,

2161 3587 2343 3651 tertio,
2368 3595 2562 3655 quarto
2583 3595 2638 3640 et
2657 3588 2864 3656 quinto,
2889 3587 3112 3654 aliisque
3141 3586 3594 3640 analhematismis
3616 3584 3751 3636 ﬁlios

2161 3657 2295 3712 duos
2346 3657 2618 3720 inducere,
2648 3665 2908 3710 aeternum
2938 3673 3118 3719 unum,
3151 3657 3240 3724 qui
3265 3664 3485 3719 natura;
3527 3655 3751 3708 alterum

2163 3727 2536 3797 temporalem,
2568 3727 2658 3797 qui
2681 3727 2988 3797 adoptione,
3021 3737 3094 3792 et,
3120 3736 3179 3779 ut
3207 3727 3301 3791 ait,
3325 3727 3434 3780 καθ’
3460 3727 3756 3797 ὐπὸστμαᾳιν

2161 3795 2331 3851 solam
2366 3798 2578 3850 existat.
2614 3795 2872 3867 Eumdem
2899 3797 3200 3867 aliquando
3220 3802 3379 3850 vocat
3413 3798 3466 3850 in
3495 3795 3756 3867 suspicio-

2162 3883 2286 3920 nem
2316 3867 2590 3920 societatis
2615 3882 2738 3920 cum
2762 3865 3134 3927 Samosateno,
3160 3865 3392 3919 Verbum
3423 3865 3754 3935 prolatitium

2162 3936 2456 4006 delirante;
2482 3936 2769 4006 aliquando
2786 3937 2883 4006 ipsi
2905 3951 3118 4004 quoque
3141 3937 3382 3990 conversi
3408 3938 3459 3989 in
3478 3935 3753 4006 hominem

2163 4005 2323 4060 Verbi
2354 4005 2605 4060 invidiam
2650 4005 2792 4060 facit.
2828 4005 3010 4074 Neque
3037 4022 3167 4060 vero
3205 4013 3328 4059 sunt
3380 4007 3491 4060 ista:
3523 4005 3756 4058 horninis

2162 4078 2358 4130 acriter
2385 4076 2747 4130 adversarium
2777 4075 2842 4128 ad
2869 4076 3141 4145 paradoxa
3171 4076 3411 4144 cogentis
3449 4075 3757 4129 conclusio-

2162 4160 2257 4200 nes
2280 4146 2456 4214 potius
2479 4160 2636 4214 quam
2661 4146 3001 4200 assertiones.
3035 4145 3145 4198 Cur
3170 4147 3314 4199 enim
3345 4145 3632 4214 Nestorius
3650 4153 3758 4196 tam

2162 4213 2353 4285 enixius
2381 4215 2475 4268 fuit
2499 4213 2865 4285 Sollicitusque
2885 4215 2952 4269 de
2982 4215 3306 4285 removenda
3335 4214 3574 4285 Sabellii,
3606 4213 3762 4285 Pauli

2162 4294 2217 4340 et
2233 4284 2447 4340 Photini
2469 4301 2497 4338 a
2521 4301 2580 4340 se
2609 4279 2931 4354 suspicione,
2956 4279 3006 4339 si
3022 4285 3163 4339 nulla
3183 4283 3278 4339 fuit
3296 4284 3628 4354 probabilis?
3651 4282 3764 4337 Cur

2161 4368 2408 4422 magnam
2436 4363 2640 4424 partem
2683 4354 2982 4409 duodecimi
3031 4356 3297 4410 sermonis
3343 4356 3395 4424 in
3440 4355 3543 4408 hoc
3595 4367 3758 4424 argue

2161 4434 2343 4507 mento
2371 4423 2567 4507 posuit,
2600 4433 2655 4507 et
2682 4425 3134 4507 curiosequidem
3177 4434 3340 4494 atque
3381 4423 3678 4487 laboriose,
3711 4423 3757 4477 si

2162 4496 2265 4550 hac
2286 4494 2478 4550 invidia
2501 4511 2605 4549 non
2639 4494 2946 4550 laborabat?

2197 4609 2222 4672 §
2245 4609 2328 4661 IV.
2364 4609 2439 4659 De
2465 4608 2698 4672 Marcello
2728 4609 2915 4670 Galata,
2955 4610 3096 4672 cujus
3139 4608 3402 4658 consensio
3422 4607 3619 4671 objecta
3646 4613 3723 4656 est

2659 4671 2887 4722 Nestorio
2904 4685 2930 4719 a
2952 4671 3248 4721 Mercatore.

2239 4771 2406 4838 Unus,
2434 4771 2578 4840 quod
2623 4772 2817 4836 sciam,
2848 4779 3088 4826 veterum
3119 4769 3384 4825 Mercator
3419 4771 3570 4824 litem
3622 4770 3764 4825 hanc

2165 4842 2409 4897 Nestorio
2439 4841 2684 4905 intendit,
2715 4843 2839 4910 quia
2863 4841 3097 4896 Marcelli
3116 4855 3277 4894 causa
3300 4841 3409 4894 visa
3440 4848 3523 4894 est
3547 4842 3648 4910 ipsi
3672 4856 3766 4894 ea-

2163 4912 2288 4966 dem
2313 4927 2432 4980 qure
2468 4911 2802 4966 Samosateni
2845 4919 2900 4965 et
2937 4910 3185 4976 Photini;
3217 4911 3354 4964 hanc
3394 4920 3575 4964 tamen
3612 4911 3763 4964 litem

2163 4997 2272 5035 non
2321 4983 2668 5037 vehementer
2713 4990 3045 5036 contestatus
3074 4989 3188 5043 est,
3220 4980 3473 5050 quoniam
3505 4982 3606 5050 ista
3648 4982 3764 5049 ipsa

2161 5066 2320 5104 causa
2368 5052 2575 5106 caeteris
2621 5051 2822 5106 credita
2867 5060 2951 5105 est
2991 5051 3063 5104 ita
3107 5049 3381 5119 perplexa,
3421 5059 3480 5103 ut
3523 5049 3766 5104 Marcelli

2161 5123 2477 5176 societatem
2505 5121 2753 5175 Nestorio
2782 5121 3074 5190 obiecisse,
3107 5119 3349 5175 defensio
3377 5121 3561 5190 potius
3592 5121 3771 5174 videri

2163 5199 2346 5261 posset
2374 5207 2533 5259 quam
2558 5191 2852 5246 accusatio.

2232 5258 2517 5314 Mercatori
2563 5261 2688 5313 Mar.
2711 5261 2869 5314 ellum
2918 5260 3184 5314 haereticis
3225 5259 3530 5314 accensenti
3581 5258 3776 5313 favent

2159 5330 2260 5383 viri
2289 5331 2466 5398 magni
2508 5329 2740 5384 nominis
2785 5345 3099 5399 magnaeque
3143 5329 3775 5399 auctoritatis.iililarius

2161 5399 2212 5452 in
2244 5399 2380 5453 libro
2403 5400 2468 5454 ad
2499 5399 2903 5465 Constantium;
2947 5398 3172 5454 Basilius
3202 5401 3428 5468 epistola
3455 5398 3583 5459 295,
3619 5407 3771 5460 etc.;

2158 5468 2601 5550 glirysostomus,
2636 5470 2854 5550 homilia
2894 5469 2929 5522 ‘2
2976 5471 3030 5550 in
3055 5469 3335 5550 cpi‘stplam
3361 5469 3436 5550 ad
3465 5468 3772 5550 Hebraeos;

2159 5537 2354 5592 Marius
2376 5539 2699 5604 Victorinus,
2725 5539 2888 5594 libroi
2910 5537 3100 5593 contra
3122 5540 3337 5602 Arium;
3361 5538 3771 5598 Theodoretus,

2160 5609 2296 5663 libro
2336 5626 2373 5662 ιι
2405 5609 2790 5664 Hzcreticarum
2831 5609 3162 5673 fabularum,
3205 5610 3383 5679 capite
3421 5609 3771 5679 penultimo;

2159 5679 2355 5747 aliique
2390 5680 2652 5743 nonnulli,
2686 5695 2822 5747 quos
2848 5689 3024 5735 tamen
3058 5682 3196 5733 inter
3217 5681 3379 5734 nolim
3404 5679 3774 5732 Athanasiqu

2161 5748 2623 5818 Epiphaniumque
2652 5764 2934 5806 numerare
2968 5749 3140 5819 (lla’r.
3175 5749 3260 5820 72)
3288 5767 3300 5814 ;
3333 5758 3445 5804 tum
3472 5749 3599 5818 quia
3629 5763 3775 5817 sup-
