4022 6182
385 288 516 343 “7,7

1205 274 1520 334 DlSSERT.
1563 276 1602 330 1.
1649 272 1736 328 DE
1779 267 2058 326 llrERESl
2105 267 2190 322 ET
2234 269 2455 325 LIBRIS
2494 269 2828 327 NESTORII.

3525 270 3657 323 “33

378 401 548 471 posita
563 404 652 471 est
677 393 969 471 Athanasio
990 392 1236 471 oratioin
1266 406 1370 471 qua
1399 388 1677 471 blarcclltis
1705 385 1963 471 Samosa-
1993 388 2038 442 A
2071 382 2302 471 “Duas,
2344 393 2400 437 ut
2431 394 2676 471 apertum
2699 381 3431 471 est,sep‘tcntifeisuiupari?
3459 385 3660 440 {eccm

379 455 505 525 ieno
534 466 899 533 coniungitur,
940 477 1115 531 neque
1138 455 1384 533 Allilarius
1415 457 1761 533 Pictaviensis
1798 455 1960 533 seve-

379 554 576 607 rusque
597 524 852 604 sulpitius
882 524 1015 607 satis
1029 524 1356 586 credibiliter
1383 528 1797 607 scripserluitde
1821 524 1962 606 Mar-

378 597 518 665 cello
557 608 624 660 ab
648 597 946 675 Allianasio
977 603 1267 675 (damnato;
1300 608 1408 654 tum
1459 597 1600 675 quod
1636 597 1964 675 Epiphanius

379 680 546 734 haeret
573 677 674 730 hac
696 677 744 728 in
776 691 834 728 re
863 673 1074 737 dubius,
1108 671 1414 740 profertquc
1443 665 1706 740 geminam
1729 665 1963 740 Marcelli

377 747 791 805 Confessionem,
816 759 1040 812 quarum
1063 735 1230 795 altera
1251 735 1469 796 omnino
1485 739 1745 795 catholica
1768 743 1866 798 est,
1895 735 1968 787 al-

381 827 495 873 tera
525 817 701 887 varios
729 814 1186 887 sensus_patitur.__
1784 875 1816 887 η
1903 875 1935 887 ,,

453 886 760 940 Marcellum
784 875 1068 937 absolvunt
1086 880 1252 934 Julius
1280 895 1438 949 papa,
1471 878 1757 934 concilium
1783 875 1964 949 sardi:

453 895 760 940 Marcellum
784 895 1068 937 absolvunt
1086 895 1252 934 Jutius
1319 895 1438 949 apa,
1471 895 1757 934 concnium
1785 895 1964 930 barun-

382 973 542 1013 cense
573 957 625 1008 in
653 955 877 1025 epistola
901 951 1184 1028 synodica;
1213 895 1552 1028 Atlianasius,
1580 950 1628 1028 in
1653 946 1875 1028 epistola
1901 945 1964 997 ad

380 1019 761 1090 solitariosfct
791 1019 944 1094 quod
966 1021 1209 1094 omnium
1243 1021 1520 1094 instar‘est
1538 1060 1552 1080 ,
1577 1019 1964 1071 dirissimorum

381 1088 843 1166 quorumcumque
870 1091 1230 1166 perpessioAab
1257 1088 1484 1154 Arianis,
1518 1105 1581 1144 ac
1610 1094 1958 1166 pene_marty-

383 1157 541 1226 rium.
573 1182 669 1235 pro
693 1157 794 1218 [ide
823 1157 1112 1236 ὁιλροιὶσξου.
1134 1159 1310 1226 Quare
1338 1175 1458 1212 cum
1487 1161 1623 1228 apud
1649 1174 1738 1236 me
1757 1157 1872 1236 hinc
1886 1165 1966 1208 te-

383 1227 634 1293 stimonia
666 1227 958 1303 perpendo,
991 1232 1078 1303 vix
1108 1239 1426 1303 extorquere
1449 1243 1664 1303 possunt
1691 1227 1967 1303 ab_animo

383 1324 506 1361 meo
549 1314 602 1358 ut
631 1297 844 1358 Eusebii
883 1300 1227 1356 Caesariensis
1273 1300 1508 1368 quinque
1548 1297 1667 1368 libri
1713 1297 1968 1368 adversus

384 1375 692 1430 Marcellum
724 1390 830 1428 non
857 1373 977 1442 plus
1017 1370 1248 1442 habeant
1275 1366 1529 1442 momenti
1559 1367 1622 1442 ad
1654 1366 1969 1442 propulsan-

383 1445 511 1499 dum
541 1446 760 1507 crimen,
792 1437 949 1509 quam
981 1441 1046 1495 ad
1089 1439 1417 1493 inferendum
1463 1439 1533 1491 illi
1569 1437 1820 1509 v_iro,_qui
1849 1451 1969 1509 cum

384 1531 524 1568 unus
561 1514 719 1568 fuerit
745 1506 822 1566 de
839 1511 1092 1566 trecentis
1113 1509 1298 1562 decem
1345 1518 1398 1562 et
1439 1516 1562 1562 octo
1589 1506 1832 1560 Patribus
1859 1506 1970 1559 Arii

383 1584 804 1644 damnatoribus,
829 1583 1018 1648 dignus
1047 1586 1126 1633 est
1146 1581 1321 1643 venia,
1348 1579 1390 1631 si
1413 1578 1536 1644 quid
1560 1586 1652 1648 aut
1673 1577 1973 1648 impruden-

386 1663 470 1707 ter
493 1654 738 1708 excidere
759 1653 857 1705 sibi
881 1644 1067 1720 passus
1080 1658 1186 1712 est,
1220 1657 1310 1720 aut
1333 1649 1382 1720 in
1405 1644 1972 1720 suspicioneui_Sabel-

385 1723 635 1786 lianismi,
667 1722 808 1790 quod
841 1714 939 1790 ipsi
973 1733 1197 1790 quoque
1226 1717 1424 1771 Basilio
1467 1731 1662 1785 magno
1710 1714 1966 1784 injuriose

382 1794 629 1860 contigit,
661 1787 941 1845 infeliciter
964 1787 1168 1860 incidit.

458 1855 561 1916 llis
580 1855 652 1915 ita
681 1877 739 1914 se
767 1858 1098 1919 habentibus,
1125 1857 1305 1910 malim
1331 1870 1430 1923 ego
1460 1855 1683 1922 hujusce
1711 1855 1964 1920 hominis,

386 1941 447 1986 ut
466 1942 520 1985 et
542 1931 883 2001 Apollinaris,
902 1937 1100 2001 sortem
1123 1927 1478 2001 miserabilem
1492 1923 1825 2001 defluerecum
1845 1924 1968 1994 Epi-

387 1994 610 2071 phanio;
655 2016 813 2068 quam
865 2014 984 2071 cum
1013 1997 1163 2071 aliis,
1198 1997 1248 2071 ip
1287 2004 1481 2071 re_tam
1523 1994 1968 2071 dillicilitamque

385 2064 635 2135 obscura,
658 2064 978 2123 sententiam
1007 2066 1163 2120 ferre.
1196 2065 1308 2131 Qua
1349 2065 1399 2118 in
1432 2073 1584 2134 parte
1611 2065 1740 2118 mihi
1772 2064 1968 2135 ividﬂcor

385 2142 539 2208 sequi
581 2133 757 2208 magni
789 2133 1804 2208 Athanasiipereniplum,quicum“ab
1845 2133 1970 2204 Epi-

386 2205 587 2292 phanio
607 2205 1034 2292 interrogaretur
1060 2205 1126 2292 de
1148 2205 1419 2292 Marcello,
1443 2205 1650 2287 siluisse
1665 2205 1882 2292 pieitur,
1915 2212 1970 2286 et

387 2274 782 2348 indignabundo
810 2274 1131 2348 subridentis
1157 2285 1286 2348 nutu
1317 2276 1623 2348 ambiguum
1653 2274 1968 2348 dedis_se_si-

385 2344 548 2416 gnum
579 2348 759 2413 animi,
796 2347 880 2401 vel
911 2346 1379 2410 obtrectatoribus,
1412 2346 1495 2400 vel
1529 2345 1776 2399 humana:
1800 2344 1969 2399 imbe-

385 2419 627 2483 cillitati,
653 2418 950 2472 irascentis.

460 2487 590 2542 Utut
627 2504 685 2542 se
714 2503 800 2541 res
825 2486 1008 2551 habet,
1049 2485 1299 2541 Marcello
1332 2485 1515 2539 tribuit
1554 2483 1820 2540 Mercator
1859 2483 1967 2554 (In

386 2557 515 2612 diss.
543 2558 610 2611 ad
626 2557 692 2610 l2
718 2556 922 2626 anath.)
944 2557 1086 2624 quod
1115 2556 1332 2626 Ebionﬁis
1361 2563 1415 2610 et
1434 2555 1766 2626 sauiosateni
1796 2555 1966 2626 lucre-

385 2629 487 2680 sim
517 2636 730 2682 secutus
776 2627 872 2691 sit;
909 2626 1184 2681 Nestorius
1226 2625 1432 2696 (Serm.
1465 2625 1582 2695 l2),
1615 2625 1759 2692 quod
1801 2625 1968 2696 depo-

389 2697 617 2766 nendam
639 2696 930 2766 aliquando
947 2694 1243 2766 humanam
1261 2711 1291 2749 a
1320 2696 1497 2766 Verbo
1524 2704 1766 2766 naturam
1788 2694 1966 2766 credi-

386 2763 849 2837 derit;_Eusebius
874 2763 1074 2837 (Libris
1104 2767 1323 2837 quinque
1347 2765 1585 2837 aduersus
1616 2763 1962 2837 Marcellum),

383 2836 532 2904 quod
559 2835 825 2890 Christum
856 2851 920 2890 ex
944 2834 1352 2904 Maria'ccep'isse
1382 2835 1575 2890 dixerit
1607 2853 1620 2887 :
1654 2836 1694 2887 Τ
1699 2834 1965 2888 heodore-

387 2914 475 2958 tus
499 2905 646 2976 (Lib.
696 2923 732 2961 ιι
759 2904 907 2959 Ηαπ.
931 2904 1065 2976 Fab.
1099 2922 1214 2974 cap.
1247 2905 1369 2976 lQ),
1400 2905 1556 2976 quod
1596 2905 1966 2976 extensionem

383 2973 671 3044 quamdam
689 2976 988 3030 Divinitatis
1016 2973 1190 3028 Patris
1211 2975 1263 3028 in
1285 2973 1559 3044 Christum
1579 2975 1787 3044 venisse
1817 2973 1968 3028 dixe-

386 3042 478 3109 rit,
500 3055 554 3099 et
580 3045 718 3100 hanc
746 3045 912 3099 Deum
941 3043 1580 3114 Verbunrappellaverit.
1613 3042 1742 3110 Quae
1767 3044 1811 3098 si
1843 3059 1964 3098 vera

383 3115 591 3194 sint,_in
612 3117 728 3194 solo
750 3116 924 3186 primo
953 3115 1128 3194 capite
1157 3113 1434 3194 Nestorius
1467 3121 1653 3194 aperte
1670 3131 1686 3194 _;
1725 3114 1777 3194 in
1810 3115 1968 3168 tertio
1997 3119 2044 3180 C

384 3183 787 3248 subobscuriué,
820 3201 938 3239 cum
964 3183 1078 3254 ipso
1099 3186 1297 3250 sensit;
1330 3185 1382 3238 in
1413 3183 1632 3252 reliquis
1652 3183 1860 3238 duobus
1881 3201 1972 3252 pu-

386 3255 584 3321 gnavit.
630 3255 813 3324 Neque
841 3255 907 3308 ad
935 3256 985 3308 id
1008 3255 1343 3324 probandum
1372 3254 1490 3308 aliis
1512 3254 1811 3324 rationibus
1837 3269 1972 3322 opus

387 3332 647 3392 estquam
685 3340 802 3392 qua:
824 3323 1080 3378 hactenus
1108 3325 1358 3378 adhibita:
1385 3331 1509 3378 sunt
1549 3324 1615 3378 ad
1656 3323 1970 3378 societatem

384 3393 619 3450 Nestorii
642 3410 760 3447 cum
786 3394 903 3446 aliis
931 3393 1192 3446 haereticis
1217 3393 1704 3448 demonstrandam.

461 3462 696 3516 Reﬂccte
717 3462 971 3532 animum,
995 3463 1179 3524 lector,
1195 3462 1246 3515 in
1268 3464 1472 3532 priscos
1491 3463 1825 3517 Niczcnorum
1843 3471 1973 3532 tem-

423 3549 577 3586 orum
603 3532 910 3586 defensores
933 3531 1232 3602 ὁμοουσίον,
1263 3531 1318 3586 et
1345 3533 1540 3586 mirare
1560 3533 1738 3601 plures
1766 3533 1818 3586 in
1842 3531 1974 3586 Pau-

423 3550 577 3586 0l'lllll
603 3550 910 3586 OCICIISOI'CS
933 3553 1232 3602 ομοουσιου,
1263 3550 1318 3586 ει
1345 3550 1540 3586 mirare
1560 3550 1738 3601 plures
1766 3550 1818 3586 ιη
1842 3550 1968 3586 rau-

383 3550 619 3657 lianismi
664 3602 1023 3670 suspicionem
1061 3601 1328 3667 incidisse,
1370 3603 1455 3657 vel
1499 3602 1643 3669 quod
1684 3602 1968 3656 Arianismi

388 3674 514 3727 odio
545 3673 742 3725 incensi
767 3688 871 3724 non
901 3679 1144 3726 tenerent
1165 3673 1293 3724 satis
1314 3671 1563 3740 loquendi
1590 3671 1823 3734 modum,
1852 3686 1971 3739 qua:

388 3743 634 3796 humanae
663 3742 856 3796 mentis
885 3742 1164 3794 infirmitas
1198 3761 1210 3794 :
1247 3743 1327 3795 vel
1354 3742 1497 3809 quod
1530 3741 1849 3793 Arianorum
1883 3757 1968 3794 ca-

388 3812 604 3865 lumniis
635 3812 1008 3874 obruerentur,
1033 3827 1152 3879 qua:
1174 3812 1426 3881 iniquitas
1448 3820 1750 3881 temporum
1779 3810 1973 3878 quibus

387 3882 532 3936 orbis
561 3897 619 3935 se
643 3883 866 3936 miratus
888 3890 971 3934 est
993 3881 1270 3936 Ariauum.

388 3993 414 4056 ᾗ
436 3993 492 4043 V.
531 3993 603 4042 De
624 3993 849 4052 Photino,
875 4006 981 4041 cum
1007 3999 1103 4054 quo’
1143 3995 1423 4043 consentire
1448 3994 1708 4043 Nestorius
1731 4007 1756 4042 a
1783 3993 1973 4043 Merca-

859 4063 965 4103 tore
1003 4057 1204 4116 primum
1225 4057 1385 4105 dictos
1417 4063 1508 4104 est.

461 4155 690 4227 Questus
710 4163 790 4227 est
804 4155 1096 4227 aliquando
1120 4157 1176 4227 in_
1201 4155 1438 4212 Ecclesia
1469 4173 1566 4227 pro
1589 4158 1848 4212 concione
1871 4157 1974 4212 Ne-

390 4225 609 4287 storius,
633 4225 777 4294 quod
801 4226 852 4279 in
881 4226 1129 4280 invidiam
1154 4225 1486 4282 Pbotinianai
1515 4228 1731 4281 lueresis
1753 4244 1975 4282 vocare-

394 4304 484 4348 tur
516 4295 903 4368 :Ego,_‘inquit
945 4296 1136 4368 (Serm.
1161 4295 1238 4366 4),
1269 4297 1567 4368 quibusdam
1612 4299 1736 4352 mihi
1769 4309 1817 4350 et
1845 4298 1974 4350 illud

389 4363 829 4438 renuntiantibus,
881 4363 993 4418 cum
1035 4363 1216 4438 laztitia
1242 4363 1444 4438 sapius
1485 4370 1594 4428 risi,
1624 4369 1864 4438 quoniam
1892 4370 1967 4420 in-

389 4437 600 4505 quiunt:
628 4434 910 4507 Episcopus
953 4452 1064 4506 qua:
1095 4435 1306 4507 Photini
1332 4434 1451 4507 sunt
1480 4434 1647 4507 sapit;
1694 4439 1972 4507 nescientes

392 4492 550 4584 neque
576 4492 698 4587 qua}.
717 4492 1007 4587 ιοιιὰιιηηιξ3
1034 4522 1192 4586 neque.
1209 4505 1282 4587 ,εις
1321 4505 1498 4587 quibus
1537 4492 1814 4587 h/ﬁrnumt.
1853 4506 1972 4586 _Hoc
2004 4492 2051 4550 D

391 4574 711 4646 enimquod
747 4574 788 4625 ιι
825 4591 906 4627 me
951 4574 1152 4638 dicitur,
1197 4574 1407 4646 Photini
1455 4574 1645 4630 eversio
1694 4578 1966 4630 invenitur.

391 4642 606 4716 Photini
632 4645 769 4716 enim
779 4660 968 4716 sensus
982 4661 1047 4716 __a
1087 4655 1260 4716 partu_
1278 4645 1465 4699 Maria:
1502 4646 1589 4699 Ve:
1605 4646 1666 4700 bo
1700 4647 1790 4698 dat
1825 4648 1972 4716 prin-

393 4714 611 4836 cipiuzn,
635 4729 715 4766 me
737 4713 949 4779 dicente,
982 4713 1199 4768 Verbum
1226 4713 1386 4772 Deum
1399 4732 1598 4785 semper
1617 4713 1836 4770 existere
1857 4726 1976 4770 ante

393 4799 525 4836 κροκι
553 4801 601 4836 a.

390 4799 601 4838 δωετιια.

465 4851 590 4908 llz'ec
618 4852 986 4924 cumdicerct,
1014 4852 1324 4924 intendebat
1347 4855 1581 4909 animum
1616 4856 1667 4909 in
1689 4855 1973 4924 epistolam

393 4921 712 4994 Mercatoris
739 4921 846 4992 (De
866 4923 1140 4992 discrim.),
1165 4939 1268 4992 qua
1309 4926 1535 4994 primum
1565 4921 1865 4994 postulatus
1893 4933 1976 4980 est

392 4994 606 5063 publice
626 4992 783 5063 hujus
811 4994 1081 5058 criminis;
1105 4995 1158 5046 in
1180 5009 1244 5047 ea
1265 4992 1408 5049 enim
1434 4992 1716 5065 (Nam),
1742 4993 1808 5065 5)
1831 4994 1972 5049 Mer-

393 5071 548 5133 cator
575 5071 897 5133 exposuerat
936 5079 1042 5132 qua
1066 5071 1220 5132 parte
1257 5066 1606 5133 convenirent
1633 5063 1893 5120 Photinus
1921 5073 1978 5119 et

392 5131 689 5198 NestOrius,
721 5149 826 5204 qua
854 5131 1238 5204 discreparent.
1269 5132 1335 5188 In
1363 5151 1422 5187 eo
1451 5151 1564 5188 cum
1597 5135 1761 5189 Paulo
1789 5135 1977 5190 Samo-

393 5212 572 5276 sateno
588 5202 930 5274 conjungitur,
943 5205 997 5257 in
1007 5202 1103 5276 quo
1117 5202 1452 5276 habitatorem
1465 5215 1514 5258 et
1525 5205 1869 5259 habitaculum
1884 5223 1977 5276 pro

393 5275 588 5347 meritis
610 5283 836 5347 separat,
869 5276 1097 5347 dividens
1126 5275 1261 5346 quod
1279 5277 1549 5347 unicuique
1571 5293 1745 5329 eorum
1765 5277 1831 5330 sit
1857 5275 1978 5347 pro-

393 5346 580 5416 prium,
612 5345 988 5416 ex_dirersitate
1008 5345 1206 5416 naturae
1236 5362 1252 5397 :
1283 5345 1418 5416 quod
1437 5345 1641 5416 quidem
1664 5347 1767 5400 illis
1801 5345 1978 5400 ambo-

393 5412 486 5467 bus
515 5431 629 5467 cum
659 5412 877 5479 Eurous,
904 5431 971 5468 ET
1012 5413 1269 5479 PIIOTINO,
1296 5412 1379 5470 ἐτ
1419 5412 1636 5471 Camn
1678 5416 1971 5472 MARCELLO

391 5499 659 5556 {animatae
688 5493 782 5538 est.
829 5484 894 5537 In
936 5501 994 5556 eo
1041 5502 1175 5548 vero,
1207 5485 1342 5556 quod
1376 5484 1712 5540 subslantiale
1753 5486 1972 5540 Verbum

391 5551 492 5605 Dei
512 5555 801 5622 conﬁtetur,
825 5567 875 5608 et
907 5554 1036 5608 illud
1064 5571 1172 5609 esse
1193 5551 1254 5607 ab
1283 5567 1471 5610 ccterno
1493 5574 1604 5610 cum
1630 5557 1788 5610 Patre
1812 5557 1973 5612 Deum

393 5627 595 5706 asserit,
619 5643 652 5677 a
690 5627 981 5680 memoratis
1016 5635 1148 5680 recte
1171 5625 1430 5690 dissentit,
1456 5638 1503 5680 ct
1524 5629 1644 5698 fidei
1674 5639 1825 5684 recta:
1847 5645 1967 5683 con-

389 5707 641 5765 pingitur.

2069 451 2362 520 Mercator;
2389 451 2546 508 unam
2571 456 2637 510 de
2657 453 3028 515 consensione,
3048 451 3272 507 alteram
3288 453 3354 507 de
3381 454 3659 521 dissensu;

2067 524 2298 577 secunda
2328 541 2455 580 usus
2479 533 2562 580 est
2602 525 2880 579 Nestorius
2909 523 2974 576 ad
3005 525 3085 577 sui
3115 523 3354 576 dolosam
3388 524 3658 579 defensio-

2071 609 2211 664 nem,
2239 595 2380 664 quod
2411 604 2620 650 constat
2644 611 2709 650 ex
2735 594 2911 649 verbis
2935 594 3085 664 initio
3107 594 3298 664 allatis.
3325 594 3403 647 Ad
3423 596 3656 662 priorem

2068 661 2138 714 ita
2173 661 2448 732 respondit
2471 666 2672 737 (Serm.
2700 664 2759 729 4,
2793 681 2934 717 num.
2964 663 3106 785 10),:
3143 663 3285 716 Tunc
3308 661 3511 718 illorum
3548 667 3661 719 bla-

2068 733 2297 785 snhcmia
2336 734 2661 785 liberaberis.
2698 745 2747 785 et
2778 735 2930 785 facile
2957 751 3018 785 ac
3074 736 3255 785 reviter
3278 748 3657 785 sacramentum

2066 733 2297 804 sphemia
2336 733 2661 798 liberaberis,
2698 745 2747 788 et
2775 735 2930 804 facile
2957 751 3018 787 ac
3041 733 3255 787 breviter
3277 748 3657 804 sacramentum

2067 802 2329 872 religionis
2351 805 2515 859 edices
2541 807 2633 858 hoc
2653 802 2824 860 modo.
2866 805 3012 858 Alius
3041 804 3243 874 quidem
3265 802 3403 858 Deus
3439 804 3659 858 Verbum

2188 875 2273 956 qui
2295 883 2410 956 erat
2432 877 2485 928 in
2525 876 2732 945 templo,
2775 875 2911 956 quod
2957 883 3198 956 operatus
3225 884 3302 927 est
3331 874 3580 956 §piritus,
3612 885 3660 928 ct

2069 942 2212 995 aliud
2257 944 2494 1015 templum
2534 942 2722 1015 prailer
2767 942 3082 997 habitantem
3125 943 3305 996 Deum.
3343 942 3538 1015 Templi
3583 958 3659 998 est

2067 1022 2230 1064 morte
2258 1014 2498 1078 dissolvi;
2528 1014 2866 1069 inhabitantis
2909 1022 3078 1066 autem
3117 1015 3355 1082 templum
3387 1014 3470 1078 id,
3493 1024 3550 1068 ut
3579 1034 3660 1068 rc-

2067 1083 2294 1154 sitscitet,
2318 1087 2580 1154 praprium
2602 1095 2694 1139 est.
2727 1083 2850 1138 Non
2868 1084 2950 1136 hic
2965 1099 3104 1154 meus
3129 1099 3295 1138 sermo
3316 1094 3420 1148 est;
3443 1086 3534 1137 sed
3561 1102 3660 1138 rnsc

2072 1150 2301 1227 Domini,
2319 1150 2442 1227 eam
2473 1155 2631 1227 lego”:
2664 1154 2860 1227 Solvite
2886 1153 3147 1227 templum.
3169 1155 3367 1227 inquit,
3399 1154 3496 1227 hoc
3524 1165 3580 1208 et“
3602 1157 3656 1207 in

2071 1222 2239 1276 triduo
2270 1221 2538 1295 suscitabo
2556 1225 2685 1295 illud
2715 1223 2890 1292 (Joan.
2925 1221 3123 1290 11,19).
3157 1221 3546 1295 Conjunctionis
3567 1227 3660 1295 igi-

2071 1300 2152 1365 tur
2180 1293 2517 1365 conﬁteantur
2545 1294 2845 1365 dignitatem
2860 1333 2878 1365 _,
2894 1303 3122 1365 ⁸ιιαῑιρτιε
3138 1302 3332 1365 (autem
3347 1303 3395 1344 et
3420 1293 3656 1365 substan-

2071 1361 2168 1415 tias
2187 1359 2442 1436 duplices.
2477 1359 2618 1418 Tum
2639 1362 2823 1436 (Num.
2848 1362 2940 1436 ΔΗ)
2976 1379 2988 1414 :
3016 1359 3061 1413 F
3064 1361 3308 1436 ugiamus
3318 1363 3487 1436 itaque
3506 1363 3656 1433 hujus

2070 1431 2388 1502 confusionis
2421 1431 2669 1498 errorem,
2704 1432 2982 1487 Dominum
3014 1431 3243 1486 nostrum
3267 1431 3542 1496 Christum,
3570 1431 3656 1486 se-

2070 1503 2289 1574 cund_um
2319 1513 2587 1570 naturam,
2621 1504 2873 1574 duplicem
2910 1502 3170 1567 dicamus;
3210 1502 3490 1555 secundum
3523 1507 3657 1574 quod

2070 1581 2144 1623 est
2173 1569 2361 1636 Filius,
2391 1590 2569 1628 unum.

2143 1641 2522 1698 Animadverte
2551 1644 2728 1699 obiter
2763 1642 3067 1698 Nestorium
3095 1641 3226 1696 duas
3255 1642 3571 1712 hypostascs
3599 1644 3654 1697 in

2071 1709 2286 1786 Christo
2315 1713 2429 1786 sola
2455 1717 2700 1786 ᾳυναφεία
2726 1715 2906 1768 unitas
2935 1719 3118 1781 aperte
3139 1709 3416 1786 confiteri;
3445 1713 3654 1786 dixerat

2070 1783 2210 1836 enim
2233 1784 2417 1852 procul
2439 1781 2803 1854 dubio'Gnnce
2827 1802 2838 1836 :
2864 1791 2955 1843 τῆς
2983 1785 3253 1854 συναφείας
3288 1785 3455 1838 τοίνυν
3476 1783 3653 1854 ὁμολο-

2103 1861 2234 1927 ὧμεν
2263 1855 2609 1927 τὴΥ-ἔνότητα,
2665 1857 2757 1914 τὰς
2784 1853 2836 1910 δὲ
2865 1855 3061 1927 φύσης,
3097 1853 3183 1913 δέαὸ
3211 1855 3306 1912 τὰς
3333 1853 3656 1913 ὑποστάσεις·

2102 1925 2270 1998 ιπλάς.
2326 1923 2600 1998 _Mercator
2645 1934 2845 1998 autem,
2871 1923 3068 1998 '_more_
3104 1937 3220 1986 suo,
3259 1937 3370 1998 _pro
3412 1927 3656 1998 σρναφείᾳ

2069 1994 2502 2064 coniunctionem
2527 1995 2708 2057 vertit,
2739 2010 2839 2064 pro
2854 1993 3158 2064 bucculas:
3195 1992 3568 2046 substantiam.

2140 2063 2394 2116 Eamdem
2416 2063 2815 2119 accusationem
2835 2063 3040 2117 diluere
3060 2070 3286 2118 conatus
3307 2069 3389 2117 est
3408 2077 3658 2116 sermone

2069 2133 2418 2198 duodecimo,
2445 2134 2532 2188 ubi
2563 2133 2900 2188 Samosateni
2933 2133 3162 2201 primum
3195 2140 3247 2186 et
3277 2129 3488 2187 Photini
3523 2149 3655 2186 con-

2067 2204 2372 2258 sensionem
2402 2204 2666 2270 ostendit;
2707 2212 2817 2256 tum
2862 2203 3136 2270 utriusque
3175 2201 3558 2264 differentiam;
3604 2211 3658 2255 (ιι

2068 2272 2285 2328 tandem
2312 2273 2588 2326 amborum
2611 2290 2641 2327 a
2664 2289 2720 2326 se
2743 2273 3173 2341 discrepantiam.
3199 2273 3286 2341 Ait
3314 2286 3442 2341 ergo
3467 2271 3659 2339 (Num-

2071 2342 2155 2408 12,
2186 2341 2279 2412 15)
2316 2341 2557 2412 :iPaulus
2587 2360 2646 2396 ac
2677 2340 2931 2396 Photinus
2958 2343 3187 2412 nesciunt
3222 2340 3346 2394 Filii
3376 2340 3652 2405 Deitatem,

2067 2414 2301 2467 nesciunt
2322 2411 2449 2465 Filii
2471 2413 2599 2466 duas
2622 2421 2854 2478 naturas,
2878 2414 3110 2465 nesciunt
3131 2411 3293 2465 Deum
3314 2421 3363 2463 et
3377 2412 3654 2475 hominem;

2069 2484 2203 2552 hunc
2232 2494 2402 2552 autem
2435 2483 2569 2536 inter
2596 2499 2650 2536 se
2685 2483 3030 2552 differentiam
3059 2481 3284 2534 habent:
3318 2498 3449 2534 unus
3480 2499 3657 2535 eorum

2071 2551 2313 2621 (Paulus)
2363 2550 2619 2605 Christum
2661 2550 2825 2606 solum
2858 2552 3112 2606 hominem
3167 2553 3318 2614 dicit;
3365 2553 3496 2604 alter
3541 2569 3656 2605 vero

2071 2621 2372 2694 (Photinus)
2413 2621 2534 2694 dicit
2559 2623 2776 2694 quidem
2792 2622 3030 2694 Verbum,
3062 2639 3164 2694 non
3195 2631 3363 2694 autem
3384 2623 3657 2694 conﬁtetur

2067 2691 2178 2762 esse
2208 2691 2370 2745 Deum
2401 2692 2532 2745 :sed
2563 2691 2687 2746 dicit
2735 2691 2953 2745 Verbum
2982 2692 3120 2744 istud
3149 2691 3422 2762 aliqujgndo
3454 2691 3654 2755 quidem

2069 2761 2247 2815 Patris
2277 2763 2483 2833 nomine
2509 2763 2740 2826 rocitari,
2766 2762 3044 2833 aliquando
3074 2760 3426 2833 aittcnl__l’ei'bi
3450 2764 3657 2815 nomine

2069 2834 2374 2901 nuncupari.
2407 2829 2530 2885 Non
2553 2842 2719 2885 autem
2742 2829 3021 2901 introducit
3050 2833 3206 2884 lteum
3244 2829 3463 2884 Verbum
3494 2833 3658 2884 homi—

2068 2918 2182 2954 nem
2212 2900 2436 2972 factum;
2467 2902 2791 2972 nescitenim
2833 2901 2959 2956 Filii
2999 2900 3363 2963 Divinitatem;
3389 2904 3548 2955 nescit
3577 2903 3657 2953 di-

2067 2971 2236 3042 uinam
2261 2971 2601 3026 substantiam
2626 2971 2882 3026 hominem
2909 2973 3224 3042 suscepisse;
3256 2973 3415 3024 nescit
3447 2989 3657 3042 prorsus

2078 3041 2230 3095 Verbi
2254 3044 2556 3095 existentem
2576 3052 2698 3096 ante
2724 3047 2915 3097 scecula
2936 3041 3212 3095 Deitatem.

2143 3110 2377 3165 Observa
2398 3111 2701 3166 Nestorium
2727 3113 2825 3166 tria
2847 3113 2913 3166 de
2942 3111 3170 3164 Photino
3190 3111 3368 3165 dicere
3393 3129 3404 3163 :
3432 3109 3490 3163 l0
3514 3113 3656 3176 quod

2073 3180 2270 3235 Christi
2296 3182 2509 3235 nomine
2530 3181 2764 3236 Verbum
2790 3181 3070 3250 significari
3093 3181 3250 3244 velit;
3267 3181 3336 3250 72°
3360 3181 3502 3248 quod
3524 3180 3657 3236 Ver-

2073 3251 2198 3304 bum
2229 3251 2357 3304 illud
2388 3259 2549 3318 neget
2577 3267 2694 3306 esse
2723 3248 3033 3316 Deum,.sed
3070 3251 3230 3304 modo
3260 3248 3451 3316 Patris,
3493 3253 3656 3306 modo

2074 3319 2192 3374 Filii
2221 3321 2435 3375 nomine
2475 3323 2682 3386 vocari;
2707 3323 2769 3375 3°
2795 3322 2936 3390 quod
2967 3321 3129 3375 Deum
3163 3320 3393 3374 Verbum
3438 3339 3544 3376 non
3572 3322 3655 3375 in-

2073 3390 2321 3444 troducat
2341 3391 2611 3445 hominem
2636 3391 3094 3445 factum.Tertium
3114 3390 3251 3444 istud
3275 3391 3395 3444 inde
3418 3391 3656 3456 conficit,

2072 3461 2213 3530 quod
2248 3459 2543 3524 Photinus,
2579 3477 2753 3528 neque
2791 3461 2903 3516 veri
2944 3460 3060 3514 Filii
3105 3461 3446 3514 Divinitatem
3484 3463 3654 3527 sciat,

2073 3545 2246 3602 neque
2257 3530 2490 3585 divinam
2513 3532 2840 3602 hypostasim
2863 3531 3132 3602 hominem
3147 3530 3462 3601 suscepisse,
3481 3546 3657 3600 neque

2073 3598 2230 3654 Verbi
2259 3598 2714 3654 existenten'ilante
2732 3602 2920 3655 sazcula
2944 3601 3226 3655 Deitatem.

2145 3668 2396 3723 Dissentit
2421 3688 2452 3722 a
2485 3688 2565 3724 me
2593 3671 2788 3723 Paulus
2818 3672 2870 3723 in
2899 3688 2956 3724 eo
2978 3671 3112 3740 quod
3142 3671 3262 3740 dicit
3285 3667 3544 3724 Christum
3565 3671 3658 3724 hoe

2071 3739 2464 3811 ntinemsolum,
2496 3750 2544 3792 et
2575 3749 2691 3811 tunc
2719 3740 2884 3793 solum
2917 3739 3120 3811 init-ium
3141 3739 3346 3811 pltabere
3373 3757 3436 3792 ea:
3463 3758 3559 3811 quo
3593 3741 3659 3794 de

2080 3807 2291 3878 Virgine
2319 3819 2468 3862 natus
2510 3818 2602 3862 est.
2636 3808 2750 3878 Ego
2780 3819 2947 3862 autem
2979 3808 3066 3862 tibi
3096 3808 3208 3861 ideo
3249 3809 3329 3860 hic
3368 3807 3570 3876 resisto,
3600 3820 3658 3864 ut

2073 3876 2169 3929 Dei
2177 3876 2346 3941 talem,
2372 3893 2489 3948 qua;
2504 3876 2701 3948 attenta
2716 3889 2808 3943 cst,
2828 3879 2972 3932 carni
2995 3877 3420 3948 contemporalem
3442 3896 3544 3932 non
3564 3895 3658 3933 au-

2074 3948 2195 4001 deas
2223 3946 2391 4017 facere
2413 3946 2614 4071 uina
2632 3947 2740 4016 12).

2143 4014 2379 4071 Observa
2437 4033 2505 4071 nc
2545 4027 2708 4071 etiam

2143 4014 2379 4071 Observa
2418 4014 2505 4072 hic
2545 4014 2709 4073 etiam
2746 4016 3053 4074 Nestorium
3095 4032 3344 4087 expresse
3384 4032 3658 4087 exponere

2073 4101 2176 4154 qua
2207 4087 2257 4140 in
2283 4097 2433 4155 parte
2454 4089 2732 4144 dissentiat
2751 4087 3125 4150 Samosateno,
3158 4104 3263 4142 non
3295 4087 3440 4152 item,
3473 4103 3577 4156 qua
3600 4089 3655 4142 in

2112 4166 2226 4211 arte
2252 4157 2483 4213 Photino
2517 4177 2529 4211 :
2562 4159 2688 4214 dolo
2718 4158 2771 4212 id
2795 4158 2998 4232 fecerit,
3033 4175 3099 4212 an
3144 4160 3384 4232 ἀτεχνίᾳ,
3414 4158 3653 4232 dubium.

2119 4236 2302 4282 ossunt
2343 4238 2518 4283 tamen
2550 4245 2618 4283 ex
2658 4228 3081 4298 praecedentibus
3110 4227 3286 4298 verbis
3315 4227 3416 4298 tria
3446 4227 3655 4282 dissen-

2072 4297 2238 4352 sionis
2257 4299 2432 4366 capita
2462 4296 2702 4365 intelligi,
2728 4314 2790 4353 ea
2812 4314 3004 4367 nempe
3031 4314 3148 4367 qua:
3173 4296 3401 4367 Photino
3422 4298 3607 4352 tribuit
3640 4316 3654 4352 :

2073 4376 2297 4438 possunt
2317 4384 2383 4421 ex
2403 4368 2852 4438 consequentibus
2873 4366 2972 4438 ista
2993 4366 3098 4422 duo
3120 4367 3326 4438 colligi._
3339 4366 3494 4438 _Quod
3515 4367 3657 4422 Pho-

2077 4439 2211 4490 tinus
2238 4437 2486 4492 Deitatem
2511 4436 2662 4492 Verbi
2682 4454 2785 4490 non
2808 4437 3284 4507 habeat.Quodque
3313 4436 3531 4491 Verbum
3551 4455 3656 4494 non

2083 4510 2304 4578 fateatur
2323 4517 2442 4561 ante
2460 4509 2865 4562 incarnationem
2888 4509 3046 4578 fuisse
3075 4506 3287 4578 Filium.
3320 4507 3522 4578 Quibus
3541 4525 3657 4563 0m-

2083 4577 2240 4631 nibus
2260 4580 2528 4648 contraria
2547 4578 2825 4648 Nestoﬁrius
2851 4577 2907 4632 se
2935 4578 3179 4634 docuisse
3198 4577 3373 4648 palam
3396 4578 3447 4631 in
3471 4577 3659 4634 Eccle-

2080 4648 2174 4708 sia,
2207 4647 2354 4700 velut
2394 4663 2506 4701 rem
2559 4647 2804 4703 omnibus
2843 4647 3239 4719 perspectam,_
3262 4648 3560 4717 supponit;
3603 4649 3654 4702 id

2071 4727 2209 4789 vero
2229 4731 2389 4784 quam
2418 4733 2544 4789 vere
2573 4717 2858 4789 supponat,
2882 4717 3022 4773 nunc
3049 4717 3426 4789 videndum,et
3455 4734 3519 4772 co
3537 4721 3654 4789 qui-

2079 4787 2202 4842 dem
2245 4788 2564 4852 accuratius,
2607 4787 2750 4856 quod
2779 4787 2845 4842 de
2874 4804 3078 4843 summa
3107 4787 3434 4844 Nestorianaa
3470 4787 3653 4857 inequi-

2080 4857 2188 4922 tiae,
2228 4865 2284 4911 et
2326 4857 2394 4911 de
2431 4857 2744 4914 Mercatoris
2790 4858 2844 4913 in
2887 4859 3186 4914 accusando
3227 4859 3370 4914 bona
3415 4857 3516 4913 fide
3545 4861 3652 4928 agi-

2078 4934 2186 4981 tur.

2152 4996 2418 5052 Mercator
2442 4997 2674 5054 Nestorii
2725 4996 3111 5063 defensionem,
3139 5013 3299 5068 quam
3345 4998 3473 5064 dixi,
3499 5000 3658 5054 refch

2079 5067 2214 5139 lens,
2246 5083 2506 5139 suamque
2545 5068 2939 5139 accusationem
2963 5067 3328 5139 propugnans,
3373 5069 3444 5122 ita
3474 5071 3658 5125 scribit

2082 5137 2322 5207 (Dissert.
2346 5139 2401 5192 in
2419 5136 2492 5190 12
2510 5136 2796 5206 anathem.)
2817 5157 2829 5190 :
2848 5136 3099 5192 Pholinus
3122 5136 3287 5193 autem
3304 5139 3420 5192 huic
3441 5140 3661 5194 insanis-

2077 5205 2207 5262 sima
2237 5205 2480 5262 Nestorio
2527 5225 2700 5276 parem
2740 5209 3044 5263 sententiam
3089 5211 3264 5274 tenuit,
3304 5207 3522 5264 Verbum
3561 5210 3658 5265 Dei

2079 5278 2280 5350 quidem
2309 5293 2412 5350 non
2441 5295 2634 5348 negans
2662 5295 2772 5350 esse
2796 5279 2850 5331 in
2879 5279 3187 5345 substantia,
3221 5280 3310 5333 sed
3339 5280 3432 5332 hoc
3458 5284 3657 5334 extrin-

2077 5349 2221 5404 secus
2243 5349 2296 5401 in
2335 5349 2432 5422 isto
2460 5350 2556 5422 qui
2583 5367 2646 5422 ea;
2676 5349 2869 5422 aria,
2897 5366 3042 5422 more
3067 5352 3321 5404 communi
3351 5351 3620 5422 coniugum
3639 5390 3653 5412 ,

2080 5428 2230 5472 natus
2279 5429 2356 5472 est
2390 5418 2422 5472 J
2429 5418 2515 5472 esu
2541 5419 2857 5473 inhabitasse
2885 5420 3229 5490 peculiariter,
3270 5431 3320 5475 et
3347 5418 3545 5490 omnim
3565 5421 3657 5472 illa

2080 5506 2168 5561 per
2197 5489 2329 5561 haue
2360 5491 2538 5560 fecisse
2580 5492 2634 5543 in
2677 5492 2822 5561 terris
2859 5486 3130 5544 miracula.
3163 5491 3230 5544 Et
3257 5500 3443 5561 postea
3469 5486 3654 5559 (Num.

2082 5557 2170 5626 19)
2205 5578 2216 5611 :
2252 5557 2503 5630 Photinus
2531 5570 2701 5615 autent
2742 5559 2794 5614 Ν
2799 5561 2970 5614 estorii
2992 5557 3274 5630 magister;
3296 5557 3512 5614 Verbum
3542 5561 3655 5630 quij

2058 5629 2195 5702 dem
2237 5630 2328 5702 huc
2359 5629 2455 5683 Dei
2476 5648 2584 5684 esse
2612 5632 2665 5682 in.
2709 5632 2990 5702 substantia
3019 5628 3121 5686 non
3162 5642 3331 5702 negat,
3360 5629 3450 5702 sed
3475 5645 3582 5681 esse
3604 5628 3657 5702 id

2085 5699 2182 5753 Dei
2227 5699 2420 5755 Filium
2449 5717 2550 5754 non
2593 5702 2712 5755 vult.
2762 5700 3038 5757 llubitasse
3065 5719 3179 5757 vero
3208 5699 3549 5773 peculiariter,
3581 5699 3660 5752 vel
