4022 6182
414 281 552 337 1139

985 276 1074 330 AD
1114 273 1390 329 PARTEM
1429 273 1797 331 SECUNDAM
1838 277 2115 333 OPEHUM
2155 277 2222 332 11.
2266 274 2706 331 MERCATORIS
2744 273 3110 330 API’ENDIX.

3537 276 3673 330 1140

410 393 688 466 attinuisse
711 388 928 466 _Christa
963 383 1089 466 Jasu
1127 383 1190 438 de
1214 382 1405 466 Ioseph
1433 394 1480 436 et
1497 383 1682 464 diaria
1722 397 1864 466 nata,
1896 404 1987 466 nec
2015 390 2061 448 Α
2092 387 2302 466 positus
2344 384 2548 466 fuissqt,
2591 386 2762 466 potuit
2784 384 3330 466 recuperare-sedem,
3363 385 3406 438 si
3437 385 3670 466 oblatam

413 465 682 536 quidquam
702 461 834 512 hunc
862 457 976 526 plus
999 456 1155 525 fuisse
1183 453 1345 536 quam
1372 453 1643 535 hominem,
1667 471 1778 508 cum
1805 458 1990 536 _impie-

414 522 515 588 late
542 522 742 593 delirat,
766 522 1278 610 qui-omnesmmniiio‘
1308 522 1671 610 haminesrita:
1691 522 1989 610 meritohan-

372 593 381 630 ⁹
415 603 666 658 terenerit.
691 590 759 652 Et
778 590 970 652 iterum
993 593 1175 664 (Num.
1194 593 1282 661 2|)
1311 611 1321 664 ς
1348 590 1620 646 Nestorius
1646 611 1769 647 sane
1797 613 1828 648 a
1848 595 1990 649 Pho-

414 676 520 728 tiuo
548 680 754 724 auctore
780 684 871 721 suo
901 666 956 718 in
983 663 1036 717 id
1065 674 1262 716 tantum
1286 663 1535 735 dissentit,
1568 666 1702 732 quod
1721 682 1784 718 ea:
1813 664 1987 735 Virgi-

411 761 476 796 ne
497 741 670 794 Maria
698 737 956 791 Christum
977 736 1161 786 asserit
1194 743 1400 798 natum,
1430 733 1482 784 in
1504 735 1709 804 reliquis
1738 752 1852 788 vero
1881 733 1990 788 om-

412 813 560 866 nibus
581 817 713 863 totus
740 809 900 877 ipsius
928 820 1138 877 sequax,
1162 805 1394 874 signifer,
1427 812 1475 854 et
1501 806 1986 877 antesignanussst,

362 891 367 910 ’
411 892 462 934 et
488 883 540 934 in
570 880 622 933 id
642 873 886 941 maxime,
907 873 1042 946 quod
1062 873 1220 943 supra
1250 882 1584 946 memoratum
1609 873 1701 939 est,
1727 873 1823 927 Dei
1853 874 1989 946 Ver-

414 949 530 1003 bum
556 949 648 1002 Dei
670 946 865 1000 Filium
906 941 1009 999 non
1043 941 1183 1005 esse,
1213 959 1304 995 nec
1330 942 1430 994 dici
1455 941 1650 1006 debere,
1689 959 1779 995 nec
1805 944 1985 1011 ullum,

413 1021 512 1073 nisi
541 1018 718 1073 Jesum
737 1033 801 1070 ea:
821 1015 993 1068 Maria
1015 1023 1209 1076 natum,
1237 1011 1431 1064 Filium
1459 1011 1552 1066 Dei
1575 1012 1862 1066 dicendum.

486 1087 554 1143 Ut
573 1095 829 1158 appareat
854 1099 1012 1158 quam
1043 1097 1165 1158 vere
1183 1081 1390 1158 _Qiarius
1414 1082 1685 1158 scripserit
1707 1083 1758 1135 in
1781 1098 1846 1158 ea
1868 1092 1988 1158 tau-

413 1168 528 1212 tum
565 1151 853 1212 a'Pbotino
873 1151 1161 1209 dissentire
1183 1151 1502 1222 Nestorium,
1525 1152 1668 1222 quod
1698 1167 1765 1206 ex
1789 1153 1992 1219 virgine

415 1227 581 1282 Maria
610 1227 878 1282 Christum
909 1230 1112 1278 asserat
1141 1229 1341 1284 natum,
1383 1221 1436 1274 in
1483 1221 1700 1288 reliquis
1745 1223 1992 1277 omnibus

415 1299 702 1352 convenire
735 1313 748 1347 :
779 1293 1048 1348 sciendum
1078 1298 1160 1345 est
1189 1298 1315 1344 tunc
1344 1292 1600 1360 temporis
1622 1290 1803 1358 plures
1828 1293 1991 1346 exsti-

418 1367 544 1436 tisse
563 1366 884 1436 quaestiones
905 1363 980 1436 de
997 1361 1359 1436 incarnatione
1378 1360 1538 1436 Verbi
1559 1360 1726 1436 divini
1741 1375 1808 1436 es
1828 1361 1991 1436 Maria

415 1429 632 1505 Josepbi
661 1449 884 1505 sponsa;
917 1433 1032 1486 alia:
1058 1431 1254 1505 quippe
1280 1430 1620 1505 pertinebant
1665 1429 1730 1482 ad
1758 1431 1990 1484 Verbum

418 1499 561 1573 quod
581 1499 796 1560 carnem
824 1501 1133 1573 assumpsit;
1160 1499 1276 1553 alia:
1305 1499 1615 1573 tul__caru_em
1636 1507 1988 1573 assumptum;

419 1568 536 1629 alue
561 1577 627 1630 ad
656 1568 1070 1641 assumptionem
1097 1569 1297 1638 ipsam;
1329 1569 1445 1624 alia:
1465 1569 1530 1623 ad
1551 1568 1850 1634 Christum;
1876 1570 1991 1623 alia:

419 1644 484 1698 ad
505 1643 701 1699 Christi
730 1651 975 1696 matrem.

488 1712 562 1767 De
581 1713 757 1767 Verbo
777 1725 990 1766 carnem
1012 1715 1317 1762 assumente
1337 1707 1708 1777 quaerebantur
1729 1717 1986 1775 quatuor:

417 1797 484 1835 an
513 1759 1124 1842 ﬁeué'éésetsaineia;,
1157 1759 1589 1847 contra‘Arium;
1622 1792 1688 1830 an
1717 1759 1990 1847 liypostusi
2023 1759 2066 1816 Β

415 1852 694 1918 distinctus
715 1867 744 1904 a
767 1850 942 1918 Patre,
957 1857 1141 1902 contra
1157 1846 1477 1910 Sabellium;
1502 1860 1566 1899 an
1579 1862 1676 1918 per
1695 1846 1906 1918 se’Dgus
1928 1847 1995 1902 ab

417 1916 640 1982 tuterno,
659 1928 843 1976 contra
866 1917 1270 1972 Samosatenum
1291 1933 1305 1981 ;
1324 1931 1390 1970 an
1412 1931 1477 1970 ex
1497 1916 1792 1970 aeternitate
1807 1916 1991 1983 Filius,

419 1996 606 2043 contra
629 1989 893 2044 eumdem.

489 2058 871 2124 Qumrebantur
889 2055 955 2112 de
984 2071 1142 2112 carne
1165 2054 1263 2108 tria
1289 2073 1301 2106 :
1331 2069 1398 2109 an
1427 2070 1549 2109 vera
1573 2053 1747 2120 fuerit,
1773 2063 1994 2109 nostrae-

419 2129 869 2202 gpe_bpoouo'toc,_
906 2135 1092 2202 contra
1129 2125 1553 2202 phantasiastas;
1585 2141 1664 2202 an_
1690 2133 1900 2194 sumpta
1928 2141 1994 2202 ex

421 2194 600 2252 Μαι-ἰδ’
629 2206 816 2254 contra
844 2195 1098 2266 Apellitas
1125 2213 1136 2246 :
1178 2209 1244 2266 an
1288 2194 1476 2266 animae
1494 2194 1800 2266 mentisque
1829 2197 1994 2264 parti-

422 2284 565 2336 ceps,
598 2268 852 2323 adversus
876 2263 1114 2336 Arianos
1131 2272 1186 2319 et
1215 2263 1639 2336 Apollinaristas.

493 2333 566 2392 De
594 2337 957 2406 assumptione
988 2334 1207 2406 totidem
1234 2335 1434 2406 pariter
1453 2333 1860 2406 disputabantur
1888 2351 1900 2384 :
1926 2349 1994 2388 an

420 2408 550 2462 uuio
577 2401 883 2461 naturarum
907 2406 960 2458 in
979 2403 1191 2458 Christo
1211 2401 1315 2458 sar
1334 2401 1621 2458 ὐπὸσταὲην
1636 2401 1792 2464 foret,
1809 2419 1874 2456 an
1898 2427 1989 2458 κα-

418 2481 485 2534 τὰ
510 2480 697 2548 σχέσιν
725 2477 913 2548 solam,
945 2472 1662 2548 adversusSauiosatenuin;
1691 2488 1762 2548 an
1802 2487 1830 2524 a
1857 2481 1993 2526 tem-

419 2541 947 2616 pore'conceptionis
974 2543 1257 2606 exstiterit,
1285 2542 1540 2596 adversus
1571 2541 1900 2616 Leporium_;_
1926 2558 1995 2596 an

421 2609 672 2670 continua
700 2609 876 2679 fuerit,
905 2623 1268 2682 :etemumque
1291 2627 1558 2674 mansura,
1583 2611 1835 2666 adversus
1857 2609 1994 2664 Mar-

422 2686 636 2741 cellum.

493 2755 568 2809 De
593 2753 807 2809 Christo
835 2755 984 2823 plura
1007 2750 1219 2822 quidem
1242 2750 1524 2823 veniebant
1549 2750 1600 2802 in
1623 2749 1992 2823 quaestionem,

421 2825 514 2880 sed
532 2826 632 2894 tria
659 2819 993 2894 potissimum
1019 2819 1040 2874 ξ
1057 2829 1232 2894 utrum
1257 2835 1419 2894 purus
1441 2820 1602 2894 homo
1623 2826 1782 2881 esset,
1803 2819 1993 2872 adver-

421 2910 510 2948 sus
535 2887 813 2958 Ebidnem,
846 2903 973 2956 etc.;
1004 2898 1182 2944 utrum
1206 2887 1270 2942 in
1289 2904 1354 2942 eo
1382 2890 1500 2942 dum
1528 2887 1701 2958 forent
1729 2903 1991 2957 personae;

421 2965 675 3020 adversus
687 2962 1122 3026 Samosatenum;
1145 2967 1199 3013 et
1221 2967 1396 3013 utrum
1417 2957 1638 3027 coeperit
1657 2973 1775 3012 esse
1796 2973 1861 3012 ex
1883 2974 1995 3012 ma-

422 3045 523 3097 tre,
548 3034 802 3087 adversus
822 3031 1124 3085 Photinum.

455 3108 462 3114 '
492 3095 568 3158 De
587 3111 758 3157 matre
780 3100 973 3155 Christi
993 3100 1223 3168 denique
1247 3097 1352 3152 duo
1383 3099 1434 3151 in
1455 3095 1993 3168 cantroversiamvo-

420 3173 680 3227 cabantur
696 3191 709 3225 :
723 3188 791 3225 an
809 3171 1033 3240 Deipara
1049 3165 1175 3240 vere
1195 3169 1282 3233 sit,
1300 3177 1484 3240 contra
1497 3166 1834 3240 Theodorum
1848 3165 1996 3240 Mop-

421 3253 761 3306 suestenum;
784 3249 838 3295 et
863 3235 1041 3294 uirum
1063 3239 1212 3306 virgo
1233 3238 1637 3308 peperci-iniam
1656 3250 1722 3288 ex
1742 3236 1888 3308 viro,
1903 3235 1996 3289 ad-

421 3328 607 3366 versus
623 3305 920 3365 Helvidium
932 3317 988 3365 et
997 3309 1130 3362 alios
1143 3305 1402 3376 ejusmodi
1419 3305 1994 3376 Autidicomarianitas.

423 3380 754 3446 Qumstiones
781 3380 940 3447 igitur
976 3374 1413 3448 proponebantur
1440 3374 1656 3448 omnino
1677 3375 2000 3448 quatuorde-

421 3442 556 3513 cini;
588 3451 632 3502 si
655 3463 774 3515 quze
800 3442 943 3501 enim
973 3442 1094 3500 alite
1132 3451 1437 3509 occurrunt,
1472 3444 1557 3515 vel
1595 3442 1904 3498 acciderunt
1931 3457 1998 3497 ex

421 3513 724 3581 occasione,
748 3517 832 3571 vel
861 3518 930 3571 ad
951 3517 1076 3570 istas
1105 3515 1258 3569 facile
1283 3513 1522 3568 revocari
1544 3521 1783 3583 possunt.

491 3587 800 3642 lndubitatis
845 3601 974 3640 vero
1003 3584 1327 3653 argumentis
1355 3581 1564 3638 constat
1591 3581 1650 3653 l_°
1696 3581 1996 3637 Nestorium

420 3667 476 3710 et
504 3656 790 3711 Photinum
819 3655 885 3710 de
911 3651 1086 3709 matre
1122 3655 1315 3708 Christi
1343 3653 1535 3722 partim
1576 3651 1715 3722 idem
1743 3653 1992 3717 sensisse,

419 3743 541 3781 cum
573 3735 797 3796 uterque
828 3725 1106 3796 Deiparam
1133 3721 1379 3796 negaret;
1412 3723 1604 3796 partim
1650 3721 1992 3789 dissensisse,

419 3812 539 3849 cum
570 3796 658 3850 ille
685 3792 964 3864 virginem,
991 3795 1092 3847 iste
1137 3808 1204 3847 ex
1234 3794 1346 3847 viro
1391 3792 1678 3864 peperisse,
1711 3803 1992 3848 assereret.

486 3865 550 3917 2°
577 3861 790 3920 Ambos'
807 3866 857 3918 in
879 3879 1218 3920 communem
1246 3861 1566 3916 sententiam
1594 3861 1769 3929 reipsa
1798 3876 1996 3918 conve-

416 3936 558 3990 nisse
579 3935 647 3990 de
673 3934 907 3999 Christo,
942 3934 1084 4004 quod
1126 3933 1302 4004 homo
1321 3939 1533 4004 tantum
1559 3930 1713 4004 foret,
1741 3931 1996 4004 quodque

417 4005 649 4060 existere
677 4005 901 4074 coeperit
928 4000 996 4074 ei
1015 4002 1253 4074 Virgine,
1275 4001 1496 4074 dumque
1522 4001 1575 4053 in
1606 4000 1722 4067 ipso
1741 4000 1994 4074 hyposta-

414 4090 502 4128 ses
527 4089 622 4129 seu
649 4072 1278 4144 personzefuerint;duo
1299 4072 1454 4144 enim
1469 4077 1738 4144 postrema
1761 4086 1791 4123 a
1821 4072 1993 4144 primo

414 4159 521 4198 non
542 4140 870 4214 discrepant,
898 4143 1121 4214 ideoque
1150 4141 1337 4196 iisdem
1357 4140 1669 4214 rationibus,
1695 4146 1856 4208 atque
1885 4143 1992 4210 pri-

414 4229 580 4277 mum,
623 4210 810 4268 omnes
847 4212 966 4266 ﬁdei
995 4210 1304 4267 defensores
1331 4225 1360 4263 a
1389 4210 1636 4264 Nestorio
1676 4223 1859 4263 revera
1906 4227 1991 4266 as-

415 4292 558 4337 serta
585 4284 976 4337 demonstrant.

484 4352 540 4406 5'
560 4351 852 4421 Utrumque
873 4351 1185 4407 convenisse
1202 4351 1404 4420 pariter
1422 4350 1490 4405 de
1513 4355 1818 4403 naturarum
1843 4351 1992 4406 unio-

405 4437 514 4485 ne;
546 4431 736 4476 neuter
763 4424 906 4476 enim
933 4422 1319 4476 substantivam
1349 4421 1582 4480 admisit,
1613 4434 1733 4473 cum
1762 4427 1989 4490 uterque

411 4491 679 4546 Christum
723 4507 840 4547 esse
888 4492 1052 4544 Deum
1100 4490 1400 4558 negaverit;
1431 4490 1607 4543 neutri
1649 4504 1678 4541 a
1719 4491 1990 4546 veteribus

411 4562 542 4617 vitio
571 4562 795 4616 vertitur
823 4561 964 4629 quod
997 4559 1078 4613 vel
1108 4559 1335 4629 Leporio
1354 4599 1368 4622 ,
1401 4559 1488 4629 vel
1511 4558 1862 4613 Samosateno
1888 4575 1989 4628 po-

409 4632 535 4697 tius,
552 4627 906 4703 Marcelloque
924 4629 1125 4685 Galate
1144 4627 1211 4683 de
1231 4627 1442 4683 unionis
1461 4628 1743 4681 duratione
1762 4627 1990 4684 consen-

410 4703 557 4757 serit.

479 4771 535 4825 4⁸
568 4769 861 4840 Utrumque
881 4770 1084 4840 pariter
1104 4767 1172 4821 de
1200 4781 1359 4821 carne
1381 4765 1580 4840 Christi
1609 4765 1794 4840 eadem
1809 4769 1987 4840 tradi-

412 4841 580 4907 disse;
612 4857 642 4895 a
664 4835 1108 4908 nemine—quippe
1123 4845 1360 4908 veterum
1391 4835 1600 4908 objecta
1621 4843 1702 4908 est
1722 4837 1849 4908 ipsis
1869 4855 1987 4893 um-

413 4926 567 4980 quam
607 4907 1055 4980 consensiofcum
1084 4907 1486 4980 Phantasiastis,
1529 4907 1796 4980 Apeilitis,
1829 4917 1991 4979 atque

412 4977 618 5037 Arianis
658 4988 714 5037 et
756 4978 1177 5052 Apollinaristis;
1223 4977 1579 5052 e_coutrario
1625 4977 1692 5031 ab
1740 4977 1988 5036 omnibus

409 5052 682 5121 utriusque
713 5047 894 5105 odium
922 5051 974 5104 in
1003 5048 1253 5121 prtefatos
1273 5047 1551 5121 hwreiicos
1576 5056 1841 5121 narratur.

477 5121 552 5176 De
578 5115 708 5177 solis
734 5122 895 5188 igitur
921 5115 1313 5190 quziastionlbus
1332 5115 1652 5190 adAVerbum
1678 5117 1990 5190 pertinenti-

407 5189 504 5243 bus
526 5191 590 5245 lis
607 5187 787 5260 potest
802 5187 1002 5260 intendi
1024 5188 1212 5260 Mario,
1235 5187 1378 5241 velut
1395 5187 1664 5260 immerito
1687 5187 1987 5260 Nestorium

405 5260 579 5330 hacin
601 5256 755 5330 parte
782 5275 933 5314 reum
958 5257 1143 5330 fecerit
1163 5257 1532 5330 consensionis
1566 5273 1686 5312 cum
1708 5329 1715 5330 ί
1735 5256 1984 5330 Photino.

404 5327 620 5385 Verum'
645 5344 767 5385 cum
809 5337 1040 5396 quatuor
1079 5329 1186 5383 sint
1227 5327 1488 5392 ejusmodi
1534 5329 1886 5396 quaestiones,
1922 5329 1989 5384 de

403 5401 575 5470 prima
598 5415 755 5455 nemo
768 5397 1290 5470 calumniatlglfuerit
1310 5397 1562 5470 Marium;
1590 5414 1712 5452 nam
1731 5407 1784 5452 et
1799 5398 1987 5453 Nesto-

402 5467 514 5525 rius
540 5469 1047 5528 consubstantialem
1071 5469 1383 5524 Trinitatem
1413 5467 1688 5523 confessus
1701 5477 1809 5534 est,
1833 5478 1891 5522 ut
1919 5485 1983 5522 ex

402 5542 590 5597 ultimo
617 5541 782 5612 ipsius
805 5554 1056 5612 sermone
1083 5547 1262 5612 patet,
1286 5548 1344 5612 et
1381 5537 1641 5612 Photinus
1679 5545 1986 5612 constanter

401 5619 491 5665 ten
517 5614 570 5684 .it
591 5607 862 5684 ὁμὶοουσίσυ
881 5609 1037 5684 iidem
1057 5629 1068 5663 :
1085 5607 1211 5664 nam
1231 5609 1366 5684 inde
1369 5608 1611 5684 accendit
1629 5608 1680 5662 in
1696 5623 1754 5663 se
1766 5607 1987 5684 Ariano-

400 5695 516 5738 rum
542 5677 794 5748 lurorem,
825 5697 856 5736 ι
883 5681 1076 5752 quibus
1104 5696 1224 5737 cum
1251 5680 1305 5736 in
1334 5678 1614 5736 Sirmiensi
1642 5678 1868 5736 concilio
1891 5677 1983 5734 dc-

2091 454 2159 537 ab
2205 456 2334 524 ipsis
2379 454 2768 509 confessionem
2799 454 3052 508 adversus
3095 454 3362 526 ὁμοούσιον
3407 455 3698 538 ευὺδετίνη

2088 527 2262 579 sisset.
3689 527 3692 558 ι

2161 594 2538 650 Controversia
2563 593 2720 662 igitur
2739 593 2806 646 ad
2830 600 2937 648 tres
2957 594 3190 662 reliquas
3208 594 3415 659 recidit,
3439 593 3531 648 sed
3557 595 3674 650 dua:

2109 665 2416 718 )osteriores
2446 665 2497 716 in
2529 679 2688 718 unam
2717 665 2890 731 reipsa
2920 665 3275 729 conveniunt;
3306 665 3348 717 si
3379 665 3522 717 enim
3546 663 3670 718 Ver-

2109 682 2416 718 )OSlCl'lOl‘CS
2446 682 2497 716 111
2529 682 2688 718 unam
2717 682 2890 731 TCIPSII
2920 682 3275 729 COllVi‘lllllnl;
3306 682 3348 717 SI
3379 682 3522 717 etum
3557 682 3670 718 ver-

2091 682 2215 788 bum
2248 750 2353 787 non
2375 734 2443 788 sit
2471 733 2537 787 ab
2565 743 2767 787 :eterno
2797 733 2981 795 Filius,
3014 734 3256 803 proiecto
3283 749 3457 803 neque
3484 742 3567 788 est
3606 734 3672 786 ab

2089 813 2292 858 aeterno
2312 820 2408 872 per
2433 819 2491 858 se
2513 804 2684 868 Deus;
2711 811 2765 857 et
2787 804 3038 872 vicissim,
3064 803 3108 858 si
3131 803 3361 858 Verbum
3385 804 3450 856 ab
3469 812 3672 857 aeterno

2092 891 2198 928 non
2225 871 2427 944 est’per
2453 890 2512 927 se
2537 875 2696 936 Deus,
2719 873 2861 940 quod
2891 871 3156 944 Mercator
3184 881 3338 944 vocat
3366 873 3670 944 esseVDeum

2092 944 2144 996 iu
2168 942 2479 1008 substantia,
2504 957 2723 997 necesse
2745 953 2825 996 est
2849 952 2905 996 ut
2934 960 3039 996 non
3067 943 3135 996 sit
3164 943 3230 996 ab
3257 953 3460 997 mtemo
3482 942 3667 1004 Filius,

2091 1013 2181 1066 sed
2205 1029 2274 1083 ex,
2294 1022 2552 1082 tempore,
2575 1029 2694 1066 cum
2718 1011 2880 1066 Filius
2899 1028 3026 1067 vere
3046 1029 3203 1083 nemo
3225 1027 3342 1083 esse
3359 1013 3546 1083 possit,
3571 1014 3668 1066 nisi

2091 1083 2181 1151 qui
2209 1099 2238 1136 a
2264 1081 2420 1136 Patre
2449 1086 2624 1158 τρόπῳ
2647 1085 3020 1158 τῆςρφτάρξεως
3037 1081 3263 1158 differat.
3417 1083 3558 1158 enim
3579 1099 3669 1137 ve—

2095 1150 2235 1206 teres
2258 1167 2446 1207 omnes
2474 1150 2710 1213 tradunt,
2740 1150 3023 1207 Photinum
3045 1153 3289 1207 docuisse
3308 1151 3541 1206 Verbum
3565 1169 3668 1206 non

2094 1221 2256 1276 fuisse
2285 1222 2352 1275 ab
2393 1231 2598 1277 interno
2625 1221 2836 1283 Filium,
2869 1223 2960 1276 sed
2991 1236 3058 1276 ex
3086 1231 3329 1290 tempore
3351 1222 3628 1275 dumtaxat
3652 1241 3664 1272 :

2093 1299 2148 1344 et
2172 1307 2267 1344 nos
2287 1290 2628 1355 confecimus,
2663 1307 2783 1345 cum
2811 1293 2876 1345 de
2903 1291 3254 1346 Samosateno
3284 1298 3550 1358 ageretur,
3575 1291 3668 1345 Ne-

2093 1361 2316 1430 storium
2347 1363 2536 1416 merito
2564 1362 2891 1430 postulatum
2921 1376 3040 1416 esse
3065 1361 3132 1414 de
3171 1362 3521 1415 consensione
3548 1376 3666 1414 cum

2096 1429 2448 1484 Samosateno
2478 1429 2577 1484 hac
2602 1431 2653 1484 iu
2683 1439 2854 1498 parte.

2166 1499 2352 1554 Restat
2379 1499 2538 1567 igitur
2565 1501 2848 1554 ostendere
2885 1516 2915 1554 a
2943 1499 3162 1555 Sabellii
3189 1499 3451 1555 sententia
3480 1499 3666 1554 Nesto-

2095 1569 2229 1622 rium
2252 1569 2453 1638 pariter
2481 1585 2543 1624 ac
2572 1568 2857 1623 Photinum
2886 1570 3202 1633 recessisse;
3226 1570 3278 1623 id
3313 1569 3452 1623 enim
3477 1570 3519 1622 si
3542 1586 3667 1624 con-

2094 1639 2524 1709 stiterit,iiquido
2554 1639 2754 1709 patebit
2775 1639 2894 1707 jure
2924 1639 3146 1692 Marium
3176 1641 3450 1709 scripsisse
3478 1639 3528 1691 in
3558 1639 3666 1693 ba‘c

2098 1709 2258 1761 verba
2289 1708 2530 1778 (Dissert.
2556 1707 2616 1762 in
2647 1707 2714 1760 i9.
2742 1709 3024 1773 anathem.,
3055 1725 3194 1762 num.
3228 1709 3317 1776 Ἦ)
3352 1727 3364 1760 :
3399 1707 3667 1761 Nestorius

2095 1795 2125 1831 a
2155 1778 2382 1832 Photino
2409 1789 2613 1832 auctore
2635 1795 2728 1831 suo
2750 1779 2804 1831 in
2845 1779 2899 1830 id
2925 1787 3124 1831 tantum
3163 1780 3414 1840 dissentit,
3447 1778 3578 1847 quod
3603 1795 3667 1830 ea:

2093 1848 2289 1918 virgine
2311 1847 2484 1901 Maria
2514 1848 2770 1901 Christum
2791 1849 2970 1901 asserit
3009 1859 3217 1912 natum;
3241 1850 3295 1900 in
3325 1849 3530 1918 reliquis
3555 1864 3665 1901 rero

2093 1917 2326 1971 omnibus
2353 1927 2484 1971 totus
2503 1919 2664 1987 ipsius
2693 1933 2902 1988 sequax,
2928 1919 3162 1987 signifer,
3187 1919 3559 1988 antesignanus
3567 1927 3661 1988 _est,

2093 1997 2142 2058 et
2160 1989 2214 2039 in
2242 1988 2298 2058 id
2328 1986 2567 2058 maxime,
2595 1988 2730 2058 quod
2749 1986 2905 2057 supra
2924 1986 3258 2058 memeratum
3277 1986 3380 2051 est,
3415 1986 3508 2039 Dei
3537 1986 3665 2058 Ver-

2095 2055 2211 2109 bum
2247 2055 2344 2110 Dei
2372 2055 2565 2111 Filium
2600 2055 2702 2110 non
2730 2055 2857 2120 esse,
2881 2072 2972 2109 nec
3000 2056 3101 2109 dici
3129 2055 3326 2117 debere,
3370 2072 3462 2108 nec
3487 2057 3662 2115 ullum,

2094 2127 2196 2179 nisi
2215 2124 2390 2196 Iesum
2415 2144 2478 2196 ea:
2497 2125 2671 2179 Maria
2697 2137 2894 2190 natum,
2927 2125 3122 2179 Filium
3147 2125 3244 2179 Dei
3269 2125 3557 2188 dicendum,
3581 2128 3666 2196 qui

2095 2195 2332 2267 templum
2357 2195 2632 2267 habitantis
2661 2198 2712 2248 in
2739 2213 2794 2250 se
2819 2199 3004 2267 factus,
3036 2212 3100 2267 ea:
3128 2197 3348 2267 indivisa
3375 2198 3508 2267 inter
3533 2195 3606 2267 se:
3619 2203 3667 2247 et

2107 2263 2255 2318 Verbi
2286 2265 2385 2318 Dei
2429 2267 2672 2318 societate
2699 2276 2748 2319 et
2765 2263 3143 2336 iconjungtione
3187 2266 3282 2318 hoc
3310 2266 3411 2336 dici
3453 2266 3661 2336 meruit,

2095 2349 2196 2404 non
2219 2344 2387 2387 tamen
2407 2351 2518 2388 esse
2538 2345 2724 2404 natura
2753 2333 2948 2388 Filium
2971 2333 3085 2396 Dei,
3108 2344 3164 2388 ut
3183 2336 3267 2404 qui
3288 2352 3353 2388 ea:
3368 2335 3466 2387 hac
3485 2335 3668 2386 unione

2096 2402 2393 2476 Diviuitatis
2422 2403 2686 2476 privilegia
2715 2413 3015 2459 consecutus
3040 2407 3130 2472 sit,
3151 2402 3253 2458 non
3275 2421 3336 2457 ea
3365 2404 3555 2456 habens
3583 2420 3666 2454 ua-

2097 2481 2228 2534 tura,
2262 2473 2352 2526 sed
2381 2474 2568 2538 gratia.

2167 2531 2324 2610 Atqui
2371 2531 2671 2596 Nestorium
2703 2559 2729 2595 a
2771 2543 3005 2598 Sabellio
3050 2543 3282 2597 alienum
3327 2541 3487 2595 fuisse
3515 2556 3666 2595 nemo

2095 2610 2434 2682 dubitaverit,
2477 2612 2567 2681 qui
2609 2614 2850 2682 ultimum
2899 2613 3063 2682 ipsius
3112 2627 3413 2666 sermonem
3464 2613 3664 2682 legerit,

2097 2681 2502 2750 memineritque
2529 2683 2756 2750 symboli
2786 2681 3160 2745 Theodoriani,
3183 2682 3326 2750 quod
3354 2697 3508 2734 suum
3529 2681 3666 2734 velut

2096 2749 2384 2826 adoptione
2414 2749 2689 2826 confecit;
2723 2753 2773 2804 in
2803 2753 2904 2806 hoc
2931 2753 3083 2826 enini
3113 2749 3332 2806 Sabellii
3359 2756 3665 2826 συναίρεσις,

2097 2828 2154 2872 ut
2169 2821 2412 2890 loquitur
2439 2821 2818 2882 Nazianzenus,
2845 2831 3027 2890 aperte
3054 2821 3353 2875 damnatur.

2167 2889 2331 2944 Nemo
2377 2891 2503 2944 item
2551 2891 2812 2946 inliciatus
2843 2889 3000 2945 fuerit
3044 2907 3072 2944 a
3116 2891 3350 2945 Sabellio
3386 2890 3669 2944 recessisse

2097 2955 2401 3030 Ehotinum,
2416 2960 2505 3030 qui
2528 2962 2809 3016 assenserit
2831 2962 3040 3030 ipsimet
3055 2961 3319 3030 Nestorio,
3335 2968 3492 3026 atque
3512 2962 3667 3030 etiam

2098 3025 2406 3100 Epiphanio
2432 3025 3230 3100 Pbilastrioqne'scribentihus
3277 3025 3558 3100 Photinum
3603 3029 3668 3082 de

2020 3113 2063 3173 ρ
2098 3096 2273 3151 Verbo
2299 3099 2518 3168 perinde
2534 3096 2772 3173 sensisse
2794 3109 2952 3173 atque
2981 3098 3668 3173 Samosateaus._llieiiam-

2137 3182 2211 3238 ue
2240 3165 2445 3222 tantum
2472 3183 2502 3222 a
2530 3167 2764 3223 Sabellio
2789 3165 3109 3238 discrepavit
3135 3170 3202 3222 de
3245 3169 3402 3222 Verbi
3447 3183 3475 3221 a
3512 3165 3666 3221 Patre

2134 3237 2452 3306 istinctione,
2472 3246 2531 3291 ut
2552 3254 2712 3293 nemo
2734 3237 2975 3294 veterum
2997 3238 3420 3306 Patripassianis,
3442 3252 3665 3305 quorum

2097 3304 2202 3358 dux
2229 3305 2490 3363 Sabellius
2516 3307 2679 3363 fuisse
2706 3311 2947 3373 traditur,
2979 3304 3385 3363 SamoSatenum
3413 3304 3664 3361 annume-

2105 3377 2325 3429 raverit.

2169 3444 2364 3518 Verum
2387 3446 2500 3501 tunc
2521 3463 2638 3518 qua:
2653 3448 2886 3517 pressius
2906 3457 3131 3515 cogente
3149 3447 3413 3501 ratiocinii
3444 3445 3665 3499 accessio

2098 3521 2215 3587 tate
2233 3515 2373 3587 dicta
2399 3515 2843 3587 suntfdilatanda
2873 3519 3040 3587 magis
3069 3519 3334 3582 videntur,
3359 3527 3412 3572 et
3433 3523 3668 3571 veterum

2097 3585 2417 3640 testimoniis
2455 3584 2730 3640 ﬁrmanda.

2167 3653 2405 3710 Diximus
2425 3657 2616 3724 primo,
2636 3656 2915 3711 Photinum
2931 3665 3241 3711 constanter
3261 3657 3313 3710 in
3336 3655 3668 3711 confessione

2096 3723 2364 3794 ὁμοουσίου
2386 3723 2704 3794 perstitisse.
2745 3727 2801 3780 Id
2827 3743 2954 3780 vero
2983 3734 3208 3780 testatur
3253 3727 3501 3781 Socrates
3531 3725 3665 3790 (Lib.

2095 3793 2150 3853 η,
2177 3809 2229 3864 γε.
2258 3793 2345 3859 24,
2376 3793 2502 3864 25);
2533 3804 2714 3849 narrat
2741 3797 2885 3851 enim
2911 3795 3195 3850 Photinum
3225 3796 3290 3850 ab
3321 3794 3528 3850 Arianis
3555 3794 3668 3848 Sir-

2096 3863 2186 3915 mii
2209 3863 2545 3946 congiegatis
2561 3865 2975 3946 damnatutn,_et
2994 3866 3353 3946 sedeptilsum
3376 3883 3510 3946 esse.
3537 3864 3667 3918 Tum

2095 3941 2217 4054 East
2237 3934 2528 3988 exbibitam
2557 3934 2678 3989 lidei
2718 3936 3002 3989 lormulam
3027 3936 3093 3988 ab
3123 3934 3308 3989 iisdem
3339 3935 3632 3990 confectam
3651 3975 3667 3996 ,

2131 4018 2206 4054 acc
2234 4003 2379 4054 addit
2403 4023 2413 4054 :
2448 4003 2671 4054 letino
2693 4005 2998 4054 persuadere
3025 4007 3278 4054 nituntur.
3312 4015 3423 4054 nost
3447 4007 3555 4054 eius
3578 4005 3667 4054 ab-

2131 4018 2206 4075 acc
2234 4003 2379 4075 addit
2403 4023 2413 4055 :
2448 4003 2671 4059 Photino
2693 4005 2998 4075 persuadere
3025 4007 3293 4075 nituntur.
3312 4015 3423 4074 post
3447 4007 3555 4075 ejus
3578 4005 3669 4056 ab-

2094 4071 2423 4144 dicationem,
2453 4085 2510 4126 ut
2554 4076 2667 4128 istis
2693 4071 2845 4128 rebus
2873 4076 3174 4139 assentiret,
3216 4071 3665 4144 subscribe'retque,

2092 4150 2139 4193 et
2163 4142 2376 4210 polliciti
2407 4153 2525 4196 sunt
2553 4147 2901 4214 episc0patum
2927 4145 3005 4198 illi
3025 4161 3080 4198 se
3105 4143 3415 4206 reddituros,
3447 4147 3492 4198 si
3520 4142 3669 4199 modo

2093 4214 2429 4285 resipisceret,
2464 4213 2744 4285 dogmaque
2786 4231 3013 4269 seorsum
3058 4213 3122 4267 ab
3170 4217 3282 4284 ipso
3327 4215 3668 4284 excogitatum

2093 4280 2363 4355 damnaret
2401 4280 2739 4355 anathemate,
2802 4293 2952 4355 atque
2993 4285 3121 4338 adeo
3166 4280 3391 4354 ipsorum
3440 4280 3669 4353 opinioni

2092 4351 2371 4427 accederet.
2407 4351 2505 4405 Ille
2526 4354 2762 4427 repudiat
2794 4351 3158 4427 conditionem,
3185 4351 3368 4427 eosque
3382 4351 3665 4427 gd'dispu-

2093 4421 2312 4494 tandum
2349 4415 2604 4494 prouocat,
2635 4422 2726 4475 sed
2759 4424 2920 4494 victus
2952 4415 3338 4494 condemnatur.
3373 4415 3451 4476 De
3479 4415 3669 4494 reliquo

2093 4490 2246 4562 uitam
2274 4492 2325 4543 in
2350 4490 2537 4545 exsilio
2566 4492 2753 4562 degens
2783 4491 2965 4546 librum
2995 4503 3098 4547 tum
3129 4492 3329 4556 Crteca,
3356 4504 3457 4546 tum
3481 4490 3669 4546 Latina

2093 4559 2271 4632 lingua
2299 4564 2578 4631 composuit
2610 4559 2851 4632 {scripsit
2879 4573 3047 4616 autem
3087 4575 3264 4617 contra
3301 4579 3474 4617 omnes
3503 4564 3668 4616 lucre—

2093 4645 2201 4703 ses_,
2226 4629 2345 4703 dum
2384 4629 2530 4703 suum
2568 4633 2728 4703 ipsius
2752 4629 2941 4703 dogma
2970 4633 3232 4703 divulgare
3259 4633 3526 4686 laborauit.

2161 4698 2372 4772 Exahoc
2418 4698 2657 4756 Socratis
2701 4698 3321 4772 loco'diseimus'primo,
3352 4718 3469 4770 quae
3513 4701 3669 4756 fuerit

2094 4767 2306 4839 Photini
2355 4770 2588 4832 hieresis.
2640 4771 2899 4839 siquidem
2934 4773 3017 4826 his
3062 4767 3237 4827 verbis
3284 4767 3566 4826 damnatur
3613 4773 3667 4825 in

2093 4838 2316 4913 l'grmula
2333 4839 2490 4913 _lidei.
2525 4841 2584 4895 Si
2614 4838 2724 4913 quis
2747 4841 3001 4896 Christum
3023 4841 3198 4897 Jesum
3230 4842 3324 4896 Dei
3347 4841 3559 4902 Filium,
3583 4845 3666 4912 qui

2093 4908 2243 4962 Patri
2273 4910 2342 4962 ad
2378 4908 2732 4965 universarum
2773 4929 2939 4982 rerum
2969 4913 3357 4982 fabricationem
3385 4908 3664 4974 inserririt,

2092 4994 2193 5053 non
2218 4989 2337 5033 ante
2374 4981 2563 5053 siccata
2587 4983 2744 5050 fuisse
2772 4981 2992 5053 dixerit:
3022 4983 3113 5036 sed
3141 4982 3204 5036 ab
3229 5000 3288 5037 eo
3338 4991 3558 5053 tempore
3583 5000 3665 5034 so-

2090 5050 2213 5112 lum,
2238 5065 2334 5122 quo
2355 5066 2418 5102 ea:
2439 5050 2615 5122 Maria
2632 5061 2784 5105 natus
2807 5054 2919 5122 fuit,
2943 5051 3140 5107 Filium
3155 5063 3202 5106 et
3231 5050 3487 5107 Christum
3510 5054 3665 5122 fuisse

2089 5129 2138 5171 et
2168 5119 2562 5191 tumincaepisse
2582 5119 2744 5173 Deum
2772 5119 2897 5188 esse,
2922 5125 3052 5176 sicut
3074 5123 3268 5176 Paulus
3301 5119 3666 5178 Samosatenus

2090 5188 2379 5252 asserebat;
2411 5188 2684 5243 anathema
2709 5201 2832 5244 esto.

2163 5258 2382 5332 Daindc,
2409 5257 2692 5332 Photinum
2705 5260 3041 5332 Samosatcni
3062 5263 3252 5332 dogma
3268 5271 3504 5317 secutum
3525 5276 3664 5316 esse.

2094 5328 2295 5391 Tertio,
2328 5331 2490 5402 ipsius
2520 5347 2712 5386 nomen
2741 5333 2793 5385 in
2817 5331 3046 5387 formula
3075 5328 3383 5402 expressum
3415 5347 3519 5385 non
3548 5347 3667 5386 esse

2093 5407 2152 5453 ut
2181 5415 2298 5453 eam
2347 5401 2548 5455 facilius
2575 5410 2756 5470 posset
2784 5401 3386 5468 subseribereJQuarto,
3415 5403 3668 5457 adversus

2093 5471 2536 5541 omnesbrereses
2573 5471 2847 5541 scripsisse
2876 5471 3190 5532 Photinum,
3225 5481 3280 5525 ut
3327 5487 3484 5525 unam
3515 5487 3665 5524 suam

2092 5536 2397 5613 credibilius
2413 5536 2702 5613 vulgares}
2728 5556 2836 5613 quo
2873 5542 3121 5613 exemplo
3156 5543 3361 5613 ριτῑιίνίι
3395 5541 3665 5613 discipulis

2090 5607 2534 5680 suis,Theodoro
2555 5619 2607 5665 et
2630 5607 2893 5674 Nestorio,
2917 5613 3007 5680 qui
3035 5607 3310 5667 bmreseon
3340 5607 3663 5679 reliquarum

2091 5679 2327 5736 omnium
2367 5680 2764 5752 impugnatione
2804 5697 2913 5738 suae
2936 5679 3142 5739 aditum
3171 5683 3471 5739 molliorem
3493 5682 3664 5736 moliti
