4022 6182
315 320 450 376 Ηιὸ

1161 309 1468 368 DlSSERT.
1512 310 1552 366 l.
1595 309 1684 364 DE
1724 308 1995 365 HERESI
2038 309 2124 364 ET
2165 309 2383 366 LIBRIS
2422 307 2757 366 NESTORII.

3442 301 3576 359 1146

310 447 423 491 tum
450 450 479 487 a
509 427 789 486 catholicis
833 425 1076 499 synodali
1105 425 1326 499 decreto
1360 425 1616 499 adversus
1664 424 1890 499 Arianos
1919 429 1966 485 Α
1994 426 2242 499 asseruit,
2269 434 2327 479 ιιι
2347 426 2539 480 merito
2568 427 2740 482 dictus
2768 426 2838 481 sit
2857 425 3122 482 Theodori
3143 438 3356 496 parens,
3384 432 3439 479 et
3465 423 3573 478 Ne-

310 521 430 563 esse
459 501 754 564 hominem,
783 507 839 553 et
857 495 1073 566 quidem
1101 497 1432 566 episcopum,
1475 497 1568 565 qui
1611 495 1888 565 superiore

310 591 453 630 anno
478 569 752 641 depositus
780 567 1182 641 et__damrratus_
1209 567 1414 641 luisset.
1441 567 1692 641 _Ari_a_nos
1735 580 1889 641 opor-

310 647 499 701 tuisset
528 635 722 695 stolide
748 637 1011 705 malignos
1048 635 1336 700 exstitisse,
1364 637 1455 706 qui
1483 635 1889 691 subintroducto

309 722 489 770 scorto
525 709 848 766 calumniam
877 706 1050 760 moliti
1077 706 1184 761 sint
1228 705 1438 760 struere
1483 705 1687 759 homini
1728 719 1888 774 quem

310 800 438 858 vera
468 779 812 858 accusatione
832 777 1063 858 obruere
1081 776 1399 858 potuissent:

381 853 589 908 Nodum
617 851 760 903 hunc
788 846 1212 901 inextricabilem
1242 846 1393 900 multi
1423 851 1636 912 putant,
1678 852 1732 898 et
1759 858 1889 897 vero

311 941 418 978 nou
450 935 662 992 parum
685 917 972 992 perplexius
999 924 1100 992 es_t.
1155 913 1222 970 Ut
1249 915 1485 992 solveret
1514 914 1779 992 Baijpnius
1795 929 1886 992 sy"-

311 982 510 1049 noduin
541 982 978 1057 Agrippinensem
1005 986 1068 1057 ad
1089 1001 1288 1057 annum
1310 983 1412 1038 550
1440 991 1532 1037 aut
1552 982 1673 1044 35L
1698 982 1890 1057 reiecit

310 1053 980 1133 putavitqu'e_Euphratam
1019 1056 1070 1108 in
1103 1055 1370 1123 legatione
1400 1067 1665 1133 venenum
1693 1053 1886 1133 Samo-

311 1123 483 1188 sateui
511 1123 780 1183 ebibisse':
813 1125 957 1195 quod
982 1140 1103 1180 cum
1146 1134 1335 1194 postea
1376 1123 1642 1195 proderet,
1673 1123 1883 1195 ablepi-

310 1204 487 1271 scopis
510 1198 802 1271 Galliarum
823 1192 1164 1271 :damnatum—
1188 1209 1325 1271 esse,
1357 1192 1461 1271 sed
1491 1208 1640 1271 suam
1662 1193 1886 1271 _op_in_i_o-

313 1260 435 1326 nem
462 1269 804 1340 persuadere
823 1266 1081 1340 hactenus
1110 1265 1294 1340 paucis
1325 1263 1506 1340 valuit.
1553 1260 1888 1340 Probabilius

311 1333 563 1410 quiddam
575 1339 730 1392 affert
746 1337 932 1410 Dinius
949 1334 1038 1406 (In
1055 1333 1279 1410 notisqd
1300 1349 1447 1410 conc,
1465 1333 1883 1410 Agrippinense),

311 1401 419 1465 duo
445 1412 498 1464 in
539 1423 698 1464 causa
746 1401 1038 1476 Euphratge
1059 1406 1287 1460 concilia
1323 1401 1888 1476 Agrippiuiucolorrite

312 1482 510 1545 habita,
543 1479 770 1532 alterum
793 1472 918 1530 ann.
945 1475 1064 1545 545,
1097 1476 1322 1530 alterum
1351 1489 1474 1545 anu_.
1502 1472 1623 1537 575,
1649 1473 1889 1545 uthabet

313 1542 654 1604 Tritheinius.
686 1547 745 1600 ln
774 1549 956 1617 priore
1002 1543 1350 1617 Euphratam,
1383 1543 1466 1596 vel
1515 1557 1560 1617 a_
1585 1542 1888 1610 suspicione

313 1621 529 1674 lueresis
550 1612 855 1680 liberatum,
877 1615 961 1668 vel
987 1612 1352 1668 admonitione
1373 1612 1714 1667 emendatum
1743 1627 1880 1665 esse.

312 1689 368 1743 ln
414 1690 712 1759 posteriore
738 1686 1074 1759 depositum;
1105 1693 1390 1750 utrumque
1431 1697 1558 1736 vero
1585 1698 1616 1735 a
1642 1683 1888 1759 collecto:

312 1752 459 1814 ribus
488 1752 836 1812 conciliorum
867 1755 919 1807 in
968 1769 1132 1808 unum
1181 1759 1510 1807 contractum
1562 1767 1700 1814 esse,
1743 1752 1886 1819 quod

310 1831 446 1884 alias
469 1828 604 1882 forte
632 1825 873 1892 contigit.
904 1823 982 1876 Ita
1015 1838 1145 1876 vero
1176 1823 1458 1877 accidisset
1486 1822 1622 1874 idem
1654 1821 1890 1892 Euphra-

313 1909 382 1952 tze
421 1897 564 1966 quod
607 1891 980 1966 Samosateno,
1021 1893 1112 1960 qui
1128 1908 1264 1966 eum
1317 1892 1496 1966 priore
1524 1892 1729 1962 synodo
1778 1891 1889 1966 An-

313 1961 563 2022 tiochena
614 1964 1044 2018 emendationem
1096 1961 1423 2024 simulasSel,
1483 1961 1892 2030 in’posteriore

309 2037 529 2091 hmresis
557 2035 832 2089 convictus
861 2041 1022 2103 atque
1057 2031 1334 2101 depositus
1377 2038 1478 2096 est,
1507 2031 1612 2086 alio
1642 2032 1694 2085 in
1725 2031 1891 2101 ipsius

311 2108 494 2162 locum
527 2105 834 2160 substituto.

305 2264 489 2329 §Vlll.
528 2265 602 2312 De
639 2262 848 2329 Diodoro
871 2260 1148 2329 _Tarsensi_,_
1186 2261 1234 2307 tn
1281 2269 1427 2329 quem
1453 2256 1657 2320 Cyrillus
1678 2260 1887 2320 scripsit,

713 2323 846 2376 velut
870 2325 917 2372 in
941 2322 1151 2371 Nestorii
1181 2321 1484 2382 magistrum.

380 2447 509 2501 Post
533 2447 761 2516 ejectum
796 2447 851 2499 in
886 2443 1065 2498 Oasim
1095 2443 1420 2516 Nestorium,
1459 2441 1683 2516 ejusque
1723 2443 1888 2499 libros

305 2512 577 2588 imperiali
613 2517 730 2588 lege
771 2513 1254 2588 proscriptos,_qui
1294 2512 1610 2588 damnatam
1643 2513 1886 2569 haeresim

306 2582 416 2642 non
445 2582 787 2652 retinendam
805 2582 995 2646 modo,
1009 2584 1102 2638 sed
1126 2582 1404 2638 fovendam
1426 2583 1586 2636 etiam
1611 2594 1884 2652 putarunt,

304 2674 374 2712 ex
407 2657 554 2711 libris
583 2645 803 2711 Diodori
829 2645 1109 2709 Tarsensis
1146 2662 1203 2708 et
1231 2652 1498 2706 Theodori
1527 2645 1887 2721 Mopsuesteui

304 2735 560 2797 excerpta
589 2725 830 2797 quaidam
861 2725 1188 2779 Nestorianae
1211 2723 1468 2797 doctrinm
1490 2737 1728 2797 consona
1749 2724 1887 2780 clam

342 2793 536 2851 rimtim
563 2793 660 2867 per
681 2794 906 2867 lidorum
927 2809 1127 2867 manus
1155 2793 1534 2867 submisei'unt,
1575 2793 1766 2867 deinde
1786 2812 1885 2864 pa-

326 2884 413 2921 am
441 2862 753 2937 sparserunt
773 2866 826 2937 in
854 2865 1042 2932 vulgus
1072 2863 1268 2937 (Liber.
1290 2865 1358 2937 in
1376 2862 1661 2937 Brev._cap.
1697 2862 1804 2933 10).
1830 2867 1886 2920 ld

302 2952 371 2991 eo
412 2933 640 2993 consilio
678 2935 965 3000 faciebant,
998 2943 1058 2989 ut
1083 2933 1221 3003 quia
1264 2934 1363 2987 viri
1403 2933 1478 2986 illi
1518 2935 1625 2988 duo
1666 2948 1886 2991 summa:

300 3016 461 3061 erant
483 3006 818 3061 auctoritatis
843 3005 983 3074 apud
1013 3021 1219 3070 omnes,
1245 3011 1465 3073 propter
1488 3003 1767 3074 collectam
1796 3005 1889 3059 do-

300 3077 490 3132 ctrina:
519 3078 724 3147 pisaque
753 3073 893 3130 fidei,
919 3075 1134 3139 famam,
1167 3083 1259 3127 aut
1285 3073 1627 3147 damnatores
1655 3073 1884 3130 Nestorii

1994 496 2146 549 storii
2182 511 2327 548 avus.

2037 564 2255 620 Docuit
2287 565 2421 620 duos
2448 566 2501 620 in
2528 563 2743 620 Christo
2779 567 2953 622 inesse
2994 566 3130 622 filios
3159 564 3253 619 Dei
3286 581 3299 618 :
3332 579 3452 618 eum
3481 564 3574 632 qui

1992 649 2058 706 ex
2098 633 2262 706 Maria
2304 651 2409 689 non
2449 651 2569 691 esse
2611 636 2804 690 Filium
2847 637 2947 692 nisi
2991 635 3283 706 adoptione
3319 649 3414 687 seu
3451 646 3574 700 gra-
3628 645 3630 648 ·

1992 705 2094 768 tia;
2125 703 2367 774 Verbum,
2399 719 2576 774 neque
2601 706 2734 760 duas
2762 707 3009 762 habuisse
3042 703 3366 774 nativitates,
3400 717 3575 774 neque

1993 782 2178 826 natum
2217 788 2285 827 ex
2326 772 2519 841 Maria;
2561 773 2791 829 Verbum
2835 793 2944 830 non
2995 792 3114 831 esse
3148 773 3438 839 Christum,
3479 772 3574 826 sed

1990 841 2188 896 Christi
2233 842 2545 914 (luminum;
2584 844 2779 914 Deum
2828 846 2935 902 dici
2989 862 3095 900 non
3145 858 3303 914 posse
3356 857 3571 914 passum

1990 927 2087 986 seu
2114 910 2445 986 cruciﬁxum.
2479 913 2678 980 Quibus
2706 929 2802 969 sex
2829 910 3289 986 propositionibus
3325 910 3412 966 vel
3455 927 3572 986 om-

1990 983 2138 1048 nino,
2177 982 2260 1036 vel
2297 996 2542 1052 magnam
2573 992 2799 1054 partem,
2833 982 3288 1041 Nestorianismus
3323 983 3570 1037 contine-

1991 1060 2095 1105 tur.

2061 1121 2330 1208 Ejusmodi
2373 1137 2604 1208 errores“
2633 1123 2883 1208 inspersit
2923 1126 3072 1208 operi
3116 1125 3259 1208 qugd
3298 1125 3425 1208 πρὸς
3451 1125 3570 1182 τοὺς

1989 1197 2365 1253 Συνουσιαστάς
2397 1193 2638 1261 scripsit,
2677 1193 2728 1246 id
2761 1203 2860 1264 est,
2893 1193 3148 1249 adversus
3184 1193 3566 1264 Apollinarem,

1989 1265 2077 1332 qui
2108 1279 2226 1334 cum
2249 1270 2513 1334 pugnaret
2543 1271 2729 1334 contra
2751 1262 3046 1334 Photinum
3073 1261 3385 1334 peccantem
3415 1261 3571 1334 quasi

1989 1348 2086 1402 per
2105 1332 2370 1388 defectum
2399 1334 2450 1386 in
2481 1332 2797 1402 explicanda
2821 1333 2979 1388 Verbi
3013 1332 3133 1389 cum
3166 1349 3327 1388 carne
3351 1332 3566 1394 unione,

1988 1405 2231 1484 peccavit
2259 1405 2384 1484 (ipse
2421 1419 2518 1484 per
2556 1417 2852 1484 excessum,
2896 1412 2950 1458 et
2976 1403 3411 1484 Verbumearne
3448 1415 3570 1469 per-

1989 1472 2112 1526 inde
2149 1472 2385 1527 confudit
2423 1473 2761 1540 miscuitque,
2804 1488 2866 1527 ac
2909 1489 3061 1527 mens
3099 1473 3329 1526 hominis
3355 1488 3452 1542 per
3479 1485 3568 1542 ar-

1989 1551 2073 1594 tus
2111 1542 2282 1596 infusa
2313 1544 2567 1596 miscetur
2605 1558 2851 1610 corpore,
2891 1543 3034 1610 quod
3076 1544 3239 1609 agitat
3277 1540 3436 1609 atque
3489 1540 3570 1592 in-

1988 1611 2199 1665 format.
2238 1612 2412 1682 Opere
2447 1614 2550 1666 isto
2579 1614 2751 1680 potuit
2782 1613 3043 1666 Diodorus
3065 1614 3302 1677 agnosci,
3329 1613 3454 1682 quis
3480 1625 3565 1663 es-

1988 1691 2090 1745 set,
2127 1684 2230 1736 nisi
2267 1681 2414 1737 erbis
2441 1683 2626 1737 oculos
2660 1683 2868 1752 species
2897 1682 3110 1752 pietatis
3137 1697 3274 1752 pene
3313 1681 3568 1735 fascinas—

1992 1761 2093 1806 εει.

2065 1822 2288 1892 Scripsit
2318 1830 2493 1877 autem
2517 1821 2769 1876 adversus
2795 1820 3153 1892 Apollinarem
3175 1829 3444 1892 provecta!
3473 1819 3568 1872 ad-

1992 1890 2210 1946 modum
2245 1893 2436 1946 :etatis.
2471 1891 2600 1945 Nam
2636 1892 2800 1947 abbas
2829 1891 2926 1945 fuit
2953 1893 3129 1960 magni
3165 1890 3414 1953 nominis,
3444 1906 3564 1944 cum

1991 1961 2058 2014 ad
2098 1978 2218 2015 eum
2247 1963 2394 2016 venit
2431 1961 2860 2031 Clirysostomus,
2901 1962 3024 2016 vitae
3053 1961 3364 2031 lmonastiezc
3406 1975 3568 2013 exco-

1993 2030 2180 2093 lcndar,
2204 2030 2554 2099 discendique
2576 2031 2772 2096 studio,
2795 2048 2937 2086 anno
2967 2030 3070 2086 576
3102 2050 3115 2085 :
3147 2048 3212 2086 ex
3237 2032 3429 2084 abbate
3450 2044 3568 2099 mo-

1995 2102 2286 2154 nachorum
2328 2098 2499 2171 factus
2527 2108 2608 2154 est
2638 2100 2787 2171 Tarsi
2829 2103 3112 2171 episcopus
3149 2117 3178 2155 a
3219 2100 3436 2171 Meletio
3453 2098 3565 2171 jam

1990 2185 2154 2224 senex
2183 2186 2308 2224 ann.
2342 2169 2475 2234 378;
2503 2169 2739 2224 interfuit
2765 2169 3242 2234 secundae'synodo
3271 2186 3394 2223 ann.
3428 2169 3520 2222 581
3549 2186 3562 2230 ;

1991 2241 2236 2294 laudatus
2257 2250 2341 2294 est
2362 2233 2469 2309 pro
2482 2241 2742 2294 concione
2763 2257 2996 2310 prmsens
3024 2233 3316 2295 Antiochia:
3338 2255 3368 2292 a
3397 2237 3566 2310 Chry-

1990 2319 2250 2375 sostomo,
2275 2307 2397 2380 post
2425 2325 2622 2380 annum
2653 2307 2776 2374 586,
2806 2327 2926 2365 eum
2943 2311 3054 2378 jam
3081 2311 3232 2367 senio
3261 2323 3398 2380 pene
3428 2307 3568 2362 foret

1990 2387 2286 2433 emortuus.
2327 2379 2572 2433 Nondum
2606 2389 2784 2434 tamen
2822 2397 2883 2434 ea
2923 2389 3082 2436 :ntate
3117 2381 3430 2448 scripSerat,
3474 2386 3566 2430 aut

1989 2457 2136 2519 certe
2167 2449 2400 2519 nondum
2424 2464 2560 2519 opus
2589 2450 2897 2517 vulgaverat
2924 2466 3049 2505 ann.
3081 2449 3201 2515 599.,
3234 2465 3341 2518 quo
3375 2449 3564 2519 librum

1988 2515 2056 2592 de
2097 2515 2902 2592 ScriptorihusEcclesiasticis
2925 2515 3279 2592 Hieronymus
3317 2518 3562 2592 absolvit.

1989 2587 2636 2656 a'ioqui'elucubrationis
2671 2599 2779 2643 tam
2819 2591 3013 2645 nobilis
3042 2587 3387 2645 meminisset.
3431 2587 3566 2642 Huic

1987 2656 2126 2728 forte
2165 2659 2316 2728 operi
2346 2660 2666 2713 immortuus
2695 2669 2794 2724 est,
2827 2676 2948 2713 nam
2978 2675 3118 2714 anno
3150 2657 3250 2712 394
3289 2671 3562 2728 successe-

1989 2735 2075 2781 rat
2103 2727 2156 2782 in
2185 2725 2352 2796 ipsius
2371 2729 2553 2784 sedem
2579 2728 2870 2799 Phaler'us,
2895 2738 2954 2783 ut
2974 2746 3039 2784 ex
3065 2739 3198 2784 aetts
3215 2728 3402 2799 synodi
3423 2725 3568 2799 Con-

1988 2799 2496 2868 stantinOpolitamc,
2540 2801 2638 2854 sub
2665 2798 2914 2853 Nectario
2949 2800 3138 2854 eodem
3167 2797 3309 2852 anno
3347 2797 3561 2855 habita}.

1988 2866 2317 2934 intelligitur.

2058 2935 2247 3008 Operis
2275 2937 2567 3008 fragmenta
2598 2939 2853 2992 exhibere
2881 2953 3057 3008 operae
3089 2937 3317 3006 pretium
3347 2944 3459 2998 est;
3490 2935 3568 2989 sic

1988 3006 2130 3062 enim
2153 3007 2242 3061 fiet
2265 3017 2323 3062 ut
2350 3016 2405 3062 et
2425 3006 2546 3063 fons
2567 3009 2894 3062 Nestoriana:
2919 3006 3276 3068 blasphemiae,
3310 3016 3396 3058 aut
3420 3013 3566 3058 certe

1988 3077 2133 3132 rivus
2159 3076 2293 3147 fonti
2313 3077 2538 3147 vicinior
2559 3079 2848 3147 aperiatur,
2876 3087 2929 3131 et
2953 3073 3264 3147 defendatur
3286 3075 3447 3147 simul
3463 3073 3568 3144 Cy-

299 3163 401 3202 suo
431 3144 668 3217 pondere
697 3147 1005 3219 obruerent,
1037 3153 1131 3219 aut
1158 3153 1304 3198 certe
1325 3144 1707 3219 deprimerent,
1728 3156 1783 3199 et
1798 3147 1882 3213 ja-
1913 3157 1956 3219 ο
1987 3147 2139 3201 rillus
2167 3146 2421 3202 adversus
2441 3144 2749 3202 Facundum
2769 3147 3206 3202 llermianensem
3236 3144 3452 3199 Diodori
3473 3160 3566 3213 pa-

300 3213 513 3272 cturam
552 3219 810 3272 librorum
849 3216 1081 3271 Nestorii
1107 3215 1372 3270 sententia
1401 3213 1656 3268 nobilium
1681 3224 1883 3272 tracta-

301 3295 483 3341 torum
514 3288 794 3341 sarcirent.

319 3401 329 3412 .
369 3357 665 3427 Quomodo
677 3355 922 3427 venerint
941 3353 1200 3427 ejusmodi
1224 3363 1474 3427 excerpta
1497 3354 1548 3427 in
1571 3370 1760 3427 manus
1780 3355 1884 3427 Cy-

296 3427 405 3481 rilli
429 3425 777 3495 Alexandrini
807 3433 861 3479 et
883 3423 1056 3476 Procli
1078 3425 1236 3495 regiae
1265 3423 1694 3495 urbislepisc0pi,
1718 3423 1882 3495 quas-

295 3512 405 3566 que
431 3495 617 3549 turbas
647 3494 950 3566 excitarint,
982 3495 1176 3562 partim
1203 3493 1268 3566 in_
1289 3494 1600 3566 prurfatione
1625 3493 1882 3552 historica

297 3563 502 3620 dictum
533 3573 633 3627 est,
669 3565 861 3632 partim
890 3571 1190 3632 exponetur
1218 3563 1308 3617 ubi
1336 3563 1512 3616 futura
1539 3573 1633 3632 est
1658 3569 1883 3632 qumstio

297 3637 366 3690 de
405 3635 614 3704 synodo
643 3631 1260 3704 Constantinopolitana,
1295 3648 1358 3704 ex
1389 3648 1493 3704 qua
1535 3631 1756 3704 Prcclus
1794 3644 1880 3689 to-

297 3701 450 3758 mum
477 3705 621 3758 misit
642 3704 709 3758 ad
731 3701 1013 3767 Armenos,
1039 3703 1180 3757 etde
1210 3703 1357 3756 libris
1382 3718 1410 3754 a
1441 3701 1640 3773 Cyrillo
1670 3705 1770 3757 hac
1793 3720 1884 3758 oc-

297 3777 521 3830 casione
549 3775 792 3843 scriptis;
834 3782 1058 3841 uterque
1099 3773 1240 3826 enim
1282 3774 1505 3826 antistes
1542 3773 1740 3843 scripta
1768 3773 1883 3830 haec

298 3845 516 3912 refellit,
543 3840 764 3900 Proclus
790 3851 936 3897 tomo
964 3840 1054 3910 qui
1075 3842 1363 3896 etiamnum
1387 3843 1628 3901 habetur,
1654 3840 1883 3912 Cyrillus

299 3914 450 3969 libris
497 3916 724 3980 duobus,
766 3927 992 3982 quorum
1034 3913 1162 3982 nillil
1203 3924 1464 3981 superest,
1508 3921 1701 3980 praeter
1738 3912 1880 3981 frag-

299 3992 482 4038 menta
531 3979 817 4038 admodum
857 3997 1046 4051 pauca.
1093 3979 1400 4048 Perierunt,
1439 3979 1648 4050 opinor,
1691 3979 1878 4038 eodem

301 4052 411 4107 fato
441 4069 553 4124 quo
583 4053 702 4108 libri
734 4067 764 4107 a
799 4051 1282 4124 Theodoretolpro
1321 4052 1632 4124 defelisione
1663 4053 1878 4108 Diodori

297 4133 352 4193 et
373 4122 645 4178 Theodori
676 4122 976 4192 compositi.
1011 4123 1114 4177 Sed
1143 4123 1210 4176 de
1239 4123 1421 4193 Cyrilli
1452 4122 1880 4193 Theodoretique

296 4191 565 4261 Operihus
585 4191 808 4264 copiose
825 4201 1010 4262 agetur
1032 4194 1085 4247 in
1107 4191 1347 4248 auctario
1369 4192 1710 4257 Theodoreti,
1736 4191 1879 4264 quod

297 4277 642 4318 annaramus.

405 4279 557 4317 aram
629 4304 642 4317 .

330 4279 995 4402 pgubjuuuxseratexcerpta
1019 4339 1168 4388 tomo
1180 4331 1418 4397 Proclus,
1441 4332 1535 4387 sed
1557 4333 1672 4388 sine
1694 4343 1879 4389 aucto-

295 4419 414 4458 rum
437 4405 679 4467 nomine,
703 4419 770 4458 ne
797 4403 842 4458 si
869 4402 1006 4457 forte
1033 4403 1344 4472 inscriptum
1371 4403 1573 4466 luisset,
1600 4413 1692 4458 aut
1721 4404 1876 4459 Iidem

294 4473 614 4542 derogasset
634 4472 844 4538 Proclo,
869 4482 962 4527 aut
990 4472 1256 4542 ingentem
1279 4475 1441 4527 etiam
1471 4474 1730 4528 bonorum
1753 4491 1876 4529 con-

295 4519 478 4599 ﬂassgt
507 4544 780 4608 invidiam,
815 4519 950 4598 adeo
979 4519 1087 4597 an‘é
1118 4544 1356 4596 omnium
1385 4543 1576 4597 animis
1607 4519 1874 4599 insederat
1905 4519 1961 4579 θ’

295 4612 518 4668 Diodori
559 4613 759 4684 opinio.
803 4613 870 4666 Et
905 4628 1034 4684 vero
1058 4614 1195 4684 quis
1245 4629 1350 4667 non
1393 4628 1514 4667 eum
1557 4615 1868 4683 suspiceret,

332 4699 457 4738 uem
487 4681 650 4739 neu—0
677 4681 894 4737 Patrum
923 4681 1158 4750 ejusdem
1188 4683 1361 4737 anatis
1383 4699 1488 4737 non
1517 4681 1739 4739 summis
1768 4685 1874 4739 lau-

332 4699 457 4738 uem
487 4699 594 4739 nea
616 4700 650 4737 o
677 4699 894 4737 ratrum
923 4699 1158 4750 ejusdem
1188 4699 1361 4737 anatis
1383 4699 1488 4737 non
1517 4700 1739 4739 sumnus
1768 4699 1870 4739 rau-

293 4699 454 4834 gihus
477 4753 1223 4834 _extuliti,iquem_pr:econ_em
1252 4753 1490 4810 veritatis
1530 4754 1870 4834 Athanasius,

297 4822 634 4891 Timotheus,
665 4822 940 4892 Athanasii
965 4830 1087 4892 post
1126 4823 1340 4878 Petrum
1379 4840 1673 4889 successor,
1699 4826 1872 4879 virum

297 4896 609 4965 apostolicae
649 4891 1078 4965 lidei,_angelic:n
1105 4895 1244 4965 vit;_c,
1277 4901 1332 4948 et
1372 4894 1545 4948 vivum
1583 4903 1870 4965 martyrem

296 4962 736 5088 gligs’ostomus,
785 4962 1114 5034 Epiphanius
1168 4963 1298 5018 Elia:
1352 4965 1629 5035 prepbetze
1688 4962 1872 5035 parem

333 5045 463 5090 lxil'!

367 5105 590 5163 Diodori
629 5102 864 5174 Operam
904 5103 1034 5158 nihil
1062 5101 1348 5174 admodum
1376 5112 1638 5173 superest,
1680 5113 1874 5173 praeter

295 5177 592 5230 sententias
627 5171 884 5242 quasdam
922 5175 974 5228 in
1013 5174 1216 5228 catenis
1250 5171 1467 5237 Grazcis,
1509 5171 1871 5243 atque—ctiam

295 5245 434 5314 apud
464 5245 840 5314 Mercatorem,
872 5243 1171 5308 Leontium,
1197 5252 1251 5314 et
1278 5243 1329 5296 in
1359 5260 1392 5298 v
1419 5245 1624 5314 synodo
1645 5245 1830 5300 obvias
1854 5264 1867 5300 :

293 5313 387 5368 sed
417 5324 625 5371 catena:
661 5313 821 5370 liores
852 5315 1124 5379 exhibent,
1161 5313 1250 5367 alii
1272 5313 1566 5379 venenum;
1594 5315 1694 5367 illa:
1727 5317 1869 5370 enim

293 5383 582 5454 Scriptura:
603 5386 948 5456 interpretem
977 5385 1254 5450 inducunt,
1281 5383 1367 5439 isti
1395 5384 1660 5440 Theodori
1681 5394 1736 5439 et
1763 5384 1867 5440 Ne-

291 5456 444 5510 storii
474 5457 810 5524 magistrum.

363 5525 453 5579 Vir
477 5535 658 5581 tamen
687 5527 777 5581 ille
807 5535 985 5580 tantus
1008 5541 1131 5580 cum
1159 5525 1440 5591 senuisset,
1479 5526 1660 5580 incidit
1689 5526 1739 5580 in
1782 5541 1867 5581 er-

291 5611 486 5657 rorem,
516 5597 642 5650 dmn
672 5597 994 5666 Apollinaris
1023 5596 1268 5649 haeresim
1300 5597 1690 5650 inconsiderate
1726 5599 1867 5650 inse-

290 5667 496 5732 quitur;
521 5667 664 5722 illius
684 5667 824 5721 enim
853 5667 1193 5736 blasphemia!
1215 5682 1372 5734 quam
1397 5667 1710 5721 Theodorus
1731 5676 1872 5736 post-

292 5736 502 5790 modum
535 5736 916 5808 Nestoriusque
937 5737 1286 5792 defenderunt
1311 5738 1504 5792 nullam
1535 5747 1741 5806 partem
1765 5753 1870 5792 non

1987 3224 2221 3271 tronum.

2059 3286 2164 3341 Sed
2205 3287 2512 3356 priusquam
2554 3287 2925 3352 exhibeantur,
2957 3301 3177 3356 monere
3210 3283 3417 3352 juvabit
3448 3297 3566 3350 que

1987 3357 2128 3426 apud
2168 3355 2386 3412 veteres
2407 3357 2656 3424 leguntur
2685 3373 2751 3410 ex
2781 3358 2929 3411 libris
2971 3355 3404 3428 Theodoriarpéc
3442 3357 3563 3428 τοὺς

1986 3424 2362 3497 satana-mra.-
2399 3435 2673 3497 excerpta,
2711 3429 2981 3497 pertinere
3027 3425 3094 3478 ad
3134 3424 3562 3497 Diodorum,_qui

1985 3495 2149 3550 libros
2186 3513 2313 3551 suos
2342 3498 2419 3551 sic
2450 3493 2737 3566 inscripsit,
2783 3513 2903 3552 cum
2934 3496 3250 3551 Theodorus
3277 3494 3397 3566 suis
3418 3493 3562 3566 ejus-

1985 3566 2106 3620 dem
2131 3568 2429 3633 argumenti
2453 3563 2666 3622 tituluin
2698 3565 2900 3631 fecerit,
2927 3577 3107 3621 contra
3130 3566 3341 3634 impium
3368 3563 3565 3634 Apolli-

1984 3649 2162 3715 narem
2190 3646 2238 3688 et
2275 3636 2950 3716 {lppllinaristasiflt‘vero
2977 3633 3400 3716 qua3__Leuuiius,
3441 3633 3564 3716 dili-

1983 3717 2114 3772 gens
2142 3701 2401 3772 imprimis
2435 3715 2640 3766 auctor,
2675 3705 2908 3759 Diodoro
2939 3701 3142 3770 tribuit,
3167 3705 3257 3760 alii
3280 3701 3564 3772 Theodoro

1982 3771 2316 3841 adjudica’nt,
2359 3782 2420 3826 ut
2466 3789 2532 3826 cx
2570 3776 3020 3841 consequentibus
3065 3772 3400 3826 manifestum
3439 3771 3558 3824 erit.

1983 3840 2317 3909 Quamquam
2357 3843 2613 3896 Leontius
2654 3840 2803 3897 notat
2840 3845 3057 3898 solitum
3103 3841 3466 3909 Theodorum
3495 3855 3562 3892 ex

1981 3912 2099 3991 aliis
2117 3907 2290 3991 atque
2320 3927 2385 3991 ex
2410 3913 2525 3981 ipso
2556 3912 2909 3991 Sampsateno
2945 3911 3350 3991 mutuari‘plura
3372 3907 3561 3989 iisdem

1981 3982 2177 4046 verbis,
2201 3979 2319 4050 qua:
2341 3983 2392 4035 in
2415 3979 2510 4036 sua
2537 3981 2864 4047 transferret,
2887 3992 2944 4035 ut
2965 3983 3144 4036 harum
3172 3979 3288 4033 libri
3319 3979 3558 4050 110713611.-

1979 4053 2075 4124 pti,
2119 4047 2546 4124 sed—transcripti
2586 4054 2867 4107 videantur
2895 4051 3032 4124 (Lib.
3074 4068 3128 4106 ιιι
3166 4058 3347 4103 contra
3392 4047 3559 4116 Euly-

1979 4122 2213 4188 cln'anos,
2251 4121 2342 4176 sub
2371 4121 2570 4194 ﬁnem).

2120 4257 2360 4322 Diodori,
2395 4275 2460 4312 ea:
2499 4257 2628 4312 libro
2657 4259 2822 4328 primo
2848 4267 3029 4311 contra
3063 4257 3413 4327 Synusiustas.

2049 4368 2129 4422 Ad
2149 4369 2376 4437 diligens
2397 4378 2720 4440 cautumque
2740 4369 3048 4438 dogmatum
3070 4385 3165 4424 vos
3185 4384 3408 4424 examen
3429 4383 3556 4423 eve-

1978 4461 2183 4526 himus;
2221 4461 2526 4516 laboramus
2556 4469 2777 4530 propter
2804 4476 2919 4527 vos,
2949 4477 3017 4515 ne
3045 4460 3307 4515 rationem
3333 4459 3558 4514 Domino

1979 4551 2264 4606 reddamus
2292 4566 2392 4620 pro
2425 4559 2610 4606 nostro
2644 4551 2878 4605 silentio.
2912 4548 3187 4604 Perfectus
3215 4559 3338 4603 ante
3363 4548 3557 4603 saecula

1979 4640 2144 4696 Filius
2168 4641 2459 4711 perfectum
2482 4657 2602 4697 eum
2624 4642 2713 4710 qui
2743 4657 2808 4696 ex
2833 4640 2998 4694 David
3025 4640 3280 4710 probatur
3307 4654 3556 4707 assump-

1979 4735 2078 4801 sit;
2122 4734 2287 4790 Filius
2322 4735 2417 4790 Dei
2458 4735 2625 4789 lilium
2655 4734 2840 4789 David.
2874 4734 3028 4788 Dices
3057 4747 3186 4800 ergo
3211 4731 3338 4786 mihi
3369 4751 3380 4784 :
3415 4731 3559 4785 Duos

1981 4825 2120 4881 filios
2146 4829 2439 4897 praedicas?
2466 4827 2581 4882 Non
2611 4827 2732 4882 dico
2761 4827 2896 4881 duos
2922 4826 3061 4880 ﬁlios
3081 4823 3265 4879 David.
3292 4822 3557 4891 Numquid

1982 4918 2148 4973 Deum
2170 4919 2405 4973 Verbum
2435 4919 2624 4972 Filium
2663 4918 2828 4973 David
2869 4918 3106 4974 asserui?
3143 4915 3250 4971 Sed
3287 4931 3386 4971 nec
3423 4916 3559 4971 duos

1980 5011 2118 5066 filios
2139 5011 2233 5066 Dei
2255 5011 2547 5065 secundum
2573 5011 2925 5066 substantiam
2953 5009 3095 5065 dico.
3119 5008 3384 5078 Numquid
3414 5008 3558 5063 enim

1977 5102 2114 5157 duos
2144 5101 2281 5156 filios
2308 5116 2491 5155 assero
2529 5101 2595 5155 de
2624 5101 2717 5155 Dei
2759 5101 3052 5156 substantia
3079 5101 3291 5170 genitos
3314 5109 3438 5154 ante
3461 5116 3558 5154 sa:-

1978 5193 2134 5248 cula?
2155 5193 2283 5247 Dico
2308 5200 2486 5246 autem
2518 5191 2610 5245 Dei
2639 5191 2875 5247 Verbum
2901 5193 3172 5247 habitasse
3193 5192 3245 5246 in
3277 5207 3343 5247 eo
3372 5192 3461 5261 qui
3490 5207 3554 5245 ex

1978 5284 2144 5339 David
2169 5284 2373 5339 semine
2401 5283 2786 5352 comprobatur
2823 5282 2995 5355 (Apud
3027 5282 3302 5338 Mercator.
3339 5284 3427 5339 lib.
3455 5285 3554 5352 ιιι).

2405 5417 2652 5490 Ejusdem
2678 5436 2743 5474 ex
2775 5418 2952 5473 eodem
2985 5416 3135 5472 libro.

1971 5563 1974 5566 ‘
2045 5551 2100 5607 Si
2129 5553 2248 5621 quis
2275 5552 2404 5607 velit
2439 5552 2659 5606 abusive
2686 5550 2875 5606 Filium
2907 5550 3001 5604 Dei
3030 5550 3198 5604 Deum
3229 5545 3458 5600 Verbum
3493 5540 3554 5591 li-

1974 5645 2102 5698 lium
2144 5645 2305 5698 David
2353 5645 2650 5708 uominare,
2696 5651 2916 5714 propter
2949 5643 3039 5697 Dei
3077 5640 3236 5694 Verbi
3277 5635 3551 5703 templum,

1976 5737 2116 5807 quod
2147 5753 2213 5792 ex
2249 5737 2412 5792 David
2445 5743 2544 5799 est,
2579 5736 2849 5800 nominet;
2882 5743 2934 5790 et
2964 5735 3107 5788 illum
3140 5731 3229 5801 qui
3268 5735 3444 5782 estex
3470 5737 3554 5776 se-
