3980 6182
411 329 546 382 1157

972 321 1061 375 AD
1099 309 1374 372 PARTEM
1413 309 1773 367 SECUNDA.“
1811 303 2090 360 OPERUM
2135 303 2200 358 id.
2245 300 2680 357 MERCATORIS
2719 298 3078 354 APPENDIX.

407 447 552 500 mine
587 438 750 496 David
778 437 967 491 Filium
991 434 1105 498 Dei,
1134 430 1322 500 gratia,
1357 444 1463 482 non
1491 434 1698 486 natura,
1723 423 1972 494 appellet,
2005 425 2053 480 Α
2085 424 2256 471 strant
2301 430 2420 484 qua:
2448 414 2500 467 in
2530 428 2690 467 cruce
2719 416 2853 466 facta
2883 421 3026 472 sunt,
3054 421 3108 463 et
3137 421 3355 480 propter
3382 413 3654 470 hominem

409 534 679 590 naturales
717 538 898 600 patres
936 542 1044 580 non
1074 525 1342 592 ignorans,
1375 534 1548 586 neque
1583 516 1824 573 ordinem
1853 514 1978 569 sub-

409 634 621 679 vertens
650 634 824 688 neque
848 632 970 672 eum
992 615 1083 684 qui
1113 611 1465 681 incorporalis
1491 617 1573 663 est
1600 608 1762 662 etiam
1784 621 1981 675 corpus

408 718 610 776 dicens,
635 721 683 767 et
708 719 832 765 ante
853 709 1042 763 saecula
1063 723 1126 760 ex
1151 706 1281 769 Deo,
1299 710 1353 757 et
1370 719 1440 757 ex
1460 701 1644 768 David,
1670 709 1724 755 et
1743 715 1976 770 passum,

409 814 464 860 et
489 802 830 873 impassibile.
853 799 1059 868 Corpus
1089 813 1195 850 non
1234 803 1316 850 est
1344 791 1697 860 incorporale,
1725 788 1868 859 quod
1899 795 1980 842 est

408 895 660 948 deorsum
681 907 787 944 non
809 898 888 944 est
909 888 1205 949 desursum,
1228 883 1370 953 quod
1392 890 1474 936 est
1501 890 1626 935 ante
1652 881 1844 934 saecula
1875 895 1978 932 non

409 994 490 1038 est
518 999 584 1037 ex
611 982 814 1037 semine
838 977 1022 1042 David,
1046 975 1188 1046 quod
1209 989 1423 1044 passum
1449 981 1532 1026 est
1551 987 1657 1026 non
1677 979 1759 1024 est
1786 972 1982 1039 impas-

410 1074 596 1139 sibile;
626 1087 727 1126 nec
754 1071 895 1124 enim
926 1070 1022 1122 ista
1052 1067 1116 1120 ad
1146 1065 1394 1119 eumdem
1426 1063 1752 1116 intellectum
1789 1060 1982 1113 obver-

413 1160 598 1219 tuntur
621 1181 634 1216 :
660 1177 776 1230 quae
801 1169 925 1215 sunt
943 1157 1184 1227 corporis
1205 1171 1311 1209 non
1331 1162 1454 1208 sunt
1474 1152 1567 1206 Dei
1587 1151 1765 1213 Verbi,
1789 1159 1980 1220 etquae

412 1264 537 1309 sunt
579 1254 675 1307 Dei
715 1251 876 1305 Verbi
916 1249 1130 1319 propria
1169 1261 1274 1300 non
1319 1244 1480 1298 habet
1515 1258 1728 1315 corpus.
1760 1243 1986 1296 Naturas

414 1344 793 1406 conﬁteamur;
827 1349 880 1394 et
907 1338 1331 1407 dispensationes
1354 1350 1459 1387 non
1487 1334 1811 1399 abaegemus
1837 1330 1924 1398 (In
1954 1348 1986 1385 v

413 1433 629 1503 synodo,
653 1431 826 1485 collat.
857 1427 917 1494 5;
941 1427 1077 1498 apud
1099 1425 1277 1479 Leont.
1307 1422 1396 1477 lib.
1428 1427 1482 1477 in
1511 1431 1688 1476 contra
1712 1420 1990 1490 Eutychia-

416 1540 446 1576 τι
454 1524 530 1593 os)
540 1562 552 1576 .

809 1631 1081 1704 Ejusdem,
1122 1645 1186 1682 ea:
1230 1627 1405 1682 eodem
1442 1627 1592 1681 libro.

2079 523 2184 560 non
2207 503 2508 560 concedunt
2527 503 2640 558 haec
2668 501 2806 556 facta
2847 517 2985 562 esse,
3015 516 3191 554 nonne
3217 517 3336 570 qua:
3358 503 3410 556 in
3439 511 3645 573 tempo-

2078 599 2224 653 ribus
2260 596 2439 660 ll'losis,
2477 603 2699 665 propter
2729 608 2897 662 genus
2926 593 3192 646 Abraham
3222 601 3397 657 erant,
3441 603 3496 648 et
3535 610 3658 662 quae

2080 691 2132 743 in
2162 689 2492 758 temporibus
2528 685 2657 742 Jesu
2695 685 2860 748 Nave,
2898 693 2953 738 et
2979 698 3097 752 qua:
3124 683 3176 737 in
3205 682 3449 740 Ezechiae
3475 687 3658 752 regis?

2079 779 2231 846 Quod
2269 780 2314 833 si
2350 778 2438 831 illa
2466 784 2689 847 propter
2719 775 3023 830 Judaaorum
3053 774 3310 844 populum
3339 775 3662 829 mirabiliter

2079 869 2218 923 facta
2248 877 2392 932 sunt,
2423 865 2695 935 quomodo
2727 880 2836 919 non
2863 864 3054 931 magis,
3087 878 3206 932 qua:
3235 863 3288 918 in
3327 879 3487 918 cruce
3514 863 3658 918 facta

2079 970 2222 1021 sunt,
2247 966 2470 1027 propter
2493 956 2587 1010 Dei
2610 955 2772 1009 Verbi
2803 955 3096 1023 templum?
3260 1001 3262 1004 ,

2471 1043 2752 1115 Ejusdem,
2792 1059 2858 1096 ea:
2893 1041 3072 1096 eodem
3112 1040 3260 1096 libro.

2153 1135 2317 1190 Filius
2347 1134 2441 1189 Dei
2471 1141 2691 1203 propter
2719 1133 2952 1197 nullum;
2977 1147 3102 1186 caro
3131 1132 3294 1185 Filius
3315 1140 3538 1201 propter
3566 1132 3656 1186 Εἰσ-

2084 1228 2233 1292 lium,
2260 1236 2314 1281 et
2335 1225 2464 1295 quid
2489 1225 2628 1288 dico,
2653 1232 2876 1293 propter
2903 1221 3106 1276 ﬁlium?
3129 1220 3353 1292 Propter
3381 1238 3479 1275 nos
3505 1238 3658 1286 caro,

2085 1327 2141 1372 et
2179 1333 2247 1371 ne
2273 1315 2588 1370 existimetis
2627 1314 2999 1382 blasphemum
3040 1327 3159 1366 esse
3192 1311 3447 1377 Verbum,
3488 1313 3660 1382 petite

2085 1405 2585 1461 demonstrationes.
2629 1403 2687 1458 Si
2726 1403 2969 1456 homines
3009 1417 3118 1455 non
3163 1411 3506 1470 peccassent,
3551 1418 3662 1455 non

2089 1514 2224 1568 opus
2252 1497 2437 1552 fuisset
2462 1496 2580 1564 lege
2615 1513 2627 1547 :
2669 1492 2820 1548 Iusto
2848 1495 2984 1546 enim
3021 1509 3123 1545 non
3157 1501 3233 1544 est
3266 1493 3436 1562 posita
3463 1493 3567 1544 (ex.
3600 1491 3663 1544 Si

2091 1605 2197 1643 non
2226 1587 2500 1642 auxissent
2524 1593 2820 1656 peccatum,
2845 1584 2934 1653 qui
2963 1591 3117 1637 erant
3143 1582 3196 1635 in
3225 1581 3363 1649 lege,
3388 1597 3493 1634 non
3523 1598 3666 1650 opus

2094 1679 2278 1733 fuisset
2305 1677 2494 1746 gratia.
2529 1675 2608 1728 An
2630 1675 2754 1742 quia
2783 1689 2890 1727 non
2920 1680 3131 1741 poterat
3159 1671 3244 1726 lex
3268 1681 3545 1739 peccatum
3569 1688 3665 1725 oc-

487 1747 669 1801 Gmm
710 1745 890 1810 Ηωῆ
922 1760 1012 1813 qm
1042 1758 1110 1797 ex
1136 1742 1301 1836 M_a"a
1329 1748 1411 1795 est
1439 1741 1628 1836 homo}
1661 1745 1870 1836 natura
1888 1752 1986 1791 au-
2017 1772 2064 1831 B
2091 1769 2286 1833 cidere,
2310 1741 2429 1823 non
2455 1741 2676 1836 preptcr
2704 1780 2802 1818 nos
2829 1778 3043 1817 carnem
3075 1763 3379 1831 assumpsit,
3417 1771 3475 1815 ut
3502 1763 3666 1815 morti

417 1849 545 1903 tem,
578 1837 716 1892 Deus
738 1836 968 1890 Verbum
1002 1853 1014 1886 :
1048 1833 1191 1901 quod
1220 1839 1397 1886 autem
1422 1829 1710 1885 secundum
1739 1829 1980 1896 gratiam,

417 1945 526 1983 non
552 1936 774 1991 natura;
806 1933 860 1978 et
886 1922 1030 1992 quod
1049 1921 1340 1976 secundum
1363 1929 1624 1982 naturam,
1649 1935 1756 1973 non
1773 1917 1940 1985 gratia
1969 1935 1981 1970 :

418 2036 526 2073 non
555 2018 660 2071 duo
682 2016 794 2069 ﬁlii.
815 2014 1052 2068 Sufficiat
1083 2012 1314 2081 corpori,
1344 2010 1487 2081 quod
1507 2026 1571 2064 ex
1594 2009 1748 2063 nobis
1773 2017 1873 2073 est,
1897 2024 1985 2063 se-

417 2107 649 2163 cundum
679 2106 902 2174 gratiam
925 2103 1128 2167 (iliatio,
1151 2102 1338 2171 gloria,
1365 2107 1420 2155 et
1449 2099 1840 2161 immortalitas,
1863 2098 1988 2167 quia

421 2199 676 2268 templum
705 2198 798 2251 Dei
827 2195 987 2250 Verbi
1025 2193 1219 2249 factum
1257 2201 1356 2248 est.
1385 2191 1502 2245 Non
1545 2206 1704 2260 supra
1744 2196 1988 2243 naturam

419 2291 674 2354 elcvctur,
705 2296 759 2342 et
788 2287 928 2341 Deus
956 2285 1189 2340 Verbum
1218 2299 1317 2354 pro
1344 2282 1523 2336 debita
1552 2296 1581 2334 a
1604 2280 1758 2334 nobis
1787 2279 1988 2348 gratia-

420 2398 539 2434 rum
560 2380 770 2434 actione
801 2392 904 2432 non
936 2376 1235 2444 injurietur.
1255 2373 1322 2426 Et
1342 2387 1460 2442 qua:
1481 2379 1563 2426 est
1589 2369 1818 2439 injuria?
1837 2367 1993 2423 Com-

421 2485 622 2540 pOuere
643 2484 764 2523 eum
786 2483 905 2522 cum
934 2480 1178 2535 corpore,
1203 2471 1258 2518 et
1276 2470 1467 2533 putare
1495 2460 1732 2528 indigere
1751 2465 1990 2528 corporis

422 2560 488 2612 ad
512 2558 800 2627 perfectam
831 2554 1160 2608 ﬁliationem.
1185 2551 1293 2607 Nec
1319 2551 1432 2621 ipse
1458 2551 1599 2604 Deus
1617 2548 1850 2602 Verbum
1881 2547 1992 2602 vult

421 2665 480 2704 se
507 2648 668 2702 David
691 2649 852 2701 lilium
875 2661 1011 2710 esse,
1036 2644 1126 2700 sed
1148 2643 1454 2707 dominum;
1479 2657 1672 2712 corpus
1693 2647 1869 2694 autem
1889 2639 1994 2694 hoc

422 2739 603 2792 vocari
643 2738 808 2791 David
849 2736 1032 2800 filium,
1065 2750 1174 2788 non
1210 2735 1380 2788 solum
1411 2748 1518 2786 non
1559 2731 1764 2792 invidit,
1807 2729 1901 2784 sed
1940 2737 1995 2783 et

423 2839 643 2900 propter
678 2831 780 2884 hoc
824 2828 1008 2882 adfuit.
1042 2826 1108 2879 Et
1148 2826 1398 2881 convenit
1427 2840 1521 2880 eos
1560 2824 1649 2894 qui
1687 2825 1824 2878 bene
1853 2822 1994 2892 aspi-

424 2921 590 2981 ciunt,
615 2917 1043 2986 quandoquidem
1074 2917 1344 2970 naturales
1373 2923 1554 2984 patres
1581 2915 1885 2982 qumrimus,
1909 2927 1997 2966 ne-

425 3027 529 3081 que
555 3011 719 3064 Deum
745 3009 978 3064 Verbum
1010 3008 1175 3062 David
1201 3007 1286 3061 vel
1314 3006 1540 3061 Abrahae
1570 3005 1734 3059 lilium
1757 3005 1997 3058 nomina-

425 3117 505 3163 re,
537 3101 631 3156 sed
661 3099 917 3154 factorem
952 3117 963 3151 :
999 3113 1171 3167 neque
1205 3112 1398 3166 corpus
1427 3103 1550 3150 ante
1579 3095 1770 3150 smcula
1802 3110 1866 3148 ex
1897 3092 1998 3146 Pa-

427 3202 528 3255 tre,
558 3191 649 3246 sed
679 3206 860 3245 semen
885 3189 1110 3243 Abralun
1139 3196 1192 3242 et
1220 3186 1385 3240 David
1414 3201 1481 3240 ex
1509 3184 1671 3238 Maria
1703 3193 1903 3238 natum.
1932 3183 2000 3237 Et

426 3282 641 3352 quando
681 3283 783 3335 erit
819 3281 1042 3350 quaestio
1069 3278 1135 3332 de
1176 3276 1541 3331 nativitatibus
1579 3273 1872 3328 secundum
1899 3288 2000 3325 na-

427 3381 620 3436 turam,
672 3387 739 3424 ne
778 3371 955 3424 Mat-Le
994 3368 1130 3422 ﬁlius
1172 3367 1312 3421 Deus
1357 3365 1592 3419 Verbum
1637 3363 1999 3428 existimetur;

427 3461 670 3516 mortalis
694 3461 835 3515 enim
865 3459 1144 3513 mortalem
1173 3463 1412 3524 generat,
1443 3453 1733 3512 secundum
1762 3461 2003 3506 naturam

427 3561 484 3605 et
503 3567 714 3621 corpus,
739 3550 964 3604 similem
985 3547 1103 3602 sibi.
1128 3547 1270 3600 Duas
1291 3544 1597 3598 nativitates
1617 3541 2004 3612 Deus‘Verbum

431 3658 536 3696 non
568 3639 836 3701 sustinuit,
860 3653 1019 3692 unam
1042 3636 1258 3704 quidem
1281 3642 1407 3689 ante
1426 3633 1638 3698 saecula,
1665 3632 1885 3685 alteram
1917 3645 2006 3683 au-

429 3742 538 3788 tem
569 3732 621 3786 in
645 3730 1030 3801 posterioribus
1058 3727 1389 3796 temporibus
1427 3743 1438 3777 :
1472 3724 1568 3779 sed
1596 3740 1664 3778 ex
1687 3721 1845 3776 Patre
1883 3720 2002 3790 qui-

430 3827 551 3880 dem
579 3832 770 3878 natura
796 3822 1006 3891 genitus
1027 3827 1108 3875 est
1126 3857 1142 3883 ,
1177 3818 1431 3887 templum
1452 3831 1600 3881 vero,
1624 3813 1770 3883 quod
1791 3828 1857 3868 ex
1887 3810 2004 3865 Ma-

431 3917 508 3970 ria
533 3923 713 3968 natum
742 3921 842 3975 est,
868 3928 934 3966 ex
965 3913 1080 3980 ipso
1110 3918 1263 3964 utero
1289 3908 1390 3962 sibi
1417 3905 1712 3960 fabricavit.

509 4007 573 4060 Et
593 4005 746 4078 paulo
769 4014 881 4076 post
904 4021 920 4057 :
949 4003 1083 4056 Cum
1105 4016 1232 4056 vero
1267 3999 1333 4053 de
1357 3998 1577 4052 salutari
1609 3995 2006 4066 dispensatione

434 4097 573 4158 ratio
611 4103 871 4158 movetur,
914 4092 1054 4146 Deus
1089 4098 1311 4145 vocatur
1357 4087 1537 4152 homo,
1587 4101 1695 4144 non
1735 4085 1876 4153 quod
1905 4085 2009 4140 hoc

434 4187 604 4241 factus
632 4194 730 4247 est,
775 4185 867 4241 sed
896 4182 1040 4252 quod
1079 4182 1184 4236 hoc
1211 4178 1528 4248 assumpsit;
1570 4185 1626 4232 et
1652 4177 1813 4229 homo
1843 4175 2002 4236 Deus,

435 4293 542 4330 non
574 4277 842 4344 tamquam
871 4269 1434 4341 incircumscriptibilis
1461 4267 1650 4332 factus,
1685 4281 1785 4320 nec
1811 4266 2006 4333 ubique

435 4368 699 4430 existens;
748 4381 944 4432 corpus
983 4364 1124 4417 enim
1163 4370 1282 4416 erat
1320 4369 1374 4415 et
1409 4365 1531 4428 post
1559 4357 2005 4412 resurrectionem

439 4454 724 4530 palpabile,
757 4460 812 4506 et
842 4453 945 4505 tale
973 4459 1247 4520 receptum
1275 4456 1357 4504 est
1395 4449 1446 4502 in
1486 4447 1698 4510 cmlum,
1731 4454 1784 4502 et
1807 4445 1885 4500 sic
1910 4460 2006 4499 ve-

439 4547 570 4612 niet,
601 4545 740 4599 sicut
766 4550 1042 4611 receptum
1069 4550 1168 4595 est.

841 4672 1115 4744 Ejusdem,
1161 4689 1224 4724 ex
1256 4670 1430 4724 eodem
1472 4668 1618 4722 libro.

512 4790 619 4845 Sed
646 4789 690 4844 si
715 4804 842 4844 caro
871 4794 1006 4844 erat,
1032 4784 1202 4852 inquit
1225 4781 1565 4851 Apollinaris,
1589 4779 1853 4844 crucifixa,
1878 4796 2012 4849 quo-

440 4881 601 4939 modo
620 4881 699 4935 sol
725 4877 903 4934 radios
925 4873 1136 4937 avertit,
1161 4880 1216 4926 ct
1237 4872 1467 4926 tenebrae
1493 4879 1885 4938 occupaverunt
1908 4879 2013 4924 ter-

441 4987 553 5025 ram
582 4985 814 5034 omnem,
837 4976 892 5023 et
921 4972 1255 5022 tertmmotus
1299 4967 1471 5026 erant,
1503 4969 1555 5015 et
1584 4968 1748 5031 petra:
1773 4961 2000 5014 disrum-

441 5063 723 5131 pebantur,
741 5069 795 5114 et
822 5058 1017 5113 mortui
1045 5055 1426 5112 surrexerunt?
1445 5052 1584 5119 Quid
1613 5053 1774 5121 igitur
1802 5053 2005 5117 dicunt,

439 5151 589 5205 etde
615 5151 850 5205 tenebris
878 5149 928 5202 in
960 5147 1193 5217 (Egypto
1225 5145 1378 5200 factis
1408 5144 1460 5198 in
1493 5144 1821 5213 temporibus
1859 5141 2014 5212 Moy-

439 5243 531 5305 sis,
555 5253 661 5293 non
685 5254 782 5309 per
803 5247 912 5292 tres
932 5238 1108 5302 horas,
1127 5236 1219 5290 sed
1240 5250 1338 5306 per
1357 5243 1465 5289 tres
1486 5234 1632 5289 dies?
1653 5233 1787 5300 Quid
1809 5241 2007 5298 autem,

440 5339 661 5404 propter
699 5331 801 5385 alia
841 5346 937 5400 per
965 5329 1165 5383 Mosem
1194 5328 1330 5382 facta
1360 5327 1640 5391 miracula,
1683 5335 1737 5381 et
1775 5341 1893 5394 qum
1917 5341 2014 5396 per

439 5424 618 5479 Jcsum
644 5423 808 5489 Nave,
837 5421 930 5490 qui
950 5421 1117 5476 solem
1139 5428 1282 5474 stare
1312 5417 1474 5472 fecit?
1493 5415 1637 5482 Quid
1668 5416 1734 5470 de
1762 5416 1894 5480 sole,
1918 5416 2008 5484 qui

441 5519 490 5572 in
517 5515 839 5586 temporibus
863 5513 1103 5568 Ezechia:
1134 5512 1291 5579 regis,
1323 5510 1484 5564 etiam
1513 5515 1702 5564 contra
1744 5517 2007 5572 naturam,

440 5617 768 5665 retroversus
781 5607 900 5662 est?
920 5605 986 5660 Et
1012 5605 1078 5659 de
1106 5602 1280 5656 Elizrci
1303 5601 1557 5669 reliquiis,
1589 5615 1707 5668 qua:
1736 5605 2006 5652 mortuum

440 5701 856 5768 suscitaverunt?
877 5700 933 5757 Si
953 5702 1093 5758 enim
1110 5700 1341 5758 Verbum
1359 5696 1522 5750 Deum
1549 5707 1761 5765 passum
1785 5691 2002 5745 demou-

2084 1867 2139 1913 et
2176 1857 2454 1912 sententia:
2495 1855 2682 1908 mortis
2715 1851 3006 1906 remedium
3035 1851 3244 1904 afferret
3275 1849 3576 1914 cruciﬁxus,
3608 1859 3666 1904 et

2085 1958 2348 2009 mortuus,
2381 1962 2445 2001 ac
2474 1944 2798 2000 suscitatus?
2839 1941 2898 1995 Si
2939 1956 3043 1995 non
3073 1939 3284 1995 fecisset
3322 1955 3668 2008 progressum

2085 2039 2294 2094 fallacia
2319 2047 2373 2093 et
2392 2037 2656 2092 sententia
2678 2034 2866 2088 mortis
2885 2041 3070 2086 contra
3096 2048 3212 2095 nos,
3244 2031 3368 2098 qrid
3391 2047 3528 2100 opus
3549 2039 3676 2084 erat

2088 2131 2192 2186 ista
2221 2130 2523 2185 Servatoris
2562 2126 2900 2182 oeconomia?
2933 2123 3068 2190 Quid
3111 2139 3247 2192 opus
3281 2131 3398 2176 erat
3443 2122 3673 2176 induere

2088 2227 2314 2298 corpus?
2347 2240 2524 2281 nonne
2549 2231 2771 2292 propter
2801 2236 2900 2275 nos
2923 2234 3138 2275 carnem
3167 2218 3411 2286 accepit?

2159 2360 2422 2421 Observa,
2471 2359 2677 2420 lector,
2735 2355 2795 2406 i0
2833 2352 3086 2421 Cyrillum
3117 2351 3372 2421 adversus
3387 2351 3671 2421 ejusmodi

2091 2413 2341 2498 excerpta
2398 2413 2676 2498 scripsisse
2700 2432 2858 2498 _tres_
2881 2413 3167 2498 libros,_ut
3193 2420 3358 2474 refert
3386 2413 3675 2498 Libfratus

2093 2500 2190 2570 (In
2214 2489 2357 2570 Brev.
2384 2515 2430 2550 c.
2463 2489 2582 2570 id),
2613 2503 2669 2549 et
2698 2494 2750 2547 in
2769 2493 2952 2570 primo
2974 2490 3281 2570 confutasse
3316 2504 3433 2556 quze
3466 2489 3669 2570 Diodo-

2091 2557 2227 2631 rum,
2254 2569 2308 2622 in
2327 2557 2819 2634 secunddetjertib
2833 2576 2950 2631 quae
2974 2557 3312 2634 Theodorum
3339 2567 3670 2634 spectarent,

2091 2627 2256 2693 tacito
2304 2646 2512 2698 tamen,
2560 2627 2978 2698 vel'utriusque,
3027 2628 3111 2682 vel
3155 2627 3387 2698 Diodori»
3419 2627 3673 2698 nomine,

2093 2707 2236 2776 quod
2270 2706 2406 2776 satis
2433 2695 2986 2776 intelligerenlieetex
3013 2697 3235 2776 cpistola
3262 2696 3330 2776 ad
3360 2695 3633 2776 Proclum.

2161 2775 2224 2828 2°
2268 2775 2451 2828 Totius
2490 2766 2668 2842 operis
2717 2770 2992 2842 Cyrilliani
3043 2766 3173 2842 nihil
3219 2774 3423 2820 restare
3474 2775 3678 2842 pneter

2095 2845 2409 2913 fragmenta,
2437 2834 2555 2911 qua:
2577 2843 2634 2913 _in
2665 2858 2697 2895 v
2725 2834 2951 2913 svnodo,
2981 2837 3463 2913 collationesexta,
3482 2834 3676 2900 legun-

2096 2905 2234 2980 tur‘;
2255 2905 2405 2982 quod
2437 2905 2544 2980 quo
2568 2911 2676 2966 fato
2697 2905 3000 2982 contigerit,
3040 2905 3196 2982 valde
3244 2905 3672 2982 obscuruinest,

2094 2973 2214 3040 cuni
2239 2973 2471 3052 quartus
2489 2983 2638 3047 liber,
2670 2973 3240 3052 wide—incarnatione
3270 2990 3300 3027 a
3323 2973 3569 3052 Libera-to
3591 2973 3679 3025 di-

2108 3042 2272 3117 citur,
2296 3053 2502 3120 integer
2522 3042 2750 3119 supersit
2769 3048 2874 3120 hoc
2899 3045 3070 3120 titulo,
3102 3043 3372 3120 Dialogus,
3385 3042 3678 3120 quodungs

2024 3132 2066 3193 ς
2098 3126 2166 3193 sit
2189 3109 2535 3193 Clitistusvper
2562 3109 2929 3193 o'ppositionem
2955 3114 3127 3193 Tom.
3154 3111 3214 3193 γε
3239 3109 3376 3182 ῥανι.
3396 3109 3565 3193 i,ed_it.
3584 3109 3670 3193 Δ(ἶ.

2102 3192 2164 3244 L.
2187 3197 2222 3251 ).
2240 3191 2317 3244 Eo
2339 3179 2500 3259 porro
2523 3179 2648 3259 nihil
2666 3187 2910 3259 exactius
2921 3179 3387 3259 elucubratiusque
3407 3181 3468 3234 ad
3496 3179 3674 3232 histo-

2099 3271 2234 3314 riam
2262 3252 2524 3327 dogmatis
2553 3256 2784 3328 Cyrillus
2810 3253 3048 3328 scripsit,
3081 3259 3139 3328 ut_
3156 3252 3400 3328 videatur
3424 3265 3551 3328 opus
3571 3263 3674 3328 ar-_

2103 3329 2273 3393 titicis,
2316 3318 3037 3398 [incedentibuslaboribus
3093 3319 3337 3398 absolute
3365 3318 3580 3398 eruditi,
3617 3326 3680 3371 et
3739 3333 3748 3339 ’

2101 3389 2592 3479 ultiuius'supernea
2615 3411 2680 3479 re
2710 3393 3062 3479 viripmnium
3090 3389 3384 3471 doctissimi
3413 3396 3676 3479 conatus;

2101 3469 2312 3591 saripsit
2337 3457 2478 3521 enim
2506 3465 2735 3538 Cyrillus
2762 3463 2931 3518 tribus
2958 3469 3080 3514 ante
3109 3458 3262 3513 annis
3299 3473 3462 3527 quam
3502 3457 3681 3510 abiret

2101 3553 2133 3591 a
2196 3553 2437 3591 superos.
2681 3547 2684 3549 ‘

2101 3547 2166 3592 ad
2196 3553 2437 3595 superos.
2681 3547 2684 3549 ‘

2173 3606 2228 3660 5⁸
2260 3595 2562 3659 Facundum
2601 3602 3036 3658 Hermianensem
3068 3597 3217 3668 (Lib.
3242 3613 3317 3660 ιιι,
3345 3613 3417 3660 iv,
3450 3595 3558 3668 rm)
3583 3611 3676 3668 re:

2101 3692 2322 3730 vocasse
2353 3677 2403 3728 in
2433 3674 2668 3737 dubium,
2701 3673 2888 3726 saltem
2910 3671 2962 3723 in
2983 3665 3236 3738 speciem,
3268 3681 3345 3738 an,
3366 3681 3503 3738 opus
3528 3665 3678 3718 istud

2103 3762 2133 3798 a
2156 3744 2356 3814 Cyrillo
2387 3735 2742 3814 conscriptum
2767 3747 2909 3814 esset
2929 3735 3029 3814 aut
3044 3737 3112 3791 ab
3136 3735 3241 3814 alio
3269 3737 3369 3790 sub
3387 3736 3684 3814 ipsius-no—

2103 3802 2265 3868 mine.
2312 3813 2558 3866 Facundo
2595 3802 2859 3865 consentit
2887 3807 3165 3861 Liberatus
3185 3805 3267 3858 his
3289 3802 3468 3858 verbis
3497 3804 3514 3872 (
3539 3802 3682 3857 Loco

2103 3901 2224 3937 mox
2243 3885 2356 3948 cit.)
2392 3900 2405 3935 :
2435 3881 2654 3950 Cyrilth
2675 3889 2890 3950 quatuor
2929 3877 3085 3931 libros
3104 3876 3464 3950 _st:i_'ipsit,_tres
3487 3873 3681 3950 adrer—

2103 3969 2190 4006 sus
2218 3941 2502 4006 Diodorum
2528 3959 2578 4003 et
2604 3941 3116 4016 Theodorum,_quasi
3144 3941 3444 4016 αῖον-ξριιί
3463 3942 3683 4016 dogma-

2106 4023 2168 4075 tis
2217 4033 2479 4083 auctores,
2528 4028 2576 4072 et
2616 4019 2773 4071 alium
2820 4016 2882 4069 de
2933 4010 3302 4068 Iucamatione
3346 4010 3550 4066 librum.
3615 4010 3685 4083 In

2104 4089 2282 4162 quibus
2310 4091 2641 4162 continentur
2651 4087 2971 4162 antiquorum
2987 4083 3202 4162 Patrum
3200 4083 3514 4162 'iucon'upt—a
3537 4082 3688 4133 testi-

2105 4149 2298 4222 monia,
2326 4158 2381 4211 id
2399 4168 2487 4219 est,
2526 4156 2715 4210 Felicis
2737 4149 2883 4224 papa:
2919 4153 3157 4224 Romani,
3186 4149 3686 4224 “Dionysiiflreopa-

2106 4231 2228 4299 gitw
2247 4220 2625 4282 Corinthiorum
2650 4220 2892 4299 episcopi,
2913 4232 2960 4299 et
2982 4220 3216 4299 Gregorii
3243 4221 3510 4299 mirabitis,
3534 4229 3688 4299 Θςτυτ

2107 4286 2400 4371 ῖςατουργοῆ
2431 4286 2897 4371 εοριιοηιεὴαεί.ςιηζι
2925 4293 3040 4345 licet
3066 4286 3118 4371 ξῑι
3150 4291 3222 4371 eis
3263 4289 3404 4371 (bris
3426 4286 3689 4340 Theodori

2109 4359 2245 4422 dicta
2273 4359 2542 4421 la'udentitr
2571 4374 2747 4418 contra
2776 4363 2992 4416 Arianos
3014 4359 3167 4418 edita,
3187 4361 3352 4428 ipsum
3381 4366 3548 4409 tamen
3570 4375 3691 4409 ma-

2111 4440 2324 4504 giatrum
2347 4435 2578 4489 Nestorii
2600 4436 2755 4504 fuisse
2775 4429 3100 4504 contendunt.
3116 4427 3324 4504 ﬂatura
3349 4442 3474 4496 quos
3498 4427 3690 4504 catho-

2034 4481 2083 4540 Β
2111 4481 2197 4561 1,ὶεὶ
2236 4508 2459 4574 veritatis
2511 4481 2802 4574 defensores
2968 4481 3241 4574 Aeeptmlis
3289 4481 3688 4574 res'poudenmt,

2110 4577 2228 4629 illos
2257 4573 2412 4628 libros
2443 4590 2544 4627 non
2577 4567 2701 4626 'esse
2747 4569 2943 4639 Cyrilli,
2971 4567 3208 4639 quouiam
3239 4567 3540 4639 testimoniis
3573 4581 3692 4634 qm:

2111 4653 2288 4698 contra
2318 4654 2542 4697 mortuos
2572 4635 2807 4712 posuissé
2825 4641 2879 4692 in
2901 4635 3203 4712 eis'diritur,
3234 4645 3411 4712 contra
3439 4635 3690 4686 virentem

2113 4713 2415 4768 Nestorium
2455 4703 2677 4766 non'est
2722 4725 2864 4773 usus,
2906 4705 3160 4776 nequedin
3195 4703 3409 4776 synodo,
3441 4706 3690 4776 neque‘iu

2113 4781 2363 4852 aliquibus
2391 4780 2641 4852 epistolis.
2678 4777 2826 4852 [lude
2853 4771 3042 4830 dicunt
3068 4774 3183 4827 illos
3211 4771 3302 4826 uec
3329 4771 3552 4826 dictasse
3581 4771 3690 4843 Cy-

2114 4845 2307 4913 rillum.
2335 4845 2430 4905 nec
2452 4850 2672 4908 edidisse
2692 4845 2866 4900 libros.

2183 4921 2244 4973 4ο
2271 4909 2327 4975 In
2349 4937 2381 4973 v
2406 4919 2609 4990 synodo
2639 4917 2836 4990 nullam
2856 4929 2973 4990 esse
2992 4911 3184 4990 facta_m
3212 4909 3427 4990 Diodori
3457 4911 3688 4990 mentio-

2113 5008 2236 5066 nem
2255 5035 2268 5054 ,
2301 4991 2423 5045 licet
2436 4979 3083 5066 "nominatimappelletur
3103 4980 3447 5066 Theodorus,
3471 4987 3526 5032 et
3556 4979 3692 5066 Dio:

2113 5061 2228 5134 dori
2259 5048 2543 5134 ἆιερικοπαὶζ
2569 5056 2812 5126 quamvis
2825 5048 2945 5134 sine
2973 5051 3188 5134 nomine
3208 5048 3520 5134 referantur,
3540 5049 3695 5116 quod

2114 5119 2380 5186 silentiu'm
2412 5119 2816 5194 argumentatur
2832 5121 3131 5194 facundus,
3155 5127 3210 5174 et
3239 5119 3362 5194 inde
3383 5127 3581 5194 sanctze
3601 5135 3696 5185 sv-

2116 5200 2259 5255 nodo
2277 5187 2594 5254 calumniam
2617 5195 2790 5249 struit.
2831 5191 3030 5246 Verum
3063 5205 3170 5243 non
3200 5189 3408 5242 videtur
3435 5187 3569 5241 satis
3589 5202 3659 5239 ex
3679 5219 3696 5227 -

2115 5284 2317 5340 ponere
2362 5266 2516 5340 quicL
2540 5271 2836 5340 densetur;
2870 5277 2936 5340 an
2971 5260 3189 5339 tacitum
3219 5257 3434 5340 Diodori
3464 5272 3692 5317 nomen,

2117 5327 2424 5407 expressum
2449 5330 2844 5407 ATheodori
2868 5328 3227 5407 factulujusta
3257 5327 3324 5380 de
3350 5341 3529 5407 causa,
3563 5341 3695 5407 cum

2115 5395 2202 5462 illi.
2220 5400 2515 5461 reverentia
2541 5403 2673 5458 foret
2707 5399 3002 5454 adhibenda
3021 5439 3034 5463 ,
3061 5395 3145 5451 iSti
3175 5397 3427 5452 inurenda
3454 5395 3692 5448 macula.

2116 5477 2194 5531 Au
2225 5478 2296 5531 ita
2319 5475 2578 5545 percitum
2604 5488 2712 5542 prae
2731 5469 3027 5545 reverentia
3049 5467 3282 5545 Diodoro
3311 5473 3368 5545 u_t
3395 5480 3501 5518 non
3521 5463 3696 5544 .dam-

2116 5535 2367 5601 naretur?
2405 5544 2565 5612 Atqui
2607 5535 2873 5612 secundus
2910 5547 2963 5612 et
3004 5539 3190 5612 t_crti_us
3209 5535 3696 5612 anathematisums

2115 5617 2404 5684 respiciunt
2450 5605 2700 5684 excerpta
2727 5625 2794 5684 cx
2822 5607 3256 5684 libris__Di_od9_ri,
3279 5615 3335 5684 et
3356 5605 3418 5658 iis
3441 5610 3692 5684 constant

2118 5673 2309 5752 verbis,
2324 5698 2440 5753 qua‘.
2453 5673 2713 5737 Diodorus
2728 5680 2840 5750 ipse
2862 5676 3115 5733 adhibuit.
3135 5675 3224 5735 Sic
3243 5675 3384 5729 enim
3395 5691 3453 5730 se
3465 5673 3688 5728 habent.
