4022 6182
299 381 436 436 1H?

1125 374 1426 430 DISSERT.
1469 374 1512 428 Ι.
1555 372 1644 426 DE
1683 371 1957 428 IIASRESI
2001 372 2084 425 ET
2126 369 2344 427 LIBlllS
2381 368 2713 426 NESTORH,

3400 374 3419 426 Ι
3438 375 3533 428 150

292 488 344 542 9..
379 489 436 540 Si
465 501 575 555 quis
611 500 728 555 non
749 483 1016 555 conﬁtetur
1045 480 1139 536 Dei
1163 481 1486 555 _Verbinduas
1523 498 1634 555 esse
1670 482 1857 535 nativi-
1888 485 1934 543 Α
1962 483 2158 555 _diuque
2186 482 2265 555 ab
2302 481 2431 555 ipsis
2465 483 2720 555 stetisset,
2744 483 2995 555 tandem,
3038 481 3319 555 aflulgenlc
3352 483 3532 539 divino

294 566 443 620 tates,
468 552 624 608 unam
647 554 846 624 quidem
871 563 990 604 ante
1017 553 1204 624 alecula
1231 570 1296 624 ea:
1322 553 1480 624 Patre
1505 552 1615 624 sine
1639 562 1859 624 tempore

293 621 700 695 iucorporaliter,
742 622 955 695 alteram
979 622 1183 695 vero__in
1209 622 1404 695 ultimis
1433 621 1860 695 diebus-ejusdem

291 690 451 764 ipsius
479 695 573 764 qui
609 692 670 764 de
715 692 852 764 oculis
891 690 1168 754 descendit,
1199 699 1248 744 et
1273 693 1569 764 incarnatus
1679 699 1859 742 sancta

291 759 514 832 gloriosa
535 762 633 815 Dei
652 762 894 831 genitrice
931 770 978 832 et
1006 777 1200 829 semper
1231 762 1443 832 _virgine
1474 759 1680 832 _Maria,
1710 770 1859 832 natus
1878 798 1932 829 ..ι

1316 779 1322 789 ·
1359 779 1443 812 me
1486 779 1534 810 Μ
1547 779 1680 822 aria,
1710 779 1859 812 natus
1878 798 1932 829 η,
1962 779 2071 812 rum
2093 779 2349 828 impietate
2375 779 2520 812 secret

1316 779 1373 883 gi
1400 830 1510 898 quis
1551 830 1673 881 dicit
1701 830 1860 898 alium
1917 837 1921 841 '
1962 827 2188 898 rentibus
2218 829 2520 898 triumphus.

289 830 366 886 est
389 850 454 886 ex
480 833 591 896 ipsa
608 830 774 900 ,ﬁdtalis
797 830 1067 883 anathema
1111 831 1200 900 sit.
1230 830 1280 883 5.
1316 830 1373 883 Si
1400 830 1510 900 quis
1551 830 1673 900 dicit
1701 830 1860 900 alium

290 919 402 955 esse
427 901 592 954 Deum
625 898 842 952 Verbum
871 900 957 969 qui
986 899 1235 951 miracula
1230 897 1422 1020 αεσξη
1444 909 1492 951 et
1519 899 1675 950 alium
1705 897 1858 951 Chri-

290 987 442 1020 stum.
473 971 556 1020 aui
581 985 761 1020 nassus
789 979 893 1020 est:
922 967 997 1020 vel
1024 965 1188 1020 Deum
1275 969 1448 1020 erbum
1495 984 1608 1020 cum
1654 967 1858 1020 Christo

290 987 442 1035 stum,
473 971 556 1040 qui
579 985 761 1040 passus
789 965 893 1040 est;
922 967 997 1021 vel
1024 965 1188 1040 Deum
1230 965 1448 1040 Verbum
1495 984 1617 1040 cum»
1654 967 1858 1040 Christo

290 1057 400 1094 esse
427 1037 667 1093 nascente
694 1038 757 1092 de
783 1039 1026 1099 muliere;
1047 1038 1121 1090 vel
1148 1039 1203 1090 in
1223 1039 1331 1104 ipso
1351 1053 1457 1090 esse
1484 1049 1538 1089 ut
1566 1038 1782 1089 alterum
1804 1037 1856 1089 in

291 1113 486 1177 altero,_
503 1117 552 1162 et
572 1124 674 1160 non
693 1124 849 1177 unum
876 1107 1200 1177 eamdemque
1217 1106 1492 1172 Dominum
1516 1117 1743 1177 nostrum
1769 1106 1858 1159 Je-

291 1195 402 1231 sum
451 1175 738 1240 Christum,
770 1176 866 1230 Dei
912 1175 1128 1228 Verbum
1155 1178 1477 1229 incarnatum
1513 1185 1562 1228 et
1604 1176 1857 1228 hominem

293 1250 501 1316 factum,
531 1255 579 1298 et
603 1246 830 1315 ejusdem
857 1246 1018 1314 ipsius
1040 1247 1309 1316 miracula,
1340 1252 1391 1316 et
1421 1247 1708 1312 passiones,
1729 1260 1858 1315 quas

291 1314 575 1368 voluntarie
602 1314 754 1368 carne
781 1316 1053 1376 sustinuit;
1085 1314 1200 1367 talis
1229 1314 1500 1366 anathema
1527 1316 1615 1366 sit.

361 1382 422 1435 5°
451 1383 718 1437 Parcitum
746 1384 1014 1437 memoria:
1048 1384 1181 1436 tanti
1210 1385 1345 1446 viri,
1376 1391 1597 1452 propter
1629 1384 1859 1437 incredi-

291 1453 451 1508 bilem
487 1453 790 1522 opinionem
830 1452 897 1506 de
935 1453 1050 1521 ipso
1095 1462 1426 1522 conceptam,
1457 1463 1511 1507 et
1549 1459 1856 1507 sanctorum

291 1524 570 1591 praeconiis
597 1522 788 1576 mirum
816 1523 867 1575 in
897 1522 1110 1576 modum
1138 1532 1368 1577 auctam.

362 1589 424 1643 6°
471 1592 863 1646 Theodoretum
909 1600 1224 1659 perpetuum
1254 1591 1471 1645 Diodori
1501 1590 1852 1654 laudatorem,

290 1669 383 1714 aut
435 1661 597 1730 ipsius
642 1660 897 1715 doctrinae
939 1662 1281 1728 pertinaciter
1326 1659 1858 1730 adhtesissetdoncc

291 1729 519 1796 ejurai'it
547 1730 876 1795 Nestorium,
895 1734 1000 1781 aut
1027 1739 1205 1783 mente
1239 1745 1436 1783 aecum
1475 1729 1856 1796 incredibiliter

287 1795 466 1868 fuisse,
498 1801 587 1868 qui
607 1806 888 1867 postquam
916 1799 1259 1868 approbasset
1283 1796 1464 1867 Cyrilli
1505 1795 1679 1868 ﬁdem,
1710 1798 1857 1868 velut

289 1867 356 1919 ah
385 1865 529 1920 omni
553 1865 796 1920 lueretica
820 1865 1081 1935 pravitate
1111 1865 1350 1928 liberam,
1399 1875 1559 1935 atque
1606 1865 1856 1920 Ecclesia:

286 1944 702 2006 congruentem,
753 1934 968 1988 Dicdori
1005 1935 1273 1988 contraria
1305 1934 1545 1988 docentis
1578 1935 1858 2006 ὁρθοδοξίαν

285 2005 630 2059 denmdicet.

397 2084 421 2109 ο
462 2073 770 2134 Diodorum,
795 2087 912 2126 cum
937 2072 1003 2126 de
1031 2079 1201 2125 matre
1229 2071 1426 2126 Christi
1455 2071 1708 2140 loquitur,
1739 2089 1857 2127 eam

283 2157 502 2222 semper
529 2141 752 2222 Mariam.
771 2142 966 2222 dicere,
989 2157 1275 2222 numquam
1298 2141 1587 2208 Virginem,
1609 2144 1858 2222 quod_su-

283 2209 580 2279 spiciiiiiem
601 2209 832 2264 Judaica:
865 2211 1130 2278 opinionis
1158 2225 1374 2264 movere
1399 2219 1604 2279 potest,
1631 2209 1734 2266 nec
1755 2212 1855 2264 im-

288 2281 500 2343 merito,
530 2295 649 2333 cum
699 2279 958 2332 Diodorus
995 2279 1222 2334 Pbotino
1243 2280 1544 2342 adhaeserit,
1576 2279 1856 2335 Marcello-

283 2364 392 2416 que
417 2346 635 2419 Calatac,
677 2349 961 2416 gentilibus
1006 2349 1115 2403 suis
1149 2347 1372 2403 Judaico
1396 2364 1556 2419 super
1583 2363 1656 2403 ea-
1675 2364 1732 2405 re
1768 2365 1858 2405 ve-

289 2433 430 2472 neno
459 2416 683 2471 infectis.

353 2487 415 2557 8‘3
437 2486 690 2557 Cyrillum
737 2487 788 2540 in
817 2487 1040 2556 epistola
1065 2488 1234 2556 prima
1257 2487 1321 2540 ad
1342 2487 1658 2542 Successum
1688 2504 1751 2542 ea
1789 2489 1857 2544 de

289 2555 521 2610 Diodoro
568 2555 864 2623 scripsisse
889 2571 1007 2624 quae
1039 2565 1334 2611 consonent
1371 2558 1659 2625 excerptis,
1693 2567 1751 2612 ut
1788 2574 1854 2613 ex

285 2625 414 2693 ipsis
438 2633 656 2694 accepta
682 2625 990 2689 videantur;
1013 2640 1179 2693 quare
1201 2627 1397 2679 utiliter
1418 2635 1638 2694 possunt
1659 2627 1744 2681 hic
1763 2629 1857 2682 ad-

277 2693 428 2760 jungi
462 2712 473 2745 :
507 2693 766 2769 Diodorus
792 2695 1016 2769 quidam,
1050 2696 1214 2769 sancti
1245 2693 1468 2769 Spiritus
1503 2695 1629 2769 olim
1655 2697 1855 2769 impug-

281 2772 453 2827 nutor,
481 2773 536 2814 ut
557 2765 720 2827 aiunt,
752 2763 862 2816 cum
889 2763 1294 2818 orthodoxorum
1316 2763 1547 2818 Ecclesia
1579 2763 1854 2820 communi-

280 2834 432 2902 cavit.
468 2831 569 2885 Hic
597 2835 846 2902 deposita,
874 2842 932 2902 ut
960 2835 1188 2896 putavit,
1222 2832 1616 2888 Macedon-ianua
1644 2835 1854 2890 hazresis

277 2900 411 2964 labe,
438 2903 492 2954 in
515 2900 721 2954 alterius
752 2901 911 2955 morbi
926 2904 1021 2955 vim
1044 2903 1248 2956 decidit.
1276 2903 1449 2957 Sensit
1475 2905 1609 2957 enim
1638 2923 1699 2958 ac
1721 2907 1850 2958 scri-

275 2969 622 3043 psitalterum
650 2973 864 3043 seorsim
917 2971 1106 3043 esse_F
1112 2974 1256 3025 ilium
1292 2990 1402 3026 eum
1432 2975 1515 3043 qui
1555 2991 1619 3027 ea:
1658 2977 1852 3029 semine

229 3043 246 3064 ’
276 3038 447 3092 David
472 3057 534 3092 ex
560 3050 739 3093 sancta
777 3040 997 3112 Virgine
1018 3040 1211 3112 Deique
1231 3051 1394 3112 ma_tre
1421 3038 1572 3112 natus
1599 3053 1692 3108 est,
1725 3045 1852 3097 alte-

275 3125 388 3160 rum
409 3125 581 3162 rursus
603 3111 838 3176 privatim
853 3097 1043 3162 Filium
1062 3097 1190 3163 illud
1211 3127 1274 3163 ea:
1294 3110 1404 3164 Deo
1427 3110 1586 3165 Patre
1609 3097 1846 3170 Verbum.

282 3175 384 3238 Qui
429 3177 520 3230 sub
543 3175 709 3253 _ovina
753 3179 882 3253 pelle
926 3179 1294 3253 quodammodo
1334 3181 1507 3253 lupum
1547 3192 1844 3253 contegens,

271 3261 431 3322 unum
453 3263 508 3300 se
534 3247 800 3322 Christum
821 3247 986 3322 dicere
1009 3249 1249 3322 simulat;
1271 3250 1362 3322 sed
1389 3247 1503 3322 cum
1532 3247 1722 3322 referat
1743 3255 1849 3322 qui-

269 3315 504 3390 dem/ioc
529 3332 712 3390 nomen
734 3317 800 3368 ad
827 3317 992 3390 solum
1031 3318 1158 3390 illud
1195 3334 1259 3372 ea:
1287 3318 1397 3373 Deo
1427 3315 1600 3372 Putre'
1622 3315 1845 3390 genitum

281 3381 507 3459 [ereum
523 3384 726 3459 ilium
765 3387 1099 3459 unigenitum,
1131 3389 1298 3454 ipsum
1326 3405 1519 3459 quoque
1555 3381 1846 3445 ex'semine

276 3450 444 3528 David
472 3454 636 3528 ﬁlium
667 3450 893 3528 appellat
921 3471 937 3506 :
965 3457 1056 3508 sed
1084 3450 1349 3528 tamquam
1381 3450 1564 3528 gr'utiw
1609 3460 1719 3512 loco
1749 3477 1843 3514 no-

276 3475 444 3505 υιιινηι
472 3475 636 3521 [mum
667 3475 892 3574 αἴρειιαι
921 3475 937 3506 ἔ
965 3475 1055 3508 sea
1084 3475 1182 3508 tam
1221 3475 1339 3509 nam
1381 3475 1564 3528 grumv
1609 3475 1719 3512 (0C0
1749 3477 1843 3514 ηο-

267 3536 386 3595 men
414 3522 509 3595 hoc
542 3523 588 3573 ei
613 3523 682 3595 _tri
722 3524 813 3595 ui_t_,
844 3532 1016 3595 utpote
1043 3527 1126 3595 qui
1170 3475 1248 3577 illi
1284 3527 1562 3580 secundum
1584 3531 1845 3583 veritatem

267 3587 412 3662 Filio
440 3592 508 3644 sit
534 3591 731 3662 unitas.
757 3587 942 3662 Unitus
973 3587 1159 3654 autem,
1192 3610 1294 3646 non
1341 3604 1396 3645 ut
1424 3611 1517 3648 nos
1546 3600 1840 3662 asserimus,

265 3659 362 3711 sed
388 3660 667 3713 secundum
693 3660 1200 3729 solamdignitatem,
1239 3671 1286 3714 et
1323 3663 1596 3716 secundum
1622 3659 1844 3720 auctori;

265 3737 444 3801 tatem,
476 3737 525 3782 et
551 3729 827 3801 secundum
855 3728 1064 3801 honoris
1091 3732 1452 3800 tequalitatem.
1484 3731 1657 3801 Hujus
1691 3735 1844 3788 disci-

262 3799 418 3870 pulus
445 3795 714 3870 exstitith
722 3799 939 3870 estprius
970 3814 986 3850 :
1018 3795 1186 3870 itaque
1214 3817 1278 3853 ea:
1303 3801 1443 3854 illius
1470 3795 1612 3854 libris
1641 3801 1845 3856 obtene-

269 3865 474 3940 gratus,
495 3868 704 3940 simulat
724 3867 1006 3940 quidentse
1026 3865 1281 3940 Christum
1309 3887 1483 3932 unum,
1514 3880 1563 3922 et
1587 3871 1772 3940 ﬁlium,
1796 3881 1844 3925 et

263 3933 547 4008 Dominum
570 3933 804 4008 conﬁteri
817 3953 832 3999 ;
847 3937 938 3989 scd
958 3938 1008 4008 di
1015 3939 1137 3991 vidit
1151 3941 1305 3992 etiam
1322 3942 1432 4008 ipse
1450 3933 1606 3992 unum
1627 3941 1677 3992 in
1694 3933 1840 4006 duos,

262 4019 330 4079 ac
359 4007 570 4079 seorsim
607 4007 772 4074 ponit,
803 4021 918 4079 cum
955 4007 1208 4061 hominem
1252 4007 1578 4079 conjunctum
1599 4027 1711 4063 esse
1733 4010 1841 4065 Deo

259 4071 442 4193 Jterbo
472 4071 627 4138 dicat,
653 4076 1003 4130 communione
1031 4079 1269 4142 nominis,
1299 4071 1508 4132 honoris
1531 4081 1838 4150 qualitate,

304 4152 532 4193 tenuate.

304 4152 532 4207 tgmlttle.

260 4240 289 4302 §
311 4237 391 4288 IX.
413 4239 488 4288 De
509 4241 764 4290 Theodoro
789 4241 1098 4304 Mopsuestia;
1116 4246 1345 4307 episcopo
1366 4245 1576 4295 Nestorii
1591 4249 1840 4309 magistro.

338 4341 718 4430 Dissertatione
746 4344 916 4430 prima
937 4387 958 4430 ,_
978 4345 1028 4430 in
1059 4347 1292 4430 priorem
1315 4357 1550 4430 partem,
1582 4350 1779 4404 dictum
1798 4366 1840 4430 Aa

260 4411 419 4465 nobis
439 4419 519 4486 est
546 4427 664 4481 quae
678 4411 840 4486 fuerit
868 4411 1079 4486 indoles
1103 4411 1388 4484 Theodori,
1411 4419 1501 4486 qui
1533 4434 1726 4482 mores,
1758 4427 1841 4473 at-

261 4483 625 4555 gixeuanimus
678 4483 908 4538 hominis
934 4484 1127 4541 bellum
1165 4483 1398 4555 gerentis
1429 4483 1559 4542 _cum
1605 4487 1836 4542 Christo.

1963 552 2204 624 lumine,_
2236 551 2438 605 detexit
2482 552 2696 624 fraudes
2742 551 3308 624 iinpr_olne__factionis,
3333 570 3532 624 easque

1961 620 2268 701 aliquando,
2297 636 2362 674 ne
2385 631 2666 701 pergerent
2687 620 3344 701 imprudentibusnnoeere,
3375 620 3528 701 pate-

1961 689 2086 744 fecit
2109 689 2539 754 omnibus,’libro
2568 706 2724 758 quem
2756 689 3056 760 inscripsit:
3089 689 3166 742 De
3187 689 3530 746 Nestor—iano—

1962 776 2071 812 rum
2093 761 2349 831 impietate
2375 769 2565 813 secreto
2597 761 2784 813 tradita
2813 762 3083 830 principio,
3117 769 3165 812 et
3204 761 3266 814 de
3293 762 3403 830 ejus
3435 779 3530 831 pa-

2033 897 2268 961 Quatuor
2290 896 2414 951 fecit
2443 899 2580 952 illius
2606 907 2800 967 partes,
2832 914 3052 967 quarum
3084 900 3133 951 in
3161 897 3330 966 prima
3353 897 3529 951 Theo-

1959 965 2074 1020 dori
2103 967 2446 1020 sectariorum
2477 965 2729 1021 nefandas
2749 965 2909 1032 artes,
2936 969 2986 1020 in
3008 965 3235 1022 secunda
3259 967 3526 1020 Theodori

1960 1051 2136 1089 mores
2182 1042 2236 1087 et
2291 1035 2472 1097 libros,
2523 1038 2574 1089 in
2617 1039 2773 1089 tertia
2817 1037 3042 1090 Nestorii
3084 1053 3200 1088 cum
3243 1037 3525 1089 Theodoro

1958 1104 2382 1174 consensionem,
2403 1106 2453 1158 in
2475 1115 2740 1174 postrema
2765 1104 3053 1173 fragmenta
3076 1107 3328 1159 librorum
3352 1105 3527 1160 Theo-

1959 1173 2094 1235 dori,
2127 1174 2318 1240 quibus
2344 1173 2706 1242 approbentut
2733 1175 2892 1237 dicta,
2923 1175 3161 1242 exponit.

2029 1243 2080 1296 l.
2113 1243 2239 1295 Post
2261 1243 2424 1296 Deum
2449 1244 2603 1310 igitur
2632 1245 2934 1298 invocatum
2964 1244 3016 1295 in
3053 1244 3293 1296 veritatis
3337 1251 3524 1296 testem

1958 1327 2254 1391 causasque
2296 1313 2559 1367 scribendi
2600 1313 2855 1379 redditas,
2886 1313 2953 1366 de
2981 1312 3220 1366 sectariis
3259 1311 3526 1366 Theodori

1957 1390 2030 1434 ita
2069 1390 2249 1433 narrat
2281 1399 2293 1433 :

2029 1450 2259 1504 Primum
2306 1451 2580 1519 artiﬁcium
2607 1451 2946 1504 simulationis
2977 1451 3185 1518 dignum
3214 1450 3413 1502 malitia
3433 1465 3528 1519 Aeo-

1957 1535 2069 1590 rum
2090 1527 2165 1570 est
2189 1519 2340 1590 quod,
2366 1517 2476 1573 cum
2516 1531 2740 1590 sanctos
2769 1519 3014 1573 Ecclesiw
3033 1517 3266 1572 doctores
3289 1529 3337 1590 e_t
3353 1536 3388 1590 _u
3417 1517 3526 1590 Deo

1958 1587 2106 1640 datos
2155 1587 2256 1640 non
2290 1591 2558 1659 recipiant,
2589 1589 2835 1642 simulant
2862 1589 3004 1642 verba
3034 1606 3088 1641 se
3115 1605 3273 1657 neque
3297 1587 3530 1641 Theodo-

1958 1673 2090 1737 rum,
2132 1674 2290 1728 neque
2333 1658 2637 1722 Diodorum,
2663 1659 2854 1728 primos
2883 1659 3157 1728 impietatis
3186 1673 3293 1710 sua:
3339 1659 3527 1727 fontes,

1957 1742 2199 1779 recmere.

2250 1797 2388 1864 apud
2436 1812 2529 1850 eos
2551 1797 2741 1863 quibus
2767 1797 2985 1865 laqueos
3029 1794 3249 1865 tendunt
3275 1808 3524 1865 magnam

1959 1865 2237 1935 synodum,
2289 1863 2452 1934 quam
2504 1867 2712 1930 animo,
2755 1867 2796 1918 si
2826 1863 2916 1935 qui
2942 1865 3030 1918 alii
3059 1863 3340 1932 rejiciunt,
3362 1863 3527 1916 verbo

1959 1933 2280 2004 praedicant,
2311 1933 2365 1988 et
2393 1936 2630 2004 recipere
2657 1933 2900 1989 suadent.

2031 2001 2263 2074 Recepta
2284 2005 2488 2074 synodo
2505 1999 2848 2074 interrogant
2875 2017 3098 2074 quorum
3149 2001 3373 2074 quisque
3421 1999 3527 2074 Pa-

1958 2078 2096 2140 trum
2121 2071 2405 2126 solitus'sit
2433 2081 2662 2128 tractare
2692 2071 2874 2138 libros,
2894 2071 2958 2127 _et
2985 2073 3177 2140 quibus
3199 2072 3428 2124 illuxiine
3457 2071 3526 2123 sit

1958 2139 2195 2212 addictus
2228 2159 2239 2192 :
2272 2143 2316 2195 si
2359 2143 2467 2208 alii,
2500 2151 2692 2212 pnnter
2720 2160 2862 2205 suos,
2906 2139 3147 2212 quamvis
3191 2149 3524 2212 pneslantes,

1959 2209 2156 2263 laudati
2178 2218 2329 2281 sunt,
2361 2229 2466 2264 non
2494 2209 2787 2281 repugnant
2827 2211 2898 2265 illi
2926 2209 3154 2281 quidem
3188 2211 3359 2280 primo
3399 2225 3526 2281 conj

1958 2291 2160 2344 gressu,
2185 2279 2284 2333 etsi
2313 2296 2378 2334 ne
2401 2279 2661 2334 nominari
2686 2282 2897 2348 quidem
2937 2280 3071 2332 alios
3100 2279 3405 2348 patiuntur;
3435 2279 3525 2330 sed

1956 2363 2193 2428 neuquem
2221 2349 2498 2430 illaqueare
2537 2347 2715 2403 volunt
2736 2351 3002 2402 deterritus
3037 2347 3237 2430 auctet:
3269 2347 3416 2409 Boni,
3446 2349 3525 2400 in-

1956 2417 2152 2486 quiunt,
2183 2428 2300 2470 sunt
2320 2417 2406 2471 isti
2433 2417 2652 2483 Patres,
2680 2436 2781 2472 non
2805 2429 2971 2471 tamen
3001 2417 3232 2472 meliores
3259 2434 3408 2487 quant
3433 2434 3525 2470 no-

1955 2495 2157 2539 strates.

2028 2554 2087 2628 Si
2116 2573 2230 2609 vero
2270 2557 2487 2628 simplex
2527 2557 2612 2610 ille
2641 2566 2780 2626 roget
2804 2557 3072 2628 nomina:
3108 2555 3236 2628 Lege
3263 2556 3422 2624 prius,
3444 2556 3524 2606 in-

1956 2624 2150 2696 quiunt,
2175 2636 2221 2677 et
2253 2624 2378 2677 tunc
2397 2643 2667 2696 cognosces
2694 2624 2866 2696 quales
2895 2636 2940 2696 et
2962 2627 3136 2695 quanti
3165 2627 3285 2688 sint,
3313 2641 3522 2694 quorum

1955 2695 2110 2765 miser
2139 2698 2439 2765 nequamina
2462 2695 2661 2765 quidem
2685 2695 2925 2748 didicisti.

2025 2761 2157 2814 Tum
2187 2763 2332 2816 libris
2360 2761 2557 2817 addunt
2580 2766 2679 2818 alia
2697 2780 2934 2826 munera,
2958 2762 3277 2832 pollicentur
3299 2763 3514 2825 auxilia.

1954 2846 2220 2910 opemque
2257 2833 2407 2896 aula»,
2437 2834 2479 2885 si
2503 2843 2674 2910 egeat,
2708 2843 2867 2900 atque
2888 2831 3044 2910 etiam
3069 2831 3286 2910 gradum
3407 2848 3523 2884 ma-

1953 2901 2292 3022 gistratibus,
2348 2911 2401 2954 et
2448 2903 2773 2957 eruditorum
2795 2918 2930 2969 quos
2961 2902 3154 2954 habent
3182 2901 3478 2954 convictum
3507 2920 3518 2952 :

2010 2987 2066 3022 ec
2103 2973 2246 3022 nrius
2281 2971 2549 3022 desistunt.
2584 2989 2734 3022 mmm
2772 2969 3101 3022 succumbant
3145 2971 3247 3022 sive
3285 2970 3518 3022 inscitiw.

2010 2987 2066 3022 ec
2088 2973 2246 3043 prius
2281 2971 2550 3035 desistunt,
2584 2989 2734 3043 quam
2772 2969 3247 3043 succumbant___sive
3285 2970 3520 3031 inscitae,

1950 3041 2053 3110 sire
2081 3041 2394 3110 indigenum,
2421 3043 2522 3094 sive
2547 3039 2903 3103 assentationi,
2933 3042 3036 3092 sive
3065 3039 3522 3110 aliisqua'cnmqne

1950 3107 2230 3181 illaqueafe
2275 3111 2439 3164 solent
2471 3127 2558 3164 eos
2604 3113 2688 3181 qui
2718 3127 2818 3164 non
2841 3111 2979 3163 onmi
3005 3107 3235 3161 custodia
3263 3123 3350 3159 cor
3377 3107 3522 3160 suum

1874 3205 1918 3264 ρ
1951 3178 2260 3264 custodiunt.

2017 3247 2134 3300 .lmn
2165 3263 2292 3302 vero
2321 3255 2599 3316 postquam
2633 3255 2843 3316 captum
2868 3253 3080 3316 tenent,
3105 3253 3177 3316 _et
3215 3247 3323 3298 suis
3351 3245 3521 3316 rohse-

1947 3317 2085 3383 quiis
2114 3314 2422 3381 obnoxium,
2453 3314 2496 3370 si
2527 3314 2817 3370 monachus
2844 3316 2944 3376 sit,
2976 3314 3214 3381 injicinnt
3235 3315 3522 3383 professio-

1947 3386 2028 3439 nis
2054 3385 2341 3448 fastidium,
2373 3387 2766 3456 promittuntque
2792 3403 2846 3439 se
2868 3387 2920 3438 in
2945 3384 3173 3456 ordinem
3223 3385 3521 3456 clericorum

1948 3465 2295 3525 cooptaturos,
2319 3453 2406 3508 aut
2428 3457 2530 3508 alio
2561 3453 2710 3508 modo
2739 3456 3098 3525 auxiliaturos,
3127 3455 3170 3507 si
3197 3470 3304 3507 suze
3333 3453 3522 3525 doctri-

1947 3523 2153 3578 nte'ﬁat
2182 3525 2464 3592 particeps.
2493 3526 2557 3578 At
2579 3527 2620 3578 si
2639 3525 2902 3578 smcularis
2922 3523 3096 3587 fuerit,
3121 3523 3520 3577 accommodata

1945 3594 2268 3661 pollicentur
2299 3612 2310 3645 :
2364 3593 2542 3649 dilatis
2592 3602 2768 3648 tamen
2806 3593 2961 3648 donis
2991 3593 3194 3647 inhiare
3219 3600 3432 3660 cogunt,
3465 3600 3522 3645 ut

1945 3677 2039 3729 spe
2068 3663 2239 3716 fallaci
2277 3663 2582 3718 devinctum
2618 3664 2672 3716 in
2705 3664 2814 3717 suis
2859 3664 3100 3732 partibus
3140 3663 3352 3717 interim
3382 3661 3520 3716 deti-

1945 3740 2126 3784 neant.
2685 3763 2693 3778 ι

2016 3799 2145 3851 Cum
2173 3799 2415 3854 viderent
2442 3799 2679 3866 quotidie
2707 3799 2845 3868 apud
2886 3799 3068 3852 fideles
3104 3798 3303 3865 justum
3335 3799 3515 3854 odium

1944 3866 1998 3918 in
2031 3868 2190 3936 impia
2229 3868 2474 3935 dogmata
2535 3866 2914 3934 auctoremque
2957 3868 3260 3936 dogmatum
3299 3870 3514 3935 augeri,

1943 3951 2010 3989 ne
2061 3936 2254 3990 invidia
2295 3937 2535 4006 prtcsidis
2579 3944 2968 4006 premerentur,
3014 3936 3262 4006 dixerunt
3303 3939 3353 3990 in
3395 3947 3516 3991 actu

1943 4021 2042 4060 suo
2072 4006 2338 4074 personali
2374 4024 2386 4058 :
2412 4004 2600 4060 Valeat
2628 4005 2921 4067 Nestorius,
2951 4004 3258 4058 eorumdem
3289 4006 3513 4073 dogma-

1943 4083 2078 4163 tunn
2101 4076 2331 4163 secuturi
2349 4085 2598 4163 ‘patrem,
2624 4076 2787 4163 .und‘e
2837 4075 2949 4144 ipse
2977 4074 3170 4154 hausit.
3197 4074 3430 4163 ﬁamque
3461 4083 3516 4129 ut

1941 4143 2212 4200 Manichtei
2242 4145 2293 4198 in
2317 4143 2516 4204 electos
2541 4153 2595 4199 et
2623 4143 3002 4205 inditlerentes,
3033 4144 3109 4198 sic
3131 4143 3218 4197 isti
3242 4145 3295 4198 in
3320 4143 3514 4199 Nesto-

1939 4214 2002 4267 rii
2033 4217 2263 4268 cultores
2290 4223 2344 4268 et
2364 4215 2705 4270 damnatores
2731 4213 3055 4270 dividuntur.

2012 4283 2450 4338 Communionem
2475 4286 2722 4339 Ecclesiae
2747 4285 3073 4347 simulantes,
3097 4291 3316 4336 utuntur
3330 4282 3514 4338 Eccle-

1940 4353 2016 4406 sia
2048 4362 2318 4422 tamquam
2361 4355 2642 4422 prtctorio;
2695 4355 2858 4419 clero,
2909 4355 3052 4408 velut
3113 4354 3382 4416 exercitu,
3421 4354 3512 4408 ubi

1944 4423 2120 4491 omnia
2146 4422 2270 4476 dolo
2286 4423 2434 4476 ﬁunt.
2454 4423 2694 4491 Cumque
2715 4423 2998 4491 aliquando
3013 4423 3228 4490 quidam
3255 4422 3513 4478 abductus

1941 4489 1992 4542 in
2024 4501 2201 4558 partes
2227 4500 2540 4560 quereretur
2568 4489 2672 4545 non
2699 4489 2853 4561 posse
2873 4509 2992 4547 cum
3022 4489 3150 4561 ipsis
3176 4494 3510 4545 communio-

264 4549 410 4632 Nihil
435 4566 502 4605 eo
530 4550 627 4606 fuit
655 4555 1084 4632 commutabilius
1113 4549 1571 4632 iniquamcumque
1594 4557 1836 4632 formam,
1867 4559 1918 4620 D
1944 4549 2064 4632 nem
2109 4549 2382 4632 sacrdrum
2424 4549 2794 4632 mysteriorum
2846 4569 2900 4616 et
2943 4549 3062 4632 cuni
3093 4560 3328 4614 Ecclesia
3352 4561 3507 4632 simul

257 4635 360 4697 pro
390 4628 631 4697 tempore
659 4629 714 4675 et
741 4622 893 4697 loco;
923 4624 1064 4697 nihil
1097 4626 1180 4697 _ad
1205 4622 1436 4695 pietatis
1475 4622 1705 4697 speciem
1755 4622 1834 4682 in;

257 4689 528 4743 duendam
550 4692 1032 4756 accommodatius;
1056 4689 1259 4748 nihilad
1277 4689 1609 4752 fascinan'dos
1629 4700 1836 4754 animos

258 4758 615 4840 artiﬁciosius,
641 4761 1143 4838 subripiendamque
1161 4767 1384 4840 gloriam
1407 4768 1676 4840 callidius;
1703 4769 1834 4822 nihil

263 4827 522 4906 audacius
543 4831 608 4884 ad
657 4827 866 4886 errores
914 4827 1277 4906 spargendus,
1319 4827 1834 4906 pervertendamque

258 4896 588 5019 scripturam
616 4915 819 4954 sacram
860 4909 913 4954 et
943 4896 1107 4956 "iidem
1130 4896 1337 4973 p0pu|is'
1366 4896 1826 4975 perscribendain:

258 4967 372 5019 mhi
415 4967 641 5019 denique
669 4970 778 5019 suis
798 4971 850 5019 in
878 4970 1148 5019 discipulis
1162 4973 1443 5019 infeliciter
1465 4975 1681 5019 fnlininea
1708 4993 1826 5019 eum

257 4967 392 5019 nihil
415 4967 641 5040 denique
669 4970 778 5024 suis
798 4971 850 5023 in
878 4967 1443 5040 discipulisinfeliciter
1465 4975 1684 5040 felicius,
1708 4993 1827 5031 cum

256 5039 830 5109 antequamrinteriret,
846 5039 1102 5109 plurimos
1129 5043 1320 5096 viderit
1339 5043 1588 5100 Ecclesiis
1599 5039 1830 5100 Orientis

259 5120 509 5184 [tt-messe,
533 5108 666 5162 duos
710 5108 1060 5184 maximarum
1090 5112 1299 5166 urbium
1320 5115 1582 5184 antistites
1600 5153 1613 5177 ,
1646 5116 1835 5170 Nesto-

262 5174 402 5248 rium
431 5173 938 5248 _Constantinopolis
961 5217 976 5241 ,
1022 5177 1280 5234 Joannem
1319 5173 1641 5248 Antiochiae;
1701 5187 1835 5241 duos

258 5245 666 5321 laiiiailoctrina:
688 5245 1084 5321 celeberrimos,
1114 5251 1379 5306 Andream
1401 5245 1826 5321 Samosatcnum,

256 5320 314 5367 et
333 5313 751 5390 _Tlieodoret_iim
805 5317 1120 5390 Cyrensem,
1154 5329 1256 5375 etc.

319 5383 526 5463 .Verum
547 5387 672 5463 quid
693 5401 794 5455 ego
813 5383 1130 5463 laboriosius
1157 5405 1340 5463 verser
1356 5391 1419 5463 _in
1450 5391 1706 5463 ejusmodi
1731 5393 1844 5448 ho—‘

257 5455 419 5511 minis
442 5455 638 5522 elogio.
678 5473 797 5512 cum
827 5457 1081 5514 Leontius
1120 5461 1463 5514 scholasticus
1478 5455 1580 5514 hoc
1605 5477 1824 5516 munere

256 5525 466 5599 \'ani_t_e_r
485 5524 925 5599 defunct_ussit,et
940 5544 1004 5584 eo
1024 5529 1233 5598 quidem
1249 5530 1568 5595 credibilius,
1586 5531 1726 5599 quod
1745 5531 1824 5584 vir

255 5594 643 5670 eruditissimus
669 5597 737 5651 de
756 5614 814 5670 re
838 5599 1010 5670 sibiin
1033 5594 1215 5670 primis
1235 5607 1512 5670 perspecta
1536 5594 1643 5667 agit
1665 5598 1815 5668 (Lib.

256 5677 314 5726 ιι,
347 5664 546 5737 advers.
578 5665 798 5737 E_utych.
830 5678 879 5722 et
916 5664 1190 5734 Nesior.)?
1217 5664 1492 5724 Nam'cum
1515 5664 1824 5724 adolescens

256 5748 284 5786 a
315 5734 556 5791 sectariis
602 5734 864 5793 Theodori
899 5752 1024 5794 suas
1067 5739 1118 5792 in
1160 5749 1340 5811 panes
1382 5741 1638 5796 abductus
1659 5749 1818 5809 esset,

1941 4628 2127 4682 haberi
2161 4647 2181 4710 ε.
2210 4629 2324 4683 Non
2351 4628 2850 4712 Oportet,_inquiunt,
2879 4640 2928 4684 te
2959 4631 3169 4712 moleste
3185 4631 3508 4712 ferreo/iane
3543 4659 3546 4664 -

1938 4700 2297 4763 oeconomiam;
2328 4701 2475 4770 pluris
2503 4702 2636 4753 enim
2660 4700 2708 4754 in
2735 4709 2906 4769 typum
2932 4702 3160 4770 corporis
3181 4700 3366 4752 Christi
3387 4717 3507 4768 pio-

1938 4769 2133 4840 positus
2163 4785 2263 4822 non
2294 4767 2406 4840 plus
2429 4767 2795 4823 benedictionis
2818 4767 3141 4840 participavit
3162 4785 3315 4840 quam
3353 4771 3504 4836 panis

1935 4839 2021 4911 qui
2047 4839 2101 4890 in
2128 4840 2241 4911 [_oro
2263 4839 2508 4911 venditur,
2529 4849 2599 4911 _et
2626 4856 2777 4911 quam
2803 4839 2961 4908 panes
2987 4856 3114 4911 quos
3152 4839 3504 4892 Philomaria-

1934 4907 2057 4977 nitte
2077 4907 2296 4977 oﬁ‘erunt
2323 4910 2374 4960 in
2403 4909 2606 4961 nomine
2626 4907 2830 4962 Marias.

2004 4975 2153 5043 ρυσά
2183 4978 2225 5031 si
2254 4978 2494 5032 laborent
2522 4977 2572 5030 in
2603 4977 2934 5032 defendendo
2954 4977 3194 5046 principe
3215 4975 3500 5043 dogmatis,

1935 5045 2204 5101 laudatum
2262 5047 2412 5101 aiunt
2448 5062 2476 5100 a
2523 5047 2649 5105 viris
2677 5045 2993 5111 illustribus,
3043 5045 3336 5111 eademque
3381 5061 3501 5098 cum

1936 5116 2052 5184 ipso
2080 5119 2307 5171 sensisse
2337 5117 2583 5171 Basiliam
2622 5132 2868 5182 magnum
2892 5156 2906 5181 ,
2927 5117 3165 5183 duosque
3191 5114 3500 5181 Gregorios.

1934 5195 1988 5238 et
2010 5185 2199 5256 Patres
2220 5187 2371 5256 alios,
2401 5186 2560 5240 etiam
2587 5187 2840 5256 Cyrillum
2860 5226 2875 5250 ,
2897 5201 3122 5252 quorum
3150 5185 3366 5256 voculas
3403 5200 3501 5236 un-

1931 5255 2127 5320 guibus
2152 5255 2456 5321 corradum,
2486 5271 2577 5308 eas
2607 5255 2802 5318 tamen,
2827 5256 3019 5321 quibus
3036 5271 3240 5309 summa
3260 5255 3336 5308 rei
3365 5269 3500 5307 con-

1932 5325 2150 5398 tinetur,
2172 5331 2470 5398 _lllqwa‘cnviu
2499 5325 2724 5388 σύνοδον,
2755 5334 2809 5380 et
2843 5325 3266 5398 Deilicationem,
3291 5331 3345 5398 et
3370 5339 3497 5398 san-

1930 5395 2141 5459 guinem
2170 5393 2283 5452 Dei.
2314 5403 2368 5448 et
2395 5410 2604 5448 crucem
2652 5405 2705 5449 et
2751 5396 3072 5464 passionem,
3101 5402 3174 5454 et.
3205 5393 3347 5461 quod
3377 5394 3498 5461 plus

1926 5473 2030 5533 est,
2056 5465 2344 5533 secundam
2371 5463 2531 5518 Verbi
2554 5463 2970 5532 generationem,
3002 5473 3162 5533 atque
3189 5465 3366 5519 ἕνωσιν
3386 5466 3494 5517 καθ’

1927 5532 2532 5598 ὑπόστασιν,κΡειιι·ὶι)ιιδ
2559 5535 2742 5589 audire
2766 5536 2981 5598 nolunt;
3013 5532 3118 5587 non
3147 5533 3291 5601 quod
3312 5534 3378 5587 de
3405 5549 3494 5586 vo-

1926 5601 2076 5657 cibus
2103 5621 2221 5656 cum
2255 5604 2399 5672 ipsis,
2447 5604 2588 5672 quod
2644 5605 2852 5658 mentiri
2900 5604 3103 5666 solent,
3128 5603 3490 5658 controversia

1926 5673 2012 5733 sit,
2043 5673 2135 5726 sed
2186 5674 2252 5727 de
2293 5674 2451 5728 rebus
2479 5675 2605 5739 ipsis
2649 5673 3108 5742 dogmatibusque,
3138 5689 3250 5742 qua?
3272 5673 3324 5724 in
3353 5688 3492 5724 com-

1928 5758 2076 5796 mune
2104 5759 2273 5797 omncs
2295 5744 2449 5798 divini
2476 5743 2721 5800 Ecclesia:
2749 5744 2984 5816 magistri
3011 5742 3251 5799 concordi
3281 5750 3486 5794 senten-
