3980 6182
287 314 422 370 “63

1121 308 1424 366 BlSSE-RT.
1464 310 1504 365 Ι.
1550 310 1635 364 DE
1678 310 1951 370 IIERESI
1992 314 2077 370 ET
2117 313 2340 372 LIBRIS
2369 313 2706 372 NESTORII.

3407 321 3545 375 1158

282 428 371 482 ulli
399 424 706 490 hominum,
737 431 828 479 aut
855 424 1020 480 etiam
1049 423 1328 488 omnibus,
1359 423 1646 478 maximam
1676 423 1856 493 largiri
1884 433 1934 490 Α
1962 425 2261 483 Nestoriani
2284 427 2336 481 in
2363 424 2636 481 Christum
2658 435 2958 494 congerunt
2976 436 3314 493 ornamenta,
3342 433 3550 485 omnia-

281 499 420 552 Deus
447 495 770 551 decreverit.

347 564 673 632 Cogitandus
702 565 895 619 iterum
927 564 1014 618 hic
1043 563 1204 617 homo
1229 569 1374 616 tanta
1403 562 1573 631 gratia
1601 561 1854 628 donatus,

281 637 561 691 assistente
579 633 759 690 divina
789 634 966 702 aliqua
986 648 1233 702 persona,
1262 634 1372 701 regi
1397 633 1756 697 continenter,
1791 648 1858 688 ne

282 706 364 760 vel
402 705 616 760 aberret
651 719 684 758 a
719 718 847 759 vero
875 710 1149 771 rectoque,
1183 703 1265 757 vel
1293 703 1427 757 alios
1456 703 1674 757 inducat
1699 704 1751 756 in
1780 718 1861 757 er-

281 789 488 839 rorem;
537 774 634 830 sed
679 781 859 830 certus
904 773 1003 828 viae
1045 773 1164 827 aliis
1210 781 1446 842 praaeat,
1505 772 1754 842 exemplo
1800 779 1860 828 et

283 846 466 899 verbo.

349 911 676 982 Cogitandus
693 913 856 968 etiam
883 912 1024 967 Deus
1047 912 1139 982 qui
1167 911 1437 982 hominem
1458 911 1668 967 cunctis
1696 911 1858 968 etiam

283 981 659 1039 charismatum
707 998 826 1053 qua:
871 981 1318 1053 dicunturjdonis
1345 982 1593 1053 congruis
1612 991 1860 1053 omatuIn

279 1054 466 1124 jubeat
503 1051 1007 1124 pietatis'operibus
1054 1051 1307 1124 ardenter
1342 1051 1560 1124 studere
1582 1091 1597 1116 ,
1629 1059 1686 1124 et
1704 1051 1860 1120 quid-

283 1121 408 1192 quid
449 1121 580 1192 inde
623 1123 800 1177 meriti
845 1123 1154 1192 collegerit,
1210 1121 1261 1174 in
1306 1121 1535 1192 aliorum
1575 1121 1859 1192 utilitatem

286 1190 573 1247 transferre
598 1206 976 1262 {quamquam
1007 1191 1184 1245 meriti
1223 1208 1331 1244 non
1371 1190 1731 1262 meminerunt
1757 1190 1860 1262 Ne:

284 1263 527 1342 storiani,
553 1261 645 1342 sed
673 1259 905 1342 exempli
935 1269 1174 1342 tantum2
1202 1275 1313 1328 quo
1350 1268 1569 1339 sanctus
1593 1259 1859 1342 ejusmodi

283 1334 365 1386 vir
408 1332 716 1386 ostenderet
758 1329 886 1399 quid
934 1339 1115 1400 posset
1159 1331 1390 1384 humana
1429 1329 1530 1400 vis,
1565 1330 1861 1400 auxiliante

286 1402 502 1456 numine
525 1443 540 1466 ,
583 1416 753 1470 eaque
781 1399 1088 1470 ostensione
1114 1401 1334 1468 reliquis
1374 1399 1681 1454 hominibus
1708 1415 1859 1469 spem

284 1473 495 1524 virtutis
517 1469 850 1525 absolvenda:
880 1469 1094 1525 faceret.

359 1541 471 1594 Dux
501 1543 588 1594 ille
615 1542 754 1605 vitae,
795 1541 962 1608 siquis
988 1539 1250 1608 ejusmodi
1278 1545 1446 1602 esset,
1478 1538 1672 1608 merito
1697 1537 1862 1592 Filius

287 1611 512 1678 Deidiei
555 1619 751 1679 posset,
795 1607 900 1663 non
931 1607 1108 1664 tamen
1138 1607 1489 1679 natura,_sed
1513 1607 1719 1675 gratia;
1755 1624 1859 1679 non

285 1676 650 1747 generatione.
683 1679 775 1735 sed
799 1680 1116 1748 adoptione;
1147 1686 1201 1732 et
1229 1694 1329 1732 nec
1356 1676 1521 1731 Filius
1546 1686 1755 1748 tantum
1777 1678 1861 1731 di-

285 1759 514 1812 ceretur,
542 1751 636 1804 sed
666 1751 826 1803 etiam
853 1747 1173 1816 unigenitus,
1203 1750 1327 1815 quia
1357 1762 1452 1816 per
1471 1747 1720 1801 eximiam
1742 1761 1863 1812 gra-

1961 512 2066 566 qne
2103 496 2278 568 oflicia
2324 496 2594 566 pnescrihi
2622 536 2638 561 ,
2683 498 2877 565 quibus
2923 499 3547 568 reparationishumana:

1963 582 2100 637 opus
2118 567 2449 637 impleretur.

2033 635 2414 708 verumtamen
2443 637 2696 691 doctores
2723 636 2812 690 isti
2841 637 3036 692 mirum
3074 647 3330 708 quantum
3379 654 3408 692 a
3437 639 3544 694 Ne-

1960 707 2212 779 storianis
2242 706 2470 779 distant,
2515 715 2773 779 quantum
2812 722 3006 777 nempe
3032 706 3271 779 polentia
3300 710 3368 779 ab
3401 719 3544 774 actu,

1961 787 2022 831 ut
2048 776 2100 829 in
2123 777 2321 848 scholis
2349 776 2546 848 aiunt,
2570 777 2625 830 id
2653 785 2754 841 est,
2788 776 3050 847 quantum
3092 778 3270 848 tliﬂert
3311 778 3362 831 id
3403 780 3549 848 quod

1960 853 2142 918 mente
2167 847 2281 918 so_l_a
2313 846 2631 918 informatur
2667 848 2735 918 ab
2764 846 2831 918 eo
2857 849 3002 916 quod
3025 849 3198 918 reipsa
3226 846 3436 902 factum
3454 864 3534 902 as-

1960 915 2176 988 seritur.
2219 915 2335 988 Non
2359 917 2430 970 ita
2459 915 2990 988 distantASociniani,
3033 915 3129 972 sed
3155 918 3316 988 plane
3344 934 3544 973 conve-

1961 986 2115 1040 niunt
2140 1000 2261 1040 cum
2290 985 2555 1050 Nestorio,
2605 985 2756 1054 cujus
2796 986 3043 1042 haeresim
3071 989 3140 1042 ab
3158 985 3350 1043 inferis
3389 1003 3546 1045 revo-

1960 1064 2171 1111 carunt.

2579 1123 2808 1179 CAPUT
2845 1123 2910 1178 V.

2440 1212 2520 1267 De
2547 1213 2784 1284 operibus
2814 1213 3066 1269 Nestorii.

2032 1327 2160 1393 QiIac
2212 1324 2656 1396 operarNestorii
2703 1323 2973 1396 Mercator
3009 1325 3318 1396 exhibeat,
3373 1334 3546 1382 totum

1962 1397 2102 1452 istud
2127 1395 2375 1451 volumen
2398 1395 2669 1465 loquitur:
2701 1412 2818 1465 quae
2846 1395 3034 1465 quinti
3049 1395 3227 1465 δαὶςιηί
3256 1396 3546 1465 scriptores

2003 1475 2212 1529 uatuor,
2231 1474 2293 1535 et
2322 1463 2976 1535 unus'sexti,Cassianus,
3000 1463 3252 1535 Cyrillus,
3277 1463 3546 1521 Arnobius

2003 1481 2212 1529 uatuor,
2239 1481 2293 1520 et
2322 1482 2460 1520 unus
2486 1481 2641 1529 sexti,
2667 1481 2976 1529 Cassmnus,
3000 1481 3252 1535 Cyrulus,
3277 1481 3543 1521 Arnomus

1961 1481 2169 1598 gunior,
2212 1534 2520 1590 Gennadius
2559 1543 2614 1588 et
2640 1534 2931 1602 Evagrius,
2978 1551 3119 1588 nunc
3149 1537 3543 1604 exponendum.

1964 1605 2201 1659 Plurium
2225 1606 2404 1668 verba,
2437 1605 2535 1659 etsi
2559 1620 2626 1658 ex
2647 1605 2931 1660 occasione
2962 1605 3266 1674 aliquando.
3299 1607 3456 1660 veluti
3491 1607 3544 1660 in

1964 1676 2272 1745 puelatinnc
2294 1675 2358 1728 ad
2379 1682 2648 1743 excerpta,
2681 1675 2906 1742 aliisque
2928 1675 3124 1742 passim
3156 1674 3544 1745 locisadtlncta

1963 1744 2101 1809 Sint,
2133 1747 2236 1800 huc
2267 1755 2470 1808 tamen,
2502 1745 2712 1813 opinor,
2745 1760 2851 1796 non
2895 1745 3199 1812 importune
3227 1744 3542 1810 referentur,

285 1820 416 1872 tiam
443 1805 644 1873 electus
673 1820 839 1881 foret;
872 1805 1033 1886 immo
1062 1827 1116 1871 et
1142 1805 1543 1885 priinogenitus,
1573 1817 1698 1886 quia
1727 1805 1864 1871 inter
1891 1805 1938 1863 Β
1966 1824 2022 1868 ut
2052 1805 2209 1886 tanto,
2231 1815 2437 1886 facilius
2458 1805 2465 1808 ’
2484 1805 2846 1886 iIIielligaIItuI'
2873 1805 2990 1886 qia-.e'
3021 1814 3292 1886 observari
3328 1805 3542 1886 debent,

284 1891 486 1942 multos
517 1890 704 1942 fratres
726 1889 925 1956 Deique
956 1885 1090 1939 lilios
1115 1887 1396 1954 adoptivos
1417 1887 1694 1940 emineret.

359 1959 639 2012 Diceretur
665 1973 879 2025 quoque
904 1956 1025 2024 jure
1062 1956 1302 2010 Christus
1329 1971 1422 2024 per
1451 1956 1856 2020 excellentiam;

288 2035 399 2080 tum
426 2029 569 2094 quia,
604 2043 710 2096 prae
732 2027 936 2080 caneris
964 2027 1053 2095 qui
1087 2026 1271 2080 christi
1301 2026 1472 2079 vocati
1497 2033 1621 2079 sunt
1640 2026 1857 2096 sanctis,

287 2099 540 2149 unctione
563 2094 816 2164 singulari
840 2094 1029 2149 unctus
1058 2103 1200 2149 esset
1227 2095 1278 2148 in
1309 2104 1499 2164 caput,
1532 2108 1746 2162 regem,
1775 2094 1861 2163 ju-

286 2166 482 2226 dicem,
530 2174 583 2220 et
621 2165 954 2222 sacerdotem
996 2165 1157 2219 totius
1185 2165 1461 2218 hominum
1491 2164 1724 2232 generis;
1753 2174 1861 2218 tum

286 2236 410 2302 quin
435 2237 638 2289 electus
662 2235 797 2288 foret
823 2250 853 2286 a
886 2235 993 2288 Deo
1023 2235 1089 2287 ad
1122 2251 1256 2304 opus
1279 2235 1515 2288 omnium
1538 2236 1863 2304 pmstantis—

286 2309 501 2369 simum,
534 2322 651 2374 qmc
676 2305 913 2358 omnium
936 2305 1100 2357 salus.

359 2374 468 2428 Nec
497 2373 685 2428 nIinori
712 2374 830 2442 jure
859 2382 1138 2428 vocaretur
1166 2375 1402 2427 omnium
1431 2389 1557 2428 vere
1586 2373 1860 2438 Dominus,

288 2445 414 2496 licet
438 2445 573 2499 alios
617 2444 838 2497 fratrum
875 2445 1088 2496 nomine
1136 2444 1508 2512 compellaret;
1540 2459 1636 2513 pro
1657 2445 1865 2498 cunctis

288 2513 432 2567 enim
474 2516 764 2582 pretiosum
794 2516 945 2566 daret
964 2514 1303 2580 sanguinem,
1336 2514 1698 2581 populumque
1722 2513 1865 2567 dono

287 2584 474 2637 datum
501 2583 611 2650 jam
639 2599 813 2647 suum,
837 2584 965 2637 dato
987 2584 1177 2652 pretio,
1203 2582 1419 2637 faceret.

364 2653 502 2707 Vere
529 2669 742 2723 quoque
784 2662 960 2722 posset
989 2651 1098 2723 pne
1125 2654 1334 2707 ceteris
1367 2653 1569 2707 sanctis
1601 2651 1865 2706 nominari

287 2721 603 2776 Emmanuel
626 2721 744 2788 ,Vut
785 2721 840 2776 in
864 2739 971 2790 quo
991 2721 1204 2777 scilicet
1229 2723 1388 2786 Deus,
1430 2731 1485 2775 et
1523 2731 1859 2790 operaretur,

287 2793 435 2868 velut
467 2794 856 2868 itt_s'p7_aarnpi¢p
889 2791 1173 2861 peculiari,
1205 2800 1259 2846 et
1288 2791 1570 2856 habitaret,
1596 2800 1865 2861 tamquam

286 2861 342 2914 in
370 2861 573 2930 templo
594 2861 932 2929 singulariter
959 2871 1165 2917 sancto.

358 2929 665 3000 Nuncupari
694 2934 853 2986 etiam
887 2932 1024 2986 Deus
1047 2939 1244 3000 posset,
1270 2937 1380 2984 tum
1409 2929 1533 2998 quia
1555 2930 1745 2984 eodem
1769 2931 1866 2984 lio-

287 3017 424 3056 nore
463 3002 732 3056 coleretur
775 3018 882 3072 quo
924 3002 1062 3072 Deus
1086 3039 1100 3063 ,
1141 3009 1360 3072 propter
1387 3002 1573 3070 σχέσιν
1601 3008 1654 3053 et
1682 3005 1864 3072 ἀναφο-

286 3074 417 3145 ρὰνς
470 3079 579 3149 tum
621 3073 744 3149 quia
793 3069 883 3126 Dei
925 3069 1505 3149 vicibus;iungeretur3
1556 3069 1864 3149 etquidem

286 3138 651 3210 pnestabilius
687 3141 852 3206 Mose,
893 3157 1014 3195 cum
1043 3140 1208 3194 totius
1244 3140 1456 3208 generis
1483 3138 1741 3207 judicium
1771 3141 1868 3194 du-
1895 3177 1936 3235 Ο

285 3220 542 3278 clumque
570 3221 880 3280 recepturus
908 3219 1070 3265 θεδθι.

360 3281 488 3334 llaec
533 3279 740 3348 species
784 3281 981 3350 Christi
1026 3295 1056 3333 a
1102 3279 1349 3350 Nestorio
1392 3288 1554 3350 atque
1583 3279 1867 3334 Theodoro

282 3349 621 3417 aduinln'ati;
653 3350 756 3403 hoc
789 3349 987 3402 idolum
1027 3351 1170 3417 quod
1212 3349 1394 3404 Patres
1425 3349 1534 3404 non
1563 3349 1726 3402 armis
1751 3359 1868 3402 tan-

285 3428 404 3471 tunI
435 3433 465 3470 e
491 3416 765 3484 Scriptura
794 3416 1056 3484 sumptis,
1076 3419 1170 3472 sed
1199 3419 1279 3473 his
1299 3421 1462 3473 etiam
1487 3435 1516 3474 a
1540 3421 1750 3473 mitione
1779 3435 1867 3472 ac-

285 3435 404 3471 tunI
435 3435 465 3470 e
491 3435 765 3484 DCl‘lpwl‘a
794 3435 1046 3538 sumlpus,
1076 3435 1170 3472 seu
1199 3435 1279 3473 ms
1299 3435 1462 3473 etiam
1487 3435 1516 3474 a
1540 3435 1750 3473 mitione
1779 3435 1867 3472 ac-

284 3488 466 3555 ceptis
489 3486 842 3555 ﬁdejecerunt.
951 3504 1062 3539 emo
1086 3527 1101 3550 ,
1163 3488 1333 3554 inquit
1382 3489 1600 3542 Proclus
1644 3487 1779 3555 (Lib.
1806 3489 1869 3541 de

287 3554 454 3609 liecta
478 3554 610 3609 Fide
635 3572 749 3625 cap.
774 3555 850 3624 2),
881 3556 1082 3610 sulcare
1101 3566 1267 3625 potest
1288 3558 1546 3625 homines,
1570 3554 1671 3608 nisi
1703 3557 1865 3620 Deus;

287 3627 376 3679 hie
401 3634 582 3678 autem
614 3623 791 3679 merus
813 3623 956 3680 esset
982 3623 1163 3678 homo.
1198 3623 1388 3688 Nemo,
1420 3626 1494 3678 ait
1522 3623 1748 3694 Cyrillns
1777 3626 1866 3693 (In

288 3695 496 3748 I’salm.
529 3696 711 3761 cxxIx)
737 3735 750 3758 ,
783 3697 983 3748 satvare
1020 3703 1182 3765 potest
1222 3695 1483 3749 hominum
1508 3711 1665 3765 genus
1703 3710 1734 3745 a
1755 3711 1869 3762 pec-

286 3767 441 3827 catis,
475 3765 577 3835 nisi
612 3766 695 3835 qui
726 3775 912 3818 natura
927 3763 1315 3835 impeccabilis;
1360 3765 1446 3819 hic
1473 3763 1650 3835 autem
1682 3778 1870 3835 pecca-

285 3835 431 3898 bilis,
456 3834 579 3901 quia
603 3827 874 3904 creatura.
917 3827 1016 3887 Ille
1042 3836 1203 3904 potuit
1231 3827 1509 3894 redimere,
1539 3827 1732 3888 clamat
1762 3827 1869 3887 Atl-

286 3905 536 3970 gustinus
567 3903 746 3973 (Hom.
778 3905 854 3973 6),
891 3905 975 3974 qui
1008 3903 1201 3974 se_non
1227 3906 1390 3973 potuit
1419 3903 1661 3966 vendere;
1694 3910 1870 3974 potest

287 3982 472 4027 autem
501 3974 750 4040 qua-libet
777 3972 1036 4042 creatura.
1067 3972 1342 4036 Eusebius,
1374 3975 1465 4042 qui
1492 3974 1684 4028 dicitur
1704 3972 1872 4026 Emis-

284 4059 457 4098 senus
481 4043 616 4112 (Lib.
649 4059 678 4096 ν
707 4054 886 4096 contra
915 4041 1194 4112 Eutych):
1227 4041 1544 4098 lntertienire
1571 4059 1671 4096 non
1704 4052 1870 4113 potest

288 4130 385 4181 pro
407 4115 587 4176 servis,
626 4115 865 4166 astrictus
907 4113 1100 4181 legibus
1149 4114 1422 4166 servitutis.
1480 4113 1701 4180 Vigilius
1742 4113 1869 4167 Afer

291 4181 438 4251 (Lib.
481 4199 516 4236 ιι
561 4183 629 4235 ad
664 4182 1060 4236 Trasimundum
1107 4199 1222 4252 cap.
1269 4182 1360 4251 2):
1405 4181 1472 4236 Ut
1520 4184 1779 4236 contraria
1814 4185 1868 4236 in

289 4268 453 4304 unum
476 4263 871 4322 (revocarentur,
917 4263 967 4305 et
1011 4269 1196 4322 supera
1241 4262 1290 4305 et
1317 4255 1422 4306 ima
1459 4255 1866 4316 restituerentur,

289 4337 396 4374 non
427 4321 580 4392 aliter
605 4323 719 4392 ﬁeri
760 4323 958 4392 potuit,
1008 4321 1108 4375 nisi
1155 4322 1268 4375 talis
1311 4323 1562 4376 mediator
1605 4323 1865 4392 esisteret,

287 4393 376 4460 qui
407 4390 472 4443 de
491 4390 770 4446 coelestibus
800 4392 1006 4445 veniens
1044 4394 1338 4460 couniretur
1378 4394 1610 4445 terrenis.
1641 4391 1869 4458 Fulgen-

291 4459 402 4515 tius
434 4460 526 4532 (In
555 4460 753 4515 Psalm.
785 4463 964 4529 XLVIII)
992 4479 1004 4512 :
1039 4459 1305 4524 Quomodo
1336 4460 1680 4532 beneﬁcentia:
1703 4461 1867 4532 largi—

1963 1895 2167 1953 quanto
2192 1885 2385 1939 fuerint
2412 1885 2744 1954 manifestius
2774 1884 2944 1938 oculis
2973 1883 3213 1953 subjecta
3243 1900 3306 1938 ea
3337 1883 3403 1938 de
3429 1887 3547 1954 qui-

1963 1956 2064 2009 bus
2093 1955 2494 2008 observationes
2526 1953 2669 2008 ﬁent.

2036 2024 2150 2078 Non
2199 2040 2385 2077 omnes
2435 2040 2596 2092 porro
2641 2038 2778 2091 quos
2825 2023 3039 2078 liudavi
3087 2023 3264 2077 omnia
3312 2023 3543 2078 Nestorii

1966 2110 2130 2162 opera
2160 2103 2479 2158 recensent,
2526 2093 2620 2147 sed
2669 2093 2909 2148 nonnulli
2957 2095 3128 2162 plura,
3154 2094 3368 2162 quidam
3417 2111 3549 2160 pan-

1967 2165 2134 2220 ciora.
2173 2163 2458 2217 Cassianus
2481 2165 2580 2216 tria
2612 2172 3015 2232 commemorat,
3041 2164 3319 2232 epistolam
3344 2164 3544 2218 scilicet

1967 2234 2190 2304 primam
2254 2233 2320 2286 ad
2379 2232 2724 2304 leestinum
2780 2231 3121 2304 pontiﬁcem,
3164 2241 3218 2286 et
3266 2248 3544 2304 sermones

1966 2301 2118 2367 duos,
2151 2303 2380 2371 primum
2405 2318 2467 2356 ac
2492 2303 2802 2356 secundum.
2835 2301 3039 2356 Videsis
3065 2310 3218 2355 notas
3247 2303 3311 2354 ad
3338 2303 3541 2368 singula

1967 2374 2081 2427 haec
2135 2374 2270 2436 tria;
2317 2373 2658 2442 exposuimus
2705 2373 2848 2425 enim
2894 2387 2959 2425 eo
2997 2371 3278 2442 locirquid
3324 2388 3389 2425 ex
3434 2388 3542 2440 quo

1967 2459 2131 2512 Opere
2168 2441 2454 2497 Cassianus
2497 2441 2771 2512 retulerit,
2819 2441 3171 2512 quibusvein
3202 2441 3350 2494 libris
3379 2443 3546 2495 relata

1968 2511 2254 2575 refellerit;
2285 2529 2384 2567 nec
2405 2513 2558 2567 dictis
2583 2511 2884 2565 addendum
2907 2511 3106 2581 aliquid
3136 2519 3399 2580 superest.

2038 2582 2266 2653 Cyrillus
2289 2583 2338 2636 in
2365 2599 2470 2653 uno
2494 2582 2642 2653 plura
2670 2589 2962 2653 memorat,
2995 2580 3241 2653 Sic_enim
3265 2582 3317 2633 in
3348 2580 3541 2649 prmia-

1968 2649 2114 2706 tione
2142 2653 2258 2706 libri
2300 2652 2454 2722 primi
2495 2649 2991 2722 Contradictionnm
3025 2668 3037 2703 :
3066 2649 3129 2703 In
3163 2649 3345 2704 librum
3375 2668 3547 2722 quem-

1968 2723 2089 2776 dam
2112 2739 2144 2775 a
2171 2721 2390 2794 quodam
2420 2723 2756 2792 compositum
2793 2721 2953 2774 incidi
2971 2762 2986 2780 .
3022 2723 3199 2794 inquo
3223 2723 3368 2794 multi
3389 2721 3546 2794 erant

1967 2790 2195 2862 congesti
2218 2808 2499 2855 sermones,
2526 2790 2617 2861 per
2637 2795 2885 2862 elementa
2901 2831 2913 2854 ,
2946 2800 2994 2843 et
3015 2790 3145 2843 velut
3166 2790 3348 2862 ordine
3373 2791 3547 2858 dispo-

1967 2860 2084 2925 siti;
2115 2863 2355 2932 nullaque
2384 2860 3086 2932 ratio’eideeratrquominus
3116 2860 3323 2912 retineri
3351 2868 3543 2932 posset,

1969 2933 2012 2984 si
2038 2951 2070 2984 a
2100 2929 2346 3002 scriptore
2369 2931 2618 3000 ejusmodi
2655 2929 2852 3002 aliquid
2882 2929 3072 2982 dictum
3098 2938 3235 3002 esset
3258 2931 3393 3002 quod
3416 2931 3548 2983 obli—

1968 3003 2105 3056 vioni
2135 2998 2753 3055 traditum—evanesceret;
2796 2998 3000 3053 Forsan
3035 2999 3205 3068 utique
3230 2998 3544 3063 statuissem,

1969 3081 2016 3124 et
2041 3071 2164 3124 mihi
2187 3071 2440 3124 silendum
2469 3087 2608 3132 esse,
2639 3077 2689 3123 et
2717 3071 2912 3124 ueteris
2942 3069 3303 3122 consulendum
3331 3079 3383 3120 ut
3410 3070 3546 3122 idem

1971 3144 2218 3210 facerent,
2247 3157 2311 3193 ne
2331 3141 2502 3192 multis
2531 3140 2648 3192 aliis
2676 3140 3211 3210 posterisquehnostris
3235 3147 3548 3210 notaressent

1971 3207 2076 3263 tam
2097 3209 2314 3263 absurde
2343 3220 2543 3279 tamque
2578 3207 2926 3279 imprudenter
2962 3208 3118 3260 dicta.
3161 3207 3267 3260 Sed
3289 3209 3409 3278 quia
3429 3208 3550 3279 bla-

1966 3280 2315 3348 spltemiarum
2347 3277 2492 3332 turba
2522 3280 2576 3331 in
2605 3295 2664 3331 eo
2696 3277 2827 3331 libro
2855 3287 3109 3348 (congesta
3133 3286 3228 3339 est,
3252 3277 3308 3348 et
3331 3278 3546 3330 multum

1967 3344 2208 3403 adversus
2230 3350 2471 3418 dogmata
2493 3349 2720 3401 veritatis
2751 3344 3088 3400 declamatum
3103 3386 3117 3410 ,
3141 3354 3190 3418 et
3211 3344 3540 3407 oblatratum,

1967 3420 2218 3491 quomodo
2247 3417 2349 3472 non
2380 3418 2726 3491 necessarium
2755 3419 2853 3487 fuit
2880 3417 3255 3491 propemodum
3278 3425 3332 3468 ut
3371 3418 3548 3491 accin-

1967 3485 2217 3560 gerentur,
2243 3498 2292 3560 et
2321 3505 2413 3558 pro
2438 3487 2604 3541 salute
2639 3485 2887 3540 lectorum
2911 3485 3256 3560 certaremus?
3289 3503 3359 3560 ne
3385 3486 3547 3560 ullum

1967 3556 2030 3612 es:
2051 3577 2111 3610 ea
2134 3577 2186 3610 re
2217 3556 2462 3610 damnum
2490 3567 2787 3626 paterentur
2815 3573 2876 3609 ac
2905 3556 3163 3609 discerent
3190 3558 3357 3625 potius
3380 3557 3548 3625 jttcttt-

1967 3645 2078 3680 ram
2107 3645 2170 3679 ex
2193 3643 2457 3696 perperam
2480 3625 2630 3679 dictis
2652 3626 3028 3694 provenientcm
3059 3634 3264 3678 strenue
3288 3625 3544 3695 repellere.

2040 3697 2090 3748 l.
2132 3695 2212 3748 Ad
2241 3695 2341 3749 huc
2375 3695 2767 3758 testimonium,
2801 3697 3026 3748 observa
3057 3700 3282 3762 primum
3303 3734 3318 3758 ,
3351 3696 3547 3748 librum

1968 3765 2121 3829 cujus
2144 3763 2386 3817 meminit
2407 3762 2668 3832 Cyrillus,
2698 3764 2839 3832 hunc
2860 3765 3030 3830 ipsum
3061 3778 3212 3827 esse,
3244 3765 3335 3832 qui
3356 3765 3552 3818 dicitur
3621 3783 3623 3786 ‘

1969 3849 1998 3886 a
2023 3833 2338 3912 Mercatore,
2365 3833 2416 3912 in
2438 3829 2704 3912 excerptis
2721 3829 3044 3912 Cyrillianis,
3074 3832 3245 3912 codex
3262 3829 3552 3912 confectus

1969 3919 2036 3957 ex
2064 3902 2246 3956 multis
2283 3901 2752 3970 quaternionibus;
2784 3901 2972 3970 eadem
3002 3901 3144 3956 enim
3167 3909 3223 3956 et
3242 3917 3308 3954 ex
3331 3902 3467 3956 libro
3494 3913 3549 3956 et

1969 3989 2036 4028 ex
2065 3973 2249 4027 codice
2289 3981 2541 4094 excerpta
2589 3978 2733 4025 sunt.
2791 3969 2943 4050 lianc
2985 3971 3400 4052 ipsum.pariter
3428 3988 3548 4028 esse

1969 4059 2129 4094 unem
2158 4048 2418 4094 memorat
2490 4050 2635 4094 etrus
2666 4049 2995 4094 notariorum
3027 4056 3392 4094 orumcerius.
3425 4058 3547 4094 cum

1969 4059 2129 4111 quem
2158 4048 2418 4096 memorat
2446 4041 2635 4096 Petrus
2666 4042 2995 4111 notariorum
3027 4041 3359 4111 primicerius
3378 4083 3392 4104 ,
3425 4058 3547 4111 cum

1969 4109 2045 4166 ait
2073 4132 2084 4166 ε
2119 4112 2382 4166 Habemus
2420 4113 2574 4165 etiam
2602 4128 2710 4180 pra
2742 4109 2980 4164 manibus
3010 4109 3417 4165 rever-endissimi
3440 4110 3550 4164 Ne-

1969 4185 2115 4236 stor-ii
2147 4182 2578 4252 blasphemiarum
2601 4181 2788 4252 libros,
2813 4197 2841 4234 e
2865 4198 3079 4252 quorum
3100 4198 3202 4234 uno
3231 4182 3403 4252 capita
3429 4182 3553 4234 sela-

1969 4256 2153 4323 gimus,
2175 4250 2306 4324 quae.
2349 4253 2613 4324 sis-meta:
2633 4251 2747 4324 huic
2767 4250 2962 4324 sy_nOdo
2990 4251 3156 4324 placet
3173 4250 3551 4324 ,‘prtelegmnus

1973 4318 2029 4391 (II
2052 4318 2197 4393 part;
2211 4338 2355 4393 conc.
2391 4320 2525 4388 Eph.
2554 4331 2656 4374 act.
2689 4320 2763 4388 ιι).
2797 4318 2944 4393 Nam
2978 4318 3174 4393 omnia
3198 4318 3465 4393 fe_rc_q'u:e
3495 4321 3549 4393 in

1973 4389 2180 4462 Synodo
2215 4392 2479 4462 pnelectzr
2509 4397 2634 4444 sunt
2661 4391 3010 4462 reperiuntur
3039 4390 3178 4459 apud
3217 4389 3472 4462 Cyrillum
3496 4391 3550 4444 in

1973 4459 2121 4516 libris
2163 4459 2398 4530 quinque
2441 4459 2959 4530 Contradictionum,
3001 4463 3194 4530 quibus
3236 4460 3554 4514 refelluntur

291 4540 375 4584 tor
421 4529 726 4585 universalis
767 4533 1036 4602 existeret,
1077 4549 1223 4602 quem
1263 4529 1601 4602 alienaz'opis
1637 4529 1871 4601 indigum
1903 4533 1946 4590 D
1973 4529 2224 4599 excerpta
2273 4547 2340 4584 ex
2379 4529 2515 4602 libro
2543 4545 2651 4602 quo
2690 4529 3214 4602 derigitur-{Neque
3256 4545 3384 4583 vero
3431 4531 3547 4602 cui-

289 4611 484 4671 natura
511 4601 863 4654 monstraret?
893 4600 1115 4671 Basilius
1141 4619 1152 4654 :
1185 4601 1338 4655 Solus
1367 4603 1517 4671 homo
1539 4600 1676 4671 Deus
1707 4600 1872 4671 petest

290 4668 422 4722 dare
465 4672 880 4740 propitia-tionem
909 4670 1018 4724 Deo
1052 4687 1142 4740 pro
1171 4673 1411 4740 peccatis.
1445 4669 1583 4734 Quid
1606 4668 1736 4724 adeo
1764 4687 1874 4723 ma-

290 4755 454 4812 gnum
491 4741 544 4792 in
590 4740 685 4812 hoc
713 4741 901 4812 saeculo
930 4741 1190 4811 possideat
1228 4743 1512 4812 quispiam,
1553 4751 1608 4794 ut
1635 4741 1874 4796 idoneum

291 4807 486 4880 habere
506 4811 666 4879 possit
695 4811 882 4880 anima:
909 4807 1146 4880 pretium.

367 4878 690 4933 Nestor-iano
730 4878 981 4948 ﬁgmento
1026 4879 1209 4934 nescio
1249 4879 1375 4948 quid
1415 4880 1589 4935 simile
1625 4879 1876 4934 inducere

292 4949 467 5002 videri
517 4958 776 5018 possunt,
826 4949 918 5017 qui
966 4950 1238 5003 hominem
1276 4949 1508 5016 aliquem
1548 4951 1698 5004 aiunt
1726 4959 1874 5004 tanta

294 5019 496 5100 gratia
519 5020 700 5100 ornari
742 5021 1050 5100 potuissena
1096 5019 1239 5081 Deo,
1268 5027 1363 5072 aut
1397 5027 1653 5100 quantam
1683 5035 1876 5100 capere

294 5088 538 5152 valeret,
573 5097 663 5142 aut
697 5098 952 5158 quantam
989 5088 1130 5142 Deus
1170 5102 1419 5156 umquam
1449 5089 1696 5143 omnibus
1719 5088 1878 5143 simul

295 5158 607 5212 hominibus
634 5159 812 5224 largiri
849 5159 1153 5219 statuisset;
1195 5158 1431 5226 potuisse
1457 5173 1672 5226 quoque
1699 5159 1876 5212 homi-

297 5243 426 5280 nem
474 5237 582 5280 tam
630 5226 878 5282 muniﬁce
905 5228 1164 5282 donatum
1209 5229 1462 5282 constitui
1511 5237 1670 5296 caput
1714 5229 1879 5282 totius

296 5297 379 5350 sui
403 5297 614 5363 generis
636 5335 652 5360 ,
699 5299 1112 5366 mandatumque
1132 5297 1372 5365 accipere
1409 5299 1476 5352 de
1503 5297 1724 5366 singulis
1751 5313 1882 5367 ope-

297 5367 450 5420 ribus
474 5368 631 5421 bonis
674 5368 743 5421 ad
787 5368 1025 5422 membra
1064 5367 1390 5432 referendis,
1443 5375 1606 5436 atque
1651 5368 1722 5422 ita
1752 5369 1880 5436 ipsis

296 5439 640 5504 promereri,
683 5438 845 5492 etiam
873 5437 1160 5504 condigne,
1203 5445 1260 5490 ut
1288 5436 1597 5507 loquuntur,
1629 5439 1876 5506 gratiam,

296 5507 898 5576 quasauctilicarentur
923 5507 1364 5574 solverentur-que
1385 5523 1414 5560 a
1437 5509 1688 5576 peccatis,
1714 5510 1878 5563 etiam

299 5577 371 5628 ab
399 5575 490 5630 illo
511 5577 698 5644 grandi
726 5593 834 5646 quo
854 5585 1023 5630 totam
1051 5577 1102 5630 in
1131 5593 1190 5630 se
1217 5575 1448 5631 Adamus
1481 5577 1686 5632 vitiavit
1719 5587 1878 5633 natu-

299 5661 424 5698 ram
484 5646 618 5702 l-lnic
665 5648 886 5710 homini,
933 5661 1030 5716 per
1074 5647 1445 5701 excellentiam
1492 5646 1627 5701 Filio
1672 5648 1764 5701 Dei
1814 5664 1882 5702 ex

299 5716 594 5785 adoptione
617 5758 630 5782 ,
681 5717 1075 5772 accommodari
1117 5725 1337 5785 possunt
1366 5732 1544 5772 omma
1581 5731 1702 5785 qua:
1725 5733 1880 5772 suum

1977 4617 2138 4669 quam
2184 4601 2534 4655 consonantia
2581 4599 2696 4669 haec
2737 4599 2899 4653 videri
2929 4599 3087 4669 debet
3115 4602 3270 4659 mira,
3299 4615 3417 4652 cum
3447 4599 3548 4652 tria

1977 4667 2096 4740 quae
2125 4669 2253 4734 dixi,
2287 4670 2404 4724 libri
2431 4683 2620 4740 nempe
2641 4667 3154 4740 C9ntradictio_rm_m,
3175 4677 3438 4740 excerpta
3457 4684 3552 4721 set

1975 4735 2376 4819 deﬂorationes,
2408 4747 2463 4794 et
2478 4735 2741 4819 capitanin
2762 4740 2969 4819 synodo
2992 4735 3255 4819 Ephesios
3279 4735 3550 4819 praelecta,

1976 4809 2215 4879 ejusdem
2243 4811 2350 4864 sint
2369 4806 2621 4879 auctoris,
2651 4806 2833 4879 Cyrilli
2856 4807 3077 4872 scilicet,
3101 4806 3250 4876 cujus
3273 4808 3556 4878 presbyter

1976 4879 2076 4950 fuit
2104 4878 2294 4950 Petrus
2314 4878 2651 4950 prirnicerius
2672 4878 3020 4950 notariorum.

2046 4949 2099 5003 2.
2141 4944 2376 5004 Observa
2411 4947 2602 5002 deinde
2635 4948 2780 5002 hunc
2827 4947 3072 5002 eumdem
3113 4945 3306 5000 librum
3346 4944 3552 4999 indica-

1980 5027 2094 5073 tum
2141 5017 2304 5074 fuisse
2342 5033 2373 5072 a
2417 5017 2710 5082 Gennadio,
2741 5031 2862 5071 cum
2899 5017 2968 5072 de
3014 5015 3260 5070 Nestorio
3293 5016 3558 5070 scriberet

1981 5087 2118 5158 (Lib.
2143 5089 2206 5143 de
2230 5089 2423 5159 Script.
2457 5087 2654 5142 Eccles.
2686 5104 2801 5159 cap.
2827 5085 2916 5159 55)
2943 5103 2955 5138 :
2989 5085 3292 5159 Postquam,
3315 5086 3558 5159 eloquen-

1981 5153 2055 5212 tia
2081 5159 2192 5228 ejus
2219 5167 2268 5212 et
2295 5153 2603 5212 abstinentia
2631 5153 3047 5228 commendante,
3077 5153 3557 5228 constantinopoli-

1985 5226 2122 5283 tame
2151 5229 2399 5282 Ecclesiae
2426 5229 2727 5297 pontiﬁcatu
2751 5227 2970 5281 donatus
2990 5235 3095 5289 est,
3123 5235 3354 5297 apertum
3383 5243 3438 5279 se
3465 5226 3558 5297 lio-

1982 5308 2110 5352 stem
2139 5295 2594 5367 Ecclesiae,queni
2622 5297 2709 5349 diu
2738 5298 2964 5367 celarat,
3003 5295 3308 5361 ostendens,
3352 5295 3558 5367 scripsit

1985 5367 2170 5438 librant
2190 5369 2346 5438 quasi
2359 5367 2422 5420 de
2441 5365 2799 5420 incarnatione
2824 5366 3036 5420 Domini
3057 5367 3332 5435 sexaginta
3360 5374 3410 5418 et
3431 5365 3560 5417 duo-

1985 5435 2284 5500 busdiviiue
2310 5437 2596 5507 Scripturtc
2626 5438 2937 5507 testimoniis
2966 5452 3300 5507 pravosensu
3329 5452 3420 5487 suo
3444 5449 3558 5507 ron-

1981 5517 2247 5570 structum,
2293 5509 2346 5561 in
2377 5503 2472 5578 quo
2512 5506 2757 5577 quidquid
2785 5503 3196 5578 assere—rauerit,
3242 5505 3294 5557 in
3322 5503 3559 5578 catalogo

1983 5578 2338 5632 lurretirorum
2363 5571 2764 5630 demonstratur.
2787 5571 2954 5627 Liber
2975 5573 3136 5636 enim,
3168 5575 3234 5628 de
3262 5589 3369 5641 quo
3398 5571 3558 5638 loqui~

1983 5655 2070 5700 tur
2098 5647 2327 5717 Cyrillus
2349 5688 2363 5708 ,
2417 5645 2604 5717 procul
2642 5643 2806 5717 dubio
2837 5642 3230 5717 inscribebatnr
3267 5643 3559 5717 ngpinivav-

1984 5709 2312 5792 ῦρωπ-ἇσιως.
2340 5709 2494 5784 Quod
2513 5727 2675 5784 porro
2705 5710 2898 5767 dicitur
2925 5727 2958 5766 a
2979 5709 3255 5766 Gennadio
3285 5709 3352 5766 de
3380 5711 3561 5791 Scrip-
