3980 6182
349 296 478 352 “57

1165 293 1467 350 DISSER'I‘.
1519 294 1557 347 l.
1601 293 1688 348 DE
1727 292 1996 350 ILERESI
2038 298 2124 353 ET
2175 297 2389 355 LIBRIS
2427 298 2767 369 NESTORIL

3449 317 3466 369 Ι
3487 317 3578 370 158

338 413 627 492 suberat":
656 411 761 492 llas
792 413 1044 492 librorum
1075 415 1287 492 uomlne
1307 421 1556 492 appellat,
1583 414 1849 480 traditque
1875 429 1903 464 τι
1936 421 1977 472 Λ
2011 422 2305 472 Romanum
2346 424 2651 488 conlugcre.
2692 427 2853 491 Atque
2875 421 3217 492 jurejurando
3256 423 3480 489 adiecto,
3511 430 3584 478 sic

347 481 586 534 Nestorio
616 482 666 534 in
697 481 817 535 ()asi
848 483 1122 534 cxsnlante
1159 483 1486 548 conscriptas
1506 496 1638 535 esse.

414 548 610 622 Prima:
629 552 865 604 meminit
895 553 946 604 in
979 553 1087 622 hmc
1115 551 1272 602 verba
1301 568 1312 600 :
1346 550 1407 602 In
1429 550 1612 622 librum
1639 549 1906 622 quemdam

339 619 404 671 ab
424 621 534 687 ipso
561 618 801 673 Nestorio
821 622 1029 676 editum,
1054 621 1106 671 in
1133 635 1229 688 quo
1251 635 1417 688 rerum
1439 621 1600 688 ipsius
1621 618 1909 672 continetur

340 690 588 759 narratio,
631 692 762 757 forte
792 692 999 759 fortuna
1027 687 1204 759 incidi.
1242 687 1420 758 Itaque
1460 687 1787 757 blasphemia:
1815 704 1910 755 pa-

345 773 460 808 rens
489 756 800 819 NestOrius,‘
824 758 892 810 ad
927 774 1011 810 eos
1033 758 1118 827 qui
1142 758 1220 809 illi
1249 756 1450 810 crimini
1494 756 1760 819 dederant,
1786 765 1908 827 tum

337 827 473 896 quod
494 827 864 880 inconsiderate
883 843 962 879 res
983 825 1136 896 novas
1157 827 1362 896 molitus
1381 834 1511 886 erat,
1534 837 1637 879 tum
1657 825 1791 896 quod
1811 827 1909 896 im—

342 895 616 962 prudenter
636 906 934 963 poposcerat
955 895 1224 965 concilium
1240 894 1428 962 Ephesi
1450 898 1580 962 cogi,
1594 894 1780 965 prazter
1800 894 1908 965 alia

339 965 606 1034 nonnulla,
637 965 812 1034 quibus
840 981 983 1017 suam
1005 964 1369 1034 blasphemiam
1400 968 1524 1034 tueri
1547 963 1609 1017 ac
1638 963 1908 1034 defendere

340 1032 562 1095 uolebat,
609 1031 707 1086 ista
751 1044 996 1100 prccterea
1035 1031 1250 1085 scribit:
1281 1050 1298 1081 ι
1333 1033 1414 1084 Ad
1441 1032 1495 1084 id
1533 1031 1909 1100 suscipiendum

339 1104 635 1154 necessitate
653 1104 938 1170 compulsus
960 1119 1090 1154 sum.
1116 1100 1312 1169 Quippe
1333 1118 1444 1153 cum
1467 1101 1699 1155 Ecclesia
1720 1102 1910 1154 distra-

341 1170 560 1241 he:et_ur,
600 1180 648 1241 et
676 1169 804 1241 pars
835 1169 1059 1223 Mariam
1101 1172 1497 1241 ἀνθρωποτὸκον,
1530 1188 1648 1238 pars
1676 1172 1908 1224 Θεοτόκον

339 1239 705 1291 nominandum
727 1240 1038 1308 afﬁrmarent
1053 1260 1068 1291 :
1086 1239 1200 1307 ipse
1212 1240 1456 1308 equidem,
1481 1256 1578 1308 quo
1600 1241 1651 1292 in
1672 1251 1905 1308 neutram

339 1317 534 1374 partem
561 1306 838 1375 peccarem,
864 1310 936 1362 vel
958 1306 1212 1361 Christum
1234 1306 1382 1360 morti
1404 1306 1609 1360 minime
1627 1306 1903 1360 obnoxium

338 1391 452 1428 esse
472 1379 830 1438 asseverando,
855 1378 928 1430 vel
949 1380 1001 1431 in
1029 1378 1242 1430 alterum
1263 1389 1459 1446 portent
1479 1377 1776 1430 inclinanda
1797 1393 1909 1428 eum

337 1446 723 1521 immortalitate
752 1449 1032 1516 prii-arent,
1065 1448 1390 1521 hanceocem
1429 1448 1780 1521 Χριστοτόκον,
1809 1461 1910 1514 qua

338 1512 396 1565 Μ
400 1516 514 1584 aria
543 1512 906 1584 appellaretur,
935 1517 1236 1584 excogitavi.
1254 1535 1270 1564 ι

409 1581 586 1651 Pergit
611 1581 872 1652 Evagrius
901 1599 968 1638 ex
997 1581 1183 1637 eodem
1209 1585 1343 1652 libro
1374 1598 1590 1636 narrare
1618 1597 1736 1650 qua:
1767 1581 1907 1652 mulo

339 1659 447 1704 tam
488 1653 658 1707 lucem
700 1651 932 1707 historia:
972 1654 1214 1706 aderant.
1248 1651 1414 1704 Porro
1455 1661 1625 1704 autem
1650 1654 1702 1704 in
1731 1651 1908 1704 eodem

335 1719 470 1775 libro
498 1723 717 1776 ostendit
749 1722 1084 1775 Theodosium
1120 1725 1283 1790 primo
1312 1730 1516 1789 propter
1546 1737 1787 1784 amorem,
1811 1738 1906 1790 quo

334 1808 451 1842 eum
497 1792 936 1860 complectebatur,
967 1792 1074 1860 ejus
1104 1790 1474 1842 abdicationem
1509 1791 1716 1842 minime
1743 1801 1911 1842 ratam

339 1860 540 1929 fecisse.
561 1859 758 1913 Deinde
777 1877 888 1913 cum
908 1859 1115 1929 quidam
1136 1861 1357 1928 episcopi
1379 1874 1441 1911 ex
1461 1868 1670 1929 utraque
1691 1860 1912 1927 {actione

338 1928 406 1980 ab
441 1928 562 1998 urbe
597 1929 796 1998 Epheso
826 1931 892 1981 ad
922 1928 1258 1981 Theodosium
1287 1929 1426 1982 missi
1455 1928 1647 1992 essent,
1687 1939 1910 1998 potestag

340 2008 443 2049 tem
472 1997 563 2050 sibi
595 1996 768 2050 datam
797 1999 864 2050 ad
884 2015 1028 2050 suum
1057 1999 1418 2050 monasterium
1448 1997 1757 2060 revertendi;
1780 1996 1914 2067 quod

335 2079 461 2118 ante
490 2077 665 2134 portas
692 2067 976 2121 Antiochia:
997 2069 1150 2119 situm
1177 2077 1272 2120 est.

418 2133 618 2188 Narrat
643 2139 762 2189 item
785 2138 891 2204 ipse
913 2135 1203 2197 Nestorius,
1228 2152 1281 2187 se
1301 2136 1353 2187 in
1373 2151 1430 2187 eo
1452 2134 1561 2187 loco
1587 2133 1912 2204 quadriennii

335 2206 506 2272 spatio
550 2216 913 2257 commoratum
955 2221 1091 2266 esse,
1145 2206 1296 2256 rariis
1337 2204 1573 2271 affectum
1603 2204 1902 2266 honoribus,

337 2274 593 2342 uariisque
633 2276 858 2342 praemiis
898 2275 1178 2326 donatum:
1209 2283 1386 2341 postea
1427 2284 1594 2342 autem
1625 2272 1908 2342 relegatum

336 2342 408 2392 ad
433 2341 607 2394 Oasim
627 2343 789 2395 edicto
814 2342 1102 2411 Theodosii,
1131 2342 1336 2404 Verum,
1360 2341 1493 2411 quod
1515 2352 1666 2409 caput
1689 2341 1916 2394 omnium

334 2420 472 2482 erat,
505 2412 701 2477 penitus
730 2413 1014 2464 occultavit.
1052 2410 1229 2482 Neque
1266 2410 1400 2464 certe
1438 2413 1488 2464 in
1528 2429 1584 2464 eo
1616 2412 1725 2482 loco
1761 2414 1914 2464 vitam

335 2480 532 2548 degens
584 2497 614 2531 a
663 2497 756 2532 sua
805 2482 995 2534 destitit
1049 2480 1392 2549 blasphemia,
1437 2481 1563 2532 adeo
1605 2491 1660 2532 ut
1688 2480 1913 2534 Joannes

335 2549 632 2619 Antiochite
658 2551 845 2618 praesul
891 2553 1042 2603 istaut
1085 2553 1139 2603 in
1179 2561 1407 2619 apertum
1433 2553 1685 2618 proferret
1712 2560 1916 2602 senten-

337 2620 466 2671 tiam
485 2660 498 2682 ,
531 2615 829 2672 Nestorium
857 2620 1050 2673 scilicet
1077 2615 1315 2689 perpetuo
1355 2615 1539 2672 exsilio
1565 2619 1914 2672 mulctandum

334 2703 469 2740 0888.

410 2757 669 2826 Secundae
701 2766 753 2811 et
778 2759 946 2811 tertiae
975 2758 1214 2811 meminit
1243 2758 1323 2812 his
1343 2757 1516 2812 verbis
1540 2775 1553 2809 :
1579 2756 1767 2810 Scribit
1790 2773 1918 2826 pra:-

337 2835 479 2878 terea
513 2823 782 2880 Nestorius
823 2828 980 2880 alium
1029 2825 1251 2880 libellum
1299 2836 1445 2879 acute
1473 2835 1520 2879 et
1549 2823 1815 2888 subtiliter,
1847 2826 1917 2878 ad

332 2895 609 2963 quemdam
637 2897 866 2949 videlicet
887 2896 1212 2966 zlfgyptium,
1235 2897 1296 2948 de
1313 2912 1406 2966 sua
1427 2897 1479 2947 in
1513 2895 1690 2948 Oasim
1718 2895 1916 2966 relega-

336 2967 507 3024 tione;
539 2967 590 3017 in
618 2983 715 3036 quo
746 2968 808 3019 de
831 2968 892 3018 iis
916 2964 1061 3018 rebus
1090 2965 1316 3035 disputat
1339 2964 1562 3028 uberius,
1593 2976 1698 3019 etc.

336 3071 426 3126 Ex
447 3074 662 3166 epistola
685 3094 715 3126 a
739 3072 979 3166 Nestor-io
1005 3075 1065 3127 de
1085 3075 1170 3166 his
1185 3091 1297 3166 qlae
1309 3073 1829 3166 jamdudumﬁphes‘i
1853 3075 1916 3166 de
1944 3107 1985 3166 Ο

409 3145 1022 3214 sanctissimaVreligioue
1064 3145 1397 3212 agitabantur
1438 3145 1729 3214 conscripta
1771 3152 1819 3197 et
1847 3145 1928 3197 ad-

407 3215 711 3282 prtcfectum
743 3213 1013 3266 Thebaidis
1043 3217 1228 3266 missa.

411 3322 494 3375 Ex
535 3323 870 3390 imperatoris
909 3323 1100 3384 edicto,
1152 3321 1350 3386 Oasim,
1401 3323 1505 3377 alio
1547 3323 1760 3378 nomine
1808 3323 1920 3377 lbin

332 3410 701 3479 appellatam,
733 3409 1029 3476 demigrare
1067 3413 1235 3465 coacti
1283 3428 1484 3466 smnus.
1508 3413 1580 3464 Ac
1619 3414 1920 3484 quibusdam

333 3502 586 3569 deinceps
616 3500 962 3570 interpositis,
995 3501 1229 3570 adjungit
1268 3502 1407 3552 ista:
1434 3499 1719 3568 Postquam
1749 3502 1920 3566 Oasis,

276 3618 279 3619 ν
333 3606 508 3660 quam
537 3605 696 3659 supra
731 3589 861 3652 dixi,
893 3605 921 3644 a
967 3589 1206 3644 barbaris
1235 3599 1388 3658 capta
1431 3598 1572 3653 erat,
1617 3593 1830 3658 ignique
1871 3605 1925 3647 et

333 3680 580 3736 caedibus
604 3679 838 3733 funditus
858 3688 1087 3744 vastata,
1111 3696 1208 3733 nos
1229 3679 1296 3733 ab
1317 3679 1463 3733 eisde
1485 3697 1515 3731 n
1548 3680 1805 3744 barbaris,
1831 3682 1923 3749 qui

337 3787 469 3837 nos,
499 3786 602 3839 qua
650 3785 807 3824 causa
837 3770 1048 3825 adducti
1078 3771 1278 3834 nescio,
1320 3777 1442 3824 sunt
1467 3769 1754 3839 derepente
1780 3786 1927 3824 com-

336 3862 609 3924 miserati,
643 3861 846 3915 dimissi
874 3876 1060 3915 sumus
1089 3880 1102 3914 :
1133 3861 1431 3917 minacibus
1458 3861 1772 3929 quibusdam
1798 3876 1928 3915 cou-

338 3950 725 4005 testationibus
771 3949 838 4004 ad
885 3965 985 4006 nos
1030 3949 1544 4019 perterrefaciendos
1589 3949 1828 4019 adjectis,
1869 3959 1927 4003 ut

337 4041 744 4111 quamprimum
773 4056 803 4096 e
832 4042 1047 4108 regione
1076 4041 1163 4094 illa
1211 4040 1614 4107 egrederemur;
1657 4054 1776 4092 nam
1817 4039 1924 4092 Ma-

339 4133 476 4196 zici,
510 4132 774 4200 inquiunt,
807 4133 962 4186 nobis
998 4132 1316 4186 abeuntibus
1358 4138 1480 4184 sunt
1507 4130 1776 4198 extemplo
1807 4146 1926 4183 eam

336 4223 683 4292 occupaturi.
715 4222 968 4278 Venimus
993 4224 1151 4292 igitur
1171 4223 1222 4276 in
1248 4223 1589 4287 Thebaidem,
1616 4239 1736 4276 cum
1759 4223 1927 4290 capti-

335 4313 426 4366 vis
456 4313 789 4379 quibusdam,
821 4327 958 4380 quos
991 4313 1202 4366 barbari
1230 4313 1299 4366 ob
1329 4312 1744 4367 misericordiam
1778 4312 1926 4380 (quid

336 4411 532 4456 autem
562 4402 845 4468 voluerint,
878 4403 1123 4471 equidem
1173 4419 1277 4457 non
1325 4403 1497 4457 habeo
1542 4402 1742 4472 dicere)
1777 4403 1927 4456 nobis

334 4492 702 4545 adduxerunt.
737 4491 1016 4546 Postremo
1045 4493 1131 4546 isti
1160 4493 1226 4547 ad
1253 4493 1416 4548 chara
1447 4508 1538 4546 sua
1569 4493 1794 4560 quisque
1823 4503 1922 4547 do-

335 4580 547 4635 micilia
595 4580 798 4635 dimissi
839 4591 995 4648 sunt,
1029 4599 1128 4636 nos
1167 4591 1343 4636 autem
1374 4582 1442 4636 ad
1483 4581 1796 4651 Panopolim
1828 4599 1925 4637 nos

334 4673 497 4741 ipsos
516 4685 744 4741 propere
763 4673 1080 4740 recepimus.
1101 4671 1429 4726 Verebamur
1445 4686 1673 4738 namque
1697 4687 1761 4724 ne
1781 4671 1920 4739 quis,

333 4765 606 4834 quoniam
650 4763 844 4833 captivi
887 4777 1131 4827 eramus,
1163 4777 1347 4817 ansam
1396 4762 1518 4815 inde
1561 4762 1624 4815 ad
1653 4763 1921 4830 negotium

333 4854 506 4909 nobis
535 4853 896 4907 lacessendum
927 4851 1206 4922 arripiens,
1237 4851 1321 4906 vel
1351 4851 1690 4918 fugitivorum
1719 4851 1922 4904 crimen

328 4954 536 5000 contra
567 4960 666 4997 nos
682 4942 1029 5010 conﬁngeret,
1053 4943 1140 4996 vel
1165 4942 1272 4996 alio
1305 4941 1535 5011 quodam
1570 4941 1924 4995 accusationis

332 5050 546 5103 genere
577 5034 758 5104 (varia:
781 5034 1058 5106 calumniae
1103 5032 1408 5086 hominibus
1445 5030 1724 5084 malitiosis
1751 5031 1928 5085 solent

333 5123 558 5178 abunde
584 5123 897 5194 suppetere)
940 5139 1036 5176 nos
1063 5138 1159 5192 per
1186 5121 1424 5174 fraudem
1466 5120 1738 5190 implicare
1766 5121 1924 5172 moli—

334 5228 519 5271 retur.
547 5215 884 5284 Quapropter
913 5223 1142 5268 vestram
1172 5211 1538 5268 celsitudinem
1583 5211 1926 5264 obsecramus

335 5314 404 5359 ut
441 5312 637 5358 nostra:
662 5304 1014 5373 captivitatis,
1047 5304 1184 5357 sicut
1224 5304 1367 5369 leges
1407 5300 1705 5370 postulant,
1745 5314 1927 5354 curam

337 5396 611 5459 habeatis,
642 5403 696 5450 et
725 5410 790 5449 ne
813 5395 1090 5464 patiamini
1117 5408 1435 5462 quemquam
1459 5391 1727 5446 hominem
1758 5392 1928 5460 capti-

334 5501 477 5542 vum
511 5486 904 5540 veteratoribus
930 5485 999 5538 ad
1025 5475 1314 5554 perniciem
1342 5483 1460 5538 dedi
1487 5501 1499 5536 :
1533 5499 1600 5537 ne
1626 5484 1800 5538 omnis
1828 5499 1929 5551 po-

332 5577 570 5632 steritas
596 5577 744 5630 velut
769 5575 971 5642 tragice
992 5575 1095 5630 hoc
1122 5575 1385 5635 decantet,
1411 5575 1577 5627 satius
1603 5589 1724 5628 esse
1752 5589 1782 5627 a
1811 5574 1926 5626 bar-

337 5669 497 5724 Daris
519 5669 636 5722 duci
659 5667 950 5738 captivum,
981 5681 1136 5734 quam
1163 5666 1337 5720 auxilii
1369 5680 1527 5719 causa
1557 5667 1621 5718 ad
1649 5662 1930 5734 imperium

1956 4462 2004 4520 Ι)

2005 517 2249 575 prwterea
2295 508 2358 561 ab
2404 511 2494 562 illo
2538 512 2852 578 postulavit:
2887 511 3048 566 Nobis
3087 527 3183 580 per
3210 528 3337 576 vos,
3380 528 3580 582 qumso,

2007 598 2161 652 liccat
2189 599 2240 650 in
2271 600 2372 654 hoc
2399 603 2719 655 commorari
2750 602 3039 667 domicilio,
3073 603 3137 656 ad
3166 604 3307 671 quod
3337 605 3408 657 ab
3436 605 3580 666 Oasi,

2007 705 2125 741 cum
2148 705 2388 742 essemus
2409 705 2438 742 a
2463 691 2705 745 barbaris
2725 691 2947 753 dimissi,
2972 693 3323 757 accessimus;
3349 702 3405 746 ut
3431 697 3586 761 quid-

2007 778 2131 845 quid
2161 794 2189 830 a
2218 779 2328 832 Deo
2354 780 2422 833 de
2461 781 2614 834 nobis
2641 781 2915 836 decretum
2944 783 3032 847 sit,
3081 782 3130 836 id
3153 782 3266 851 jam
3306 783 3459 837 nobis
3487 785 3584 837 ob-

2009 869 2208 922 veniat.

2103 957 2185 1010 E.c
2225 959 2390 1014 altera
2413 958 2645 1015 Nestorii
2686 961 2902 1030 epistola
2928 963 3122 1031 scripta
3142 961 3210 1014 ad
3231 961 3482 1016 eumdem.

2080 1068 2186 1121 Has
2225 1069 2428 1122 litteras
2475 1069 2540 1123 ad
2571 1077 2717 1123 tuam
2759 1068 3159 1138 amplitudinem
3195 1085 3224 1122 a
3276 1071 3429 1124 nobis
3458 1087 3583 1140 per-

2010 1160 2254 1230 scriptas,
2268 1160 2379 1214 sive
2411 1168 2468 1214 ut
2488 1168 2859 1228 argumentum
2881 1161 3079 1214 amoris
3099 1175 3222 1228 erga
3247 1170 3299 1215 te
3324 1164 3451 1225 mei,
3470 1165 3584 1216 sive

2013 1259 2070 1303 ut
2097 1250 2513 1304 admonitionem
2552 1266 2581 1302 a
2631 1258 2783 1320 patre
2824 1250 2888 1303 ad
2938 1251 3101 1303 tilium
3149 1252 3365 1304 missam
3393 1252 3578 1315 ducis,

2011 1341 2265 1403 animum,
2307 1355 2510 1410 quaeso,
2544 1340 2759 1394 attende
2808 1341 2968 1394 rebus
3008 1341 3061 1394 in
3104 1340 3208 1393 illis
3255 1340 3578 1408 explicatis:

2011 1446 2126 1498 qua:
2153 1445 2282 1483 sane
2307 1431 2583 1498 permulta:
2610 1438 2752 1495 sunt,
2785 1444 2970 1499 exque
3017 1428 3356 1499 paucissimis
3385 1428 3580 1490 verbis,

2011 1530 2268 1590 quantum
2308 1520 2423 1574 ﬁeri
2457 1527 2689 1588 poterat,
2717 1535 2746 1572 a
2777 1519 2930 1573 nobis
2976 1518 3395 1588 comprehensae.
3434 1515 3585 1570 Oasis

2010 1626 2129 1680 quae
2169 1610 2272 1663 Ibis
2317 1625 2531 1678 quoque
2560 1608 2773 1670 dicitur,
2815 1608 3104 1662 nomadum
3153 1607 3487 1660 multitudine
3531 1608 3583 1659 in

2012 1718 2129 1756 eam
2158 1703 2504 1773 irruptionem
2532 1699 2757 1753 faciente
2781 1698 3099 1768 jampridem
3122 1699 3334 1767 penitus
3379 1708 3582 1750 vastata

2012 1801 2111 1846 est.
2148 1791 2213 1844 Et
2241 1791 2393 1861 paulo
2415 1800 2566 1860 post:
2598 1788 2725 1856 Qua:
2753 1806 2838 1844 res
2865 1804 2986 1844 cum
3016 1791 3086 1842 ita
3118 1789 3458 1850 accidissent,
3495 1797 3582 1840 tua

2013 1883 2326 1950 amplitudo,
2350 1882 2535 1935 nescio
2558 1897 2660 1949 qua
2687 1896 2846 1935 causa
2877 1880 3132 1949 impulsa,
3165 1887 3258 1933 aut
3301 1894 3404 1948 qua
3435 1894 3584 1930 arre‘

2013 1980 2101 2040 pta
2125 1971 2425 2035 occasione,
2453 1970 2616 2038 jussit
2645 1978 2700 2023 ut
2730 1970 2796 2024 ad
2824 1971 3097 2037 regionem
3121 1969 3403 2039 quamdam
3421 2009 3434 2031 ,
3469 1967 3586 2021 Ele-

2012 2061 2320 2130 phantinam
2352 2061 2587 2124 nomine,
2621 2061 2776 2114 sitam
2819 2061 2882 2113 ad
2923 2069 3218 2114 extremam
3263 2075 3413 2112 oram
3455 2075 3582 2128 pro—

2011 2149 2196 2201 vinciae
2224 2148 2535 2214 Thebaidis,
2576 2164 2673 2218 per
2697 2149 2891 2202 milites
2925 2149 3183 2202 barbaros
3214 2165 3277 2202 ex
3320 2147 3582 2217 Pamnpoli

2013 2239 2400 2292 abducerentur
2432 2257 2443 2290 :
2467 2254 2574 2307 quo
2603 2237 2818 2307 quidem
2839 2254 3000 2291 manu
3021 2237 3266 2300 militum,
3286 2253 3419 2307 quos
3446 2238 3575 2298 dixi.

2015 2329 2208 2382 misere
2237 2328 2429 2397 raptati
2477 2344 2677 2381 sumus.
2721 2326 2796 2380 Ac
2835 2343 2956 2381 cum
3005 2327 3210 2381 itineris
3253 2326 3586 2393 longitudine

2014 2435 2250 2473 essemus
2280 2418 2430 2473 fracti
2461 2420 2800 2488 contritique,
2832 2419 3143 2473 mandatum
3191 2419 3408 2472 minimc
3453 2417 3586 2471 scri-

2014 2518 2162 2580 ptum
2190 2511 2314 2563 illud
2343 2512 2556 2580 quidem
2585 2526 2768 2564 rursus
2788 2526 2818 2563 a
2848 2518 2937 2563 tua
2967 2509 3406 2577 magnanimitate
3435 2523 3586 2561 acce-

2014 2605 2210 2674 pimus,
2261 2605 2336 2658 uti
2379 2603 2691 2674 Panopolim
2741 2611 3148 2658 reverterentur.
3182 2602 3366 2670 Itaque
3415 2601 3585 2653 mole-

2015 2697 2151 2759 stiis,
2183 2713 2302 2766 qum
2331 2697 2384 2749 in
2411 2706 2558 2751 tanto
2588 2704 2642 2750 et
2669 2704 2776 2750 tam
2803 2695 3012 2764 prolixo
3041 2687 3234 2746 itinere
3261 2691 3415 2745 nobis
3445 2691 3587 2744 obti-

2016 2799 2224 2858 gerunt,
2273 2787 2557 2851 debilitati,
2600 2804 2829 2858 corpore
2883 2788 3072 2841 morbo
3118 2794 3328 2849 vexato,
3378 2793 3434 2838 et
3478 2799 3588 2852 pne

2016 2888 2294 2936 senectute
2332 2880 2602 2949 languido,
2634 2880 2878 2933 manibus
2905 2879 3067 2932 etiam
3097 2884 3150 2930 et
3174 2875 3431 2930 lateribus
3454 2890 3588 2928 con-

2016 2971 2214 3035 fractis,
2238 2972 2480 3025 venimus
2501 2971 2676 3026 denuo
2697 2969 3031 3039 Panopolim,
3049 2969 3226 3037 ibique
3247 2966 3483 3020 adversis
3498 2982 3587 3019 ca-

2018 3063 2166 3117 sibus
2192 3070 2248 3116 et
2265 3063 2460 3116 acerbo
2488 3062 2732 3116 dolorum
2753 3077 2937 3116 morsu
2964 3061 3182 3121 concisi,
3208 3058 3320 3113 fere
3360 3059 3593 3112 animam

2022 3152 2242 3220 egimus.
2277 3150 2476 3205 Rursus
2499 3151 2640 3204 aliud
2670 3151 2979 3204 mandatum
3008 3149 3263 3218 scriptum
3301 3163 3330 3200 a
3364 3156 3452 3200 tua
3481 3147 3592 3201 cel-

2022 3242 2251 3296 situdine
2275 3241 2338 3294 ad
2372 3257 2487 3305 nos,
2521 3241 2740 3294 allatum
2763 3256 2860 3294 nos
2887 3255 2916 3293 a
2951 3238 3206 3308 Panopoli
3236 3237 3302 3291 ad
3327 3231 3594 3306 quoddam

2022 3331 2162 3385 illius
2202 3330 2490 3384 conﬁnium
2532 3328 2786 3381 traduxit.
2830 3328 2905 3382 Ac
2963 3339 3083 3382 cum
3142 3343 3242 3380 nos
3282 3326 3393 3393 jam
3440 3325 3596 3378 linem

2023 3419 2286 3472 mandatis
2314 3427 2499 3472 contra
2526 3433 2626 3471 nos
2653 3418 2810 3471 editis
2830 3425 3087 3470 statutum
3117 3416 3229 3469 fore
3250 3426 3556 3484 putaremus
3578 3454 3595 3478 ,

2024 3516 2561 3577 exspectaremusque
2594 3508 2978 3576 imperatorum
3009 3507 3486 3560 illustrissimorum
3531 3505 3600 3558 de

2025 3599 2177 3651 nobis
2200 3599 2547 3661 voluntatem,
2596 3598 2662 3650 de
2691 3598 2980 3665 improviso
3030 3597 3172 3650 aliud
3209 3597 3424 3651 crudele
3469 3611 3600 3650 sane

2025 3688 2250 3741 dabatur
2276 3689 2604 3747 mandatum,
2639 3695 2696 3740 ut
2719 3687 2829 3753 jam
2859 3697 3052 3755 quarto
3087 3689 3469 3742 mulctaremur
3511 3703 3603 3741 ex-

2026 3779 2164 3833 silio.
2197 3780 2269 3831 Ac
2296 3779 2450 3848 paulo
2476 3780 2620 3848 infra
2649 3794 2667 3830 :
2690 3778 2792 3842 Sis,
2833 3792 3014 3846 quarso
3038 3818 3052 3840 ,
3103 3779 3186 3831 his
3236 3779 3394 3832 rebus
3439 3784 3604 3845 gestis

2025 3879 2337 3936 contentus;
2367 3870 2496 3924 satis
2541 3870 2611 3924 sit
2652 3878 2732 3924 tot
2758 3870 2944 3924 exsilia
2983 3879 3167 3924 contra
3198 3887 3357 3923 unum
3403 3887 3604 3940 corpus

2026 3961 2352 4026 decrevisse;
2391 3963 2718 4031 acquiescas,
2750 3961 2942 4015 amabo
2973 3969 3043 4024 te,
3094 3961 3444 4015 incommodis
3481 3977 3604 4029 qua:

2020 4052 2132 4120 jam
2154 4054 2248 4106 abs
2278 4062 2366 4107 tua
2388 4052 2736 4122 amplitudine
2757 4053 3077 4121 accepimus.
3108 4051 3461 4118 Quaestionem
3481 4067 3604 4121 qua)

2025 4152 2108 4197 est
2129 4144 2425 4198 exercenda
2451 4144 2516 4198 de
2545 4143 2698 4197 nobis
2728 4142 2855 4212 (per
2884 4159 3020 4212 quos
3042 4149 3351 4210 oportuerat
3384 4156 3603 4195 causam

2025 4234 2352 4288 declaratam
2383 4235 2596 4306 fuisse),
2620 4250 2822 4304 qumso,
2855 4232 3264 4302 imperatoribus
3293 4232 3490 4285 nostris
3520 4233 3602 4286 in-

2026 4324 2346 4390 victissimis,
2379 4333 2438 4377 ut
2462 4325 2684 4392 mquitas
2721 4324 2972 4393 postulat,
3004 4325 3298 4392 permittas.
3331 4322 3432 4376 lsta
3467 4339 3597 4377 con-

2028 4416 2142 4469 silia
2173 4431 2202 4468 a
2231 4416 2384 4469 nobis
2408 4415 2471 4468 ad
2497 4425 2565 4478 te,
2594 4423 2863 4482 tamquam
2893 4429 2923 4467 a
2952 4421 3104 4483 patre
3133 4412 3198 4466 ad
3221 4411 3381 4465 ﬁlium
3404 4415 3606 4481 scripta

2027 4512 2168 4558 sunt.
2201 4504 2355 4570 Quod
2395 4505 2438 4560 si
2470 4504 2655 4558 eadem
2697 4504 2827 4571 jam,
2871 4503 3009 4557 sicut
3047 4512 3236 4567 antea,
3275 4503 3508 4570 graviter
3547 4512 3602 4555 et

2029 4595 2210 4662 iniquo
2239 4595 2416 4647 animo
2444 4593 2600 4656 feras,
2632 4594 2712 4647 l‘ac
2740 4591 2880 4661 quod
2905 4592 3147 4645 voluntas
3169 4591 3339 4659 jubet,
3372 4590 3416 4642 si
3441 4590 3607 4644 modo

2029 4683 2239 4736 vincere
2266 4682 2402 4735 ratio
2424 4697 2531 4735 non
2556 4681 2725 4750 possit
2751 4679 3100 4733 voluntatem.

2100 4791 2299 4846 Praeter
2333 4793 2460 4845 istas
2507 4789 2777 4858 epistolas,
2832 4789 2948 4842 duae
2989 4789 3106 4841 aliae
3161 4789 3502 4856 reperiuntur
3548 4789 3600 4843 in

2027 4862 2160 4914 actis
2201 4861 2476 4930 Ephesium
2505 4867 2560 4913 et
2587 4858 3002 4930 quintmsynodi
3044 4876 3073 4930 :_
3103 4859 3250 4925 prior
3286 4868 3372 4930 est
3409 4858 3605 4930 relatio

2028 4926 2258 4984 Nestorii
2284 4931 2349 4984 ad
2380 4931 2754 5000 imperatorem
2775 4926 3033 5000 tle‘gestis
3062 4927 3112 5000 in
3133 4927 3355 4996 synodo,
3387 4943 3488 4995 qua
3515 4926 3610 5000 the.

2031 5001 2302 5068 depositus
2331 5009 2428 5061 est,
2455 4995 2694 5067 nihilque
2727 4999 2887 5050 habet
2921 4995 3189 5068 singulare
3213 5004 3430 5068 pljipter
3458 4998 3610 5068 quod:

2030 5065 2136 5123 huc
2179 5069 2363 5122 referri
2400 5065 2624 5129 debeat,
2663 5082 2782 5120 cum
2811 5068 2878 5118 sit
2907 5065 3061 5118 obvia
3106 5065 3384 5133 unicuique
3423 5067 3606 5118 conci-

2033 5141 2224 5191 liorum
2286 5137 2548 5192 codicem.
2587 5137 2882 5199 tractanti;
2946 5134 3293 5202 posterioris,
3353 5149 3469 5200 quae
3536 5135 3608 5186 ad.

2031 5207 2389 5261 Alexandrum
2434 5206 2927 5275 Hierapolitanum,
2969 5204 3131 5257 breve
3159 5211 3242 5257 est
3280 5202 3418 5256 istud
3459 5202 3604 5270 [ηις-

2031 5287 2289 5331 mentum.
3637 5281 3642 5321 ἶ

2099 5389 2318 5458 Oportet
2348 5403 2564 5443 manere
2593 5395 2813 5441 naturas
2851 5387 2905 5440 in
2934 5385 3046 5440 suis
3074 5384 3505 5455 proprietatibus,
3555 5391 3608 5435 et

2029 5481 2104 5535 sic
2135 5496 2230 5549 per
2270 5480 2566 5534 mirabilem
2597 5486 2651 5531 et
2690 5491 2902 5530 omnem
2949 5476 3210 5529 rationem
3260 5472 3610 5528 excedentem

2031 5573 2293 5627 rationem
2333 5585 2497 5624 unam
2531 5567 2756 5635 intelligi
2785 5566 3008 5634 gloriam
3032 5605 3047 5629 ,
3080 5573 3134 5618 et
3174 5580 3335 5617 ultum
3365 5560 3606 5616 conﬁteri

2033 5662 2239 5716 Filium.
2274 5659 2342 5713 Et
2370 5661 2588 5713 iterum:
2615 5656 2732 5711 Non
2769 5657 2904 5710 duas
2930 5669 3190 5725 personas
3216 5667 3372 5708 unam
3417 5665 3605 5720 ρει-δυο
