4022 6182
443 292 581 348 H39

991 291 1081 345 Al)
1119 287 1399 344 PARTEM
1437 283 1805 344 SECUNDAM
1844 284 2123 341 OPERUM
2164 286 2235 343 M.
2277 281 2718 342 MERCATORIS
2759 283 3126 340 APPENDIX.

3579 294 3706 348 H50

440 420 563 458 nam
595 402 843 467 facimus,
874 400 968 456 sed
1007 416 1112 454 una
1138 399 1498 472 appellatione
1537 399 1734 453 Christi
1764 398 1898 454 duas
1922 413 2017 452 na-
2047 405 2093 461 Λ
2122 398 2346 472 ctoritns
2372 413 2504 453 sane
2531 399 2846 472 gravissima
2877 415 2983 472 non
3009 399 3353 472 mediocriter
3373 414 3586 470 augeat,
3607 422 3708 458 non

442 505 590 550 turas
617 493 992 563 significamus.

1043 579 1271 636 CAPUT
1310 580 1396 635 Vl.

537 675 615 727 De
633 673 736 743 ﬁde
764 670 995 726 Nestorii
1036 672 1206 744 quoad
1245 673 1352 726 alia
1394 675 1615 744 quinque
1656 673 1920 744 dogmata.

511 764 710 820 Pneter
738 765 1069 834 impietatem
1093 765 1237 818 illam
1264 766 1614 830 notissimam,
1647 781 1798 834 cujus
1825 765 2023 835 Ephesi

441 837 737 898 Nestorius,
769 850 868 889 suo
895 835 1173 903 ipsiusmet
1211 836 1536 901 testimonio,
1569 836 1847 891 convictus
1893 844 1977 890 est
2002 873 2018 897 ,

441 915 602 975 atque
635 905 801 960 totius
842 903 1092 975 Ecclesiae
1125 906 1389 959 sententia
1430 905 1746 966 damnatus,
1794 906 2023 960 aliorum

440 973 684 1030 errorum
717 973 931 1030 nomine
960 973 1058 1028 fuit
1085 975 1214 1029 olim
1241 984 1538 1044 suspectus,
1564 984 1620 1030 et
1648 976 1818 1044 pergit
1838 977 2024 1029 etiam-

440 1061 566 1099 num
589 1060 708 1114 esse
736 1044 1052 1114 quibusdam
1076 1084 1090 1109 ,
1125 1045 1333 1114 illisque
1376 1060 1474 1099 nec
1503 1047 1706 1114 paucis,
1737 1060 1838 1099 nec
1865 1045 2022 1098 indo-

440 1116 560 1170 ctis.
585 1113 720 1168 Sunt
740 1113 815 1168 illi
837 1129 1047 1169 errores
1075 1113 1265 1169 saltem
1292 1113 1544 1183 quinque.
1567 1114 1774 1169 Primus
1809 1114 1874 1168 ad
1905 1129 2025 1183 pro-

441 1186 740 1240 cessionem
765 1183 997 1253 Spiritus
1049 1186 1219 1239 sancti
1256 1186 1516 1254 pertinet;
1541 1186 1677 1240 alter
1701 1185 1770 1238 ad
1815 1199 2023 1238 merce-

441 1257 667 1320 nariam,
692 1263 750 1308 ut
771 1255 842 1308 ita
872 1255 1081 1322 loquar,
1116 1253 1455 1309 Divinitatem
1474 1253 1699 1318 Christi;
1736 1255 1925 1308 tertius
1953 1255 2022 1307 ad

441 1333 722 1394 peccaturo
744 1324 988 1392 originis;
1020 1333 1240 1395 quartus
1260 1325 1326 1395 ad
1354 1325 1608 1392 gratiam,
1637 1340 1742 1395 qua
1773 1325 1910 1395 bene
1930 1324 2021 1395 ξί-

443 1392 610 1459 vitur,
639 1403 942 1464 postremus
963 1392 1252 1464 ad—corpus
1273 1392 1467 1448 Christi
1490 1395 1542 1448 in
1567 1392 1906 1464 eucharistia.
1924 1393 2022 1464 Xi-

443 1479 536 1518 sus
564 1461 706 1518 enim
727 1471 809 1520 est
845 1464 1138 1520 asseruisse
1157 1461 1422 1533 Spiritum
1451 1474 1693 1518 sanctum
1720 1480 1749 1517 a
1776 1463 1892 1517 solo
1924 1461 2023 1516 Pa-

444 1544 525 1588 tre
554 1533 863 1603 procedere,
894 1535 1167 1588 hominem
1199 1535 1310 1588 suis
1337 1535 1588 1604 operibus
1625 1535 1878 1586 unionem
1901 1548 2022 1604 cum

446 1604 620 1659 Verbo
659 1604 937 1665 meruisse,
982 1605 1151 1658 solam
1193 1605 1244 1658 in
1277 1603 1462 1657 Adami
1508 1611 1754 1673 posteros
1793 1603 2023 1656 transire

443 1690 655 1743 pmiiam
686 1675 890 1735 mortis,
923 1675 1148 1741 gratiam
1177 1674 1229 1727 in
1262 1675 1375 1728 sola
1416 1675 1533 1740 lege
1573 1673 1925 1743 doctrinaque
1967 1679 2022 1726 et

443 1741 913 1814 exemploChristi
941 1760 1058 1798 esse
1081 1744 1328 1814 positam,
1353 1743 1582 1811 denique
1603 1741 1797 1796 Christi
1825 1758 2023 1814 corpus

441 1830 560 1869 esse
588 1812 802 1883 quidem
825 1815 1007 1884 reipsa
1036 1812 1271 1884 przesens
1294 1814 1343 1865 in
1360 1813 1756 1874 eucharistiam,
1779 1828 1882 1865 non
1906 1812 2021 1865 sisti

443 1882 621 1937 tamen
651 1899 746 1952 per
773 1882 1141 1936 admirabilem
1169 1884 1310 1935 illam
1352 1884 1760 1937 conversionem
1799 1897 1918 1950 quae
1959 1884 2025 1935 ah

444 1953 682 2008 Ecclesia
749 1953 1243 2008 transsuhtantiatio
1283 1961 1525 2014 vocatur,
1565 1953 1658 2006 sed
1720 1968 1818 2021 per
1854 1952 2024 2005 solam

445 2031 648 2095 tantum
696 2023 988 2095 συνᾲφεφαν,
1031 2037 1128 2076 seu
1174 2027 1526 2087 συνουσίωσιν,
1585 2037 1703 2092 qua:
1733 2022 2020 2090 impanatio

443 2092 774 2162 frequentius
801 2092 1010 2146 dicitur.

475 2201 502 2264 ς
542 2201 578 2251 Ι.
622 2200 744 2260 Quid
782 2199 1040 2270 Nestorius
1071 2203 1296 2312 senSrrit.
1320 2202 1384 2250 de
1419 2202 1739 2264 processione
1780 2201 1996 2264 Spiritus

1147 2277 1317 2312 sanet.

1147 2277 1317 2312 sancu.

514 2366 727 2432 Negatis
753 2365 1110 2436 processionis
1152 2365 1383 2436 Spiritus
1420 2365 1592 2420 sancti
1640 2381 1670 2418 a
1719 2364 1854 2418 Filio
1902 2380 2027 2419 rcus

445 2435 571 2490 olim
596 2437 738 2488 visus
766 2446 849 2488 est
874 2435 1170 2498 Nestorins,
1197 2435 1485 2505 nostraque
1531 2436 1693 2490 etiam
1722 2443 1881 2489 artato
1910 2450 2028 2489 cre-

439 2506 584 2559 ditur
605 2522 633 2559 a
661 2507 786 2559 viris
811 2507 987 2573 magni
1020 2507 1250 2559 nontinis
1275 2514 1328 2560 et
1357 2506 1600 2560 doctrina
1626 2505 2022 2574 praestantibus.

441 2577 615 2629 Causa
645 2591 740 2629 cur
781 2576 854 2628 ita
883 2578 1024 2629 visus
1071 2577 1159 2637 sit,
1211 2576 1601 2643 credaturque,
1638 2575 1755 2637 fuit,
1805 2574 1980 2644 primo
2005 2615 2020 2638 ,

483 2645 584 2724 uod
609 2645 955 2724 :l‘lieodorum
983 2647 1296 2724 magistrum
1337 2645 1591 2724 audierit;
1613 2644 1814 2724 deinde
1837 2687 1851 2710 ,
1882 2645 2027 2724 quod

441 2715 838 2770 Theodoretum
875 2724 929 2770 et.
957 2715 1377 2784 condiscipulum
1419 2723 1475 2784 et
1521 2715 1751 2768 amicum
1789 2715 2021 2783 conjun-

439 2786 736 2840 ctissiinum
768 2786 1042 2854 habuerit;
1069 2783 1256 2848 tertio,
1288 2784 1431 2854 quod
1450 2783 1759 2854 Pelagianis
1782 2801 2026 2840 commu-

441 2857 602 2909 nione
622 2854 879 2909 doctrina:
903 2853 1190 2909 fmderatus
1219 2853 1322 2920 sit,
1364 2863 1420 2909 ut
1449 2853 1856 2922 Pelagianorum
1893 2871 2024 2910 con-

443 2925 702 2979 fessiones
725 2926 985 2993 probant;
1017 2932 1230 2992 quarto,
1249 2925 1394 2994 quod
1413 2923 1694 2995 iTheodori
1722 2924 2024 2995 symbolum

442 2995 720 3048 tradiderit
733 2995 976 3116 fpopulis,
999 2995 1151 3063 quasi
1174 3004 1376 3048 certam
1401 2994 1523 3048 fidei
1551 2994 2025 3064 regulaui;ipsum-

442 3081 546 3116 une
566 3064 701 3116 adeo
750 3065 916 3116 ecerit
945 3080 1117 3116 suum.
1148 3081 1268 3116 cum
1297 3081 1406 3116 sua:
1428 3065 1824 3116 communionis
1853 3072 2024 3116 tesse-

439 3081 546 3133 que
566 3064 701 3118 adeo
733 3064 916 3118 fecerit
945 3080 1117 3129 suum,
1148 3081 1268 3119 cum
1297 3081 1406 3119 suae
1428 3065 1824 3118 communionis
1853 3072 2024 3118 tesse-

440 3151 554 3188 ram
577 3149 694 3189 esse
723 3135 921 3200 voluit;
952 3135 1160 3204 quinto,
1199 3135 1342 3203 quod
1376 3134 1849 3204 reprehensionem
1893 3147 2021 3188 ana-

441 3205 901 3258 thematismorum
948 3205 1130 3275 Cyrilli
1173 3221 1204 3258 a
1247 3205 1587 3275 Theodoreto
1624 3212 1775 3258 tanto
1822 3205 2021 3259 certius

440 3275 705 3344 probavit,
733 3283 935 3342 quanto
970 3272 1261 3329 studiosius
1301 3283 1356 3328 et
1377 3272 1922 3344 faciendanicuravit,
1967 3280 2022 3327 et

439 3342 633 3412 sparsit
663 3344 714 3396 in
745 3345 951 3410 vulgus.
979 3344 1234 3412 Denique,
1258 3343 1402 3412 quod
1432 3343 1657 3397 Arianos
1680 3342 2021 3398 Macedonia-

440 3427 664 3480 nosque,
688 3413 834 3465 velut
862 3414 1044 3466 hostes
1073 3413 1476 3476 infensissimos,
1510 3429 1660 3467 more
1690 3427 1809 3477 suo,
1842 3413 1894 3467 id
1916 3422 2017 3480 est,

441 3485 736 3550 impotente
763 3481 1162 3536 contradicendi
1181 3482 1433 3550 libidine,
1467 3483 1873 3550 oppugnaverit.

512 3549 680 3622 Hujus
721 3550 862 3622 enim
904 3551 1122 3622 haeresis
1144 3549 1466 3622 Theodorus
1491 3549 1685 3620 parens
1724 3561 2020 3622 auctorque

439 3619 768 3691 perhibetur.
797 3619 945 3675 lianc
973 3619 1342 3691 Theodoretns
1371 3636 1401 3674 a
1430 3619 1716 3691 Theodoro
1762 3619 2020 3689 magistro

440 3690 715 3760 acceptam
738 3691 933 3744 acriter
959 3692 1244 3759 palamque
1263 3690 1519 3745 defendit.
1547 3690 1694 3745 Hanc
1714 3694 1901 3760 procul
1929 3693 2022 3746 du-

440 3709 715 3812 aecelptam
738 3709 933 3744 acriter
959 3709 1244 3759 palamque
1263 3709 1519 3745 uexerunt.
1549 3709 1694 3745 lianc
1714 3709 1901 3760 procul
1929 3709 2020 3746 uu-

440 3763 528 3815 hio
595 3760 819 3831 elagiani
847 3762 1016 3814 secuti
1045 3769 1188 3825 smit,
1219 3763 1309 3830 qui
1331 3762 1397 3815 de
1426 3762 1770 3830 processione
1791 3763 2020 3831 Spiritus

438 3830 611 3886 sancti
640 3847 744 3884 non
766 3831 885 3887 aliis
901 3831 1151 3885 dixerunt
1182 3831 1355 3885 verbis
1376 3831 1697 3884 sententiam
1738 3833 1791 3884 in
1830 3830 2019 3886 libellis

436 3917 546 3959 sua:
576 3899 716 3970 fidei,
749 3915 909 3967 quam
954 3915 1073 3969 qua:
1103 3917 1171 3954 ex
1204 3900 1482 3970 Theodori
1526 3901 1771 3970 symbolo
1813 3903 2017 3956 descri-

437 3979 676 4042 pserunt.
703 3969 850 4042 [lane
879 3970 1178 4042 symbolum
1200 3969 1466 4024 Theodori
1497 3969 1603 4023 non
1632 3971 1861 4042 obscure
1881 3972 2018 4025 indi-

433 4038 540 4105 bal,
581 4057 700 4095 cum
726 4041 800 4094 ait
841 4058 854 4092 ε
895 4038 982 4094 ἰαὶ
1007 4039 1122 4097 οὔτε
1150 4042 1266 4110 Ϊὶὸν
1302 4045 1585 4110 νρμὶζομεν,
1629 4038 1745 4095 οὔτε
1791 4040 1874 4094 διὰ
1903 4043 2015 4096 Υἱοῦ

435 4095 769 4187 isy'amgw
793 4112 1007 4184 εἰληφός.
1051 4095 1158 4164 Sed
1195 4095 1288 4162 nec
1315 4095 1508 4187 [tilium
1548 4095 1694 4163 illum
1726 4095 2017 4187 (Spiritum

436 4178 708 4252 sanctuni)
741 4178 1006 4252 putamus,
1040 4196 1199 4251 neque
1224 4196 1314 4250 per
1346 4178 1541 4252 Filium
1569 4196 1713 4252 suam
1735 4178 2016 4252 subsisten-

437 4254 563 4306 tiam
591 4249 879 4304 habentem.
913 4250 1064 4304 lianc
1093 4249 1278 4319 aperte
1306 4249 1483 4318 prodit
1510 4250 1857 4317 reprehensio
1891 4266 2019 4303 ana-

437 4321 763 4376 thematismi
785 4321 930 4387 noni,
949 4333 1070 4376 cum
1098 4319 1338 4388 rejicitur
1356 4320 1500 4373 velut
1527 4319 1746 4388 impibm
1767 4319 2015 4386 quiddam

437 4407 500 4446 ac
541 4391 932 4462 blasphemum,
983 4391 1120 4462 ἅγιον
1163 4397 1362 4462 uagina:
1401 4392 1451 4454 ἐξ
1473 4388 1744 4462 Υὲοῡηῄδι
1787 4389 1852 4462 δι’
1885 4393 2016 4462 νΥἶοῦ

435 4465 538 4534 τήνῗ
561 4459 775 4534 ὕπαρξιν
804 4459 967 4532 ἔχειν.
999 4459 1442 4534 Arianidenique
1470 4475 1587 4514 cum
1621 4459 2016 4515 Macedonianis

2057 1793 2100 1850 Β
2125 1793 2206 1871 xui
2227 1793 2448 1871 ἧατρὸς.

2126 469 2394 523 assentior
2415 477 2592 522 tamen
2621 468 2910 522 admodum
2958 469 3166 524 lubens.
3207 470 3392 538 Neque
3429 468 3572 526 enim
3604 491 3706 527 me-

2126 540 2255 610 mini
2286 553 2371 610 me
2405 553 2628 610 usquam
2656 539 2914 592 librorum
2957 540 3184 593 Nestorii
3227 541 3407 610 legere
3428 544 3574 610 quod
3624 558 3706 594 va-

2124 607 2231 664 leat
2259 608 2324 661 ad
2351 609 2660 666 opinionem
2690 615 2958 662 tantorum
2981 610 3214 663 virorum
3244 607 3695 666 cenfirmandam:

2125 677 2289 731 immo
2319 677 2503 731 videor
2528 678 2658 732 mihi
2685 679 2867 733 videre
2891 679 3032 746 quod
3060 680 3312 733 inlirmet.
3342 679 3476 734 Nam
3507 681 3559 732 in
3587 696 3684 737 con

2123 747 2445 802 tradictione
2474 749 2601 802 noni
2639 749 3075 803 anathematismi
3099 790 3114 812 ,
3143 764 3266 803 cum
3294 751 3561 812 potuisset
3601 750 3699 805 Ne-

2123 817 2322 872 storius
2349 815 2697 887 Cyrillianum
2742 818 2904 882 illud,
2935 818 3082 886 quod
3122 815 3494 873 Theodoretns
3533 821 3678 874 verbi

2124 894 2234 940 tam
2258 887 2665 958 contumeliosis
2692 889 2886 958 arguit,
2915 888 3216 958 traducere,
3247 888 3435 942 maluit
3461 889 3671 958 implies

2125 965 2235 1010 tum
2265 956 2462 1027 aliquid
2493 955 2684 1012 afferre
2703 955 2773 1012 de
2792 958 3118 1012 mediatione
3146 957 3377 1027 Spiritus
3403 955 3595 1019 sancti,
3612 975 3701 1014 seu

2123 1041 2226 1095 ope
2254 1042 2360 1096 qua
2388 1025 2633 1081 Christus
2658 1027 2939 1096 copulatus
2967 1028 3037 1083 sit
3065 1025 3264 1091 Verbo,
3294 1041 3510 1097 quaque
3553 1030 3702 1084 mira-

2121 1097 2242 1150 cula
2264 1097 2315 1150 in
2342 1097 2647 1152 hominibus
2671 1098 2914 1166 patrarit,
2938 1097 3068 1152 etin
3091 1097 3363 1166 dementes
3384 1105 3701 1166 potestatem

2099 1167 2444 1238 ,e‘xercuerit,
2486 1183 2661 1238 quani
2673 1165 2893 1238 verbum
2939 1168 3108 1238 ullum
3138 1165 3333 1238 facere
3369 1165 3436 1222 de
3484 1184 3698 1238 proces-

2122 1236 2274 1318 sione
2295 1235 2535 1318 “Spiritus
2563 1253 2592 1290 a
2625 1237 2778 1318 Filio,
2809 1237 3002 1318 de__qua
3027 1235 3470 1318 Cyrillusaperte
3486 1235 3702 1318 senten:

2123 1307 2253 1359 tiam
2277 1307 2507 1371 dixerat,
2536 1323 2644 1361 non
2675 1307 2725 1360 in
2756 1306 3209 1361 anathematismo
3239 1306 3334 1362 illo
3361 1315 3587 1371 tantum,
3610 1310 3698 1364 sed

2123 1375 2176 1428 in
2223 1375 2337 1444 ipsa
2369 1377 2627 1444 epistola,
2670 1377 2755 1431 cui
2793 1375 3060 1444 subjuncti
3093 1384 3217 1430 sunt
3256 1379 3697 1434 anathematismi.

2123 1444 2424 1520 Scripserat
2444 1447 2587 1520 enim
2609 1465 2620 1499 :
2639 1452 2695 1502 Εἰ
2709 1449 2805 1520 γὰρ
2827 1451 2912 1501 καὶ
2931 1446 3074 1520 ἔστιν
3095 1449 3146 1500 ir
3165 1447 3465 1520 Δὐποιγτὸωέι
3483 1451 3541 1503 τὸ
3562 1457 3699 1504 Πνεῦ-

2125 1516 2369 1592 μα-ἱδᾳῇ.
2400 1521 2493 1592 ’καὶ
2515 1516 2878 1592 gestiverint
2907 1519 3010 1592 κᾳθ⁹
3032 1517 3183 1592 ἔφη)ῖὸ
3212 1520 3331 1574 καθὸ
3353 1523 3551 1592 Πνεῦμά
3575 1521 3696 1583 ἔστι,

2126 1584 2207 1661 nui
2233 1584 2334 1661 ορχ
2355 1587 2489 1661 Υἱὸς,
2511 1589 2614 1641 ἀλλ’
2642 1584 2726 1642 οὖν
2751 1590 2886 1643 ἐστιν
2912 1591 3003 1661 ob}:
3026 1588 3281 1661 ἀλλότριον
3305 1584 3488 1661 adsed,
3514 1596 3699 1660 Πνεῦμα

2123 1659 2225 1729 ’γὰρ
2255 1659 2485 1717 ἀληθείας
2503 1661 2817 1746 ῥνὸμνπσται,
2948 1657 3058 1746 ἕστε
3081 1657 3301 1746 Χλοξάτὸς
3376 1660 3596 1746 ἅξλήθιια,
3617 1657 3701 1714 ἰαὶ

2123 1736 2401 1801 πρθχεῖτας
2423 1729 2546 1801 παρ’
2591 1731 2748 1801 αὐτρῦ
2775 1729 3002 1801 κᾳθάπερ
3027 1728 3244 1801 ὰμῦιλει,
3277 1733 3359 1801 καὶ
3389 1732 3443 1783 ἐκ
3461 1736 3550 1783 τοῦ
3579 1737 3693 1801 Qui:

2477 1751 2498 1782 ζ
2537 1747 2543 1749 ⁷
2591 1750 2748 1782 αυτου
2775 1747 3002 1801 καυαπερ
3027 1747 3244 1800 αμεΑΑει,
3277 1747 3359 1783 και
3389 1747 3443 1783 εκ
3461 1752 3550 1783 του
3579 1747 3693 1784 Θιου

2477 1747 2719 1861 ὅηαηιυὶδ
2747 1799 2882 1850 enim
2903 1801 2955 1851 in
2987 1815 3081 1851 sua
3115 1799 3184 1850 sit
3215 1799 3546 1852 subsistentia
3589 1799 3695 1868 Spi-

2128 1869 2278 1952 ritus,
2308 1867 2355 1952 eli
2372 1867 2507 1952 (ejus.
2520 1867 2837 1937 intelligatur
2864 1871 3168 1952 irt'persona
3211 1871 3530 1952 proprietas,
3554 1867 3698 1938 juxta

2126 1936 2183 1988 id
2209 1938 2343 2007 quod
2366 1936 2590 2006 Spiritus
2611 1936 2705 2001 est,
2728 1947 2776 1989 et
2801 1954 2903 1990 non
2919 1936 3106 2001 Filius,
3133 1936 3358 1991 attamen
3381 1936 3576 1991 alienus
3605 1955 3698 1991 non

2128 2017 2204 2059 est
2232 2007 2296 2059 ab
2339 2007 2466 2077 itlo:
2495 2024 2617 2060 nam
2648 2007 2872 2076 Spiritus
2913 2008 3202 2077 appellatus
3247 2017 3325 2060 est
3370 2010 3615 2068 veritatis,
3653 2016 3699 2061 et

2128 2078 2314 2130 veritas
2345 2075 2576 2130 Christus
2597 2075 2697 2142 est,
2721 2078 2857 2130 unde
2877 2076 2941 2130 ab
2961 2075 3058 2131 ista
3081 2077 3334 2143 similiter,
3359 2080 3491 2132 sicut
3508 2094 3572 2131 ex
3599 2077 3700 2132 Deo

2129 2144 2289 2199 Patre
2304 2187 2318 2212 ,
2350 2147 2596 2216 procedit.

2127 2259 2154 2322 §
2179 2259 2240 2308 ll.
2275 2258 2400 2318 Quid
2418 2260 2632 2309 senserit
2654 2258 2910 2308 Nestorius
2935 2259 3253 2322 deretributa
3280 2259 3515 2321 Operibus
3536 2259 3703 2310 Christi

2654 2323 2831 2369 unione
2870 2335 2979 2370 cum
3004 2321 3188 2370 Verbo.

2199 2401 2412 2457 Erroris
2439 2402 2529 2470 qui
2561 2401 2656 2456 fuit
2681 2403 2734 2456 in
2765 2403 3056 2472 partitione
3084 2402 3367 2466 secundus,
3401 2403 3701 2472 suspicione

2128 2471 2434 2527 Nestorium
2458 2471 2784 2527 absolvimus
2814 2473 2989 2542 capite
3014 2473 3206 2541 primo,
3240 2473 3330 2526 ubi
3376 2471 3700 2526 ostendimus

2128 2550 2301 2596 ortam
2339 2557 2456 2596 esse
2503 2543 2816 2611 popularem
2858 2543 3285 2606 accusationem,
3337 2557 3407 2596 ex
3454 2558 3520 2596 eo
3565 2544 3700 2610 quod

2127 2611 2403 2669 Nestorius
2431 2612 2498 2666 de
2526 2612 2906 2667 incarnationis
2930 2612 3091 2666 modo
3120 2613 3307 2666 eadem
3336 2613 3557 2666 omnino
3582 2628 3700 2667 sen-

2127 2681 2230 2736 tire
2258 2681 2565 2736 crederetur
2576 2695 2692 2749 quae
2715 2681 2910 2736 Paulus
2938 2681 3320 2736 Samosatenus
3340 2690 3395 2736 et
3426 2681 3697 2750 Leporius,

2127 2766 2157 2804 a
2183 2753 2374 2822 quibus
2403 2760 2581 2822 tamen
2610 2751 2804 2804 mirum
2849 2760 3106 2822 quantum
3151 2752 3492 2821 discrepabat
3530 2753 3699 2822 quoad

2127 2821 2337 2890 tempus
2365 2821 2607 2876 conﬂata:
2637 2821 2946 2875 naturarum
2987 2823 3215 2876 unionis.

2197 2891 2380 2960 Neque
2400 2907 2529 2946 vero
2553 2890 2682 2962 falsa
2712 2892 2826 2946 haec
2865 2892 3046 2962 opinio
3074 2891 3141 2944 de
3169 2890 3417 2962 Nestorio
3442 2890 3689 2962 9cciden-

2126 2959 2322 3016 talibus
2371 2962 2500 3016 solis
2553 2961 2734 3025 illusit,
2788 2959 3027 3026 auctore,
3052 2970 3111 3014 ut
3155 2961 3385 3022 videtur,
3428 2959 3696 3026 Cassiano;

2125 3031 2220 3086 sed
2273 3029 2572 3086 Orientales
2624 3046 2838 3101 quoque
2868 3047 2975 3085 non
3021 3046 3222 3101 paucos
3254 3031 3497 3101 decepit,
3546 3039 3701 3100 atque

2127 3101 2300 3170 ipsum
2330 3098 2807 3169 aliquandofquod
2835 3098 3078 3170 mirabile
3106 3111 3206 3163 cst,
3241 3098 3527 3170 Cyrillum;
3561 3098 3699 3155 risus

2049 3164 2095 3226 C
2125 3159 2208 3225 est
2234 3171 2374 3225 enim
2397 3159 2495 3241 ipsi
2518 3159 2792 3224 Nestorius
2821 3169 3088 3238 Virginem
3115 3159 3553 3241 Christimatrem
3582 3182 3700 3225 Oro-

2123 3242 2274 3298 τόκον
2301 3239 2580 3294 dicendam
2609 3241 2807 3294 idcirco
2844 3254 3060 3308 negare,
3102 3239 3247 3309 quod
3275 3239 3536 3293 Christum
3563 3256 3695 3309 ope-

2123 3312 2271 3364 ribus
2298 3311 2542 3365 crederet
2570 3309 3003 3379 conjunctionem
3032 3325 3161 3379 cum?
3179 3308 3378 3370 Verbo,
3396 3310 3542 3378 quasi
3559 3308 3702 3364 nier—

2123 3380 2310 3435 cedem
2352 3381 2548 3435 laboris
2569 3378 2687 3434 esse
2713 3380 3083 3449 promeritum.
3121 3378 3317 3432 Verum
3348 3379 3401 3432 id
3431 3379 3576 3432 initio
3604 3395 3697 3433 ac-

2123 3450 2271 3515 cidit,
2302 3465 2424 3504 eum
2466 3451 2692 3504 obscura
2723 3457 2866 3503 esset
2899 3449 3073 3504 adhuc
3103 3449 3336 3513 hzeresis,
3381 3464 3603 3519 seseque
3631 3452 3700 3503 ti-

2123 3519 2266 3575 mide
2311 3529 2405 3574 aut
2442 3520 2632 3575 callide
2677 3520 2857 3589 potius
2883 3534 2982 3588 per
3024 3525 3205 3589 partes
3232 3519 3502 3587 proderet,
3543 3528 3703 3586 atque

2123 3589 2195 3642 ita
2221 3589 2428 3644 falleret
2455 3590 2745 3659 prudentes
2773 3605 3014 3658 quosque
3037 3631 3051 3653 ,
3083 3589 3364 3659 ipsumque
3392 3589 3553 3642 etiam
3596 3589 3701 3658 Cy-

2123 3660 2320 3724 rillum,
2353 3661 2444 3728 qui
2474 3669 2672 3725 tamen,
2702 3676 2759 3713 re
2789 3659 3129 3728 postmodum
3170 3659 3339 3726 magis
3381 3668 3654 3727 perspecta
3681 3701 3696 3721 ,

2123 3730 2261 3784 hanc
2308 3727 2613 3798 opinionem
2662 3727 2929 3798 deposuit.
2987 3727 3119 3798 \fide
3160 3728 3700 3798 quiaaudisserlatione

2121 3795 2422 3868 septima'in
2465 3801 2696 3869 priorem
2733 3795 2953 3867 partem
2997 3795 3232 3869 Operam
3280 3795 3590 3869 Mercatoris
3628 3800 3704 3852 di-

2120 3877 2264 3923 ctum
2311 3877 2412 3932 est,
2463 3868 2584 3923 cum
2620 3876 2966 3923 revocaretur
2997 3868 3064 3921 ad
3110 3881 3335 3921 examen
3378 3868 3702 3936 epitaphium

2121 3938 2391 4008 quoddam
2415 3939 2681 4008 Prospero
2713 3938 2967 4008 tributum
2986 3979 3000 4002 ,
3049 3937 3195 4008 quod
3219 3938 3490 4008 communi
3520 3937 3703 4008 Nesto-

2121 4009 2284 4062 riana:
2316 4007 2719 4077 Pelagiariasque
2763 4007 2982 4061 hrcrésis
3029 4007 3277 4076 sepulcro
3306 4007 3701 4062 inscribendum

2122 4087 2283 4147 poeta
2314 4079 2609 4147 elegantius
2637 4093 2796 4145 quam
2823 4079 2998 4131 verius
3026 4077 3261 4145 scripsit.

2184 4171 2210 4232 §
2234 4170 2318 4219 ill.
2355 4169 2620 4232 Inquiritur
2641 4169 2803 4232 Opinio
2825 4168 3043 4218 Nestorii
3074 4169 3139 4218 de
3172 4176 3372 4230 peccato
3394 4168 3636 4228 originali.

2192 4253 2307 4306 Non
2361 4251 2580 4321 perinde
2624 4258 2933 4321 promptum
2996 4262 3079 4305 est
3125 4251 3266 4306 ferre
3321 4249 3581 4319 judicium
3634 4251 3705 4304 de

2119 4332 2300 4376 mente
2324 4321 2550 4376 Nestorii
2574 4322 2628 4376 in
2674 4322 2775 4375 hac
2811 4333 2962 4389 parte
3001 4321 3175 4385 tertia,
3207 4335 3369 4389 quam
3416 4321 3470 4373 in
3511 4321 3708 4389 priori-

2120 4393 2236 4446 bus.
2268 4392 2482 4446 Crimen
2508 4393 2650 4446 enim
2682 4391 2820 4445 tertii
2849 4391 3066 4461 erroris,
3097 4390 3242 4461 quod
3279 4406 3386 4445 non
3414 4390 3484 4443 sit
3513 4390 3707 4444 tradux

2124 4464 2348 4532 peccati,
2390 4462 2485 4516 sed
2525 4463 2638 4516 sola
2668 4461 2784 4515 sine
2829 4460 2986 4532 culpa
3021 4462 3089 4532 ab
3115 4459 3341 4532 _A_damo
3371 4461 3421 4514 in
3453 4469 3705 4529 posteros

436 4529 756 4586 catholicam
811 4529 1129 4584 sententiam
1175 4529 1440 4602 dicebant,
1497 4537 1821 4602 nontamen
1861 4539 2020 4602 sensu
2053 4534 2100 4593 ι)
2126 4529 2282 4602 pinna
2314 4534 2501 4586 mortis
2523 4539 2780 4602 transeat,
2817 4529 2933 4602 nec,
2954 4530 3107 4585 facile
3149 4529 3345 4599 depelli
3373 4538 3572 4598 potest,
3606 4545 3706 4602 nec

433 4602 718 4666 catholico,
749 4609 994 4655 sanctum
1024 4615 1216 4670 nempe
1242 4599 1498 4670 Spiritum
1527 4614 1558 4653 a
1594 4599 1754 4654 Patre
1795 4609 1850 4655 et
1878 4601 2014 4655 Filio

475 4673 748 4727 rocedere.

475 4689 501 4724 r
601 4688 633 4725 (ι
672 4688 697 4725 r
736 4711 748 4725 .

435 4688 470 4742 Ρ
502 4688 729 4808 (ὀοῶῗὲ
755 4741 930 4797 obiter
971 4741 1234 4811 quispiam
1269 4755 1366 4795 cur
1392 4739 1573 4794 Ariani
1621 4739 2018 4794 Macedoniam-

433 4827 540 4882 que
568 4827 730 4883 super
757 4825 820 4866 ea
849 4812 1163 4883 quazstione,
1195 4811 1629 4883 aut_sentiebant
1651 4850 1664 4875 ,
1699 4819 1790 4883 aut
1837 4811 2018 4879 potius

436 4880 792 4954 loquebantur
817 4880 938 4954 cum
968 4882 1264 4954 catholicis.
1295 4881 1352 4937 Id
1379 4882 1638 4954 fecerunt,
1672 4880 1881 4949 opinor,
1908 4897 2016 4951 quo

434 4952 672 5009 errorem
693 4969 847 5008 suum
870 4953 936 5008 de
963 4952 1166 5024 Spiritu
1197 4960 1384 5024 sancto
1414 4953 1554 5024 inter
1590 4959 1870 5024 creaturas
1889 4967 2016 5005 cen-

433 5025 601 5094 sendo
641 5032 863 5094 possent
901 5020 1072 5079 tribus
1107 5022 1420 5094 assumptis_
1438 5020 1714 5094 principiis
1759 5022 2005 5094 probare.

436 5089 803 5164 Primo,'quod
830 5092 1058 5164 Spiritus
1078 5089 1354 5164 sanctusia
1378 5089 1564 5164 Verbo
1585 5089 1921 5164 procederet,
1955 5099 2013 5144 nt

434 5171 552 5215 erat
581 5160 796 5216 traditio
823 5160 1118 5230 majorum;
1161 5160 1374 5225 deinde,
1408 5160 1570 5230 quod
1603 5162 1780 5214 omnia
1821 5170 2014 5230 preter

435 5232 626 5285 Filium
665 5232 836 5300 ipsum
865 5238 919 5284 et
940 5230 1153 5285 Patrem
1179 5245 1275 5299 per
1296 5229 1530 5284 Verbum
1545 5230 1682 5285 facta
1705 5231 1830 5293 sint,
1858 5229 2010 5297 juxta

432 5301 773 5367 evangelista:
803 5315 1018 5364 vocem;
1049 5301 1298 5369 denique,
1323 5300 1467 5369 quod
1506 5302 1806 5355 communis
1835 5300 2011 5354 homi-

431 5384 560 5424 num
591 5371 739 5424 notio
767 5371 861 5436 sit,
890 5379 1191 5440 creaturam
1227 5385 1347 5440 esse
1373 5370 1630 5440 quidquid
1671 5370 1866 5425 factum
1908 5377 2008 5423 est.

431 5440 832 5495 Concludebant
859 5441 1007 5510 enim,
1032 5458 1043 5492 :
1069 5439 1208 5510 Ergo
1229 5442 1274 5495 si
1311 5439 1542 5508 Spiritus
1570 5455 1600 5493 a
1627 5439 1803 5494 Verbo
1823 5455 2013 5508 proce-

431 5510 526 5572 dit,
551 5518 604 5565 et
636 5511 886 5579 quidquid
909 5526 939 5564 a
966 5509 1142 5581 Verbo
1155 5509 1406 5581 procedit
1434 5511 1629 5563 tactum
1661 5519 1760 5574 est,
1776 5520 1830 5561 et
1853 5524 2011 5564 omne

430 5583 627 5634 factum
655 5591 899 5636 creatura
928 5588 1027 5644 est,
1061 5580 1289 5651 Spiritus
1317 5589 1464 5636 certe
1489 5588 1735 5634 creatura
1764 5587 1862 5634 est.

499 5651 623 5706 Haec
643 5660 699 5706 ut
719 5651 916 5708 faciant
936 5652 1292 5717 suspicionem
1316 5667 1422 5705 non
1453 5651 1878 5717 levem,camque
1903 5664 2010 5703 ma-

429 5734 654 5788 gnorum
677 5724 916 5780 virorum
944 5719 1282 5787 Bellarmini,
1318 5720 1541 5787 Petavii,
1589 5719 1873 5788 Allatiiquc
1915 5734 2009 5773 au-

1743 5861 1796 5870 υτ
1799 5859 1841 5866 ι.-

2123 4599 2267 4657 clare
2311 4602 2614 4672 approbari.
2671 4600 2807 4655 Sunt
2847 4601 2899 4654 in
2948 4609 3230 4669 utramque
3272 4608 3478 4668 partem
3508 4599 3705 4672 rconje.

2121 4684 2288 4727 ctum
2316 4670 2489 4742 neque
2511 4686 2710 4742 paucae,
2744 4685 2919 4742 neque
2947 4672 3119 4742 leves;
3143 4679 3277 4742 sunt
3313 4677 3369 4722 et
3399 4670 3706 4742 testimonia

2122 4743 2362 4797 virorum
2383 4739 2814 4810 gravissimorum
2832 4739 2967 4795 hinc
2987 4747 3042 4810 et
3069 4739 3192 4810 inde
3211 4741 3519 4808 pugnantia.

2195 4811 2298 4867 Pro
2327 4809 2650 4881 depellendi),
2669 4810 2893 4881 crimine
2923 4809 3067 4881 facit,
3105 4809 3300 4881 primo,
3333 4810 3705 4881 testimonium

2122 4877 2577 4950 Coelestini'papae
2615 4879 2865 4935 Nestorio
2907 4877 3233 4950 scribentis:
3269 4877 3511 4949 Legimus
3550 4896 3708 4949 quam

2123 4951 2246 5005 bene
2274 4949 2448 5005 teneas
2471 4950 2725 5020 originale
2759 4958 3064 5020 peccatum:
3093 4949 3313 5020 qualiter
3351 4951 3518 5020 ipsam
3560 4958 3713 5020 uatu-

2117 5038 2230 5075 ram
2258 5016 2894 5084 asserueris’debitricem,
2927 5027 2976 5072 et
3003 5016 3118 5072 cum
3130 5021 3314 5072 merito
3338 5016 3560 5072 debitum
3586 5019 3711 5070 red—

2117 5091 2255 5153 dere,
2289 5093 2375 5162 qui
2397 5089 2657 5143 descendit
2683 5088 2746 5142 de
2789 5106 2972 5161 genere
3017 5088 3304 5159 debitoris(
3324 5088 3344 5141 Ι
3372 5097 3509 5158 part.
3555 5103 3707 5140 conc.

2119 5159 2310 5227 Ephes.
2345 5177 2390 5213 c.
2425 5159 2533 5227 15).

2221 5177 2310 5214 188.
2345 5177 2390 5213 ε.
2425 5177 2533 5214 ID).

2162 5177 2558 5284 .plggscitcdelimde
2578 5228 2675 5300 illa
2700 5230 2814 5300 ipsa
2852 5228 3087 5300 Nestorii
3117 5227 3404 5300 sententia,
3433 5227 3715 5300 inquam

2118 5298 2440 5354 leestinus
2484 5294 2735 5354 scribens
2774 5299 3012 5354 animum
3050 5297 3363 5353 intendebat
3402 5314 3416 5349 :
3465 5294 3715 5350 Christus

2119 5370 2347 5424 debentia
2374 5368 2597 5439 suscepit
2623 5385 2893 5438 personam
2916 5379 3134 5431 naturae,
3153 5378 3313 5439 etper
3338 5383 3450 5421 eam
3480 5367 3719 5439 debitum

2118 5449 2378 5510 tamquam
2400 5436 2532 5497 Addi
2554 5436 2698 5511 filius
2719 5439 2970 5511 reddidit;
3019 5436 3302 5511 oportebat
3310 5439 3450 5511 enim
3480 5436 3718 5511 debitum

2113 5505 2331 5563 tuentem
2360 5526 2425 5564 ea:
2455 5505 2637 5581 genere
2664 5509 3013 5581 deduciejus,
3046 5505 3133 5581 qui
3161 5507 3229 5581 id
3249 5505 3530 5577 aliquando
3575 5521 3718 5558 con-

2113 5526 2331 5563 tuentem
2360 5526 2425 5564 ea:
2455 5527 2637 5581 genere
2664 5526 2844 5563 aeauci
2873 5526 3013 5630 elus,
3046 5526 3133 5581 qui
3161 5577 3164 5582 ι

2112 5589 2344 5633 traxerat
2374 5581 2390 5649 (
2416 5581 2584 5635 Serm.
2623 5581 2653 5631 7
2674 5596 2814 5633 num.
2844 5579 2864 5630 i
2914 5578 2951 5645 ).
3107 5647 3114 5649 Α

2183 5649 2318 5703 Tum
2350 5641 2447 5702 ista
2479 5649 2718 5716 ejusdem
2733 5641 2997 5716 sermonis
3009 5647 3174 5700 verba
3197 5648 3213 5712 (
3223 5645 3382 5703 Ibid..
3408 5661 3547 5698 utrm.
3563 5641 3674 5716 19)
3699 5659 3714 5695 :

2112 5719 2266 5772 Hunc
2318 5719 2381 5772 de
2431 5715 2621 5774 diaboli
2644 5719 2855 5773 victoria
2885 5715 3118 5771 Christus
3160 5733 3321 5787 agens
3361 5715 3714 5782 triumphum.
