3980 6182
446 295 585 350 “63

1018 293 1110 349 AD
1150 292 1430 350 PARTEM
1467 293 1835 353 SECUNDUM
1870 294 2149 354 OPERUM
2189 298 2258 354 Μ.
2299 299 2736 359 MERCATORIS
2775 302 3139 361 API’ENDIX.

3595 309 3734 366 ιιθι

440 410 466 472 §
496 409 576 458 ιν.
613 409 735 468 Ome
757 409 906 458 fuerit
928 409 1091 470 opinio
1112 407 1326 481 Nestorii
1349 409 1415 456 de
1441 407 1632 459 auxiliis
1654 411 1826 470 gratia:
1847 408 2030 460 divina
2060 413 2108 471 Α
2135 409 2192 465 Si
2220 413 2363 468 enim
2411 415 2553 469 nulla
2597 425 2680 470 est
2705 417 2881 471 carnis
2918 433 3041 472 cum
3081 417 3258 473 verba
3278 418 3402 474 vim
3427 419 3576 477 ίοηιε
3601 424 3734 481 ungo

1047 484 1136 531 per
1159 471 1417 520 Christum.

513 555 588 607 De
613 559 805 624 quarto
833 566 1038 624 errore,
1054 552 1147 624 qui
1177 551 1242 624 ad
1267 552 1452 624 gratia:
1472 553 1664 608 divina:
1693 554 1890 608 auxilia
1911 570 2036 624 per-

441 625 592 687 tinet,
623 623 852 676 diximus
880 623 934 675 in
966 623 1107 676 notis
1127 623 1193 676 ad
1217 623 1435 677 tertium
1454 637 1757 678 sermonem
1778 623 2034 679 adversus

441 694 788 760 Pelagianos:
822 693 911 746 ubi
942 693 1364 759 observavimus,
1388 695 1697 748 meminisse
1725 694 2033 749 Nestorium

438 765 664 831 gemina:
692 764 882 818 mortis
905 777 1005 832 per
1023 772 1300 832 peccatum
1321 772 1631 828 contracto,
1663 773 1719 818 et
1755 780 1786 818 a
1814 762 2032 818 Christo

437 823 723 888 destructa:
756 850 768 885 :
801 823 1132 903 alteramque
1171 823 1475 889 detinivisse
1504 823 1830 890 solutionem
1868 836 2032 890 animi

438 904 992 986 a‘corpore3alteram
1020 905 1259 986 ejusdem
1281 906 1677 986 separatienem
1702 921 1733 958 a
1762 905 2034 986 Dem-pu-

438 975 786 1048 ple.e,inquit,
811 975 866 1028 in
882 991 984 1048 nos
1010 976 1301 1029 mortalitas
1323 975 1678 1046 grassabatur,
1701 992 1804 1048 una
1825 977 2032 1048 quidem

439 1045 676 1100 accidens
703 1045 909 1118 mortali
938 1062 1002 1098 ev
1032 1056 1239 1118 peremo
1269 1045 1423 1117 factm
1441 1055 1674 1112 natum;
1705 1045 2032 1118 altera,qu

438 1118 668 1172 scientia:
695 1115 982 1188 abjectiorie
995 1117 1249 1188 contingit
1261 1115 1284 1188 ἐγ
1307 1118 1567 1187 utriusque
1594 1119 1770 1188 Opifea:
1796 1115 2028 1171 diabolus

441 1191 607 1260 factus
632 1194 725 1248 est,
749 1184 894 1260 quem
909 1184 1154 1260 Christus
1176 1184 1396 1260 elidens,
1429 1184 1494 1240 eai
1513 1184 1731 1260 utraque
1759 1188 1916 1240 vitam
1936 1203 2032 1241 no-

439 1257 601 1313 stram
626 1257 1018 1328 mortiﬁcatione
1054 1257 1255 1322 levavit,
1299 1259 1531 1310 animam
1569 1257 1801 1312 videlicet
1830 1273 2027 1328 prlece-

438 1331 541 1398 ptis
578 1325 949 1400 vi-viﬁcantibus
991 1328 1210 1396 erigens,
1243 1329 1614 1400 resurrectione
1659 1344 1776 1400 vero
1816 1325 1872 1383 id
1893 1328 2030 1400 quod

437 1397 656 1452 mortale
682 1405 767 1469 est»
781 1413 1018 1451 recreans
1047 1406 1198 1468 atque
1225 1399 1494 1452 restituens
1512 1397 1705 1469 (Serm.
1724 1398 1758 1452 5
1783 1397 2028 1454 adversus

441 1466 800 1540 Pelagianos).

509 1536 590 1593 Ad
616 1552 733 1606 quae
761 1537 924 1592 verba
954 1537 1247 1593 notandum
1273 1545 1373 1602 est,
1397 1536 1721 1603 Nestorium,
1739 1553 1863 1594 cum
1890 1557 2030 1597 mor-

437 1620 547 1664 tem
575 1607 737 1679 animi
783 1607 1088 1679 abjectione
1126 1609 1364 1662 scientia:
1399 1607 1601 1679 deﬁnit,
1647 1609 1810 1663 vitam
1839 1613 2022 1679 animi,

437 1696 543 1734 non
573 1681 624 1732 in
672 1677 939 1731 charitate‘
977 1679 1325 1743 constituere,
1355 1678 1450 1731 sed
1482 1679 1533 1731 in
1561 1679 1818 1746 scientia;
1862 1677 2024 1746 atque

437 1752 508 1804 ita
531 1748 727 1818 Christi
756 1748 1002 1814 gratiam,
1035 1750 1315 1818 praeceptis
1343 1746 1751 1812 vivificantibus,
1785 1766 1892 1805 non
1924 1746 2026 1807 dif-

437 1820 643 1873 l'usione
668 1817 970 1882 charitatis,
1003 1819 1106 1872 hoc
1128 1817 1228 1882 est,
1249 1820 1365 1887 lege
1388 1826 1442 1872 et
1468 1819 1852 1876 illuminatione
1873 1837 2019 1877 men-

439 1892 523 1952 tis,
555 1905 662 1943 non
691 1888 860 1955 gratia
890 1897 946 1941 et
966 1889 1316 1957 inspiratione
1345 1888 1656 1952 voluntatis,
1688 1890 2028 1948 circumscri-

435 1961 564 2014 here
597 1978 608 2012 :
642 1973 759 2028 quae
803 1959 982 2012 omnia
1018 1975 1152 2029 pura
1181 1968 1309 2028 puta
1337 1967 1462 2013 sunt
1501 1959 1904 2028 Pelagianorum
1932 1964 2030 2019 do-

457 2038 639 2084 rmala.

457 2047 639 2084 rmata.

437 2047 468 2098 Β
507 2100 656 2154 llane
684 2099 753 2153 ob
773 2114 886 2153 rem
917 2099 1095 2154 aiebat
1136 2099 1469 2154 incarnatum
1497 2098 1659 2154 fuisse
1686 2099 1941 2170 Verbum,
1973 2113 2028 2160 et

436 2172 704 2225 habitasse
751 2170 802 2224 in
833 2171 1069 2232 homine,
1111 2185 1270 2239 quem
1311 2172 1613 2239 assumpsit,
1651 2179 1709 2224 ut
1733 2171 2023 2240 hominem,

437 2241 487 2294 id
516 2249 616 2303 est,
649 2240 841 2295 divinae
870 2248 1072 2294 naturae
1099 2241 1386 2309 imaginem
1432 2240 1696 2308 dejectam
1749 2241 1801 2294 in
1836 2259 2028 2299 corru-

434 2312 692 2380 ptionem,
725 2311 1062 2376 restitueret,
1091 2309 1202 2381 Sed
1224 2326 1383 2380 quam
1405 2311 1806 2381 corruptionem
1833 2313 2028 2368 intelli-

434 2392 616 2447 geret,
644 2396 772 2434 mox
798 2381 1056 2445 declarat,
1105 2380 1339 2435 adducto
1377 2380 1620 2449 Apostoli
1668 2383 1977 2439 testimonio
2009 2403 2024 2438 :

436 2452 694 2517 Quoniam
715 2467 807 2521 per
834 2451 1092 2521 hominem
1120 2466 1295 2521 mors,
1311 2460 1360 2503 et
1383 2467 1474 2521 per
1497 2451 1757 2506 hominem
1792 2469 2023 2509 resurre-

433 2526 534 2577 vtio
555 2519 872 2576 mortuorum
903 2519 956 2582 (1
982 2519 1099 2575 Cor.
1133 2537 1219 2585 xv,
1238 2519 1347 2589 12).
1373 2519 1500 2576 Inde
1526 2523 1688 2576 etiam
1716 2521 1914 2578 factum
1943 2533 2027 2580 est

433 2602 493 2648 ut
521 2607 642 2648 cum
671 2591 982 2646 ostenderet
1005 2591 1412 2646 maledictiones
1439 2607 1572 2661 quas
1602 2592 1741 2646 Deus
1767 2593 1821 2647 in
1851 2595 2026 2649 homi-

435 2678 560 2717 num
591 2676 760 2731 genus
788 2661 1092 2729 conjecerat
1118 2676 1148 2715 a
1177 2661 1391 2714 Christo
1415 2662 1619 2716 solutas
1647 2661 1828 2729 fuisse,
1858 2666 2025 2718 male-

432 2734 680 2804 dictionis
701 2732 1037 2804 plurimmad
1064 2746 1278 2801 corpus,
1310 2731 1506 2787 nullius
1533 2732 1600 2787 ad
1626 2733 1859 2787 animam
1898 2750 2024 2804 per-

433 2803 654 2857 tinentis
681 2801 1005 2856 meminerit.

504 2873 629 2928 Haec
655 2872 868 2940 tandem
901 2886 1072 2943 causa
1101 2869 1199 2925 fuit
1236 2886 1334 2943 cur
1361 2871 1412 2926 in
1448 2872 1590 2926 nulla
1613 2880 1766 2942 parte
1786 2870 2021 2943 Operum

435 2943 762 2998 mentionem
779 2940 963 3010 gratia:
984 2943 1253 3012 interioris
1268 2941 1472 2997 fecerit.
1495 2940 1676 3012 Neque
1696 2957 1825 2998 vero
1835 2940 2023 3000 facere

434 3014 639 3084 potuit;
669 3013 1076 3084 quisquisenim
1098 3010 1367 3067 Christum
1396 3010 1644 3084 opinatus
1670 3013 1828 3068 fuerit
1846 3014 2021 3069 solum

431 3082 553 3156 esse
582 3084 874 3156 hominem,
917 3082 1059 3156 hune
1082 3091 1316 3156 oportet,
1358 3083 1500 3150 quod
1531 3098 1671 3156 sgepe
1695 3085 1889 3156 repetit
1915 3084 2020 3156 Cy-

2137 498 2280 547 vera,
2316 485 2460 539 nulla
2498 500 2716 555 quoque
2759 495 2842 541 est
2863 487 3023 542 Verbi
3046 504 3169 543 cum
3192 504 3358 545 carne
3387 501 3579 548 nostra
3605 511 3730 550 vera

2134 555 2282 632 unio,
2308 556 2571 632 atque_ita
2600 557 2653 610 in
2681 572 2880 632 corpus
2907 566 3147 632 nostrum
3174 575 3206 632 _e
3244 559 3426 632 Yerbo
3454 578 3559 632 per
3579 581 3733 620 com-

2132 625 2456 697 munionem
2471 625 2844 697 immortalitas
2865 643 2971 681 non
2993 629 3227 697 proﬂuit.
3261 629 3379 685 Non
3401 625 3590 687 tamen
3616 637 3732 692 sine

2132 709 2294 765 causa
2318 695 2572 765 theologi,
2600 712 2737 765 quos
2757 695 3367 763 ludam—Nestorianos
3392 703 3654 759 dixerunt
3668 706 3732 761 de

2131 764 2458 841 eucharistia
2478 764 2630 841 reete
2671 768 2921 841 sensisse,
2946 783 3046 841 nec
3074 770 3319 841 a_Cyrilli
3340 774 3614 828 sententia
3645 791 3731 830 re-

2130 835 2395 908 cessisse;
2418 836 2648 908 Cyrillus
2675 838 2820 892 enim
2859 839 2928 893 de
2957 839 3006 892 vi
3047 835 3318 896 elfectrice
3364 844 3728 908 eucharistia,

2131 919 2293 984 quam
2314 905 2526 984 infringi
2537 923 2588 984 ra-
2605 907 2852 984 Nestorio
2865 909 3218 984 querebatur;
3241 912 3326 966 isti
3337 912 3417 984 de
3439 915 3572 968 reali
3594 905 3730 984 prie;

2131 976 2304 1029 sentia
2325 976 2727 1053 carnis__Christi
2749 994 2871 1032 cum
2884 976 3151 1049 symbolis
3171 981 3551 1053 loquebantur,
3565 976 3728 1053 quam

2131 1048 2472 1124 przesentiam
2501 1047 2797 1124 NestOrius,
2829 1047 2952 1103 cum
2983 1057 3096 1104 tota
3122 1051 3204 1104 sui
3245 1047 3516 1121 temporis
3538 1047 3730 1124 pristi-

2131 1115 2292 1181 nique
2320 1115 2580 1181 Ecclesia,
2604 1115 2892 1173 fatebatur.

2249 1201 2349 1241 anc
2372 1202 2500 1242 vero
2534 1187 2767 1242 Nestorii
2798 1189 2974 1252 tidem,
3007 1205 3131 1247 cum
3159 1190 3262 1247 alia
3304 1193 3473 1247 multa
3502 1193 3728 1249 demon-

2127 1263 2318 1328 strant,
2354 1265 2466 1311 tum
2495 1272 2558 1311 ea
2586 1259 2835 1323 maxime,
2867 1273 2987 1328 quae
3025 1275 3276 1328 sermone
3303 1261 3355 1326 2,
3388 1261 3422 1315 8
3450 1272 3507 1318 et
3535 1263 3569 1315 9
3595 1281 3728 1319 con-

2129 1325 2384 1390 tinentur,
2413 1329 2466 1381 in
2491 1328 2685 1396 quibus
2710 1329 2786 1382 ait
2813 1325 3032 1384 carnem
3051 1327 3249 1385 Christi
3271 1347 3304 1385 a
3326 1325 3481 1387 nobis
3504 1334 3732 1387 mandu-

2127 1398 2258 1461 cari,
2301 1413 2403 1452 nec
2431 1405 2608 1451 tamen
2651 1413 2718 1452 eo
2747 1399 2909 1453 modo
2936 1414 3044 1467 quo
3071 1400 3224 1454 cibus
3251 1402 3537 1456 invisibilis
3576 1420 3731 1458 men—

2129 1467 2282 1536 tium,
2316 1467 2591 1522 Divinitas.
2627 1467 2997 1536 lnterrogabat
3035 1470 3198 1534 enim,
3222 1486 3346 1526 cum
3368 1472 3572 1527 dictum
3597 1475 3730 1528 illud

2127 1535 2325 1590 Christi
2355 1545 2668 1613 exponeret,
2705 1537 2804 1613 Qui
2834 1535 3134 1613 ‘mandncat
3178 1558 3278 1606 me,
3328 1554 3379 1595 et
3425 1545 3537 1613 ipse
3582 1546 3727 1605 sirit,

2127 1621 2287 1730 auem
2311 1607 2715 1671 manducemus,
2733 1608 3072 1664 Divinilalem
3096 1624 3164 1664 an
3187 1626 3403 1666 carnem
3423 1607 3522 1676 ;'ut
3552 1623 3737 1668 osten-

2163 1687 2280 1730 eret
2316 1686 2536 1730 naturas
2563 1694 2660 1730 ner
2695 1679 3119 1730 incarnationem
3147 1697 3256 1730 non
3305 1697 3426 1730 esse
3473 1683 3730 1730 cnnfnsns

2163 1687 2280 1731 eret
2316 1686 2536 1732 naturas
2563 1694 2660 1748 per
2695 1679 3119 1748 incarnationem
3147 1697 3256 1736 non
3305 1697 3426 1737 esse
3473 1683 3730 1737 confusas

2131 1756 2219 1800 aut
2235 1763 2542 1824 conversas,
2565 1747 2996 1824 quandoquidem
3019 1765 3122 1804 una
3145 1751 3514 1824 manducamr,
3533 1769 3728 1824 nempe

2131 1833 2289 1883 caro;
2340 1819 2510 1873 altera
2555 1835 2662 1873 non
2718 1819 3091 1886 manducetur,
3145 1823 3397 1876 nimirum
3445 1819 3726 1878 Divinitas.

2131 1887 2310 1958 Sumit
2329 1902 2458 1956 ergo
2485 1889 2638 1958 quasi
2666 1905 2779 1944 rem
2808 1889 3109 1944 confessam
3137 1900 3191 1945 et
3216 1908 3323 1945 non
3363 1892 3579 1946 dubiam
3609 1910 3728 1948 car-

2133 1973 2254 2010 nem
2283 1957 2482 2012 Christi
2510 1957 2542 2012 a
2572 1959 2728 2014 nobis
2757 1959 3068 2014 manducavi
3099 1961 3165 2015 ad
3193 1976 3403 2016 sacram
3432 1977 3678 2018 mensam
3711 1985 3724 2016 :

2130 2029 2366 2099 alioquin
2398 2045 2464 2084 ex
2487 2043 2555 2084 eo
2577 2031 2719 2099 quod
2749 2029 3007 2084 Divinitas
3034 2045 3143 2084 non
3183 2031 3566 2097 manducetur,
3600 2049 3728 2088 caro

2129 2098 2498 2161 manducetur,
2538 2098 2700 2154 stulte
2747 2099 2968 2154 omnino
3020 2101 3376 2156 conclusisset
3421 2111 3646 2158 naturas
3671 2106 3724 2157 in

2129 2167 2342 2223 Christo
2362 2184 2460 2238 per
2479 2169 2924 2235 incarnationem,
2949 2183 3122 2238 neque
3150 2171 3404 2226 confusas
3433 2173 3623 2237 fuisse,
3641 2190 3731 2228 ne-

2128 2253 2235 2308 que
2256 2238 2484 2294 invicem
2516 2246 2896 2294 eommutatas.
2926 2238 3264 2308 Responsum
3294 2243 3437 2296 enim
3465 2247 3731 2298 continuo

2151 2309 2314 2363 'uisset
2339 2315 2621 2392 utramque
2650 2325 2746 2365 ore
2764 2309 2881 2363 solo
2902 2310 3098 2364 mentis
3119 2311 3449 2380 manducari,
3478 2323 3730 2368 neutram

2129 2393 2224 2432 ore
2253 2395 2453 2435 carnis.

2199 2448 2313 2504 Huc
2340 2449 2466 2506 facit
2485 2449 2631 2520 quod
2651 2449 2887 2522 habetur
2905 2463 3159 2522 sermone
3189 2451 3221 2503 7
3239 2491 3253 2515 ,
3270 2452 3366 2522 ubi
3391 2452 3534 2522 idem
3563 2468 3732 2522 argu-

2127 2527 2365 2574 mentum
2405 2527 2604 2575 tractat
2649 2520 2945 2584 Nestorius,
2997 2521 3179 2589 aitque
3213 2539 3225 2572 -.
3259 2520 3374 2575 Nec
3417 2521 3517 2576 Dei
3571 2520 3730 2577 Verbi

2126 2599 2340 2661 mortem
2365 2607 2458 2644 nos
2478 2592 2846 2661 annuntiamus
2865 2630 2879 2651 ,
2910 2605 3026 2642 cum
3048 2588 3260 2645 Domini
3289 2608 3504 2661 corpore
3528 2602 3581 2646 et
3601 2611 3732 2647 san-

2125 2660 2281 2729 guine
2301 2663 2589 2730 poscimur;
2621 2659 2720 2713 Dei
2753 2661 2888 2713 enim
2926 2668 3116 2730 natura
3141 2659 3459 2730 sacriﬁcium
3478 2665 3726 2730 suscipit,

2125 2728 2230 2782 non
2249 2728 2364 2800 ipsa
2391 2730 2650 2799 sacriﬁcio
2679 2730 2992 2783 immolatur.
3024 2728 3309 2786 Concludit
3345 2733 3490 2786 enim
3517 2749 3590 2788 eo
3619 2728 3727 2787 loci

2127 2805 2435 2872 naturarum
2451 2804 2750 2872 ᾁσύγχυσιν
2771 2801 3247 2872 θι-ἁμεταϐλησίαν,
3261 2816 3336 2872 ex
3354 2817 3418 2857 eo
3439 2803 3590 2870 quod
3614 2819 3729 2857 non

2125 2868 2433 2925 immoletur
2452 2868 2731 2936 Divinitas,
2755 2869 2850 2924 sed
2875 2885 3003 2924 caro
3025 2871 3078 2924 in
3104 2869 3385 2935 sacrificio,
3416 2868 3566 2940 quod
3595 2881 3726 2926 tunc

2125 2941 2413 3008 peragitur,
2445 2956 2567 3010 eum
2587 2955 2815 3010 corpore
2838 2948 2893 2994 et
2913 2941 3173 3009 sanguine
3193 2941 3406 2996 Domini
3425 2944 3725 3010 pasciur;

2123 3010 2216 3077 qui
2244 3011 2388 3064 enim
2431 3009 2586 3065 ﬁeret
2619 3009 2881 3065 ut’unum
2917 3011 3310 3074 immolaretur,
3352 3009 3582 3066 alterum
3613 3029 3728 3066 non

2124 3080 2275 3145 item,
2296 3081 2342 3134 si
2361 3081 2447 3135 vel
2468 3083 2626 3136 ambo
2647 3081 2701 3134 in
2723 3096 2886 3134 unum
2907 3080 3183 3145 coiissent,
3199 3082 3283 3135 vel
3305 3082 3529 3136 alterum
3553 3090 3731 3136 trans-

434 3155 601 3218 rillus,
625 3167 824 3222 negare
845 3153 1065 3208 humani
1091 3150 1302 3223 generis
1321 3168 1503 3207 veram
1530 3150 1675 3208 illam
1693 3150 2022 3224 redemptio-
2047 3152 2092 3214 C
2127 3150 2275 3224 iisset
2305 3151 2356 3204 in
2387 3152 2633 3224 alterum.
2653 3150 2759 3224 Sui
2789 3151 3247 3224 porroratiocinii
3278 3151 3603 3224 principium
3626 3168 3726 3207 ac-v

434 3241 556 3279 nem
585 3239 689 3291 qua
720 3225 1010 3278 liberamur
1041 3239 1070 3276 a
1095 3231 1348 3292 peccato,
1383 3230 1662 3291 totumque
1691 3223 2022 3278 incarnatio-

432 3296 516 3348 nis
536 3294 766 3347 fructum
796 3294 849 3348 in
877 3291 1124 3362 exemplo
1148 3291 1345 3345 Christi
1365 3307 1587 3361 ponere,
1611 3293 1754 3361 quod
1779 3293 2022 3362 Pelagia-

433 3379 515 3417 na:
540 3363 706 3433 pestis
734 3361 1172 3417 nocentissimum
1201 3376 1468 3414 venenum
1490 3369 1592 3415 est.

431 3477 459 3539 δ
483 3475 536 3526 ν.
564 3476 639 3524 An
665 3475 904 3539 erraverit
924 3473 1180 3539 Nestorius
1198 3474 1330 3539 eirea
1361 3474 1553 3524 modum
1577 3487 1674 3538 quo
1714 3474 1890 3528 Christi
1912 3490 2024 3528 cor-

647 3548 740 3599 pus
764 3536 1070 3585 eucharistize
1092 3535 1322 3598 symbolis
1349 3549 1565 3599 praesens
1591 3535 1802 3588 'sistitur.

503 3644 574 3699 Ut
603 3642 877 3712 inquisitio
905 3641 1077 3711 quinti
1105 3642 1306 3697 erroris
1337 3641 1405 3696 de
1438 3643 1760 3700 eucharistia
1791 3646 2024 3702 admira-

433 3717 592 3770 bilior
625 3715 802 3769 futura
835 3720 937 3777 est,
960 3713 1535 3786 propternovitatem;
1562 3715 1632 3768 ita
1662 3723 1718 3770 et
1742 3719 2026 3786 operosior

433 3787 661 3846 videtur,
715 3792 937 3853 propter
967 3782 1383 3854 pracjudicatam
1411 3782 2025 3854 quorumdam—senten-

435 3858 565 3912 tiam
591 3875 604 3908 :
629 3855 933 3909 necessaria
951 3863 1128 3926 tamen
1149 3861 1232 3926 est
1253 3869 1375 3926 cum
1396 3855 1626 3910 Nestorii
1650 3857 1815 3926 ipsius
1838 3872 2021 3922 causa,

434 3937 546 3980 tum
588 3927 844 3990 aliorum;
886 3932 941 3980 et
979 3924 1212 3978 Nestorii
1239 3923 1486 3991 quidem,
1527 3923 1800 3994 quoniam,
1853 3935 1910 3980 ut
1950 3930 2026 3983 ait

432 3997 681 4072 Cyrinus,
706 3997 978 4072 ῌεστὸριος
1004 3998 1090 4049 καί
1117 3996 1164 4072 oi
1193 3997 1259 4048 τὰ
1282 3997 1445 4072 *αὖε-οὖ
1465 4004 1757 4072 φρονοῷγςτες
1785 4000 2020 4072 παραλύ-

432 4062 805 4139 οιῖσιν-ἀμαθῶς
820 4062 908 4122 τοῦ
923 4068 1207 4139 μυστηρίου
1233 4070 1320 4123 τὴν
1349 4062 1578 4137 δύναμιν.
1607 4065 1847 4139 Aliorum
1863 4062 2019 4139 'vero,

430 4139 556 4206 quia
587 4135 728 4190 inter
755 4135 1242 4206 controversiarum
1285 4135 1605 4206 tractat'ores
1642 4137 2022 4193 scholasticos—

431 4204 536 4276 que
585 4207 868 4272 theologos
898 4204 1100 4276 reperti
1126 4211 1252 4276 sunt
1279 4205 1370 4274 qui
1398 4204 1639 4260 dicerent
1675 4205 2024 4264 Nestorianos

431 4275 497 4330 de
518 4277 840 4346 eucharistia
865 4275 1012 4330 recte
1023 4275 1274 4336 sensisse,
1287 4277 1532 4346 quamvis
1552 4276 1619 4330 de
1641 4278 2023 4346 conjunctione

431 4347 609 4401 carnis
635 4362 758 4400 cum
781 4345 964 4414 Verbo
985 4351 1246 4400 errarent.
1272 4343 1401 4410 Quis
1422 4360 1585 4414 porro
1603 4347 1675 4401 sit
1700 4343 1889 4403 sensus
1912 4363 2025 4403 ver-

432 4417 624 4485 borum
651 4415 734 4469 vel
763 4413 967 4484 Cyrilli,
1009 4415 1094 4469 vel
1135 4413 1438 4469 doctornm’
1461 4429 1597 4484 quos
1623 4417 1762 4485 dixi,
1804 4433 1910 4472 non
1941 4427 2023 4474 est

430 4483 646 4540 diﬂicile
691 4483 1238 4558 intelligere:_planus
1265 4494 1412 4539 certe
1440 4483 1566 4558 mox
1593 4487 1704 4558 liet,
1736 4483 2020 4558 postquam

430 4565 644 4680 ξενιᾳ-ο,
685 4570 805 4627 qua:
849 4553 1222 4611 reconditioris
1268 4564 1395 4609 sunt
1430 4555 1705 4623 doctrinae,
1739 4553 2019 4628 'explicata

453 4636 644 4680 uerlnt.

453 4628 644 4682 uerint.

505 4695 572 4750 Ut
600 4704 780 4751 autem
826 4693 1620 4768 eXplicentur,_observandum
1667 4707 1780 4757 est.
1825 4700 2019 4768 primo,

429 4766 687 4840 Cyrillum
715 4775 770 4821 et
798 4763 962 4840 apud
980 4780 1039 4820 se
1051 4765 1317 4840 sensisse,
1337 4772 1402 4840 _et
1453 4763 1699 4840 Patribus
1719 4763 2023 4840 Ephesinis

429 4834 777 4909 persuasisse,
812 4834 920 4909 tres
949 4836 1003 4890 in
1050 4834 1400 4909 Eucharistire
1426 4834 1837 4909 pertieipatione
1877 4842 2023 4909 cogi-

429 4906 532 4963 tari
559 4909 758 4964 debere
784 4907 1042 4962 uniones:
1076 4921 1236 4960 unam
1259 4906 1433 4960 carnis
1451 4906 1646 4960 Christi
1669 4924 1790 4964 cum
1821 4906 2019 4972 Verbo,

428 4994 656 5047 eamque
703 4977 1064 5032 immediatam
1115 4986 1170 5031 et
1214 4977 1519 5047 physicam;
1569 4978 1792 5033 alteram
1841 4983 2020 5036 carnis

427 5056 626 5102 nostrae
648 5064 770 5102 cum
792 5063 953 5103 carne
970 5047 1187 5112 Christi,
1204 5053 1259 5102 et
1279 5061 1398 5100 eam
1418 5055 1633 5115 quoque.
1655 5049 2016 5106 immediatam

428 5127 481 5171 et
508 5117 814 5189 physieam;
863 5125 1192 5189 postremam
1233 5117 1524 5189 mediatam
1567 5121 1810 5189 corporis
1847 5122 2016 5176 nostri

425 5179 550 5243 cum
569 5179 760 5251 Verbo,
785 5179 1007 5255 ett-quo,
1030 5187 1108 5242 sic
1128 5194 1398 5254 tamquam
1421 5201 1483 5241 ex
1502 5187 1649 5244 fonte
1668 5179 1848 5245 omnis
1869 5193 2010 5256 vitm,

427 5273 537 5313 non
567 5262 774 5332 tantum
803 5257 857 5310 in
881 5258 1434 5332 animam_spiritualis
1463 5258 1588 5325 vita,
1621 5260 1714 5316 sed
1745 5262 1795 5315 in
1818 5277 2014 5332 corpus

426 5341 643 5396 quoque
672 5325 1338 5396 immortalitasﬁel'llueret.

497 5396 834 5469 Quapropter
861 5398 915 5469 in
942 5412 1009 5452 co
1036 5395 1264 5469 Cyrillus
1294 5398 1398 5452 vim
1419 5399 1756 5455 eucharistia“;
1783 5401 2014 5456 ellicien-

428 5466 662 5536 tiamque
689 5466 1007 5532 collocabat,
1039 5466 1183 5538 quod
1221 5483 1350 5522 vere
1391 5483 1422 5521 a
1468 5470 1623 5524 nobis
1661 5471 2014 5526 manducetur

425 5553 552 5615 caro
573 5539 711 5615 facta
737 5541 1009 5615 Cw0ﬁ0t6;,_
1027 5544 1246 5615 propter
1286 5539 1538 5615 unionem
1564 5556 1686 5615 eum
1708 5541 1914 5615 _\[erbo_
1937 5553 2011 5615 τῷ

425 5611 489 5666 τὰ
519 5611 684 5666 πάντα
711 5615 966 5674 ζωοποιεῖν
993 5610 1235 5680 ἰσχρονῂτι
1265 5627 1276 5661 :
1301 5618 1462 5676 atque
1483 5609 1679 5680 idcirco
1708 5609 2010 5668 Neswriutit

428 5680 620 5733 merito
665 5681 937 5749 arguebat,
969 5678 1112 5747 quod
1154 5679 1258 5733 vim
1286 5679 1621 5749 eucharistia!
1651 5684 1894 5747 ζωοποιὸν
1925 5683 2007 5736 ἰη-

429 5750 705 5818 fringeret,
735 5747 943 5805 sublata
983 5749 1156 5805 carnis
1197 5764 1320 5804 cum
1359 5747 1534 5805 Verbo
1572 5753 1744 5808 ενώσει
1795 5759 2001 5820 qua-lxii.

2049 4523 2102 4587 D

2125 3222 2286 3292 cepit,
2319 3237 2515 3292 corpus
2537 3220 2735 3292 Christi
2763 3220 3004 3292 quotidie
3043 3221 3183 3292 inter
3211 3237 3363 3292 sacra
3391 3220 3643 3292 mysteria
3665 3232 3729 3276 et

2126 3291 2424 3357 immolari,
2464 3301 2519 3345 et
2562 3291 2691 3346 edi:
2724 3291 2868 3360 quod
2906 3292 3009 3345 nisi
3049 3291 3195 3345 velut
3234 3291 3590 3346 indubitatum
3621 3308 3726 3346 sua

2124 3368 2284 3432 astate
2313 3370 2475 3430 atque
2503 3377 2813 3416 concessum
2856 3361 3188 3432 sumpsisset,
3233 3361 3503 3417 incidisset
3529 3363 3728 3432 procnl

2124 3430 2288 3484 dubio
2318 3432 2369 3485 in
2398 3432 2701 3486 auditorum
2740 3431 2978 3485 omnium
3008 3432 3504 3501 reprehensionem.

2197 3501 2456 3571 Denique,
2488 3501 2790 3557 Nestorium
2817 3501 2884 3572 de
2904 3502 3035 3555 reali
3063 3504 3308 3572 corporis
3334 3501 3534 3556 Christi
3566 3517 3719 3572 prte-

2125 3573 2298 3626 sentia
2343 3570 2466 3627 cum
2520 3572 2779 3653 symbolis
2823 3570 3025 3653 Cyrillo
3057 3570 3727 3653 _e_onsensisse,nvel'inde

2126 3652 2372 3711 apertum
2395 3651 2498 3707 est,
2515 3640 2660 3710 quod
2681 3640 2920 3713 alioquin
2944 3640 3176 3713 Cyrillus
3196 3641 3461 3710 ejusmodi
3483 3656 3728 3713 prtesena

2126 3713 2214 3766 tiae
2261 3714 2549 3767 vehemens
2585 3719 2842 3776 assertor,
2873 3711 3284 3767 dissentientem
3312 3713 3508 3766 acriter
3538 3711 3726 3765 incre-

2124 3783 2357 3853 puisset;
2389 3782 2655 3853 siquidem
2708 3782 2907 3850 ubique
2952 3783 3150 3851 passim
3191 3797 3259 3836 ex
3301 3781 3732 3836 manducatione

2125 3852 2304 3908 carnis
2325 3852 2523 3907 Christi
2543 3860 2917 3920 argumentum
2946 3853 3264 3907 desumebat
3294 3853 3362 3906 ad
3407 3866 3564 3906 suam
3589 3865 3727 3905 sen-

2125 3925 2349 3978 tentiam
2380 3921 2716 3977 ﬁrmandam.

2198 3993 2367 4049 Porro
2388 4001 2588 4057 autem,
2611 3991 2754 4064 quod
2783 3992 2916 4057 dixi,
2942 3991 3200 4064 Cyrillum
3228 3993 3392 4064 fuisse
3419 3991 3724 4064 vehemen-

2127 4073 2234 4118 tem
2257 4064 2419 4118 realis
2446 4063 2745 4132 pnesentize
2774 4063 3116 4133 assertorem,
3149 4063 3468 4133 probatione
3487 4077 3598 4133 non
3620 4063 3724 4114 ad-

2125 4135 2343 4189 modum
2390 4131 2540 4200 eget,
2581 4147 2703 4186 cum
2734 4133 2802 4186 ab
2832 4131 3324 4202 ipsisWCalvihianis
3351 4147 3469 4186 eam
3499 4131 3572 4202 ob
3601 4145 3726 4185 rem

2125 4204 2420 4285 aliquando
2461 4201 2903 4285 reprehendatur.
2945 4201 3013 4256 Et
3063 4217 3195 4285 vero
3241 4204 3334 4273 qui
3375 4201 3726 4285 manifestius

2124 4272 2290 4328 valuit
2309 4272 2632 4328 sententiam
2653 4273 2852 4338 dicere,
2875 4286 3039 4340 quam
3065 4273 3151 4326 vel
3175 4273 3227 4326 in
3249 4272 3593 4340 expositione
3615 4287 3726 4324 un-

2124 4344 2318 4399 decimi
2347 4343 2802 4409 anathematismi,
2830 4342 2916 4396 vel
2937 4341 3272 4412 respondens
3297 4341 3547 4397 Nestorio
3567 4355 3725 4410 qm:-

2125 4415 2265 4484 r_enti
2317 4428 2479 4484 quem
2523 4414 2924 4484 manducemus,
2947 4412 3333 4484 Divinitatem
3355 4427 3424 4484 an
3447 4425 3720 4484 carnem.

2128 4479 2589 4547 Quemadmodum,
2609 4483 2800 4551 inquit,
2825 4482 3078 4552 riviﬁcum
3105 4490 3182 4535 est
3201 4482 3334 4536 illud
3357 4482 3524 4551 ipsius
3561 4479 3722 4533 Verbi

2125 4571 2342 4628 corpus,
2371 4555 2506 4628 quod
2548 4551 2646 4628 sibi
2675 4553 2938 4624 proprium
2968 4553 3088 4622 fecit
3117 4568 3209 4623 per
3231 4568 3421 4628 veram‘
3443 4551 3718 4610 unionem,

2125 4622 2241 4696 qua!
2258 4634 2308 4679 et
2327 4622 2720 4695 intelligentiam
2746 4622 2798 4676 et
2816 4638 3100 4696 sermonem
3118 4622 3349 4696 superat,
3373 4622 3450 4674 sic
3472 4636 3571 4696 nos
3588 4636 3724 4696 quo-

2124 4693 2236 4767 que,
2262 4697 2346 4768 qui
2370 4693 2508 4749 illius
2528 4702 2724 4768 sancta;
2743 4695 2916 4768 carnis
2934 4703 2982 4768 et
3000 4695 3268 4763 sanguinis
3296 4693 3410 4768 ejus
3431 4693 3728 4768 ραζξὶεόριι-

2126 4760 2285 4820 ἱίοηε’
2305 4767 2542 4832 fruimur,
2586 4763 2794 4818 omnino
2821 4760 3168 4832 riviﬁcamu'r;
3197 4778 3312 4832 cum
3340 4764 3394 4815 in
3421 4760 3572 4814 nobis
3593 4776 3720 4812 rna-

2125 4846 2243 4890 neat
2301 4831 2548 4900 Verbum,
2595 4851 2700 4888 non
2742 4831 3108 4888 solumdivino
3137 4831 3311 4896 modo,
3356 4847 3448 4901 per
3468 4839 3717 4901 sanatum

2122 4909 2389 4978 spiritum,
2422 4921 2591 4978 verum
2635 4905 2794 4958 etiam
2819 4906 3110 4978 ellumano,
3148 4919 3240 4973 per
3275 4899 3527 4978 iant-tam
3563 4899 3718 4978 ειιαεη

2122 4968 2349 5042 carnem,
2378 4968 2754 5047 pretiosumque
2779 4968 3341 5047 ejussanguin'emLEt
3368 4980 3560 5047 postea
3592 4988 3607 5020 :
3647 4968 3717 5047 ζει

2121 5048 2267 5102 nobis
2295 5041 2486 5109 manet,
2515 5055 2564 5098 et
2588 5041 2932 5116 corruptionis
2954 5041 3172 5116 pictores
3201 5041 3384 5112 efﬁcit,
3417 5041 3540 5093 dum
3570 5057 3630 5092 se
3659 5043 3716 5092 in

2119 5129 2297 5173 nostra
2318 5117 2536 5170 demittit
2565 5113 2805 5184 corpora,
2835 5121 2892 5166 ut
2921 5113 3061 5184 dixi,
3092 5115 3251 5184 eti_am
3280 5127 3548 5184 perisuam
3587 5126 3719 5184 car-

2119 5206 2253 5252 nem,
2293 5203 2407 5259 qua:
2433 5202 2579 5259 verus
2617 5178 2694 5259 est
2717 5183 2855 5259 cibus
2887 5181 3026 5259 (μιν.
3057 5199 3109 5259 tv
3137 5178 3458 5236 Contradict.
3478 5196 3598 5249 cap.
3634 5178 3715 5259 ξὶ).

2188 5249 2317 5326 Quae
2350 5271 2483 5328 cum
2501 5255 2574 5328 ita
2598 5256 2736 5328 sint,
2759 5254 2948 5328 mirari
2993 5255 3124 5307 satis
3149 5268 3260 5307 non
3289 5266 3512 5328 possum
3542 5249 3723 5328 auda-

2117 5321 2254 5386 ciam
2285 5326 2548 5382 Albertini
2588 5322 2889 5379 Calviniani
2915 5321 3352 5385 Sacramentarii,
3377 5321 3471 5390 qui
3500 5335 3633 5390 suas
3665 5321 3720 5371 in

2117 5408 2301 5477 partes
2326 5395 2649 5477 Nestorium,
2681 5393 3023 5477 quantumvis
3069 5389 3455 5477 reluctantem,
3490 5389 3720 5477 trepeze

2121 5459 2404 5542 nisuscst;
2429 5467 2603 5542 ipsum
2625 5459 2769 5542 enim
2792 5475 3079 5542 postquam
3107 5479 3176 5518 ex
3200 5462 3451 5516 haeretica
3474 5459 3716 5542 emboli-

2118 5555 2238 5594 cum
2261 5531 2404 5601 fecit,
2427 5531 2605 5605 quoad
2630 5531 3014 5609 incarnationis
3041 5532 3257 5609 dogma,
3283 5547 3362 5609 ett
3378 5531 3543 5609 realis
3558 5543 3717 5609 prte-

2116 5611 2302 5666 sentize
2332 5601 2599 5663 assertorc
2649 5606 2706 5659 in
2755 5601 3246 5659 Sacramentarium
3299 5602 3402 5655 sibi
3449 5601 3721 5660 similem.

2117 5679 2498 5737 transformare
2525 5685 2754 5731 conatus
2791 5683 2895 5738 est,
2935 5681 3161 5744 propter
3182 5673 3295 5727 haec
3322 5671 3597 5744 sermonis,
3623 5683 3714 5722 se.-

2116 5751 2274 5806 cundi
2301 5750 2462 5805 verba
2485 5745 2672 5817 (Nam.
2698 5747 2817 5814 10):
2840 5743 2995 5815 βλέπε
3018 5743 3136 5820 τὴρὶ
3155 5751 3245 5800 τοῦ
3275 5747 3519 5817 σώματος
3541 5743 3710 5797 αὐτοῦ
