4022 6182
272 318 397 376 “8|

888 312 1193 371 DlSSER'I‘.
1235 313 1298 369 ll.
1339 311 1428 369 DE
1467 310 1750 370 SYNODIS
1789 310 2054 367 HABITIS
2092 309 2154 365 IN
2192 309 2415 368 CAUSA
2453 307 2905 365 NESTORIANA.

3370 314 3510 369 1182

270 436 363 490 fuit
390 429 649 499 ingeniosi
686 429 919 485 hominis
945 429 1199 485 industria
1220 470 1235 495 ,
1261 429 1624 498 perturbatam
1647 426 1834 499 adver—
1862 429 1911 485 Α
1945 496 1973 499 _
2006 424 2251 499 Proderit
2298 441 2425 499 vero
2472 426 2981 499 anathematismos,
3030 426 3144 499 sive
3190 425 3402 499 Damasi
3450 433 3517 485 ad

270 504 391 561 sarii
421 498 769 570 sparsamque
791 514 905 570 per
944 508 1122 570 partes
1147 499 1468 570 sententiam
1511 499 1561 570 in
1592 498 1836 550 ordinem

268 567 530 639 redigere,
563 577 620 621 ut
648 567 1094 636 simulexquisita
1122 568 1376 639 methon
1394 608 1408 629 ,
1441 575 1496 621 et
1523 567 1714 632 dogma
1745 580 1838 639 ca-

268 634 523 698 tholicum
556 638 867 703 traderetur,
905 634 959 692 et
980 639 1176 692 erroris
1205 638 1423 705 singuhe
1452 646 1631 705 partes
1658 634 1842 703 expel-

269 716 521 766 lerentur.
563 708 618 761 ld
649 716 831 776 aperte
859 708 1073 761 cuilibet
1094 708 1380 768 constabit,
1408 708 1451 760 si
1476 706 1635 758 modo
1658 705 1840 776 Nestof

270 782 329 834 rii
361 794 514 833 error
542 773 729 830 ordine
753 784 1163 846 reprzesentatus
1193 776 1379 839 fuerit,
1420 784 1580 846 atque
1623 773 1838 827 indicati

269 852 500 917 Operum
533 847 663 917 locis,
705 845 896 913 quibus
935 859 1267 914 unaquzeque
1295 845 1559 899 sententia
1588 859 1682 899 seu
1716 858 1841 912 pars

269 916 467 973 erroris
496 916 822 971 continetur.

338 988 535 1041 Verum
565 986 613 1037 id
643 984 852 1051 egregie
890 984 1275 1037 demonstravit
1320 981 1621 1053 Cyr-illus,
1648 991 1756 1035 tum
1787 981 1841 1035 in

270 1056 536 1127 synodicae
560 1064 710 1123 parte
729 1093 742 1115 ,
793 1069 953 1127 quam
985 1054 1284 1127 negativam
1309 1052 1430 1127 jure
1460 1052 1703 1127 discrim,
1735 1066 1841 1118 qua

272 1122 465 1191 nempe
505 1122 664 1191 negat
701 1140 730 1176 a
761 1123 1035 1176 catholicis
1063 1123 1164 1176 dici
1190 1138 1307 1191 qua:
1332 1122 1606 1175 Nestorius
1633 1136 1842 1191 assere-

270 1203 381 1249 ret:
403 1190 526 1247 tum
550 1195 600 1246 in
630 1193 941 1247 defensione
971 1190 1533 1245 anathematismorum
1552 1230 1566 1252 ,
1610 1190 1700 1243 ubi
1728 1190 1840 1242 sin-

271 1265 516 1332 gulorum
578 1264 1290 1332 necessitatem_eausatur;
1326 1259 1740 1332 ttumdenique
1788 1259 1840 1311 in

273 1328 566 1388 admirabili
598 1333 688 1385 illo
716 1332 927 1397 dialogo
957 1328 1106 1393 Quod
1127 1346 1259 1383 unus
1291 1331 1357 1384 sit
1376 1328 1626 1392 Christus,
1661 1328 1711 1380 in
1733 1343 1841 1395 quo

274 1404 384 1457 dux
404 1402 652 1472 inclytus,
678 1403 831 1472 quasi
857 1400 1118 1472 colligens
1142 1399 1279 1452 vires
1292 1399 1564 1472 adversus
1588 1398 1843 1465 reliquias

274 1466 530 1536 Nestorii,
553 1472 681 1524 artis
696 1466 957 1524 _vincendi
978 1466 1245 1537 specimen
1276 1469 1403 1522 dare
1426 1466 1611 1537 voluit,
1648 1476 1843 1537 etcum

272 1540 420 1595 brevi
434 1542 720 1593 moriturus
736 1548 895 1601 esset,
920 1536 1173 1605 tropasum
1186 1539 1284 1591 sibi
1302 1536 1601 1605 immortale
1614 1536 1839 1605 erigere.

345 1611 523 1664 Tertia
551 1624 765 1677 quoque
814 1617 929 1661 arte
969 1603 1094 1661 usus
1124 1615 1223 1677 este
1244 1604 1568 1677 admirabilis
1596 1603 1845 1677 defensor

273 1679 435 1734 fidei:
467 1673 943 1732 anathematismos
988 1691 1113 1729 suos
1158 1674 1300 1727 aliud
1341 1673 1471 1726 nihil
1509 1687 1627 1726 esse
1654 1673 1842 1738 voluit,

272 1765 435 1817 quam
456 1747 673 1817 Patrum
692 1746 1000 1817 sententias,
1021 1744 1112 1817 sed
1144 1743 1367 1817 velutin
1400 1742 1615 1817 fulmina
1641 1740 1843 1796 confla-

272 1784 1741 1881 ῗαέῗᾙῖἱιῖἶιῖιοῖξἷῖιὶῖῖὲἑιῖἦῖοτὶῖεἱ“Ᾰ›Ξι’ίιιὶιῐξ”ἑιὲὲε”ιῖιζ’
1778 1784 1845 1866 Ex
1877 1784 1920 1843 Β

315 1887 466 1960 uibus
509 1884 684 1960 _Latini
720 1879 1214 1960 quatuorhnlulius,
1248 1879 1424 1960 Felis,
1468 1879 1765 1960 Cyprianus
1793 1888 1849 1934 et

315 1903 466 1940 [linus
510 1903 684 1937 Lall"!
720 1903 965 1951 quatuor,
1017 1903 1214 1945 JUIIUS,
1249 1903 1424 1943 I‘CIIX,
1468 1903 1765 1960 uypnumxs
1793 1903 1849 1934 ει

271 1903 619 2017 Ἆωδιοδὶιιε;
650 1960 757 2006 tres
779 1950 1042 2021 IEgy-‘ptii,
1065 1950 1273 2013 Petrus,
1308 1951 1645 2021 athenasms,
1676 1949 1849 2021 Theo-

272 2025 482 2093 philus;
510 2022 680 2093 Gnaei
711 2018 962 2085 totidem,
1005 2019 1292 2087 Gregorius
1322 2019 1713 2093 Nazianzenus,
1748 2018 1851 2071 Ba-

272 2088 426 2146 silius
462 2100 517 2145 et
561 2091 846 2161 Nyssenus,
896 2104 1101 2161 omnes,
1134 2096 1327 2161 praeter
1366 2104 1561 2153 unum,
1584 2088 1847 2161 majorum

273 2155 632 2230 Ecclesiarun't
674 2168 728 2213 et
756 2159 1095 2230 αὐτοκεφοςλῶν
1134 2155 1421 2227 praesules;
1469 2172 1535 2212 ex
1565 2155 1849 2230 0_c_cid_ente

276 2239 424 2293 tres,
475 2245 542 2284 ex
595 2228 813 2283 Oriente
870 2225 1091 2281 totidem
1115 2225 1151 2291 ,“
1198 2235 1429 2294 quatuor
1492 2241 1558 2279 ex
1607 2225 1847 2287 Meridie,

274 2314 465 2352 omnes
503 2299 785 2352 sanctitate
832 2298 1071 2361 nobiles;
1121 2303 1353 2365 quatuor
1381 2296 1559 2366 etiam
1607 2298 1848 2366 martyrii

274 2383 375 2434 pro
422 2366 521 2421 lide
562 2368 736 2435 palma
768 2366 981 2435 inclyti;
1026 2367 1103 2419 sic
1150 2367 1289 2419 enim
1329 2365 1399 2435 ad;
1442 2371 1641 2419 certam
1684 2366 1851 2420 voluit

274 2434 821 2515 ὀρρρᾷοξὶαςξιεευιοιη
850 2434 1143 2515 esaminari
1166 2450 1260 2515 su_a_
1289 2434 1548 2503 capitula,
1577 2442 1633 2515 ut
1660 2435 1851 2504 quibus

278 2503 410 2560 n'ibil
440 2503 821 2567 contineretur,
852 2504 952 2557 nisi
991 2504 1133 2573 quod
1176 2505 1370 2570 ubique
1389 2545 1402 2567 ,
1451 2503 1593 2571 quod
1612 2503 1845 2573 semper,

277 2576 424 2645 quod
453 2590 638 2645 omnes
683 2572 1021 2628 docuissent;
1057 2573 1202 2645 tYide
1232 2573 1584 2645 Vincentium~
1607 2572 1851 2645 Lirinen-

276 2642 391 2699 sem
422 2660 483 2697 ea
513 2644 578 2697 de
617 2658 675 2696 re
716 2659 813 2697 suo
856 2658 1023 2707 more,
1053 2643 1103 2696 id
1134 2651 1232 2707 est,
1260 2642 1475 2704 diserte,
1509 2643 1772 2696 subtiliter
1797 2652 1852 2699 et

275 2730 379 2783 pro
396 2713 624 2766 veritate
652 2720 970 2783 tractantem
996 2712 1085 2781 (In
1109 2714 1400 2783 componit.
1431 2710 1681 2783 σαν-,42)τ

346 2780 583 2835 ObServa
626 2796 820 2849 porro,
852 2780 1170 2835 testimoniis
1210 2780 1425 2833 Patrum
1471 2780 1715 2834 adductis
1742 2780 1849 2849 Cy-

274 2852 455 2905 rillum
474 2842 780 2930 non_p'lures
796 2842 916 2930 _feee
936 2851 1335 2930 propositiones
1355 2849 1669 2930 confecisse,
1688 2842 1849 2917 qua'm

272 2928 546 2986 quatuor:
580 2920 639 2971 ιο
670 2920 815 2988 quod
854 2918 955 2973 Dei
994 2918 1158 2973 Filius
1186 2933 1310 2988 vere
1341 2919 1409 2972 sit
1448 2918 1621 2971 factus
1656 2920 1846 2984 homo;

274 2989 334 3041 ‘2'
358 2989 499 3056 quod
543 2987 702 3042 idem
728 2989 824 3052 sit,
851 2996 904 3042 et
943 3003 1049 3042 non
1076 2988 1227 3052 alius,
1260 2987 1423 3041 Filius
1452 2988 1564 3052 Dei,
1596 2989 1684 3055 qui
1715 2987 1851 3043 ﬁlius

274 3058 532 3121 hominis;
564 3066 725 3125 atque
768 3058 838 3111 ita
875 3057 1014 3110 Deus
1043 3072 1105 3111 ex
1140 3057 1359 3110 muliere
1387 3066 1541 3111 natus
1569 3057 1665 3121 sit,
1690 3058 1849 3111 duas-

1944 496 2161 548 Paulum
2207 496 2623 558 Antiochenum,
2668 495 2780 549 sive
2820 493 3062 561 Gregorii
3095 495 3411 551 Nazianzeni
3449 504 3519 555 ad

1940 563 2255 636 Cledonium
2281 604 2296 629 ,
2342 566 2455 636 sive
2503 562 3064 636 ascriptosGregorio
3094 564 3516 636 Thaumaturgo,

1940 635 2053 688 sive
2098 635 2537 704 consequentium
2596 634 2986 704 conciliorum,
3048 650 3165 689 cum
3212 634 3515 704 Cyrillianis

1941 718 2291 769 componere;
2324 703 2444 756 inde
2466 704 2606 756 enim
2637 703 2963 755 admirabilis
2983 704 3225 771 quatdam
3248 703 3313 757 de
3344 707 3517 761 incar-

1944 773 2161 826 natione
2206 771 2360 826 Verbi
2406 781 2461 826 et
2504 771 2701 826 ChriSti
2728 772 3006 827 divinitate
3032 774 3296 841 theologia
3322 776 3515 831 coulici

1979 841 2158 895 oterit.

1940 856 2284 965 mitigemus
2312 910 2786 964 anathematismos
2813 907 2996 979 Cyrilli
3024 913 3276 979 pugnavit
3311 914 3517 979 primus

1943 980 2178 1034 omnium
2206 978 2500 1039 Nestorius,
2529 980 2789 1048 oppositis
2814 978 3094 1034 duodecim
3121 978 3511 1037 antirrheticis:

1941 1054 2245 1117 pugnarunt
2272 1048 2465 1101 deinde
2495 1049 2734 1102 Andreas
2775 1048 3156 1102 Samosatenns
3183 1059 3237 1102 et
3274 1051 3517 1107 Theudo-

1942 1127 2126 1187 retus,
2176 1117 2369 1186 quibus
2420 1119 2696 1186 respondit
2752 1117 3017 1187 Cyrillus:
3067 1119 3279 1185 ipsimct
3330 1119 3517 1177 Patres

1942 1186 2197 1255 Ephesini
2245 1194 2465 1241 eatenus
2510 1186 2998 1241 obstitissc’videri
3047 1198 3299 1254 possunt,
3340 1192 3516 1256 quoad

1944 1255 2206 1324 expositio
2270 1256 2597 1323 singulorum
2656 1257 2789 1310 facta
2838 1265 3017 1324 esset:
3071 1259 3324 1322 pugnavit
3360 1255 3515 1313 certe

1942 1322 2281 1386 Gennadius,
2331 1322 2697 1379 sanctissimus
2758 1326 2848 1379 ille
2898 1322 3519 1386 Constantinonolitanus

1943 1403 2066 1463 post
2111 1394 2412 1447 Anatolium
2442 1396 2750 1463 episcopus,
2798 1410 2905 1463 quo
2942 1402 3181 1461 tempore
3210 1394 3381 1449 adhuc
3403 1406 3519 1450 erat

1944 1463 2244 1533 presbyter,
2276 1465 2607 1533 quzestioque
2630 1465 2887 1527 fervebat,
2914 1470 2971 1517 ut
2999 1464 3265 1527 Colligitur
3305 1480 3372 1519 ex
3411 1465 3515 1518 Fa-

1945 1532 2121 1589 cundo
2152 1532 2287 1602 (Lib.
2320 1550 2356 1586 ιι
2386 1550 2499 1602 cap.
2522 1532 2622 1601 ’4);
2664 1535 2829 1587 immo
2854 1532 3182 1602 adesingulos
3222 1535 3514 1602 respondit,

1944 1602 2123 1657 verbis
2151 1600 2282 1655 sane
2310 1600 2683 1655 atroCissimis.
2720 1600 2963 1655 Addendi
2983 1601 3279 1656 Orientales
3308 1600 3514 1667 omnes,

1945 1673 2037 1743 qui
2061 1680 2114 1726 et
2143 1680 2362 1743 propter
2392 1672 2566 1740 capita
2595 1671 2943 1743 depositionis
2977 1672 3296 1743 sententiam
3341 1673 3392 1743 in
3424 1674 3517 1743 Cy-

1946 1742 2121 1795 rillum
2148 1741 2397 1804 tulerunt,
2444 1749 2499 1794 et
2541 1741 2651 1795 suis
2695 1740 2763 1793 ad
2803 1740 3178 1810 imperatorem
3204 1740 3391 1806 legatis
3416 1740 3515 1810 po-

1951 1818 2197 1865 testatem
2238 1811 2537 1879 paciscendi
2586 1827 2692 1863 non
2751 1810 2853 1862 alia
2900 1808 3207 1879 conditione
3254 1808 3513 1873 fecerunt,

1948 1894 2109 1946 quam
2138 1885 2196 1931 ut
2224 1878 2395 1947 capita
2442 1881 2586 1934 velut
2625 1880 2871 1933 hteretica
2917 1878 3203 1944 rejicicnda
3247 1880 3372 1932 totis
3401 1882 3518 1933 viri-

1948 1948 2047 2002 bus
2076 1957 2353 2013 curarent;
2401 1957 2456 2002 et
2483 1958 2605 2017 post
2633 1950 2863 2003 solutum
2902 1948 3182 2000 concilium
3224 1947 3519 2004 Antiochia:

1949 2033 2134 2071 rursus
2178 2032 2241 2071 ea
2286 2020 2713 2085 proscripserunt
2736 2058 2750 2079 ,
2783 2025 2979 2070 etcum
3010 2017 3156 2084 pacis
3186 2017 3518 2072 conditiones

1947 2099 2393 2155 proponerentur,
2422 2088 2752 2141 retractanda
2780 2086 3186 2150 contenderunt,
3220 2096 3309 2141 aut
3329 2089 3519 2141 saltem

1951 2155 2227 2210 obruenda
2274 2157 2507 2211 silentio.
2562 2155 2898 2210 Postremum
2945 2155 3083 2208 istud
3132 2158 3336 2223 optavit
3381 2159 3519 2211 obti-

1949 2226 2169 2295 nuitque
2211 2241 2241 2277 a
2280 2224 2480 2295 Cyrillo
2528 2227 2800 2280 turbarum
2854 2232 3099 2295 pertaesa
3130 2226 3365 2293 synodus
3406 2228 3519 2295 ipsa

1951 2292 2567 2362 Constantinopolitana,
2600 2296 2683 2348 cui
2713 2295 3030 2361 prtesidcbat
3052 2292 3401 2349 Maximianus
3424 2292 3520 2350 Nec

1949 2364 2117 2417 sterio
2145 2363 2415 2428 sull'ectus,
2449 2366 2499 2417 in
2527 2364 2769 2434 quovisa
2798 2371 2880 2416 est
2908 2363 3019 2434 ipsa
3040 2379 3255 2434 quoque
3284 2365 3521 2434 synodus

1949 2448 2135 2501 parum
2162 2448 2313 2500 aequa
2334 2435 2615 2502 capitibus.
2644 2432 2904 2499 Pugnavit
2930 2432 3159 2502 denique
3178 2432 3326 2497 lbas,‘
3346 2434 3520 2488 adhuc

1949 2502 2230 2624 Klreshytler
2262 2500 2542 2558 Edesseme
2570 2501 2849 2568 Ecclesize,
2882 2503 2936 2556 in
2966 2500 3169 2556 famosa
3198 2503 3421 2572 epistola
3452 2503 3519 2558 ad

2004 2587 2134 2623 armi
2202 2587 2395 2624 ersam.

2004 2570 2134 2623 arim
2159 2570 2395 2626 Persam.

2024 2640 2325 2712 Notandum
2374 2657 2502 2696 vero
2545 2640 3192 2710 Constantinopolitanam
3236 2642 3518 2712 synodum,

1950 2725 2069 2778 qua:
2107 2710 2484 2764 Maximianum
2525 2712 2829 2774 ordinavit,
2880 2728 2977 2779 pro
3025 2710 3287 2781 Ephesina
3334 2712 3520 2765 haberi

1988 2794 2129 2841 osse,
2161 2787 2219 2850 ut
2249 2788 2435 2848 postea
2463 2781 2791 2843 ostendetur,
2824 2796 2944 2835 cum
2972 2782 3038 2835 de
3068 2784 3167 2834 hac
3195 2782 3303 2850 ipsa
3330 2781 3521 2847 agendi

1975 2864 2105 2919 oens
2134 2849 2274 2901 erit:
2308 2865 2429 2902 nam
2472 2851 2523 2904 in
2568 2866 2630 2903 ea
2658 2850 2755 2903 fuit
2793 2850 2998 2917 legatus
3041 2849 3230 2904 summi
3255 2850 3522 2919 pontificis

1953 2916 2565 2990 Philippusvpresbyter;
2597 2919 2696 2990 fuit
2723 2928 2777 2972 et
2812 2916 2945 2990 unus
2982 2935 3197 2988 quoque
3225 2916 3521 2990 legatorum

1950 2988 2295 3058 occidentalis
2313 2988 2501 3058 synOdi
2527 2989 2782 3042 Arcadius
2802 2989 3113 3057 episc0pus;
3146 3004 3280 3042 unus
3297 2988 3523 3058 patriar-

1953 3056 2199 3120 charum,
2231 3057 2321 3123 qui
2346 3056 2498 3111 ‘solus
2524 3058 2803 3111 catholica:
2828 3056 2999 3124 partis
3022 3058 3156 3111 liber
3180 3056 3325 3119 erat,
3356 3057 3520 3111 Juve-

274 3128 642 3208 qOuenverbum
690 3128 1063 3208 generationes
1103 3126 1374 3208 habuerit;
1419 3126 1474 3208 ξδ’
1508 3127 1662 3208 quod
1692 3127 1850 3208 Yirgo
1879 3142 1925 3203 ε
1958 3126 2093 3203 nalis
2118 3143 2129 3177 :
2170 3126 2582 3208 fuer'unt_ct.alii
2612 3126 2798 3208 synodi
2828 3128 3167 3208 tecumenian
3196 3127 3379 3208 legati,
3408 3142 3523 3207 ma-

274 3197 345 3249 sit
389 3196 646 3265 Deipara;
694 3195 749 3265 4°
772 3196 914 3265 quod
956 3196 1272 3249 immortalis
1298 3203 1523 3265 mortem
1552 3195 1847 3264 pertulerit,

274 3274 330 3319 et
362 3264 497 3318 idem
529 3264 817 3320 crucifixus
858 3265 949 3332 qui
989 3264 1323 3327 adorandus;
1358 3279 1423 3317 ex
1445 3264 1528 3319 his
1552 3265 1691 3319 enim
1716 3282 1851 3333 qua-

276 3344 399 3387 tuor
423 3334 538 3385 alim
568 3348 756 3384 omnes
795 3333 862 3386 de
891 3333 1083 3398 quibus
1114 3334 1287 3400 agitur
1314 3334 1365 3386 in
1396 3334 1853 3389 anathematismis

274 3403 431 3457 facile
459 3401 789 3471 eﬂiciuntur;
834 3410 1247 3471 poterant_vero
1275 3411 1330 3471 et
1372 3403 1499 3471 ipsa:
1529 3413 1762 3469 quatuor
1785 3404 1852 3457 ad

274 3486 439 3525 unam
466 3469 772 3531 Athanasii,
803 3468 946 3536 quod
973 3469 1065 3522 Dei
1090 3468 1250 3523 Filius
1273 3468 1429 3531 ὅνταῖς
1455 3480 1510 3525 ει
1530 3468 1737 3536 ἀληθείᾳ
1768 3474 1848 3528 fa-

274 3549 393 3595 ctus
421 3539 491 3595 sit
518 3539 700 3601 homo,
735 3532 890 3592 facile
914 3537 1116 3591 reduci.
1714 3532 1724 3548 '

346 3607 627 3675 Quaesierit
653 3607 864 3675 aliquis,
896 3606 1159 3661 curiosius
1180 3605 1316 3675 forte
1340 3621 1501 3674 quam
1528 3608 1731 3671 utilius,
1757 3625 1854 3663 cur

275 3694 341 3731 ex
372 3674 711 3746 Antiochena
746 3674 970 3746 diteceisi
1018 3676 1216 3729 nullum
1264 3674 1526 3746 Cyrillus,
1559 3677 1756 3730 nullum
1786 3692 1852 3731 ex

275 3745 864 3813 Constantinopolitana
908 3745 1121 3799 Patrem
1164 3744 1496 3810 laudaverit,
1525 3761 1645 3799 cum
1675 3754 1851 3799 tanien

275 3831 346 3870 ex
370 3825 593 3884 utraque
623 3822 825 3884 posset,
856 3830 1056 3882 eosque
1086 3829 1258 3884 neque
1286 3814 1564 3884 pauciores
1589 3815 1733 3884 aliis,
1767 3831 1855 3869 ne-

315 3832 346 3869 x
370 3829 593 3884 utraque
623 3829 825 3884 posset,
856 3830 1056 3882 eosque
1086 3830 1151 3868 ne
1191 3830 1258 3869 ue
1286 3830 1564 3884 pauciores
1589 3829 1733 3879 alus,
1767 3831 1851 3869 ne-

315 3901 381 3937 ue
410 3885 639 3939 leviores
669 3885 909 3937 veritatis
934 3891 1119 3938 testes.
1153 3829 1449 3949 Dutcstioni
1477 3900 1581 3939 non
1612 3882 1851 3939 oﬂieiunt

328 3954 438 4007 ttici
486 3953 1333 4023 Amphilochiique”testimonia,
1382 3968 1502 4022 qua:
1550 3954 1602 4007 in
1626 3954 1852 4022 vulgatis

275 4023 488 4076 concilii
548 4022 813 4092 Ephesini
862 4022 1133 4092 codicibus
1174 4023 1440 4091 leguntur,
1490 4024 1665 4077 addita
1708 4024 1852 4078 enim

278 4092 569 4145 creduntur
594 4091 608 4145 Ξ
638 4107 760 4162 nam
793 4091 1081 4145 Lirinensis
1103 4092 1270 4146 tribus
1296 4094 1729 4162 postgconcilium
1758 4109 1853 4147 an-

280 4162 363 4214 nis
390 4162 625 4215 scribens
648 4201 661 4222 ,
708 4160 891 4215 decem
921 4169 1124 4214 tantum
1155 4160 1401 4215 numerat
1426 4160 1630 4227 Patres,
1664 4178 1852 4218 nume-

278 4246 504 4301 rumque
534 4231 826 4301 mysticum
846 4230 1012 4284 videri
1050 4230 1187 4301 vult.
1220 4229 1347 4296 Cur,
1380 4232 1583 4299 inquiet
1610 4233 1852 4301 curiosus

276 4299 388 4362 ille,
434 4299 602 4371 inter'
621 4299 860 4371 veritatis
879 4368 889 4371 _
908 4307 1071 4371 testes
1094 4300 1315 4371 _relatus
1344 4317 1448 4355 non
1476 4309 1557 4355 est
1585 4316 1615 4354 a
1652 4299 1852 4371 Cyrillo

276 4382 501 4435 magnus
531 4368 618 4421 ille
650 4367 958 4423 Eustathius
980 4368 1366 4435 Antiochenus,
1391 4386 1529 4424 unus
1550 4386 1579 4425 e
1597 4367 1851 4426 trecentis

275 4438 463 4507 «_lecem
492 4445 546 4491 et
565 4446 708 4507 Docto
737 4435 1283 4507 PatribusNicmnis‘!
1327 4455 1422 4494 cur
1460 4440 1847 4507 przetermissus

1950 3194 2236 3261 jorumque
2283 3194 2652 3250 Ecclesiarum‘
2686 3196 2977 3259 antistites,
3022 3210 3143 3249 cum
3171 3196 3387 3263 reliquis
3409 3197 3523 3264 cpi-

1953 3265 2157 3332 scopis,
2195 3265 2287 3332 qui
2311 3271 2435 3319 tunc
2456 3265 2635 3334 plures
2658 3265 3119 3333 Constantinopoli
3150 3266 3348 3333 reperti
3377 3272 3519 3331 sunt,

1953 3341 2116 3401 atque
2156 3335 2317 3387 etiam
2359 3349 2426 3387 ex
2469 3335 2658 3388 vicinis
2704 3334 3007 3389 civitatibus
3035 3335 3264 3389 evocati.
3320 3334 3518 3400 Quare,

1952 3417 2071 3473 cum
2095 3410 2281 3457 'omnes
2310 3403 2383 3457 illi
2408 3404 2475 3458 de
2501 3405 2745 3473 capitulis
2778 3403 3037 3457 silendum
3072 3404 3409 3467 censuerint,
3443 3404 3524 3457 ni-

1954 3472 2026 3544 hil
2054 3473 2333 3544 mirummsi
2367 3472 2577 3544 dicatur
2603 3473 2868 3544 Ephesina
2896 3473 3133 3544 synodus
3159 3474 3369 3527 tertiam
3387 3474 3521 3544 qui-

1955 3541 2080 3611 dem
2109 3541 2291 3611 Cyrilli
2314 3543 2594 3611 epistolam
2619 3541 2866 3599 retulisse
2895 3541 2947 3597 in
2979 3543 3131 3607 Acta,
3160 3551 3217 3596 ut
3236 3558 3355 3610 qua:
3381 3543 3521 3597 lecta

1953 3608 2113 3680 fuerit
2142 3608 2317 3678 palam
2335 3608 2363 3673 ;“
2379 3612 2548 3666 solam
2587 3620 2765 3667 tamen
2805 3612 3089 3665 secundam
3118 3627 3216 3680 pro
3252 3608 3433 3680 regula
3463 3612 3523 3664 ll-

1952 3676 2039 3748 dei
2065 3676 2313 3733 habuisse
2339 3698 2351 3731 :
2374 3681 2518 3747 quod
2547 3697 2666 3733 cum
2690 3681 2985 3735 certissime
3009 3676 3220 3735 constet
3244 3676 3520 3748 ex'singu-

1955 3744 2126 3816 lorum
2164 3744 2536 3815 episcoporum
2574 3750 2851 3802 sententiis
2870 3788 2883 3811 ,
2915 3750 3201 3816 diligenter
3226 3744 3519 3805 notandum

1954 3822 2037 3867 est
2063 3815 2265 3869 homini
2301 3831 2479 3887 rerum
2525 3816 2788 3887 ejusmodi
2817 3815 3090 3887 studioso,
3128 3826 3396 3887 tamquam
3426 3836 3523 3887 op-

1952 3892 2240 4007 portiunum
2299 3886 2366 3939 ad
2412 3886 2668 3955 plurimas
2718 3886 3039 3955 quaestiones
3081 3886 3364 3941 historicas
3409 3886 3520 3942 sol—

1952 3967 2052 4007 ven
2093 3970 2170 4007 as.

1951 3967 2170 4007 vendas.

2022 4022 2122 4089 Qui
2152 4025 2365 4098 vivente
2403 4025 2603 4098 Cyrillo
2638 4026 2867 4095 capitula
2907 4025 3522 4098 impugnaverintaquo-

1952 4107 2056 4162 que
2084 4095 2283 4159 animo,
2313 4094 2463 4151 satis
2481 4094 2752 4164 ostensum
2773 4104 2887 4157 est;
2931 4094 3020 4164 qui
3056 4110 3183 4149 vero
3203 4094 3518 4163 defenderit,

1952 4171 2148 4234 praeter
2176 4165 2462 4234 ipsummet
2485 4163 2740 4234 Cyrillum
2772 4163 3325 4232 trihusisingularibus
3349 4165 3515 4229 libris,

1953 4243 2008 4286 et
2038 4233 2263 4288 Marium
2294 4233 2645 4289 Mercatorem
2664 4274 2677 4295 ,
2709 4235 2799 4301 qui
2830 4234 3147 4289 Nestoriana
3176 4235 3519 4288 antirrhetica

1952 4304 2163 4366 evertit,
2197 4319 2375 4367 nemo,
2405 4304 2550 4372 quod
2578 4305 2761 4365 sciam,
2786 4319 2817 4356 a
2839 4305 3113 4357 veteribus
3133 4304 3373 4371 proditus
3396 4312 3478 4357 est
3504 4322 3516 4357 :

1954 4387 2125 4439 neque
2145 4373 2197 4426 id
2222 4373 2442 4437 mirum,
2474 4388 2594 4427 cum
2624 4388 2686 4426 ea
2708 4379 3046 4441 tempestate,
3094 4373 3254 4427 animi
3284 4373 3518 4427 nondum

1952 4442 2083 4511 satis
2128 4443 2303 4510 pacati
2349 4442 2653 4511 perspicere
2712 4457 2818 4496 non
2861 4443 3101 4496 valerent
3152 4452 3406 4510 quantum
3454 4444 3521 4495 ab

274 4504 510 4560 Joannes
552 4504 1215 4578 Constantinopolitanus?
1260 4524 1355 4562 cur
1395 4500 1601 4578 Atticus
1628 4507 1847 4563 Joannis

1951 4500 2563 4578 Apollinariatla-hmfesi
2590 4511 2813 4565 distaret
2847 4512 3071 4573 ἑνώσεως
3096 4500 3201 4567 καθ
3232 4513 3522 4567 ὑπόστασιν

278 4576 589 4647 successor?
637 4590 733 4647 cur
771 4574 1000 4647 Ammon
1048 4576 1491 4647 AdrianOpoleos,
1533 4576 1852 4634 Severianus

277 4643 627 4724 Qabalorttm,
656 4643 1254 4724 Amphilochiuslconii
1278 4643 1591 4716 episcopus?
1614 4662 1709 4724 cur
1744 4648 1854 4724 An-

280 4712 488 4784 tiochus
510 4712 856 4784 Ptolemaidis
876 4752 891 4776 ,
931 4722 993 4784 et
1017 4713 1264 4784 tVitalius,
1294 4712 1520 4784 quorum
1547 4716 1851 4773 testimonia

279 4781 678 4855 proferentur}
698 4780 907 4855 Cyrillo
928 4783 980 4836 in
1014 4783 1149 4855 libro
1176 4786 1244 4839 de
1273 4780 1436 4840 Recta
1467 4785 1595 4840 Fide
1624 4784 1691 4839 ad
1714 4787 1853 4855 regi-

280 4850 378 4931 nas
406 4850 644 4931 (Cepi-“9
668 4850 1055 4931 etseq.)?_c11r
1084 4853 1221 4931 item
1266 4855 1694 4931 anathematismi
1718 4895 1732 4919 ,
1766 4850 1854 4911 vel

277 4918 522 4987 Gregorii
551 4918 950 4992 Thaumat'urgi,
977 4922 1057 4992 vel
1084 4922 1295 4992 Damasi
1316 4939 1467 4991 papas
1496 4924 1678 4978 omissi
1704 4918 1847 4992 Sunt,

278 5004 402 5062 cum
440 4998 621 5044 tamen
669 4990 952 5062 admodum
1004 4990 1204 5045 similes
1237 4989 1552 5062 ACy’rillianis
1595 4989 1849 5062 existant,

281 5058 516 5129 ipsisque
577 5059 786 5128 pondus
850 5058 1043 5129 addere
1100 5058 1430 5127 potuissent?
1475 5062 1551 5115 De
1593 5058 1852 5129 Gregorio

330 5129 681 5196 haumaturgo
728 5128 975 5198 expedita
1024 5130 1302 5197 responsio
1330 5138 1429 5195 est,
1472 5128 1855 5187 anathematis-

282 5212 401 5252 mos
447 5198 613 5255 iosius
653 5197 869 5252 nomine
912 5197 1084 5252 editos
1126 5199 1290 5253 alium
1333 5200 1531 5255 habere
1577 5208 1852 5255 auctorem

321 5267 426 5320 uod
470 5265 795 5322 Bellarmino
832 5275 885 5321 et
932 5265 1151 5322 Petavio
1180 5269 1421 5333 videtur;
1453 5270 1519 5324 de
1549 5270 1757 5323 caeteris
1784 5285 1853 5325 ne

324 5336 523 5408 ivinare
548 5337 761 5408 quidem
793 5337 933 5408 licet,
962 5353 1081 5392 cum
1118 5352 1216 5408 res
1232 5338 1502 5408 ejusmodi
1532 5339 1762 5408 pendeat
1785 5354 1853 5395 ex

282 5405 505 5478 arbitrio
559 5405 899 5478 producentis
959 5414 1156 5478 tcstes._
1201 5405 1333 5461 Nam
1372 5405 1853 5478 quod—suspicioso

285 5476 466 5547 nescio
497 5476 585 5530 cui
608 5476 831 5547 venitin
861 5484 1096 5533 mentem
1128 5476 1566 5547 Chrysostomum
1604 5476 1711 5533 non
1735 5494 1855 5534 esse

283 5543 554 5598 laudatum
583 5561 611 5597 a
641 5542 867 5616 Cyrillo,
904 5555 1127 5616 propter
1154 5542 1463 5601 offensionis
1491 5548 1742 5616 reliquias
1765 5564 1853 5604 re-

302 5623 470 5669 )ostas
498 5622 695 5685 mente,
724 5615 1018 5685 absurdum
1042 5617 1259 5671 omnino
1290 5624 1372 5671 est
1396 5632 1514 5671 cum
1542 5615 1771 5685 Cy‘rillus
1798 5619 1852 5676 in

310 5685 422 5741 ibro
450 5684 515 5741 ad
546 5684 776 5755 llcginas
795 5684 1015 5742 Joannis
1044 5687 1406 5744 testimonium
1433 5684 1751 5744 adhibuerit.

1956 4577 2243 4651 confessio,
2269 4581 2412 4651 quod
2431 4581 2670 4634 omnium
2692 4581 3044 4650 capitulorum
3074 4582 3391 4651 principium
3417 4590 3518 4644 est,

1954 4655 2011 4704 et
2034 4650 2185 4716 quasi
2210 4650 2378 4704 radix.

2025 4718 2200 4788 Atque
2223 4720 2341 4788 bace
2379 4733 2538 4774 causa
2561 4718 2725 4773 videri
2750 4727 2929 4788 potest
2961 4736 3057 4774 cur
3085 4721 3137 4773 in
3165 4720 3280 4788 ipso
3308 4733 3522 4786 quoque

1954 4787 2181 4841 concilio
2206 4786 2649 4851 Chalcedonensi,
2676 4786 2818 4858 quod
2847 4790 3036 4857 quinto
3061 4790 3128 4842 ah
3149 4786 3295 4842 obitu
3338 4788 3520 4858 Cyrilli

1955 4869 2098 4927 armo
2118 4858 2444 4927 celebratum
2474 4865 2589 4927 est,
2612 4858 2680 4911 de
2719 4859 2872 4912 tertia
2909 4859 3132 4927 epistola
3164 4859 3385 4912 tacitum
3426 4858 3514 4922 sit,

1955 4926 2057 4996 etsi
2073 4926 2359 4996 videbatur
2385 4936 2537 4981 tanto
2563 4926 2868 4994 diligentius
2913 4926 3235 4996 ldqucndum
3261 4968 3276 4990 ,
3316 4936 3519 4996 quanto

1952 4993 2339 5067 intolerabilius
2379 4996 2577 5067 delirus
2615 4993 2704 5067 ille
2742 4993 3033 5067 monachus
3074 4993 3522 5067 Eutyches'Dios'o

1950 5078 2210 5135 coriisque
2238 5064 2490 5135 Ephesini
2515 5066 2779 5121 latrocinii
2807 5065 2915 5120 dux
2943 5064 3307 5121 abuterentur.

2025 5133 2138 5207 me
2164 5133 2333 5207 oritur
2368 5136 2591 5204 quzestio
2634 5143 3032 5207 quotempore
3065 5136 3297 5207 capitula
3340 5134 3524 5207 Cy-illi

1954 5203 2179 5323 ﬁrobata
2208 5205 2314 5259 sint
2362 5203 2417 5258 et
2454 5203 2669 5285 recepta
2718 5205 2785 5259 ab
2829 5203 3093 5271 Ecclesia,
3121 5203 3267 5259 velut
3286 5203 3527 5283 canones

1978 5272 2100 5323 'det.
2140 5273 2273 5323 Dum
2314 5273 2623 5323 Mercatorls
2646 5275 2805 5323 verba
2844 5274 3085 5323 mmdam
3114 5290 3522 5323 exnoneremus.

1978 5272 2100 5345 idei.
2140 5273 2273 5345 Dum
2308 5272 2623 5345 tMercatoris
2646 5275 2805 5345 verba
2844 5274 3085 5345 qumdatn
3114 5280 3525 5345 exponeremus,‘

1995 5342 2180 5414 robata
2210 5344 2441 5414 diximus
2465 5344 2518 5397 in
2542 5343 2771 5414 secunda
2798 5342 3003 5414 synodo
3022 5342 3282 5409 Romana,
3311 5345 3403 5398 sed
3433 5358 3526 5397 ve-

1954 5356 2180 5464 pronam
2210 5356 2441 5398 GtlellS
2465 5360 2518 5397 ιιι
2542 5356 2771 5397 secunda
2798 5356 3003 5414 synodo
3022 5356 3282 5409 ttomana,
3311 5356 3403 5398 sed
3433 5358 3522 5397 ve-

1962 5412 2118 5496 rutjn
2147 5412 2327 5496 radice
2358 5421 2583 5475 tantum,
2609 5412 2783 5496 id_est,
2813 5422 3095 5496 quanparte
3121 5429 3227 5467 non
3254 5414 3522 5496 different,

1958 5480 2061 5552 nisi
2090 5480 2255 5552 forma
2284 5491 2468 5546 tenus,
2507 5498 2537 5535 a
2560 5480 2892 5552 professione
2921 5480 3041 5537 fidei
3072 5484 3124 5536 in
3153 5484 3400 5538 secundis
3422 5480 3527 5551 Cy-

1957 5550 2065 5605 rilli
2089 5550 2279 5606 litteris
2305 5550 2575 5623 contenta;
2616 5551 2723 5607 Sed
2757 5554 2972 5621 quando
3016 5560 3231 5623 recepta
3261 5560 3384 5608 sunt
3412 5550 3525 5620 ipsa

1955 5635 2063 5693 per:
2074 5635 2132 5675 se
2160 5630 2215 5675 et
2240 5637 2333 5693 sua
2356 5620 2562 5693 forma?

2031 5689 2167 5747 Sunt
2186 5691 2277 5763 qui
2304 5692 2592 5764 opinentur
2620 5692 2673 5749 id
2693 5689 2997 5761 contigisse,
3023 5692 3073 5747 in
3104 5692 3326 5765 ipsemet
3349 5689 3522 5760 Ephea
