4022 6182
500 319 638 375 H83

1058 313 1153 369 AD
1188 312 1463 369 PARTEM
1502 311 1867 370 SECUNDAM
1906 311 2185 369 OPERUM
2224 313 2293 369 Μ.
2334 312 2771 371 MERCATORIS
2809 312 3167 369 APPENDIX.

3604 315 3745 371 ιιει

500 434 616 485 sina
644 416 867 500 synodo,
919 426 1021 500 cui
1048 425 1297 500 adessent
1337 424 1589 500 Ecclesia:
1616 424 1891 500 _Roman:e
1913 425 2071 500 legati
2098 429 2147 486 Α
2177 428 2374 500 fervore
2400 426 2667 500 catholicae
2712 428 2835 497 ﬁdei
2862 424 3133 490 incensus,
3162 424 3428 500 ANestorii
3469 426 3750 499 Cytillique

502 493 711 565 (Christ.
766 495 955 565 Lupus,
1006 496 1060 547 in
1101 496 1260 547 schol.
1312 496 1380 547 ad
1408 512 1567 565 conc.
1609 493 1797 563 Ephes.
1844 512 1955 565 cap.
1988 495 2062 563 5).

503 564 625 623 Tria
654 564 927 635 proferant
956 565 1221 635 opinionis
1248 579 1354 635 sua:
1386 564 1738 635 ﬁrmamenta,
1770 564 1912 635 quod
1938 580 2067 617 con-

501 632 831 698 tradictorio,
877 642 934 686 ut
974 634 1153 695 aiunt,
1183 633 1383 699 judicio
1417 632 1649 687 Joannes
1681 632 2063 697 Autiochenus,

500 707 590 774 qui
619 712 839 774 propter
872 703 1100 774 capitula
1131 702 1382 774 Cyrillum
1425 704 2066 774 deponendumcensue-

500 771 634 839 rat;
672 771 955 825 damnatus
1000 773 1097 835 sit;
1143 771 1287 839 quod
1327 772 1468 825 aliud
1505 772 1768 839 dogmatis
1792 771 2067 825 decretum

500 844 748 913 synodus
766 858 868 913 non
898 841 1100 913 fecerit,
1132 857 1252 913 cum
1298 840 1491 913 fecisse
1510 850 1686 913 tamen
1710 842 1939 913 aliquod
1954 850 2068 913 tota

499 909 682 967 credat
712 911 969 964 Ecclesia.
1013 909 1166 974 Quod
1208 910 1436 978 Cyrillus
1475 910 1563 979 (In
1597 909 1833 980 apologia
1873 912 1939 962 ad
1968 912 2067 963 im-

501 982 719 1051 perat.),
744 980 862 1049 ﬁdei
895 997 1019 1051 saw,
1043 981 1331 1051 rectitudini
1363 982 1697 1033 testimonium
1732 980 2063 1051 perhibuisse,

498 1048 548 1103 et
570 1048 858 1103 Romanam
899 1048 1209 1120 Ecclesium,
1254 1059 1303 1101 et
1323 1059 1554 1101 sanctam
1582 1048 1774 1120 quoque
1812 1050 2066 1120 synodum

499 1135 563 1173 ex
582 1121 815 1171 universo
839 1118 957 1171 orbe
984 1134 1358 1187 congregatum,
1395 1116 1619 1171 testetur.
1660 1116 1921 1183 Quartum
1946 1119 2067 1171 addi

503 1197 699 1257 potest,
731 1188 872 1254 quod
906 1188 1201 1240 Orientales
1230 1188 1521 1254 objecerint
1554 1187 2068 1255 catholicm'synodo

497 1258 941 1325 subscriptionem
965 1258 1215 1325 capitum,
1250 1264 1303 1310 et
1333 1257 1700 1309 Theodoretus
1722 1258 1787 1308 ab
1810 1257 2068 1309 universis

507 1337 727 1395 accepta
774 1334 1043 1393 queratur,
1095 1326 1317 1392 lbasque
1341 1326 1629 1379 Osrohenis
1648 1325 1856 1379 clericis
1900 1338 2072 1393 nego-

503 1396 633 1448 tium
657 1411 719 1448 ea
748 1396 815 1448 de
844 1409 901 1448 re
930 1395 1279 1448 lacessiverit.

574 1465 765 1517 Verum
796 1479 901 1517 non
924 1465 1146 1517 multum
1166 1464 1418 1531 ponderis
1446 1465 1560 1519 hmc
1578 1465 1811 1517 habent:
1844 1478 1986 1525 nam,
2011 1470 2072 1516 ut

503 1550 531 1588 a
554 1540 824 1602 postremo
840 1534 1105 1601 incipiam,
1132 1533 1455 1586 Nestorianze
1471 1534 1633 1602 partis
1645 1534 1885 1586 homines
1906 1534 2070 1586 multa

504 1603 708 1657 mentiti
750 1610 890 1666 sunt,
950 1612 1003 1655 et
1050 1604 1151 1655 hoc
1196 1604 1444 1666 maxime,
1488 1602 1631 1669 quod
1671 1602 1918 1656 catholici
1948 1617 2069 1655 cum

506 1672 832 1740 Apollinario
855 1673 1141 1734 sentirent;
1174 1671 1224 1724 id
1254 1688 1381 1724 vero
1411 1672 1548 1740 apud
1578 1672 1719 1739 ipsos
1748 1670 1885 1723 idem
1933 1680 2067 1735 erat,

502 1742 644 1809 quod
668 1742 930 1809 capitibus
950 1742 1300 1795 subscribere.
1334 1741 1550 1803 Deinde,
1582 1740 1721 1807 quod
1752 1740 1825 1793 ait
1844 1740 2072 1810 Cyrillus

503 1811 811 1878 imperatori
842 1812 1099 1873 scribens,
1132 1810 1197 1862 de
1229 1810 1329 1862 ﬁde
1362 1810 1593 1876 intellige
1621 1810 1745 1861 dum
1774 1818 1856 1861 est
1882 1825 2074 1863 secun-

502 1880 585 1933 dis
608 1880 797 1933 litteris
824 1887 1097 1941 contenta,
1124 1886 1178 1931 et
1200 1879 1249 1930 in
1276 1880 1505 1931 secunda
1535 1878 1713 1931 Romae
1735 1879 1937 1947 synodo
1958 1894 2078 1947 pro-

504 1950 649 2011 bata,
698 1964 805 2001 non
836 1950 961 2000 item
992 1948 1058 2001 de
1087 1948 1347 2016 capitibus
1395 1955 1514 2015 post
1533 1949 1791 2012 ejusmodi
1817 1949 2074 2017 synodum

504 2017 779 2078 confectis,
830 2024 888 2070 ut
938 2025 1119 2085 aperte
1169 2016 1516 2071 ostendimus.
1561 2017 1759 2081 Tertio,
1804 2016 2075 2071 decretum

505 2087 627 2141 ﬁdei
659 2088 857 2139 nullum
887 2087 1086 2140 editum
1109 2095 1190 2156 est
1210 2088 1261 2139 in
1288 2094 1397 2139 tota
1428 2086 1647 2156 synodo,
1671 2094 1864 2154 prmter
1884 2101 2078 2155 appro-

504 2156 1058 2226 bationemisecunda:
1104 2154 1285 2226 Cyrilli
1334 2154 1592 2223 epistolae,
1633 2164 1687 2226 et
1732 2156 2076 2226 rejectionem

505 2226 765 2294 opposita:
792 2224 1039 2287 Nestorii,
1088 2224 1161 2278 uti
1182 2233 1391 2279 constat
1418 2241 1484 2279 ex
1512 2225 1838 2291 singulorum
1868 2225 2077 2293 episco-

504 2309 695 2365 porum
748 2295 1031 2365 sententia,
1074 2295 1344 2362 totiusque
1370 2295 1595 2365 actionis
1614 2295 1798 2365 primae
1827 2294 2072 2365 lectione,

506 2363 562 2418 et
589 2364 800 2418 concilii
828 2365 1000 2431 quarti
1022 2364 1261 2431 quintive
1292 2364 1529 2427 historia,
1556 2365 1607 2416 in
1628 2364 1819 2431 quibus
1840 2363 1975 2417 lecta
1996 2363 2078 2417 di-

506 2435 646 2487 citur
690 2433 918 2503 secunda
966 2434 1079 2485 haec
1120 2432 1300 2503 Cyrilli
1331 2433 1575 2501 epistola,
1609 2448 1712 2503 non
1744 2432 1869 2503 item
1888 2434 2073 2503 tertia.

506 2502 760 2570 Denique,
793 2501 1027 2555 Joannes
1047 2501 1410 2556 Antiochenus
1438 2502 1849 2557 contradictorio
1877 2501 2077 2570 judicio

506 2572 788 2625 damnatus
819 2589 922 2626 non
951 2580 1058 2633 cst;
1091 2573 1180 2639 qui
1202 2572 1343 2625 enim
1373 2574 1632 2640 potuisset
1662 2572 1843 2632 homo,
1868 2572 1959 2638 qui
1980 2587 2075 2624 va-

505 2641 799 2695 dimonium
842 2643 1228 2694 contumaciter
1270 2641 1539 2695 deseruit?
1568 2640 1635 2693 Et
1672 2648 1727 2693 ut
1767 2648 1925 2702 esset,
1971 2656 2079 2694 non

507 2710 704 2764 idcirco
735 2718 910 2765 tamen
939 2711 1169 2777 capitula
1223 2710 1399 2765 forent
1443 2719 1688 2779 recepta;
1738 2711 1830 2763 sed
1880 2708 2076 2777 rejecta

505 2781 684 2849 potius
704 2795 957 2849 pncceps,
990 2780 1264 2847 injuriosa,
1289 2788 1344 2834 et
1372 2780 1643 2849 illegitima
1670 2779 1902 2833 auctoris
1940 2779 2079 2849 capi-

507 2858 618 2902 tum
642 2849 861 2902 inauditi
883 2850 1164 2918 depositio.

580 2919 804 2983 Quando
834 2919 993 2986 igitur
1021 2919 1247 2987 primum
1274 2920 1379 2973 vim
1401 2932 1667 2973 canonum
1696 2918 2077 2972 obtinuerunt?

508 2987 796 3054 aliquando
818 2989 957 3041 enim
981 2988 1272 3043 obtinuisse
1293 2989 1501 3042 videtur
1543 2988 1763 3041 innuere
1791 2987 2078 3055 Gregorius

507 3072 750 3123 magnus,
798 3072 917 3110 cum
965 3057 1148 3111 scribit
1173 3058 1223 3111 in
1250 3057 1639 3126 exemplaribus
1669 3056 1921 3125 Ephesini
1948 3072 2078 3111 con-

2173 496 2415 567 epistolas
2447 498 2725 565 transferre
2756 506 3053 567 rcuratierat,
3084 516 3114 550 a
3139 497 3373 567 ﬁdelibus
3408 496 3599 567 lingua
3636 496 3747 553 sua

2168 564 2413 639 fratribus
2443 564 2825 639 cognoscendas
2836 564 3116 639 V_V(Pra.'fat.
3140 564 3211 620 'in
3236 564 3511 621 Sermones
3533 578 3582 621 et
3610 567 3741 639 Epi-

2165 632 2326 687 stolas
2348 632 2579 688 Nestorii
2600 651 2661 687 ac
2684 632 2907 706 Cyr-illi).

2886 725 2997 779 VII.

2168 813 2431 884 Synodus,
2461 831 2573 885 qua:
2600 816 2748 869 tertia
2772 814 3030 937 Ron‘tlana,
3051 816 3233 869 iisdem
3252 817 3562 881 consulibus,
3594 822 3755 875 nonis

2926 902 3015 937 au.

2926 902 3015 937 au.

2238 974 2522 1043 Postquam
2542 975 2817 1029 Nestorius
2838 975 3029 1029 litteris
3048 975 3269 1032 Joannis
3292 980 3609 1035 .tntiocheni
3632 998 3746 1037 mo-

2169 1045 2412 1125 nitus‘est
2439 1045 2657 1125 allatum
2703 1045 2765 1097 iri
2794 1046 3103 1125 propediem
3133 1048 3411 1125 epistolam
3440 1049 3738 1125 leestjni,

2168 1128 2273 1181 qua
2301 1114 2658 1167 damnationis
2686 1114 2950 1168 sententia
2983 1115 3035 1167 in
3078 1114 3305 1171 concilio
3346 1118 3589 1175 Romano
3636 1114 3749 1175 lata

2170 1182 2575 1255 signiﬁcaretur,
2601 1184 2731 1255 nihil
2755 1199 2861 1255 non
2890 1184 3105 1238 molitus
3131 1193 3231 1249 est,
3263 1202 3369 1255 quo
3391 1197 3595 1244 tantum
3625 1206 3746 1243 ma-

2172 1252 2277 1305 lum
2319 1253 2480 1321 capiti
2528 1268 2626 1306 suo
2655 1252 2965 1322 impendens
3002 1252 3295 1317 averteret,
3336 1273 3435 1312 nec
3479 1256 3752 1315 efﬁcacius

2170 1322 2334 1395 ullum
2360 1322 2777 1395 praesentiusque
2798 1322 3087 1395 remedium
3113 1326 3335 1395 putavit,
3382 1341 3541 1395 quam
3570 1328 3615 1381 si
3647 1330 3751 1382 ob-

2170 1392 2365 1464 tineret
2381 1391 2798 1464 ab_imperatore_
2821 1391 2980 1464 indici
3002 1391 3307 1459 generalem
3329 1391 3608 1464 synodum,
3644 1414 3744 1451 cu-

2167 1459 2255 1534 jus
2283 1461 2350 1534 ad
2373 1459 2629 1534 judicium
2658 1462 2835 1514 omnia
2882 1460 3232 1534 deferrentur,
3282 1459 3603 1534 interimque
3651 1482 3749 1521 ne—

2178 1529 2310 1583 mini
2335 1529 2623 1596 quidquam
2653 1538 2914 1583 attentare
2942 1529 3019 1583 fas
3038 1539 3199 1585 esset.

2244 1598 2298 1652 ld
2322 1601 2388 1672 ab
2413 1599 2735 1672 imperatore
2763 1614 2867 1652 non
2888 1614 3036 1672 azgre
3058 1600 3310 1665 obtinuit,
3340 1603 3536 1671 quippe
3562 1619 3747 1672 quem,

2174 1676 2285 1721 tum
2306 1668 2415 1722 suis
2434 1668 2654 1742 artibus,
2687 1676 2796 1742 tum
2818 1670 3108 1722 aulicorum
3129 1668 3369 1742 potentia
3390 1668 3600 1727 ﬂectere
3622 1668 3750 1742 pos-4

2174 1746 2256 1790 set
2294 1752 2453 1805 quam
2492 1737 2670 1810 vellet_
2699 1738 2750 1789 in
2773 1748 3000 1810 partem,
3026 1746 3087 1810 et
3111 1737 3164 1793 in
3190 1741 3344 1794 istam
3372 1737 3664 1810 pnesertim
3694 1744 3749 1796 in

2178 1814 2420 1878 quamet
2463 1808 2848 1878 monachorum
2878 1807 3125 1875 impulsu,
3168 1807 3388 1878 suaque'
3412 1810 3751 1866 Constantini

2177 1876 2459 1957 magnique
2481 1876 2784 1957 Theodosii,
2798 1878 2991 1957 qui‘ex
3011 1878 3140 1932 orbe
3164 1876 3533 1949 toto—synodos
3556 1896 3751 1950 coege-

2177 1954 2316 2008 rant,
2347 1945 2683 1999 zcmulatione
2710 1945 3016 2000 inclinabat.
3329 1945 3344 1949 ⁷
3538 1980 3545 1987 ο

2178 2044 2181 2047 -
2246 2014 2469 2083 Scripsit
2520 2028 2647 2081 ergo
2692 2014 3021 2070 Theodosius
3050 2017 3409 2072 evocatoriam
3444 2033 3652 2073 sacram
3684 2020 3751 2074 ad

2176 2098 2362 2155 omnes
2390 2083 2882 2155 majorumﬂsedium
2903 2085 3171 2154 praesules,
3200 2101 3303 2153 qua
3333 2088 3602 2155 praefatus,
3628 2091 3753 2142 reli-

2176 2154 2344 2228 gionis
2382 2160 2431 2206 et
2475 2154 2676 2228 imperii
2721 2170 2834 2228 eam
2880 2170 2990 2207 esse
3010 2154 3380 2228 cognationem,
3409 2166 3465 2209 ut
3484 2166 3756 2228 utrumque

2177 2222 2387 2295 alterius
2408 2222 2718 2295 successibus
2745 2224 3057 2277 incrementa
3072 2222 3260 2295 sumat.
3288 2224 3450 2294 Reges
3491 2225 3589 2278 Dei
3637 2222 3757 2295 pro-

2177 2292 2415 2345 videntiw
2435 2292 2787 2363 hominumque
2816 2301 3112 2363 sequestres,
3162 2294 3301 2346 illius
3330 2292 3752 2363 esseminist’ros,

2178 2363 2392 2414 istorum
2413 2360 2481 2412 ad
2516 2362 2671 2414 vitam
2696 2360 2833 2432 piam
2879 2360 3163 2432 rectumque
3188 2363 3355 2415 duces.
3406 2362 3476 2416 Et
3514 2365 3756 2417 ecclesia-

2176 2432 2358 2483 sticum
2386 2438 2575 2483 statum
2607 2439 2710 2483 tum
2738 2430 2936 2502 demum
2967 2430 3190 2502 futurum
3210 2448 3355 2502 quem
3378 2449 3491 2485 esse
3533 2443 3759 2502 Oportet,

2177 2516 2289 2552 cum
2316 2515 2490 2573 omnes
2519 2502 2743 2553 omnium
2767 2500 3005 2573 ordinum
3030 2500 3230 2573 clerici,
3252 2511 3301 2553 et
3330 2518 3470 2573 utero
3498 2500 3756 2573 culpaque

2176 2571 2482 2643 pacaverint,
2506 2578 2555 2621 et
2587 2570 2861 2643 concordia
2896 2572 3320 2643 consensioncque
3351 2572 3520 2640 juncti
3562 2570 3758 2643 fuerint

2178 2636 2218 2708 (Ι
2258 2648 2391 2708 part.
2420 2654 2558 2708 conc.
2592 2637 2780 2707 Ephes.
2812 2656 2924 2708 cap.
2949 2639 3060 2707 '52).

2307 2724 2379 2780 οξ
2417 2707 2584 2774 jubet,
2617 2708 2803 2762 adesse
2845 2707 3211 2778 metropolitas
3238 2726 3425 2765 omnes
3457 2710 3654 2780 Ephesi
3684 2709 3755 2763 ad

2177 2776 2319 2831 diem
2348 2776 2689 2831 Pentecostcs
2709 2776 3083 2846 consequentis
3104 2780 3249 2843 anni,
3274 2790 3328 2833 et
3356 2776 3535 2836 secum
3555 2778 3759 2835 doctis-

2178 2848 2342 2901 simos
2390 2862 2628 2918 quosque
2674 2862 2782 2918 suae
2828 2848 3111 2915 provinciae
3149 2850 3428 2918 episcopos
3457 2850 3754 2912 adducere;

2178 2925 2289 2989 tum
2330 2916 2517 2986 synodi
2560 2916 2810 2989 cogendae
2836 2931 3044 2989 __ca_Itsas
3083 2916 3346 2987 exponit,'
3369 2936 3464 2989 quo
3512 2920 3757 2989 nimirum

2181 2984 2371 3056 turbas,
2390 3001 2501 3056 qua:
2520 3002 2585 3037 ea:
2609 2986 2782 3037 multis
2812 2984 3038 3056 discidiis
3061 2996 3109 3056 et
3136 2984 3595 3041 concertationibus
3636 2990 3757 3041 hinc

2177 3054 2299 3108 inde
2312 3054 2480 3109 enata:
2504 3064 2636 3117 sunt,
2672 3055 2946 3107 secundum
2982 3054 3351 3111 ecclesiasticos
3386 3074 3602 3109 canones
3628 3072 3757 3107 ron-

507 3127 614 3201 cilii
646 3126 899 3201 Koma-nis
931 3134 1105 3201 atque
1141 3124 1593 3201 Ravennensibus,
1626 3126 1754 3201 nihil
1782 3127 1925 3201 aliud
1953 3143 2081 3201 con-1
2108 3139 2153 3201 ρ
2184 3126 2480 3201 sapiantur;
2510 3133 2558 3175 et
2585 3124 2675 3176 illa
2696 3133 2945 3201 praeterea
2972 3141 3085 3195 qua:
3114 3143 3294 3201 parum
3324 3127 3553 3201 decenter
3578 3125 3759 3176 hacte-

508 3197 657 3249 tineri
702 3198 755 3249 in
785 3197 1080 3265 deﬁnitione
1118 3199 1461 3250 anathematis
1482 3196 1954 3265 ettreprobationis,
1983 3198 2083 3249 nisi

574 3266 642 3335 od
665 3264 892 3333 capitula
910 3266 1083 3335 beata:
1110 3269 1366 3319 memoria:
1396 3266 1573 3335 Cyrilli
1596 3264 1869 3335 reprobant
1892 3264 2083 3335 (Epist.

505 3282 640 3385 quoa
665 3282 892 3333 εαριιιιια
922 3282 1083 3318 oeaue
1110 3282 1366 3319 memoria:
1396 3282 1573 3335 Lynllt
1596 3282 1869 3334 reprooant
1892 3282 2083 3334 μιριδι.

543 3332 628 3404 ξξό,
661 3351 773 3404 quae
800 3336 833 3386 ὅ
860 3334 975 3404 libri
999 3336 1173 3404 sexti).
1200 3335 1394 3388 Verum
1416 3336 1504 3387 hic
1522 3333 1763 3404 Grcgqrii
1787 3334 1933 3388 locus
1954 3334 2084 3389 nihil

506 3400 790 3455 admodum
810 3402 1024 3455 conﬁcit
1055 3424 1069 3454 :
1102 3400 1152 3454 id
1176 3418 1337 3457 unum
1366 3404 1509 3455 enim
1534 3400 1814 3469 signiﬁcat,
1866 3404 1919 3456 in
1948 3418 2082 3471 pra}-

507 3471 630 3523 fatis
657 3472 929 3524 codicibus
956 3487 1061 3523 non
1091 3471 1348 3523 contineri
1372 3472 1534 3524 ullum
1581 3471 1864 3524 anathema
1896 3473 1947 3524 in
1990 3487 2085 3527 eos

506 3540 597 3607 qui
624 3547 924 3621 assererem
950 3539 1077 3593 Ada:
1098 3540 1323 3621 animgm
1349 3542 1633 3621 inpeccato
1654 3556 1755 3593 non
1778 3542 1935 3621 [uisse
1947 3558 2085 3594 mor-

509 3619 667 3671 tuam,
698 3608 790 3661 sed
820 3608 977 3679 solos
1006 3615 1211 3679 tantum
1240 3608 1433 3679 Cyrilli
1463 3608 1938 3679 anathematismos
1970 3628 1982 3662 :
2016 3627 2083 3665 ex

506 3692 615 3744 quo
644 3692 749 3730 non
779 3677 933 3749 video
963 3692 1068 3749 qua
1097 3677 1304 3749 ratione
1332 3678 1682 3733 concludatur
1702 3687 1923 3749 recepta
1966 3695 2083 3736 esse

507 3754 635 3802 tunc
663 3747 920 3815 temporis
945 3746 1177 3816 capitula
1202 3748 1364 3801 veluti
1411 3763 1644 3803 canones
1692 3745 1850 3803 ﬁdei.’
1887 3748 2083 3815 Quam-

507 3831 667 3883 quam
690 3816 904 3870 aliunde
928 3816 979 3870 id
1007 3815 1195 3871 conﬁci
1231 3832 1335 3869 non
1366 3817 1661 3881 abnuerim,
1701 3832 1892 3886 nempe
1919 3833 1986 3871 ex
2014 3834 2082 3874 eo

505 3886 647 3953 quod
702 3886 945 3953 quintum
986 3894 1302 3953 sextumque
1329 3887 1610 3941 concilium
1640 3894 1767 3941 tunc
1793 3888 2081 3942 admissum

505 3962 666 4026 esset,
690 3970 797 4026 quo
825 3956 877 4026 in
906 3962 1134 4023 utroque
1163 3956 1391 4023 capitula
1414 3964 1629 4026 recepta
1655 3964 1800 4011 sunt.
1965 3988 1991 4026 _-

574 4024 903 4079 Crediderim
946 4040 1074 4079 vero
1122 4040 1227 4094 non
1266 4038 1424 4093 εει-θ,
1473 4024 1554 4079 θεέ
1592 4032 1909 4094 tempestate
1947 4024 2081 4081 Acta

504 4090 793 4162 Ephesius,
817 4108 935 4161 qua:
954 4094 1135 4148 Romae
1157 4090 1529 4162 Ravennazque
1550 4090 1892 4161 haberentur,
1922 4095 2082 4151 fuisse

504 4112 547 4146 Β
570 4112 793 4158 ιιιθειιιιι,
817 4112 935 4161 qua:
954 4112 1135 4148 nomen
1160 4112 1529 4162 navennazque
1552 4112 1892 4161 naneremur,
1922 4112 2080 4151 luisse

504 4112 789 4217 admodum
819 4164 1024 4233 mutila,
1059 4178 1162 4217 nec
1198 4164 1339 4233 aliud
1387 4163 1871 4233 comprehendisse,
1920 4180 2080 4233 quam

503 4234 647 4300 quod
674 4231 953 4303 Dionysius
976 4232 1212 4301 Exiguus
1237 4234 1287 4286 in
1311 4231 1558 4286 Latinum
1578 4248 1879 4287 sermonem
1900 4231 2080 4289 trans-

504 4304 643 4356 tulit.
679 4301 839 4356 Certe
868 4304 919 4356 in
949 4303 1133 4357 codice
1168 4303 1559 4369 Bell0vacensi,
1606 4317 1713 4371 quo
1755 4304 1837 4357 usi
1875 4318 2076 4368 sumus,

503 4372 719 4442 nomine
748 4371 1241 4441 conciliiEphesini
1271 4388 1438 4442 pauca
1467 4374 1599 4436 hinc,
1630 4386 1749 4440 qua:
1797 4373 1849 4426 in
1891 4373 2081 4442 przefa-

504 4440 651 4493 tione
674 4442 909 4507 generali
938 4440 1319 4511 receiiSIiimus,
1347 4458 1573 4511 qumque
1616 4443 1837 4497 omnino
1885 4440 2078 4510 rejeci-

503 4524 642 4579 mus,
674 4510 1217 4579 comprehenduntur.

575 4578 705 4652 Quis
735 4594 895 4652 porro
924 4580 1125 4652 primus
1150 4580 1430 4649 epistolam
1456 4580 1639 4652 Cyrilli
1670 4579 1956 4652 Latinitate
1972 4581 2077 4652 do-

504 4649 732 4714 naverit,
759 4650 1018 4703 incertum
1041 4649 1214 4703 adhuc
1242 4665 1359 4719 esse
1394 4649 1722 4719 non'potest,
1764 4666 1884 4705 cum
1939 4651 2078 4705 Mer-

501 4728 670 4783 cator,
695 4727 819 4773 ante
840 4719 1011 4787 ipsum
1040 4732 1254 4785 quoque
1276 4719 1557 4771 concilium
1580 4718 1925 4786 Ephesinum,
1958 4735 2081 4774 ana-

505 4789 902 4851 thematismos;
934 4802 1040 4841 non
1066 4788 1225 4852 longo
1265 4795 1389 4857 post
1408 4795 1679 4857 tempore,
1713 4789 1994 4857 epistolam
2025 4791 2078 4844 in

503 4857 750 4911 Latinum
773 4872 1075 4912 sermonem
1105 4856 1343 4910 verterit.
1392 4856 1567 4922 Quare
1595 4857 1725 4910 nihil
1750 4856 1953 4911 habuit
1981 4860 2075 4913 ad—

500 4928 717 4981 modum
739 4942 912 4981 causa:
941 4926 1223 4998 Dionysius
1246 4925 1478 4998 Exiguus
1498 4926 1588 4997 (In
1605 4929 1751 4998 ρνίεῙ.
1778 4928 1847 4980 ad
1863 4927 2072 4982 Petrum

500 4998 683 5069 episc.)
713 5012 810 5051 cur
836 5005 995 5069 sexta
1009 4996 1540 5069 seculoigloriaretur
1568 4996 1626 5051 se
1666 4996 1944 5069 epistolam
1985 5013 2075 5069 sy-

502 5065 746 5136 nodicam
771 5068 937 5121 sancti
958 5066 1140 5134 Cyrilli
1166 5065 1506 5136 Alexandrini
1526 5065 1792 5136 pontiﬁcis
1813 5066 1878 5120 de
1892 5065 2076 5122 Gneco

502 5133 555 5185 in
586 5133 832 5207 Latinum
880 5133 1148 5207 eloquium
1180 5133 1656 5207 transtulisse,'quo
1687 5138 1815 5189 tanti
1856 5136 2075 5191 doctoris

501 5206 783 5274 apostolica
801 5206 931 5274 ﬁdes
959 5205 1151 5258 Graecis
1184 5205 1488 5274 jamdudum
1517 5205 1642 5259 bene
1670 5217 1945 5273 comperta,
1987 5208 2077 5259 se'd

500 5272 737 5341 ignorata
784 5272 982 5327 Latinis
1012 5272 1276 5336 hactenus,
1316 5277 1640 5330 innotescat:
1669 5287 1725 5329 ut
1755 5272 2074 5330 Nestoriana

501 5340 637 5415 labes
666 5344 922 5415 euidenter
948 5353 1258 5413 agnoscatur
1305 5344 1368 5397 ab
1417 5345 1720 5411 hominibus,
1766 5356 1812 5398 et
1859 5362 1951 5415 pro
1980 5358 2075 5399 sua

499 5412 820 5487 malignitate
850 5412 1029 5487 merito
1058 5421 1342 5487 respuatur,
1372 5433 1496 5487 qua:
1545 5416 1635 5469 sub
1664 5412 1914 5487 praetextu
1942 5416 2064 5484 ﬁdei

500 5482 771 5555 perﬁdiam
799 5485 1060 5537 insinuare
1088 5482 1187 5555 non
1218 5482 1422 5547 desinit,
1454 5496 1503 5539 et
1525 5482 1698 5555 furore
1724 5482 1949 5537 Judaico'
1967 5498 2062 5555 pa-

498 5554 624 5605 riter
650 5561 699 5605 et
721 5570 893 5607 errore
922 5554 1339 5623 tranquillitatem
1366 5554 1633 5609 catholica:
1666 5554 1915 5608 Ecclesia:
1963 5554 2065 5609 toto

500 5634 750 5675 terrarum
778 5623 898 5677 orbe
942 5624 1145 5691 (li/fusa:
1185 5625 1388 5677 turbare
1440 5626 1716 5679 contendit.
1773 5623 1914 5676 Nam
1943 5632 2068 5678 alite

500 5691 805 5764 Dionysium
827 5694 1090 5752 Mercator
1117 5711 1180 5749 ex
1202 5694 1378 5751 erco
1408 5697 1459 5751 in
1497 5694 1736 5750 Latinum
1760 5711 2064 5757 sermonem,

2105 4502 2156 4561 D

2190 3194 2530 3264 nus_admissa
2551 3201 2669 3246 sunt
2696 3194 3048 3264 corrigantur;
3076 3194 3124 3247 et
3162 3198 3365 3264 pietatis
3404 3196 3611 3263 denique
3638 3208 3761 3264 quin

2187 3264 2240 3316 in
2281 3262 2443 3316 Deum
2494 3271 2570 3316 est
2620 3262 2930 3334 publica’que
2978 3262 3213 3317 utilitatis
3254 3266 3490 3334 ﬁrmitati
3514 3262 3760 3315 consula-

2189 3340 2287 3385 tur.
3394 3354 3403 3359 ’

2256 3401 2335 3455 Ad
2381 3402 2496 3455 haec
2541 3408 2688 3456 vetat
2727 3417 2795 3456 ne
2828 3402 2936 3456 ulla
2964 3402 3195 3467 interim,
3229 3411 3350 3458 ante
3369 3402 3759 3457 sanctissimam

2184 3479 2423 3526 coactam
2468 3471 2746 3540 synodum,
2792 3486 3233 3540 communemque
3261 3473 3498 3539 ejusdem
3526 3485 3641 3539 qua:
3686 3470 3761 3524 de

2184 3541 2431 3594 omnibus
2467 3539 2676 3594 dabitur
2726 3542 3063 3610 sententiam,
3106 3539 3197 3594 ﬁat
3225 3543 3467 3610 privatim
3492 3556 3521 3594 a
3542 3555 3758 3602 QUIBUS-

2184 3624 2391 3673 συκοοε
2420 3610 2713 3665 innovatio.
2736 3609 2969 3664 Tandem
2992 3611 3189 3665 nullam
3218 3609 3276 3665 Se
3304 3618 3529 3665 testatus
3556 3610 3758 3663 absen-

2185 3679 2271 3733 tia:
2299 3679 2693 3733 excusationem
2735 3687 3093 3748 accepturum,
3126 3695 3312 3735 omnes
3339 3681 3408 3736 ad
3433 3681 3572 3735 diem
3625 3694 3764 3733 con-

2183 3749 2426 3801 stitutum
2456 3748 2677 3815 impigre
2696 3748 2883 3804 adesse
2910 3749 3148 3803 mandat.

2253 3816 2441 3871 lsthmc
2489 3832 2639 3871 sacra
2662 3817 3015 3886 imperatoris,
3047 3834 3166 3872 cum
3194 3818 3317 3873 data
3344 3820 3414 3874 sit
3439 3816 3762 3872 Constanti-

2181 3887 2387 3950 nopoli,
2410 3886 2710 3941 Theodosio
2734 3903 2826 3941 xm
2851 3887 3222 3942 Valentiniano
3244 3905 3297 3943 ιιι
3318 3890 3427 3942 ΑΛ.
3457 3902 3597 3941 coss.
3640 3902 3757 3939 xm.

2183 3955 2393 4037 kalend.
2426 3955 2749 4037 Decembris,
2754 3956 2994 4037 gemam
3015 3958 3206 4037 procul.
3227 3959 3387 4037 dubio
3408 3956 3604 4037 deferri
3647 3970 3762 4037 n‘on

2182 4026 2357 4097 potuit
2384 4031 2508 4097 ante
2553 4024 2737 4097 ﬁnem-
2754 4022 3076 4097 Decembris,
3124 4033 3215 4080 aut
3252 4028 3411 4082 etiam
3432 4026 3639 4097 initium
3666 4022 3762 4097 Jac

2184 4092 2355 4149 imarii
2381 4112 2393 4147 :
2420 4095 2543 4149 hinc
2562 4102 2679 4149 orta
2699 4092 2986 4150 leestino
3014 4098 3303 4151 necessitas
3318 4094 3665 4156 deliberandi,
3687 4092 3761 4147 de

2181 4164 2453 4219 mittendis
2473 4162 2739 4233 Ephesum
2762 4165 2964 4233 legatis,
2994 4166 3083 4233 qui
3106 4164 3356 4220 Romanae
3385 4161 3635 4219 Ecclesia:
3663 4177 3759 4215 se-

2181 4234 2368 4315 disque
2393 4233 2697 4315 apostolicae
2717 4234 2891 4315 locum
2919 4243 3176 4315 tenerent.
3202 4235 3351 4301 Quod
3374 4250 3495 4289 cum
3514 4233 3585 4315 de
3603 4248 3759 4315 more

2182 4302 2293 4357 ﬁeri
2316 4302 2541 4373 deberet
2570 4303 2621 4373 in
2667 4304 2889 4373 synodo,
2941 4305 3233 4373 prmsertim
3262 4320 3379 4359 cum
3409 4311 3658 4371 ageretur
3683 4302 3758 4373 de

2182 4372 2283 4427 ﬁde
2303 4370 2652 4443 occidentalis
2666 4364 2913 4427 Ecclesiae
2928 4364 3259 4442 exponenda,
3277 4364 3557 4443 episcopos
3578 4372 3759 4437 coegit

2180 4441 2418 4510 pontifex
2448 4440 2692 4512 Romam,
2720 4456 2819 4496 nec
2847 4440 3012 4512 parvo
3040 4458 3281 4505 numero,
3314 4440 3411 4497 nec
3430 4440 3620 4495 vicinis
3643 4451 3757 4493 tan-

2182 4520 2291 4564 tum
2322 4526 2389 4565 ex
2418 4511 2718 4581 civitatibus
2743 4529 2754 4564 :
2787 4511 3046 4581 siquidem
3073 4512 3474 4579 congregandus
3503 4520 3619 4581 erat
3639 4525 3753 4581 cm-

2179 4590 2261 4634 tus
2286 4582 2375 4702 qéii
2398 4580 2590 4635 merito
2618 4580 2719 4635 dici
2750 4579 3297 4649 possetOccidentalis
3317 4583 3480 4636 totius
3502 4579 3752 4633 Ecclesia:

2180 4664 2313 4702 svno
2354 4666 2432 4702 us.

2180 4664 2432 4703 SVIIOOUS.

2230 4666 2432 4703 'noaus.

2209 4666 2417 4785 3Hujus
2435 4721 2524 4789 qui
2545 4721 2866 4774 mentionem
2888 4718 3047 4773 faciat
3070 4734 3321 4789 expresse
3348 4719 3549 4773 nullum
3576 4716 3705 4789 novi
3733 4735 3747 4768 :

2178 4788 2503 4844 subobscure
2530 4789 2654 4845 facit
2683 4789 2956 4857 Philippus
2976 4788 3255 4859 presbyter
3279 4789 3552 4859 leestini
3574 4788 3752 4859 locum

2179 4866 2387 4920 tenens,
2419 4874 2537 4913 cum
2572 4861 2661 4925 ait,
2696 4859 2977 4912 Orientalis
3020 4869 3069 4911 et
3099 4857 3445 4913 Occidentalis
3499 4857 3753 4911 Ecclesiae

2178 4929 2487 4999 s_acerdotes,
2529 4946 2619 4999 per
2668 4946 2739 4993 se,
2786 4928 2863 4981 vel
2912 4945 3001 4998 per
3046 4944 3164 4999 suos
3217 4929 3410 4999 legatos
3438 4927 3755 4999 sacerdotali

2178 4996 2440 5069 Ephesino
2505 4995 2762 5052 consessui
2811 4995 3055 5051 interesse
3104 4995 3281 5069 (Part:
3306 5015 3339 5053 ιι
3375 5015 3519 5052 conc.
3552 4995 3747 5065 Ephes.

2177 5076 2280 5119 act.
2314 5067 2387 5119 5i.

2177 5068 2421 5207 “illailla
2460 5136 2654 5191 clarius
2697 5134 2925 5207 Cyrillus
2966 5136 3159 5207 legatos
3196 5137 3545 5191 interlocutus
3594 5136 3758 5205 depo-

2175 5208 2339 5259 suisse
2369 5205 2685 5271 Nestorium,
2710 5205 3205 5275 supplentes‘locum
3250 5208 3387 5259 sedis
3426 5206 3752 5273 apostolica,

2162 5278 2428 5345 totiusque
2456 5276 2638 5345 synodi
2668 5277 3110 5329 sanctissimorum
3136 5276 3345 5345 Deoque
3394 5275 3758 5329 dilectissimo-

2176 5360 2289 5398 rum
2321 5344 2727 5398 Occidentalium
2755 5347 3104 5414 episcoporum
3126 5344 3335 5413 (1ὺῑά.).
3591 5358 3601 5369 ‘

2247 5414 2525 5485 Manifeste
2565 5423 2679 5469 tota
2719 5412 2953 5485 synodus
2974 5415 3261 5485 Ephesina,
3285 5414 3588 5485 Theodosio
3608 5412 3755 5485 refe-

2179 5499 2304 5539 rens
2345 5486 2412 5538 de
2453 5483 2760 5553 legatorum
2794 5483 3034 5538 adventu
3071 5483 3255 5552 (Ibid.,
3287 5487 3341 5538 in
3388 5484 3539 5538 relat.
3564 5484 3633 5536 ad
3652 5485 3756 5535 im-

2176 5555 2360 5623 perat).
2399 5554 2652 5616 Vestram,
2672 5552 3093 5608 Christianissimi
3120 5556 3469 5624 imperatores,
3498 5570 3623 5624 erga
3642 5554 3756 5621 pie-

2176 5634 2329 5677 tatem
2354 5641 2529 5678 curam
2548 5634 2596 5677 et
2616 5624 2838 5677 studium
2886 5622 3233 5678 universorum
3264 5622 3399 5693 Deus
3428 5622 3632 5693 gratum
3660 5639 3755 5673 ac-

2176 5704 2468 5764 ceptumque
2515 5694 2723 5761 habens,
2766 5695 2919 5748 etiam
2985 5703 3275 5749 sanctorum
3338 5692 3754 5748 Occidentalium
