4022 6182
251 368 384 426 1185

832 365 1150 427 DlSSERT.
1191 366 1253 421 11.
1296 365 1385 421 DE
1426 362 1710 424 SYNODIS
1748 365 1839 421 HA

1943 364 2018 423 'IS
2055 364 2121 422 ΙΝ
2160 366 2384 424 CAUSA
2424 367 2886 426 NESTORIANA.
2922 380 2939 427 Ι

3349 373 3490 433 υϐῢ

246 483 594 552 episcoporum
618 478 818 533 animos
838 479 968 552 aeto,
995 478 1333 552 u_t_Christum
1354 479 1655 552 contumelia
1683 478 1815 552 a/I'e-
1845 484 1892 543 Α
1919 495 1988 534 ex
2014 480 2253 537 lnsubria
2282 488 2336 536 et
2362 481 2573 547 Sicilia;
2606 483 2764 551 idque
2791 485 3039 540 videntur
3066 487 3317 542 nonnulla
3363 504 3491 545 san-

247 546 379 605 ctum
394 546 993 610 vindicarent,excitavit.
1015 546 1156 602 Nam
1176 549 1291 602 licet
1311 551 1591 602 maximum
1617 550 1819 601 itineris

246 618 772 690 spatium‘universam
798 618 944 671 illam
982 620 1424 690 sanctissimorum
1467 620 1819 687 episcoporum

247 687 622 771 multitudinem
666 688 732 739 ad
785 704 875 767 nos
910 690 1182 771 [pervenire
1231 687 1574 768 prohibuerit;
1597 697 1819 767 attamen

247 761 351 814 illic
376 756 529 812 simul
556 758 873 826 congregati,
905 756 1172 811 leestino
1202 756 1525 810 sanctissimo
1572 758 1824 826 piissimo-

1919 559 2128 604 ctorum
2159 551 2289 604 Acta
2312 552 2565 606 indicare.

1940 658 1945 659 ν
1990 619 2180 673 Actum
2206 623 2503 694 praesertim
2528 620 2595 675 de
2640 623 2910 677 mittendis
2955 624 3219 693 Ephesum
3274 627 3491 694 legatis;

1918 703 2237 760 quamquam
2259 698 2313 743 et
2340 690 2406 743 de
2435 688 2541 744 ﬁde
2570 698 2857 746 tractatum
2880 688 3131 749 credibile
3152 704 3252 760 est,
3276 688 3387 750 sive
3408 688 3496 751 re;

1919 758 2149 837 cognita:
2198 758 2395 837 fuerint
2447 762 2859 837 prmcedentium
2904 764 3127 837 duarum
3170 758 3493 837 synodorum

248 846 342 900 que
362 842 563 900 magna;
597 824 771 900 Romae
789 828 1024 900 episcopo
1053 828 1380 895 praesidente,
1411 824 1645 879 etiamet
1686 842 1821 900 nunc
1919 824 2273 900 deﬁnitiones,
2326 824 2665 900 sive—iterum
2696 840 2897 886 vocatae
2919 834 2984 886 ad
3016 824 3236 886 exame'n
3266 834 3493 888 Nestorii

249 894 479 951 nostram
526 896 589 948 de
629 894 1062 966 ﬁdesententiam
1088 913 1276 966 magno
1296 912 1545 948 consensu
1568 895 1819 963 prtedica-

250 974 389 1029 runt,
412 981 594 1033 eosque
621 964 919 1033 quidiversa
950 964 1194 1026 sentiunt,
1224 965 1288 1017 ab
1336 966 1472 1017 omni
1502 980 1709 1034 prorsus
1737 980 1824 1016 sa-

252 1035 462 1088 cerdotii
492 1032 907 1103 sortegraduque
926 1034 1118 1087 alienos
1139 1051 1247 1087 esse
1268 1032 1597 1103 deﬁnierunt.
1630 1032 1697 1085 Et
1718 1034 1824 1087 hate

252 1104 455 1176 quidem
474 1104 627 1176 etiam
652 1102 926 1176 antequam
953 1105 1279 1176 sanctissima
1300 1105 1406 1157 [nec
1434 1102 1659 1176 synodus
1700 1119 1825 1176 con-

252 1170 461 1234 veniret,
488 1170 1162 1243 Calestinus'sanctissimus
1192 1190 1393 1243 magnae
1412 1170 1605 1243 Romae
1631 1172 1827 1241 episco-

256 1260 351 1312 pus
406 1258 497 1312 per
544 1242 740 1312 litteras
786 1257 907 1294 suas
943 1241 1589 1312 indicaverat,'Cyrilloque
1614 1243 1828 1312 sanctis-

256 1310 412 1373 simo,
439 1310 642 1381 Deoque
661 1310 988 1382 dilectissimo
1007 1328 1209 1382 magna:
1223 1310 1440 1365 civitatis
1461 1310 1828 1382 Alexandrini:

260 1383 514 1448 episwpo,
546 1379 733 1433 utsuas
748 1381 876 1433 vices
899 1379 1107 1444 subiret,
1123 1382 1465 1435 commiserat.
1496 1379 1602 1433 Sed
1629 1388 1677 1433 et
1692 1396 1827 1432 nunc

325 1467 423 1503 nuo
452 1450 567 1502 aliis
595 1452 750 1520 etiam
788 1450 971 1503 litteris
994 1512 997 1513 ν
1018 1460 1213 1504 sancta:
1240 1450 1455 1519 synodo,
1486 1466 1636 1520 quam
1666 1460 1830 1502 vestra

260 1520 508 1590 majestas
527 1520 586 1590 in
606 1517 943 1590 Ephesiorum
978 1521 1247 1590 metropoli
1270 1517 1542 1590 convenire
1567 1520 1828 1590 prtecepit,

262 1587 372 1642 [uec
418 1588 724 1657 signiﬁcavit
754 1604 769 1639 :
818 1589 956 1640 misit
1001 1587 1168 1642 autem
1196 1590 1291 1641 has
1326 1589 1521 1641 litteras
1546 1587 1639 1657 per
1667 1587 1830 1639 Arca-

261 1658 403 1710 dium
427 1655 478 1709 et
490 1655 594 1710 Pro
592 1656 783 1727 jectum
798 1659 1143 1727 sanctissimos
1162 1659 1443 1727 episcopos,
1467 1666 1514 1708 et
1536 1655 1831 1727 Philippum

262 1725 703 1796 religiosissimum
729 1725 1073 1796 presbyterum
1101 1725 1301 1796 magna:
1335 1725 1538 1789 Romae,
1567 1727 1652 1796 qui
1676 1725 1835 1779 Caele-

262 1795 406 1859 stin’i,
435 1797 746 1865 sanctissimi
772 1795 972 1865 Deoque
999 1795 1315 1849 dilectissimi
1359 1796 1580 1865 episcopi
1608 1810 1835 1864 praesen-

265 1867 391 1919 tiam
418 1864 666 1933 supplent.
705 1862 838 1926 Quia
859 1862 979 1932 ergo
1006 1866 1099 1917 viri
1121 1865 1225 1928 isti,
1250 1866 1335 1934 qui
1362 1862 1621 1927 venerunt,
1647 1879 1835 1920 'l'O'I‘lUS

265 1948 643 1989 occmsnrsus
669 1948 880 1986 sane“;
921 1948 1099 1986 svaom
1138 1935 1440 1986 sententiam
1480 1942 1667 1986 nostra:
1720 1934 1835 1986 huic

260 2004 464 2073 synodo
487 2018 576 2074 per
589 2002 790 2074 litteras
813 2012 1167 2074 exposuerunt,
1225 2018 1524 2074 sensumque
1561 2002 1623 2055 de
1649 2003 1753 2071 fide
1787 2012 1837 2056 et

265 2070 456 2143 pietate
481 2070 624 2124 nobis
653 2070 927 2143 consonum
949 2072 1294 2136 declararunt,
1326 2080 1375 2125 et
1393 2070 1567 2125 eadem
1589 2070 1701 2141 quite
1722 2088 1835 2137 nos,

267 2140 616 2211 decreverunt,
642 2148 747 2193 tum
774 2156 864 2209 per
884 2140 1100 2206 litteras,
1133 2151 1236 2194 tant
1257 2159 1348 2211 per
1366 2158 1426 2211 ea
1446 2157 1559 2211 qua:
1603 2140 1656 2193 in
1684 2157 1835 2194 man-

268 2210 404 2263 datis
442 2219 759 2280 acceperunt,
804 2224 917 2280 qua:
942 2219 992 2262 et
1018 2211 1070 2263 in
1096 2210 1299 2280 scriptis
1343 2210 1719 2280 depasuerunt:
1749 2228 1838 2264 ne-

268 2226 404 2263 aans
442 2226 759 2279 acceperunt,
872 2226 917 2262 te
942 2226 992 2262 et
1018 2227 1070 2263 in
1096 2226 1299 2280 scriptis
1343 2226 1719 2280 deposuerunt:
1749 2228 1838 2264 ne-

266 2280 511 2343 cessario,
555 2279 690 2349 quod
739 2226 890 2348 o/ii’dlii
933 2282 1065 2333 ratio
1114 2280 1424 2349 postulabat,
1481 2280 1544 2332 de
1588 2295 1838 2333 consensu

265 2348 476 2403 illorum
496 2348 759 2401 nobiscum
786 2348 855 2400 ad
881 2348 1199 2417 majestatem
1219 2360 1435 2403 vestram
1464 2349 1747 2411 retulimus,
1783 2359 1839 2402 ut

266 2419 451 2500 pietati
478 2428 656 2498 vestra:
676 2426 812 2470 certo
833 2427 1027 2472 constet
1039 2419 1292 2487 judicium
1310 2417 1447 2489 quod
1465 2418 1617 2500 paulo
1661 2429 1780 2471 ante
1806 2435 1840 2471 a

266 2486 418 2559 nobis
446 2488 570 2539 exiit
599 2505 709 2541 esse
758 2502 913 2539 unam
941 2486 1349 2559 communemque
1391 2486 1541 2542 totius
1590 2496 1841 2542 terrarum

269 2554 408 2609 orbis
437 2559 761 2610 sententiam.

341 2624 468 2708 Haec
494 2628 687 2708 verba,
737 2628 849 2683 sive
888 2627 1184 2708 presbyteri
1220 2624 1468 2695 Philippi,
1500 2627 1611 2708 sive
1638 2626 1838 2708 Cyrilli,

268 2694 385 2765 sive
413 2693 650 2761 Patrum,
674 2710 847 2765 neque
874 2693 1173 2762 commode,
1225 2693 1643 2765 neque—omnino
1683 2693 1844 2751 intel-

270 2764 363 2831 ligi
387 2772 610 2836 possunt
636 2766 703 2836 de
721 2764 955 2836 secunda
975 2766 1180 2836 synodo
1211 2764 1470 2836 Romana,
1500 2767 1553 2820 in
1575 2781 1678 2834 qua
1713 2766 1843 2819 nihil

270 2841 419 2887 certe
448 2835 621 2902 potuit
648 2834 931 2889 deliberari
958 2834 1025 2889 de
1067 2835 1340 2902 mittendis
1368 2835 1435 2887 ad
1460 2836 1843 2889 meumenicam

269 2901 533 2973 synodum
562 2904 767 2971 legatis,
792 2906 882 2972 qui
906 2906 1068 2959 totius
1091 2904 1282 2974 synodi
1302 2901 1718 2974 Occidentalium
1740 2905 1847 2973 epi-

269 2988 555 3040 scoporum
597 2981 778 3041 partes
814 2982 1052 3041 agerent,
1102 2973 1221 3027 eum
1251 2973 1485 3026 nondum
1514 2975 1842 3028 meumenica

269 3041 506 3111 synodus
528 3041 723 3096 indicta
746 3050 886 3097 esset
911 3060 923 3095 :
955 3043 1087 3096 nihil
1113 3043 1313 3109 pariter
1340 3042 1512 3110 potuit
1531 3042 1739 3097 deﬁniri
1778 3043 1845 3097 de

270 3109 376 3165 tide
429 3109 495 3165 ab
541 3112 805 3181 episcopis
848 3128 981 3181 quos
1026 3112 1167 3167 Deus
1194 3109 1576 3180 imperatorum
1610 3112 1840 3166 studium

1924 893 2514 971 (“lyrillinqueepistolab
2547 900 2667 971 sive
2688 916 2793 967 quo
2823 902 2928 954 alio
2972 903 3133 956 modo
3178 904 3279 956 dici
3327 906 3493 971 possit

1923 962 2055 1041 ﬁdes
2070 962 2442 1041 Occidentalis
2470 962 2720 1041 Ecclesia;
2741 972 3000 1039 exposita,
3022 980 3075 1024 et
3094 962 3354 1028 mandatis
3375 988 3493 1041 quae

1923 1033 2112 1106 legatis
2140 1033 2397 1106 darentur
2424 1033 2831 1106 comprehensa:

1944 1128 1954 1180 ‘_
1993 1101 2033 1155 F
2040 1104 2193 1180 uncti
2226 1114 2382 1180 sunt“
2402 1101 2669 1180 legatione
2711 1118 2837 1180 tres,
2888 1107 3160 1180 Philippus
3196 1110 3491 1180 presbyter,

1926 1170 2189 1245 Arcadius
2242 1180 2297 1225 et
2348 1172 2623 1241 Proiectus
2669 1178 2923 1245 episcopi,
2954 1170 3145 1244 quibus
3180 1170 3386 1233 additus
3415 1170 3498 1233 est

1926 1239 2145 1320 Siricius
2194 1251 2388 1296 sanctae
2429 1239 2987 1301 catholien'Eccl'eSiaS
3012 1247 3157 1301 urbis
3184 1247 3367 1303 Roma:
3395 1264 3497 1302 no-

1928 1317 2116 1364 tarius.

1944 1430 1949 1435 .
1998 1377 2133 1452 Quid
2166 1380 2425 1452 haberent
2465 1383 2516 1436 in
2562 1384 2843 1447 mandatis,
2894 1383 3186 1452 intelligere
3214 1385 3355 1449 licet,
3386 1392 3499 1439 tum

1930 1450 2220 1521 e_x_litteris
2256 1450 2569 1517 ,Ctelestini,
2603 1461 2711 1505 tum
2758 1469 2824 1506 ex
2864 1450 3158 1521 legatorum
3205 1456 3269 1507 ad
3317 1454 3502 1510 Patres

1930 1516 2227 1606 E‘phesinos
2247 1516 2582 1606 setritt‘onibus
2622 1523 2675 1606 in
2716 1516 2941 1577 concilio
2969 1542 2979 1574 :
3007 1524 3057 1576 id
3087 1540 3253 1606 unum
3287 1539 3499 1606 nempe,

1931 1587 2117 1659 quead‘
2142 1594 2233 1659 res
2271 1588 2534 1655 Nestorii,
2581 1600 2639 1644 ut
2686 1603 3106 1659 exsequerentur
3144 1608 3174 1645 a
3215 1587 3503 1648 Caelestino

1927 1656 2263 1731 jampridem.
2285 1667 2514 1731 statuta;
2556 1661 2787 1731 alterum
2812 1656 2849 1724 ,⁷
2872 1663 3019 1731 quod
3041 1661 3106 1713 ad
3134 1663 3412 1731 synodum,
3446 1670 3507 1716 ut

1934 1725 2149 1801 decreta
2187 1728 2397 1801 concilii
2441 1727 2836 1801 conﬁrmarent,
2868 1725 3103 1798 ipsisque
3140 1725 3347 1799 pondus
3376 1725 3507 1801 apoo

1938 1796 2140 1851 stolica:
2160 1798 2494 1852 auctoritatis
2520 1799 2796 1852 adderent.
2850 1846 2853 1849 ,

1866 1843 1911 1901 Β
1938 1843 2912 1937 "(insitas—tilia?'ﬁiﬁiierZiiprtsz.
2963 1869 3031 1920 ad
3076 1869 3384 1937 synodum):
3411 1868 3506 1923 Di-

1935 1936 2162 2007 reximus
2191 1953 2282 2004 pro
2305 1944 2483 1989 nostra
2504 1936 2846 1991 sollicitudine
2868 1947 3076 2007 sanctos
3100 1936 3284 2007 fratres
3304 1949 3351 1991 et
3380 1956 3505 1992 con-

1935 2004 2223 2075 sacerdotes
2252 2014 2474 2069 nostros,
2503 2009 2769 2061 unanimes
2790 2006 2934 2060 nobis
2955 2016 3003 2060 et
3024 2004 3407 2075 probatissimos
3433 2010 3507 2061 vi-

1937 2089 2021 2125 ros
2047 2072 2322 2147 Arcadium
2365 2084 2414 2127 et
2453 2075 2746 2144 Projectum
2784 2072 3074 2145 episcopos,
3119 2088 3168 2129 et
3214 2078 3509 2147 Philippum

1937 2142 2285 2215 presbyterum
2313 2142 2567 2206 nostrum,
2584 2147 2668 2214 qui
2696 2147 2757 2198 iis
2786 2142 2898 2215 quae
2921 2142 3142 2214 aguntur
3161 2142 3428 2211 intersint,
3460 2155 3511 2199 et

1937 2212 2280 2283 qug‘ainobis
2310 2222 2459 2266 antea
2480 2212 2673 2266 statuta
2701 2212 2819 2266 sunt
2835 2212 3188 2283 exsequantur.

1951 2278 1959 2340 ξ
2009 2278 2284 2349 Philippus
2303 2282 2576 2349 postulans
2601 2283 2698 2335 sibi
2724 2278 2975 2337 exhiberi
2996 2298 3113 2351 qua:
3141 2290 3266 2351 ante
3292 2284 3509 2338 'adven-

1938 2356 2051 2402 tum
2082 2359 2199 2422 acta
2222 2358 2417 2422 essent,
2449 2366 2660 2422 causam
2688 2352 2879 2413 reddit,
2908 2350 3027 2421 qua
3028 2353 3182 2421 juxta
3210 2350 3341 2405 beati
3362 2370 3511 2422 papa:

1938 2420 2102 2471 nostri
2123 2421 2487 2489 praesentisque
2513 2421 2663 2489 hujus
2695 2423 2859 2474 sancti
2888 2420 3041 2474 coetus
3069 2420 3372 2475 sententiam
3393 2420 3511 2476 acta

1940 2504 2037 2558 nos
2058 2505 2254 2558 quoque
2274 2504 2654 2543 CONPIRIEMUS.

1948 2596 1956 2601 -
2011 2556 2285 2630 Arcadius.
2319 2558 2490 2630 secuti
2520 2561 2738 2629 formam
2755 2558 3012 2630 Caelestini
3032 2560 3341 2630 sanctissimi
3362 2577 3513 2630 papa:

1941 2626 2237 2693 apostolicae
2263 2626 2419 2691 sedis,
2460 2626 2553 2700 qui
2593 2644 2686 2681 nos
2729 2628 2967 2697 dignatus
3013 2637 3090 2682 est
3134 2629 3283 2699 hujus
3320 2626 3512 2700 negotii

1942 2710 2311 2749 exsecuronss
2338 2712 2461 2750 suos
2487 2699 2703 2759 mittere,
2733 2707 2834 2750 etc.

2014 2762 2307 2837 Projectus.
2333 2764 2444 2835 Ego
2464 2782 2675 2837 quoque,
2705 2768 3005 2819 auctoritate
3026 2766 3294 2836 legationis
3314 2779 3515 2836 aposto-

1943 2833 2056 2885 lica:
2074 2833 2208 2905 sedis
2222 2850 2338 2905 una
2362 2833 2486 2888 cum
2505 2833 2749 2905 fratribus
2778 2837 3045 2889 sententia:
3076 2833 3386 2890 exsecuro'n
3405 2840 3514 2891 exi-

1943 2911 2100 2972 stens,
2133 2903 2343 2972 deﬁnio,
2374 2912 2477 2958 etc.
2506 2903 2514 2905 ’
2544 2952 2557 2965 _

2014 2971 2153 3045 Nihil
2179 2971 2430 3045 Actorum
2458 2980 2718 3045 superest,
2751 2973 2891 3045 quod
2919 2974 3133 3042 quidem
3161 2976 3343 3038 sciam,
3379 2992 3517 3045 pra:-

1944 3047 2028 3094 ter
2055 3042 2306 3110 epistolas
2334 3050 2443 3096 tres
2469 3041 2661 3098 summi
2688 3041 2978 3105 Pontiﬁcis,
3021 3058 3245 3110 quarum
3285 3041 3394 3099 una
3436 3055 3518 3100 est

1946 3110 2012 3163 ad
2032 3110 2292 3179 synodum
2322 3114 2723 3175 meumenicam,
2756 3114 2923 3166 altera
2952 3113 3017 3166 ad
3040 3110 3397 3167 Theodosium
3419 3116 3519 3168 im-

266 3180 609 3245 conlirmans,
641 3180 756 3235 zelo
778 3180 1152 3245 succendisset,
1185 3197 1305 3234 eum
1347 3180 1579 3233 nondum
1608 3182 1838 3250 impera-
1869 3184 1914 3247 C
1945 3189 2265 3250 peratorem,
2300 3181 2455 3234 tertia
2482 3182 2549 3234 ad
2577 3180 2846 3250 Cyrillum.
2882 3180 3093 3238 Priores
3130 3183 3247 3235 duae
3282 3199 3369 3237 vui
3399 3184 3519 3239 idus

272 3259 449 3321 torum
469 3251 699 3304 studium
728 3259 1066 3321 perspectum
1094 3257 1253 3321 esset.
1296 3250 1495 3303 Deinde
1526 3265 1683 3305 voces
1728 3252 1843 3305 istze

271 3317 783 3389 Cyrilli,_etiamnuin
808 3317 873 3373 ab
895 3321 1146 3389 episcopis
1170 3318 1276 3372 illis
1306 3321 1626 3389 congregatis
1655 3321 1846 3389 prtedi-

270 3386 443 3441 catam
474 3386 701 3441 Orientis
730 3386 1149 3452 sententiam,'an
1178 3403 1283 3441 non
1308 3386 1453 3443 clare
1481 3386 1847 3443 demonstrant

271 3456 357 3511 bis
420 3464 772 3523 congregatos
826 3472 943 3510 esse
1003 3458 1059 3525 in
1122 3457 1381 3525 synodum
1444 3455 1845 3513 Occidentales?

272 3525 506 3579 maxime
533 3522 653 3577 cum
681 3525 962 3579 consensio
991 3522 1406 3578 Occidentalium
1436 3541 1555 3579 cum
1599 3525 1845 3582 Orienta-

270 3594 641 3664 libusdicatur
660 3594 921 3648 contineri
944 3593 1226 3657 mandatis,
1254 3607 1373 3660 qum
1396 3593 1558 3658 legati
1585 3609 1615 3646 a
1641 3597 1847 3664 synodo

275 3660 698 3718 Occidentalium
728 3664 1077 3731 accepissent.

348 3732 484 3798 Quid
511 3732 655 3800 quod
702 3748 769 3786 ex
823 3728 991 3785 tribus
1040 3731 1225 3801 legatis
1271 3728 1544 3801 Philippus
1571 3732 1851 3801 presbyter

278 3802 472 3856 dicitur
497 3799 670 3855 locum
701 3812 884 3855 tenere
903 3800 1176 3855 leestini
1196 3800 1478 3863 pontiﬁcis,
1515 3799 1770 3853 Arcadius
1796 3807 1850 3854 et

276 3868 559 3940 Projectus
614 3871 851 3940 episcopi
903 3872 1166 3940 legatione
1179 3939 1185 3940 ί
1198 3868 1552 3940 Occidentalis
1576 3868 1849 3940 Ecclesia:

279 3938 448 4008 fungi.
515 3938 663 3994 Fuit?
691 3938 850 4007 igitur
885 3939 1240 3995 Occidentalis
1291 3938 1531 3993 Ecclesia
1572 3939 1625 3992 in
1666 3939 1850 3993 conci-

280 4009 434 4118 lium.
456 4010 701 4118 e'ollecta,
744 4010 1014 4078 quomodo
1041 4009 1184 4063 enim
1229 4008 1464 4077 alioquin
1508 4008 1712 4077 legatos
1746 4009 1851 4062 mi-

281 4093 437 4118 mean,

280 4079 439 4132 sisset
465 4080 481 4131 ‘i

348 4146 544 4219 .Causa,
570 4148 793 4219 locuset
818 4163 1013 4219 praises
1038 4147 1247 4219 concilii
1292 4146 1852 4219 manifesteeonstant

282 4231 351 4270 ex
397 4217 462 4271 iis
509 4232 629 4285 qua:
678 4216 965 4272 dicta'sunt
995 4236 1007 4271 :
1037 4218 1105 4272 de
1134 4226 1373 4285 tempore
1400 4217 1491 4270 vix
1524 4216 1628 4270 ulla
1649 4217 1852 4271 moveri

281 4295 459 4357 potest
480 4288 872 4357 controversia;
904 4302 1028 4341 nam
1049 4288 1237 4357 litterae
1257 4285 1617 4357 leestini_ex_
1633 4300 1699 4339 eo
1718 4286 1853 4357 datm

285 4354 374 4409 vin
403 4356 520 4409 idus
558 4355 740 4426 Maias,
790 4357 870 4411 vel
900 4357 1085 4426 pridie,
1117 4356 1169 4409 id
1189 4362 1290 4420 est,
1324 4356 1483 4426 nonis
1495 4354 1649 4426 Maiis
1677 4356 1854 4426 consif

280 4432 531 4493 gnantur.
580 4424 761 4492 Neque
808 4424 938 4480 vero
985 4427 1158 4495 potuit
1196 4426 1316 4495 cogi
1336 4425 1621 4479 concilium
1650 4431 1773 4479 ante
1802 4424 1853 4495 id

283 4495 579 4563 temporis:
624 4508 730 4562 qua
780 4495 920 4548 enim
988 4494 1209 4548 ratione
1248 4494 1443 4548 factum
1486 4502 1645 4558 esset,
1689 4501 1747 4547 ut
1770 4494 1853 4548 vel

280 4562 438 4618 sacra
459 4564 796 4631 imperatoris
822 4562 1119 4618 deferretur
1139 4563 1362 4617 Romam
1388 4571 1513 4617 ante
1553 4563 1711 4617 ﬁnem
1750 4564 1853 4617 De.

283 4634 533 4696 cembris,
559 4641 719 4700 atque
739 4633 898 4687 etiam
930 4634 1136 4687 initium
1158 4632 1395 4687 Januarii
1412 4633 1725 4700 sequentis;
1763 4640 1856 4687 aut

285 4702 537 4756 tractoria
563 4703 825 4771 pontilicis
844 4702 909 4756 ad
930 4704 1243 4757 remotiores
1254 4701 1518 4771 Ecclesias
1534 4703 1854 4771 perveniret,

283 4772 387 4826 nisi
416 4770 610 4825 idoneo
640 4780 907 4840 tempore;
937 4773 1020 4827 vel
1068 4773 1304 4841 episcopi
1331 4770 1597 4827 Ecclesias
1621 4786 1745 4826 suas
1770 4772 1859 4827 de-

285 4847 528 4895 sererent
572 4847 814 4910 tempore
861 4840 1305 4909 Quadragesimze,
1329 4856 1437 4909 quo
1463 4841 1858 4897 catechumenis

284 4911 456 4964 veteri
486 4925 635 4965 more
656 4910 722 4963 ad
749 4911 1069 4978 baptismum
1090 4912 1422 4965 instituendis
1450 4912 1737 4974 vacabant;
1765 4920 1859 4965 aut

284 4979 500 5035 brevius
547 4988 755 5049 tempus
798 4995 959 5048 quam
1008 4982 1167 5034 trium
1211 4980 1662 5034 hebdomadarum
1692 4981 1859 5035 conti-

286 5049 480 5118 ciendo
508 5048 683 5103 itineri
713 5049 983 5118 episcopis
1003 5050 1395 5117 indulgeretur?
1416 5049 1550 5103 Cum
1578 5050 1739 5116 igitur
1756 5050 1861 5105 hoc

287 5133 431 5172 anno
462 5116 664 5173 Pascha
686 5116 931 5173 inciderit
959 5120 1011 5172 in
1032 5116 1172 5173 diem
1202 5118 1268 5171 i9
1288 5118 1499 5188 Aprilis,
1550 5134 1657 5173 non
1685 5120 1861 5188 potuit

289 5188 579 5242 convenire
597 5189 881 5243 concilium
904 5190 1003 5243 nisi
1025 5189 1164 5243 circa
1191 5204 1360 5242 nonas
1380 5187 1563 5242 Maias.

360 5256 626 5311 incertum
662 5258 770 5313 dixi
809 5266 965 5313 antea
992 5273 1099 5327 quo
1138 5273 1359 5313 numero
1387 5258 1655 5327 episcopi;
1688 5258 1861 5313 incer-

293 5332 403 5377 tum
432 5327 625 5393 quibus
646 5342 676 5381 e
694 5328 997 5383 civitatibus
1023 5328 1228 5383 evocati
1256 5328 1363 5382 sint
1387 5345 1399 5379 :
1425 5327 1679 5380 Actorum
1717 5330 1860 5383 enim

294 5395 423 5466 nihil
445 5396 728 5451 admodum
755 5406 1016 5466 superest,
1039 5398 1182 5466 quod
1216 5405 1417 5453 certam
1446 5397 1750 5466 opinionem
1776 5398 1859 5451 ta»

293 5464 419 5529 ciat,
450 5466 544 5519 sed
569 5468 712 5534 quod
734 5464 936 5521 tantum
962 5464 1281 5545 cogijecturze
1310 5464 1497 5545 locum“
1516 5467 1645 5521 dare
1668 5476 1856 5536 queat;

295 5548 574 5606 numerum
600 5545 778 5591 tamen
807 5536 1206 5606 oportet'fuisse
1233 5553 1339 5591 non
1365 5536 1634 5605 exiguum,
1686 5552 1861 5606 neque

294 5604 767 5675 eivicinistantum
788 5604 1090 5662 civitatibus
1116 5608 1416 5671 collectum,
1464 5604 1587 5660 eum
1631 5604 1863 5675 synodus

295 5672 501 5727 dicatur
530 5673 875 5730 Occidentalis
915 5677 1175 5731 Ecclesire.
1231 5675 1555 5731 Crediderim
1602 5672 1754 5733 facile
1794 5691 1863 5731 ex

296 5745 672 5801 remotioribus
698 5762 912 5817 quoque
940 5747 1069 5805 locis
1086 5744 1398 5805 convenisse
1418 5747 1687 5816 prtesules,
1719 5747 1864 5804 velut

2000 3249 2110 3318 aias
2138 3250 2461 3318 consignata:
2489 3249 2753 3318 leguntur,
2783 3250 2940 3303 tertia
2968 3251 3124 3304 nonis
3152 3250 3323 3304 Maiis.

1956 3370 1963 3379 ,
2010 3316 2070 3371 In
2091 3318 2259 3388 prima
2279 3316 2461 3374 Patres
2481 3316 2718 3388 pontifex
2738 3320 2981 3373 hortatur
3000 3320 3066 3373 ad
3089 3320 3337 3374 tuendam
3360 3320 3516 3375 ﬁdem

1944 3387 2299 3457 concorditer,
2333 3388 2385 3442 in
2415 3387 2494 3442 eo
2511 3389 2801 3457 praesertim
2831 3389 2969 3451 loco,
3003 3390 3090 3442 ubi
3112 3404 3345 3456 praesens
3366 3392 3521 3445 ades-

1944 3465 2027 3529 set
2046 3454 2278 3529 Joannes
2299 3454 2590 3527 apostolus,
2615 3458 2904 3529 divinitatis
2925 3454 3521 3529 Christiicharitatisque

1945 3526 2230 3594 singularis
2255 3526 2459 3595 praeco;
2492 3535 2605 3580 tum
2632 3527 2835 3594 legatos
2855 3528 3210 3581 commendat.

2016 3595 2071 3647 ιι]
2094 3598 2346 3665 secunda,
2382 3604 2503 3665 post
2530 3596 2797 3650 laudatam
2828 3596 3113 3651 Theodosii
3134 3597 3185 3649 in
3210 3596 3312 3651 ﬁde
3336 3598 3523 3652 catho-

1946 3663 2047 3734 lica
2073 3663 2405 3719 defendenda
2432 3667 2809 3729 constantiam,
2842 3667 3011 3734 ipsum
3034 3668 3297 3728 obsecrat,
3322 3669 3420 3720 sub
3439 3670 3523 3721 di.

1947 3732 2058 3802 vini
2082 3740 2264 3802 tamen
2291 3735 2649 3788 obtestatione
2666 3732 2878 3801 judicii,
2900 3751 2963 3787 ne
2988 3734 3110 3802 quid
3131 3734 3345 3788 turbida:
3373 3739 3522 3790 novi-

1950 3801 2043 3851 tati
2073 3800 2530 3883 licereAp-ermittat,
2549 3818 2683 3881 _neve_
2710 3803 2931 3883 facultas
2961 3800 3135 3883 aliqua
3162 3804 3243 3855 Itis
3275 3806 3523 3883 qui-divi;

1949 3883 2031 3921 na:
2055 3870 2339 3938 majestatis
2367 3872 2646 3937 potentiam
2667 3870 2720 3921 in
2747 3870 2987 3923 humana:
3014 3870 3409 3938 dispensationis
3430 3892 3521 3927 ra-

1951 3938 2139 3991 tionem
2167 3947 2369 4008 arctare
2396 3938 2727 4001 contendunt,
2756 3954 2854 4008 quo
2885 3938 3202 4007 perturbetur
3233 3956 3338 4007 pax
3362 3944 3524 3996 eccle-

1950 4008 2180 4070 siastica,
2211 4007 2549 4072 attribuatur;
2574 4007 2820 4077 majorem
2845 4008 2966 4078 ﬁdei
2988 4024 3195 4078 causam
3218 4008 3396 4078 debere
3413 4027 3526 4064 esse

2019 4093 2103 4149 am
2123 4079 2297 4149 regni;
2327 4095 2421 4148 pro
2440 4079 2639 4149 imperii
2661 4077 2825 4131 salute
2847 4079 2953 4148 geri
2981 4077 3227 4149 quidquid
3246 4094 3339 4145 pro
3359 4082 3525 4149 quiete

2002 4144 2201 4219 cclesia':
2220 4148 2295 4201 vel
2312 4144 2502 4219 sanch
2512 4144 2782 4219 religionis
2804 4144 3082 4219 reverentia
3111 4144 3389 4219 labpratar'.

2022 4215 2099 4295 [Ex
2116 4225 2389 4295 postrema
2410 4214 2661 4295 discimus
2681 4215 3160 4295 consultuml‘uisse
3180 4214 3524 4295 Ctelestinum

1954 4301 1984 4340 a
2005 4285 2224 4355 Cyrillo,
2256 4302 2324 4340 an
2352 4288 2690 4355 recipiendus
2716 4286 2855 4341 foret
2873 4285 3165 4347 Nestorius,
3191 4286 3234 4338 si
3263 4301 3358 4339 sua
3389 4286 3523 4354 dog-

1952 4362 2096 4408 mata
2124 4355 2429 4425 damnaret;
2468 4356 2752 4424 quoniam,
2794 4355 3277 4425 post‘induciarum
3318 4363 3527 4425 tempus

1955 4439 2247 4489 emensum,
2279 4424 2559 4479 videbatur
2591 4426 2854 4478 sententia
2880 4424 3075 4477 dudum
3104 4424 3209 4477 lata
3240 4424 3344 4478 vim
3372 4424 3524 4480 suam

1955 4507 2229 4548 exercere.
2257 4493 2561 4564 Respondet
2586 4493 2843 4564 pontifex,
2865 4492 3007 4564 sedis
3027 4493 3331 4560 apostolica:
3353 4510 3522 4561 more,

1956 4578 2230 4633 numquam
2276 4563 2543 4633 displicere
2587 4563 2696 4617 Deo
2735 4563 3071 4633 acceleratam
3100 4564 3155 4615 in
3183 4579 3380 4633 quoquo
3408 4581 3526 4618 cor-

1954 4632 2247 4696 rectiOnem,
2279 4632 2391 4686 cum
2430 4650 2627 4687 omnem
2648 4634 2901 4686 hominem
2931 4632 3049 4685 velit
3083 4632 3276 4684 salvum
3298 4632 3439 4701 ﬁeri,
3479 4644 3530 4686 et

1955 4702 2124 4754 venire
2145 4702 2213 4754 ad
2239 4704 2505 4756 scientiam
2534 4703 2793 4765 veritatis;
2824 4702 3027 4753 studere
3046 4716 3101 4753 se
3125 4703 3279 4770 quieti
3311 4702 3529 4754 catholi-

1956 4786 2051 4834 cae,
2080 4772 2282 4825 studere
2302 4775 2556 4842 pereuntis
2576 4772 2750 4838 saluti,
2773 4772 2817 4825 si
2840 4780 3008 4825 tamen
3030 4770 3240 4823 voluerit
3264 4771 3529 4841 aegritudi-

1957 4856 2071 4910 nem
2093 4842 2346 4910 conﬁteri,
2372 4850 2477 4897 etc.

2028 4907 2342 4980 Priust'wam
2362 4913 2540 4966 dicere
2566 4911 2805 4966 desinam
2840 4910 2959 4980 hac_
2975 4908 3295 4980 desynodo,
3339 4908 3527 4980 obser-

1958 4978 2133 5033 vanda
2160 4978 2401 5047 qiuedam
2444 4996 2568 5035 reor
2595 4980 2663 5035 de
2702 4980 2890 5047 legatis
2930 4978 3529 5048 Philippopresbytero

1958 5057 2014 5102 et
2058 5045 2285 5130 Arcadio
2314 5065 2377 5105 ac
2412 5050 2659 5119 Projecto
2697 5045 2990 5119 episcopis;
3030 5045 3123 5102 sed
3170 5046 3236 5101 de
3282 5045 3529 5117 Philippo

1958 5133 2210 5174 maxnme.

1968 5226 2005 5257 .u
2032 5187 2091 5239 1ο
2130 5188 2251 5243 Fuit
2271 5189 2358 5243 ille
2379 5187 2627 5244 Ecclesia:
2652 5188 3016 5257 apostolorum
3043 5186 3322 5257 presbyter
3347 5184 3526 5257 (Cone.

1959 5255 2149 5327 Ephes.
2182 5267 2284 5327 act.
2318 5259 2394 5325 5),
2443 5255 2757 5327 videturque
2805 5255 3171 5324 Baronio’tln
3211 5255 3417 5319 annat.,
3461 5257 3531 5309 ad

1961 5326 2240 5398 ann._4lS,
2269 5344 2408 5381 num.
2440 5328 2560 5398 77),
2601 5326 2701 5383 nec
2729 5343 2859 5383 sane
2888 5326 3338 5398 improbabiliter,
3369 5327 3413 5379 is
3440 5327 3535 5393 qui

1961 5396 2199 5463 ejusdem
2222 5397 2470 5461 nominis,
2495 5396 2715 5460 Ordinis,
2739 5407 2795 5452 et
2814 5396 3067 5458 muneris,
3093 5404 3216 5449 ante
3237 5409 3405 5448 annos
3426 5403 3536 5448 tre-

1961 5466 2133 5520 decim
2173 5467 2367 5521 Zosimi
2408 5468 2673 5534 legatione
2720 5468 2931 5521 l'unctus
2975 5473 3058 5519 est
3102 5466 3156 5518 in
3202 5464 3378 5518 Africa
3410 5478 3533 5534 cum

1962 5535 2216 5590 Faustino
2275 5532 2573 5591 Potentinte
2622 5536 2875 5594 Ecclesiae
2928 5538 3217 5606 episcopo,
3280 5542 3334 5586 et
3371 5532 3533 5606 Aselo

1964 5606 2303 5676 presbytero,
2334 5606 2401 5660 ad
2430 5608 2701 5675 negotium
2732 5602 3145 5675 appellationum
3175 5602 3529 5676 tractandum.

2036 5673 2099 5726 2°
2125 5671 2252 5729 'Etsi
2276 5684 2383 5732 tres
2412 5677 2487 5730 illi
2504 5671 2663 5731 simul
2681 5718 2694 5739 ,
2723 5671 3017 5745 singulique
3048 5673 3359 5745 aliquand0_,
3392 5671 3535 5724 sedis

1967 5746 2289 5817 apostolicae,
2320 5764 2413 5805 seu
2435 5748 2683 5805 Ecclesia;
2713 5742 2964 5803 Romanae
2993 5742 3171 5815 legati,
3202 5742 3535 5811 supplentes-

1983 4146 1999 4159 Ἰ
