  <div class='ocr_page' id='page_1' title='image "/cluster/home/n/w/nwhite01/storage/ocr_20150623/48/hvd.32044096580691/599.png"; bbox 0 0 4022 6182; ppageno 0'>
   <div class='ocr_carea' id='block_1_1' title="bbox 481 291 618 347">
    <p class='ocr_par' dir='ltr' id='par_1_1' title="bbox 481 291 618 347">
     <span class='ocr_line' id='line_1_1' title="bbox 481 291 618 347; baseline 0.007 -3"><span class='ocrx_word' id='word_1_1' title='bbox 481 291 618 347; x_wconf 71' lang='grc'><strong>1187</strong></span> 
     </span>
    </p>
   </div>
   <div class='ocr_carea' id='block_1_2' title="bbox 1040 273 2046 341">
    <p class='ocr_par' dir='ltr' id='par_1_2' title="bbox 1040 275 2046 341">
     <span class='ocr_line' id='line_1_2' title="bbox 1040 275 2046 341; baseline -0.01 0"><span class='ocrx_word' id='word_1_2' title='bbox 1040 285 1132 341; x_wconf 85' lang='lat' dir='ltr'><strong>AD</strong></span> <span class='ocrx_word' id='word_1_3' title='bbox 1170 279 1450 337; x_wconf 74' lang='lat' dir='ltr'><strong>PARTEM</strong></span> <span class='ocrx_word' id='word_1_4' title='bbox 1487 277 1852 336; x_wconf 60' lang='lat' dir='ltr'><strong>SECUNDAM</strong></span> <span class='ocrx_word' id='word_1_5' title='bbox 1889 275 2046 332; x_wconf 86' lang='lat' dir='ltr'><strong>Ol‘El</strong></span> 
     </span>
    </p>
   </div>
   <div class='ocr_carea' id='block_1_3' title="bbox 2157 273 3155 341">
    <p class='ocr_par' dir='ltr' id='par_1_3' title="bbox 2157 273 3155 334">
     <span class='ocr_line' id='line_1_3' title="bbox 2157 273 3155 334; baseline -0.003 -1"><span class='ocrx_word' id='word_1_6' title='bbox 2157 278 2172 333; x_wconf 85' lang='grc' dir='ltr'><strong>Ι</strong></span> <span class='ocrx_word' id='word_1_7' title='bbox 2211 277 2284 333; x_wconf 77' lang='grc' dir='ltr'><strong>Μ.</strong></span> <span class='ocrx_word' id='word_1_8' title='bbox 2325 275 2758 334; x_wconf 70' lang='grc' dir='ltr'><strong><em>ιιειιιιΑτοιιιε</em></strong></span> <span class='ocrx_word' id='word_1_9' title='bbox 2798 273 3155 332; x_wconf 69' lang='lat' dir='ltr'><strong>APPENDIX.</strong></span> 
     </span>
    </p>
   </div>
   <div class='ocr_carea' id='block_1_4' title="bbox 3590 279 3726 333">
    <p class='ocr_par' dir='ltr' id='par_1_4' title="bbox 3590 279 3726 333">
     <span class='ocr_line' id='line_1_4' title="bbox 3590 279 3726 333; baseline 0.007 -1"><span class='ocrx_word' id='word_1_10' title='bbox 3590 279 3726 333; x_wconf 71' lang='lat'><strong>“83</strong></span> 
     </span>
    </p>
   </div>
   <div class='ocr_carea' id='block_1_5' title="bbox 478 388 3731 470">
    <p class='ocr_par' dir='ltr' id='par_1_5' title="bbox 478 388 3731 470">
     <span class='ocr_line' id='line_1_5' title="bbox 478 388 3731 470; baseline -0.002 -14"><span class='ocrx_word' id='word_1_11' title='bbox 478 416 582 470; x_wconf 83' lang='lat' dir='ltr'><strong>que</strong></span> <span class='ocrx_word' id='word_1_12' title='bbox 601 401 775 456; x_wconf 92' lang='lat' dir='ltr'><strong>locum</strong></span> <span class='ocrx_word' id='word_1_13' title='bbox 789 398 927 454; x_wconf 86' lang='lat' dir='ltr'><strong>sedis</strong></span> <span class='ocrx_word' id='word_1_14' title='bbox 947 395 1271 470; x_wconf 63' lang='lat' dir='ltr'><strong>apostolicag,</strong></span> <span class='ocrx_word' id='word_1_15' title='bbox 1296 393 1564 460; x_wconf 75' lang='lat' dir='ltr'><strong>totiusque</strong></span> <span class='ocrx_word' id='word_1_16' title='bbox 1581 391 1778 470; x_wconf 76' lang='lat' dir='ltr'><strong>synodi</strong></span> <span class='ocrx_word' id='word_1_17' title='bbox 1794 388 2050 470; x_wconf 61' lang='lat' dir='ltr'><strong>Occiden-</strong></span> <span class='ocrx_word' id='word_1_18' title='bbox 2078 394 2125 452; x_wconf 77' lang='grc' dir='ltr'><strong>Α</strong></span> <span class='ocrx_word' id='word_1_19' title='bbox 2151 399 2366 470; x_wconf 76' lang='lat' dir='ltr'><strong>eturmn.</strong></span> <span class='ocrx_word' id='word_1_20' title='bbox 2395 389 2524 470; x_wconf 61' lang='lat' dir='ltr'><strong>Quae</strong></span> <span class='ocrx_word' id='word_1_21' title='bbox 2549 391 2774 470; x_wconf 66' lang='lat' dir='ltr'><strong>synodus</strong></span> <span class='ocrx_word' id='word_1_22' title='bbox 2801 390 2987 461; x_wconf 75' lang='lat' dir='ltr'><strong>Ephesi</strong></span> <span class='ocrx_word' id='word_1_23' title='bbox 3019 393 3163 470; x_wconf 60' lang='lat' dir='ltr'><strong>prior-</strong></span> <span class='ocrx_word' id='word_1_24' title='bbox 3187 393 3416 460; x_wconf 80' lang='lat' dir='ltr'><strong>sequenti</strong></span> <span class='ocrx_word' id='word_1_25' title='bbox 3439 409 3575 449; x_wconf 81' lang='lat' dir='ltr'><strong>anno</strong></span> <span class='ocrx_word' id='word_1_26' title='bbox 3602 400 3731 451; x_wconf 74' lang='grc' dir='ltr'><strong><em>σειο-</em></strong></span> 
     </span>
    </p>
   </div>
   <div class='ocr_carea' id='block_1_6' title="bbox 480 459 2047 540">
    <p class='ocr_par' dir='ltr' id='par_1_6' title="bbox 480 459 2047 540">
     <span class='ocr_line' id='line_1_6' title="bbox 480 459 2047 540; baseline -0.008 -17"><span class='ocrx_word' id='word_1_27' title='bbox 480 459 663 525; x_wconf 71' lang='grc' dir='ltr'><strong><em>ίειΙίιιιιι</em></strong></span> <span class='ocrx_word' id='word_1_28' title='bbox 693 459 1060 540; x_wconf 65' lang='lat' dir='ltr'><strong>episcoporum</strong></span> <span class='ocrx_word' id='word_1_29' title='bbox 1101 459 1658 540; x_wconf 38' lang='lat' dir='ltr'><strong>nonnihuenturzfolus</strong></span> <span class='ocrx_word' id='word_1_30' title='bbox 1702 469 1880 540; x_wconf 86' lang='lat' dir='ltr'><strong>tamen</strong></span> <span class='ocrx_word' id='word_1_31' title='bbox 1921 459 2047 540; x_wconf 74' lang='lat' dir='ltr'><strong>Phi-</strong></span> 
     </span>
    </p>
   </div>
   <div class='ocr_carea' id='block_1_7' title="bbox 480 529 2050 610">
    <p class='ocr_par' dir='ltr' id='par_1_7' title="bbox 480 529 2050 610">
     <span class='ocr_line' id='line_1_7' title="bbox 480 529 2050 610; baseline -0.008 -16"><span class='ocrx_word' id='word_1_32' title='bbox 480 542 653 610; x_wconf 87' lang='lat' dir='ltr'><strong>lippus</strong></span> <span class='ocrx_word' id='word_1_33' title='bbox 675 529 985 610; x_wconf 77' lang='lat' dir='ltr'><strong>nominatim</strong></span> <span class='ocrx_word' id='word_1_34' title='bbox 1011 535 1205 610; x_wconf 69' lang='lat' dir='ltr'><strong>dicitur</strong></span> <span class='ocrx_word' id='word_1_35' title='bbox 1226 531 1497 610; x_wconf 75' lang='lat' dir='ltr'><strong>leestini</strong></span> <span class='ocrx_word' id='word_1_36' title='bbox 1521 531 1694 610; x_wconf 79' lang='lat' dir='ltr'><strong>locum</strong></span> <span class='ocrx_word' id='word_1_37' title='bbox 1717 538 1900 610; x_wconf 87' lang='lat' dir='ltr'><strong>tenere</strong></span> <span class='ocrx_word' id='word_1_38' title='bbox 1925 546 1937 580; x_wconf 92' lang='lat'>:</span> <span class='ocrx_word' id='word_1_39' title='bbox 1969 529 2050 582; x_wconf 88' lang='lat' dir='ltr'><strong>di-</strong></span> 
     </span>
    </p>
   </div>
   <div class='ocr_carea' id='block_1_8' title="bbox 481 600 2048 672">
    <p class='ocr_par' dir='ltr' id='par_1_8' title="bbox 481 600 2048 672">
     <span class='ocr_line' id='line_1_8' title="bbox 481 600 2048 672; baseline -0.008 -8"><span class='ocrx_word' id='word_1_40' title='bbox 481 600 618 665; x_wconf 78' lang='lat' dir='ltr'><strong>citur</strong></span> <span class='ocrx_word' id='word_1_41' title='bbox 644 624 790 672; x_wconf 89' lang='lat' dir='ltr'><strong>vero,</strong></span> <span class='ocrx_word' id='word_1_42' title='bbox 818 616 926 660; x_wconf 88' lang='lat' dir='ltr'><strong>tum</strong></span> <span class='ocrx_word' id='word_1_43' title='bbox 971 606 1022 658; x_wconf 90' lang='lat' dir='ltr'><strong>in</strong></span> <span class='ocrx_word' id='word_1_44' title='bbox 1052 604 1312 658; x_wconf 87' lang='lat' dir='ltr'><strong>relatione</strong></span> <span class='ocrx_word' id='word_1_45' title='bbox 1338 600 1554 672; x_wconf 84' lang='lat' dir='ltr'><strong>Patrum</strong></span> <span class='ocrx_word' id='word_1_46' title='bbox 1578 600 1642 672; x_wconf 84' lang='lat' dir='ltr'><strong>ad</strong></span> <span class='ocrx_word' id='word_1_47' title='bbox 1673 601 2048 672; x_wconf 79' lang='lat' dir='ltr'><strong>imperatorem</strong></span> 
     </span>
    </p>
   </div>
   <div class='ocr_carea' id='block_1_9' title="bbox 480 667 2047 742">
    <p class='ocr_par' dir='ltr' id='par_1_9' title="bbox 480 667 2047 742">
     <span class='ocr_line' id='line_1_9' title="bbox 480 667 2047 742; baseline -0.008 -9"><span class='ocrx_word' id='word_1_48' title='bbox 480 679 548 733; x_wconf 89' lang='lat' dir='ltr'><strong>de</strong></span> <span class='ocrx_word' id='word_1_49' title='bbox 575 667 802 732; x_wconf 82' lang='lat' dir='ltr'><strong>adventu</strong></span> <span class='ocrx_word' id='word_1_50' title='bbox 846 677 1162 742; x_wconf 76' lang='lat' dir='ltr'><strong>legatorum,</strong></span> <span class='ocrx_word' id='word_1_51' title='bbox 1207 681 1318 726; x_wconf 91' lang='lat' dir='ltr'><strong>tum</strong></span> <span class='ocrx_word' id='word_1_52' title='bbox 1342 667 2047 742; x_wconf 10' lang='lat' dir='ltr'><strong>einemandatoquodmcur</strong></span> 
     </span>
    </p>
   </div>
   <div class='ocr_carea' id='block_1_10' title="bbox 482 737 2014 816">
    <p class='ocr_par' dir='ltr' id='par_1_10' title="bbox 482 737 2014 816">
     <span class='ocr_line' id='line_1_10' title="bbox 482 737 2014 816; baseline -0.008 -16"><span class='ocrx_word' id='word_1_53' title='bbox 482 749 687 816; x_wconf 87' lang='lat' dir='ltr'><strong>menica</strong></span> <span class='ocrx_word' id='word_1_54' title='bbox 708 737 942 816; x_wconf 68' lang='lat' dir='ltr'><strong>synodus</strong></span> <span class='ocrx_word' id='word_1_55' title='bbox 961 743 1155 816; x_wconf 77' lang='lat' dir='ltr'><strong>suisad</strong></span> <span class='ocrx_word' id='word_1_56' title='bbox 1176 739 1532 816; x_wconf 81' lang='lat' dir='ltr'><strong>Theodosium</strong></span> <span class='ocrx_word' id='word_1_57' title='bbox 1562 738 1750 816; x_wconf 77' lang='lat' dir='ltr'><strong>legatis</strong></span> <span class='ocrx_word' id='word_1_58' title='bbox 1775 737 1939 816; x_wconf 81' lang='lat' dir='ltr'><strong>dedit.</strong></span> <span class='ocrx_word' id='word_1_59' title='bbox 1983 803 2014 816; x_wconf 35' lang='grc' dir='ltr'><em>Α</em></span> 
     </span>
    </p>
   </div>
   <div class='ocr_carea' id='block_1_11' title="bbox 549 807 2049 874">
    <p class='ocr_par' dir='ltr' id='par_1_11' title="bbox 549 807 2049 874">
     <span class='ocr_line' id='line_1_11' title="bbox 549 807 2049 874; baseline -0.009 -6"><span class='ocrx_word' id='word_1_60' title='bbox 549 817 610 868; x_wconf 78' lang='lat'><strong>5°</strong></span> <span class='ocrx_word' id='word_1_61' title='bbox 649 807 769 869; x_wconf 70' lang='lat' dir='ltr'><strong>Sua:</strong></span> <span class='ocrx_word' id='word_1_62' title='bbox 797 816 1040 868; x_wconf 90' lang='lat' dir='ltr'><strong>conscius</strong></span> <span class='ocrx_word' id='word_1_63' title='bbox 1063 814 1150 866; x_wconf 84' lang='lat' dir='ltr'><strong>ille</strong></span> <span class='ocrx_word' id='word_1_64' title='bbox 1171 810 1522 868; x_wconf 78' lang='lat' dir='ltr'><strong>auctoritatis.</strong></span> <span class='ocrx_word' id='word_1_65' title='bbox 1556 808 1622 860; x_wconf 90' lang='lat' dir='ltr'><strong>de</strong></span> <span class='ocrx_word' id='word_1_66' title='bbox 1651 807 1842 860; x_wconf 92' lang='lat' dir='ltr'><strong>summi</strong></span> <span class='ocrx_word' id='word_1_67' title='bbox 1869 807 2049 874; x_wconf 89' lang='lat' dir='ltr'><strong>ponti-</strong></span> 
     </span>
    </p>
   </div>
   <div class='ocr_carea' id='block_1_12' title="bbox 480 875 2052 966">
    <p class='ocr_par' dir='ltr' id='par_1_12' title="bbox 480 875 2052 966">
     <span class='ocr_line' id='line_1_12' title="bbox 480 875 2052 966; baseline -0.006 -31"><span class='ocrx_word' id='word_1_68' title='bbox 480 883 593 966; x_wconf 75' lang='lat' dir='ltr'><strong>ﬁcis</strong></span> <span class='ocrx_word' id='word_1_69' title='bbox 613 885 966 966; x_wconf 65' lang='lat' dir='ltr'><strong>praecellentia</strong></span> <span class='ocrx_word' id='word_1_70' title='bbox 1001 885 1052 937; x_wconf 91' lang='lat' dir='ltr'><strong>in</strong></span> <span class='ocrx_word' id='word_1_71' title='bbox 1081 882 1309 937; x_wconf 87' lang='lat' dir='ltr'><strong>concilio</strong></span> <span class='ocrx_word' id='word_1_72' title='bbox 1340 879 1499 966; x_wconf 58' lang='lat' dir='ltr'><strong>toti&#39;us</strong></span> <span class='ocrx_word' id='word_1_73' title='bbox 1525 876 1788 957; x_wconf 71' lang='lat' dir='ltr'><strong>Ecclesiae</strong></span> <span class='ocrx_word' id='word_1_74' title='bbox 1815 875 2052 944; x_wconf 83' lang='lat' dir='ltr'><strong>loquitur</strong></span> 
     </span>
    </p>
   </div>
   <div class='ocr_carea' id='block_1_13' title="bbox 479 949 1658 1021">
    <p class='ocr_par' dir='ltr' id='par_1_13' title="bbox 479 949 1658 1021">
     <span class='ocr_line' id='line_1_13' title="bbox 479 949 1658 1021; baseline -0.008 -14"><span class='ocrx_word' id='word_1_75' title='bbox 479 949 654 1008; x_wconf 78' lang='lat' dir='ltr'><strong>verbis</strong></span> <span class='ocrx_word' id='word_1_76' title='bbox 678 955 720 1008; x_wconf 88' lang='lat' dir='ltr'><strong>si</strong></span> <span class='ocrx_word' id='word_1_77' title='bbox 750 969 866 1021; x_wconf 76' lang='lat' dir='ltr'><strong>qum</strong></span> <span class='ocrx_word' id='word_1_78' title='bbox 900 953 1000 1005; x_wconf 88' lang='lat' dir='ltr'><strong>alia</strong></span> <span class='ocrx_word' id='word_1_79' title='bbox 1031 966 1279 1018; x_wconf 80' lang='lat' dir='ltr'><strong>umquam</strong></span> <span class='ocrx_word' id='word_1_80' title='bbox 1305 949 1658 1021; x_wconf 75' lang='lat' dir='ltr'><strong>amplissimis.</strong></span> 
     </span>
    </p>
   </div>
   <div class='ocr_carea' id='block_1_14' title="bbox 551 1013 2051 1090">
    <p class='ocr_par' dir='ltr' id='par_1_14' title="bbox 551 1013 2051 1090">
     <span class='ocr_line' id='line_1_14' title="bbox 551 1013 2051 1090; baseline -0.005 -15"><span class='ocrx_word' id='word_1_81' title='bbox 551 1023 607 1075; x_wconf 70' lang='grc'><strong>4⁸</strong></span> <span class='ocrx_word' id='word_1_82' title='bbox 648 1013 965 1090; x_wconf 78' lang='lat' dir='ltr'><strong>Legatorum</strong></span> <span class='ocrx_word' id='word_1_83' title='bbox 993 1013 1193 1090; x_wconf 81' lang='lat' dir='ltr'><strong>primus</strong></span> <span class='ocrx_word' id='word_1_84' title='bbox 1234 1013 1469 1090; x_wconf 81' lang='lat' dir='ltr'><strong>sanctam</strong></span> <span class='ocrx_word' id='word_1_85' title='bbox 1496 1015 1756 1090; x_wconf 75' lang='lat' dir='ltr'><strong>synodum</strong></span> <span class='ocrx_word' id='word_1_86' title='bbox 1791 1013 2051 1090; x_wconf 73' lang='lat' dir='ltr'><strong>allocutus</strong></span> 
     </span>
    </p>
   </div>
   <div class='ocr_carea' id='block_1_15' title="bbox 480 1083 2048 1160">
    <p class='ocr_par' dir='ltr' id='par_1_15' title="bbox 480 1083 2048 1160">
     <span class='ocr_line' id='line_1_15' title="bbox 480 1083 2048 1160; baseline -0.008 -14"><span class='ocrx_word' id='word_1_87' title='bbox 480 1101 560 1146; x_wconf 88' lang='lat' dir='ltr'><strong>est</strong></span> <span class='ocrx_word' id='word_1_88' title='bbox 599 1083 817 1160; x_wconf 39' lang='lat' dir='ltr'><strong>(Aetii-3)</strong></span> <span class='ocrx_word' id='word_1_89' title='bbox 849 1110 860 1143; x_wconf 88' lang='lat'><strong>:</strong></span> <span class='ocrx_word' id='word_1_90' title='bbox 905 1083 1105 1160; x_wconf 83' lang='lat' dir='ltr'><strong>primus</strong></span> <span class='ocrx_word' id='word_1_91' title='bbox 1133 1088 1455 1160; x_wconf 83' lang='lat' dir='ltr'><strong>sententiam</strong></span> <span class='ocrx_word' id='word_1_92' title='bbox 1480 1083 1836 1160; x_wconf 78' lang='lat' dir='ltr'><strong>damnationis</strong></span> <span class='ocrx_word' id='word_1_93' title='bbox 1861 1083 1912 1160; x_wconf 77' lang='lat' dir='ltr'><strong>in</strong></span> <span class='ocrx_word' id='word_1_94' title='bbox 1943 1083 2048 1160; x_wconf 56' lang='lat' dir='ltr'><strong>bie-</strong></span> 
     </span>
    </p>
   </div>
   <div class='ocr_carea' id='block_1_16' title="bbox 479 1152 2046 1229">
    <p class='ocr_par' dir='ltr' id='par_1_16' title="bbox 479 1152 2046 1229">
     <span class='ocr_line' id='line_1_16' title="bbox 479 1152 2046 1229; baseline -0.008 -13"><span class='ocrx_word' id='word_1_95' title='bbox 479 1152 702 1216; x_wconf 72' lang='lat' dir='ltr'><strong>storitixn</strong></span> <span class='ocrx_word' id='word_1_96' title='bbox 735 1152 870 1225; x_wconf 83' lang='lat' dir='ltr'><strong>tulit,</strong></span> <span class='ocrx_word' id='word_1_97' title='bbox 905 1152 1104 1229; x_wconf 80' lang='lat' dir='ltr'><strong>primus</strong></span> <span class='ocrx_word' id='word_1_98' title='bbox 1132 1157 1464 1229; x_wconf 82' lang='lat' dir='ltr'><strong>damnationi</strong></span> <span class='ocrx_word' id='word_1_99' title='bbox 1482 1153 1792 1229; x_wconf 75' lang='lat' dir='ltr'><strong>subscripsit</strong></span> <span class='ocrx_word' id='word_1_100' title='bbox 1822 1152 2046 1221; x_wconf 79' lang='lat' dir='ltr'><strong>(Act.5).</strong></span> 
     </span>
    </p>
   </div>
   <div class='ocr_carea' id='block_1_17' title="bbox 553 1223 2050 1298">
    <p class='ocr_par' dir='ltr' id='par_1_17' title="bbox 553 1223 2050 1298">
     <span class='ocr_line' id='line_1_17' title="bbox 553 1223 2050 1298; baseline -0.006 -15"><span class='ocrx_word' id='word_1_101' title='bbox 553 1230 606 1283; x_wconf 82' lang='lat'><strong>5°</strong></span> <span class='ocrx_word' id='word_1_102' title='bbox 646 1223 872 1293; x_wconf 70' lang='lat' dir='ltr'><strong>Primus,</strong></span> <span class='ocrx_word' id='word_1_103' title='bbox 896 1223 1056 1298; x_wconf 81' lang='lat' dir='ltr'><strong>atque</strong></span> <span class='ocrx_word' id='word_1_104' title='bbox 1081 1236 1230 1282; x_wconf 80' lang='lat' dir='ltr'><strong>extra</strong></span> <span class='ocrx_word' id='word_1_105' title='bbox 1257 1226 1617 1298; x_wconf 53' lang='lat' dir='ltr'><strong>praescriptum</strong></span> <span class='ocrx_word' id='word_1_106' title='bbox 1647 1223 2050 1290; x_wconf 87' lang='lat' dir='ltr'><strong>abimperatore</strong></span> 
     </span>
    </p>
   </div>
   <div class='ocr_carea' id='block_1_18' title="bbox 481 1293 2052 1367">
    <p class='ocr_par' dir='ltr' id='par_1_18' title="bbox 481 1293 2052 1367">
     <span class='ocr_line' id='line_1_18' title="bbox 481 1293 2052 1367; baseline -0.006 -14"><span class='ocrx_word' id='word_1_107' title='bbox 481 1314 759 1354; x_wconf 85' lang='lat' dir='ltr'><strong>numerum</strong></span> <span class='ocrx_word' id='word_1_108' title='bbox 801 1293 1093 1367; x_wconf 71' lang='lat' dir='ltr'><strong>legatorum</strong></span> <span class='ocrx_word' id='word_1_109' title='bbox 1138 1293 1334 1350; x_wconf 62' lang='lat' dir='ltr'><strong>sancte</strong></span> <span class='ocrx_word' id='word_1_110' title='bbox 1381 1293 1586 1367; x_wconf 77' lang='lat' dir='ltr'><strong>synodi,</strong></span> <span class='ocrx_word' id='word_1_111' title='bbox 1617 1299 2052 1367; x_wconf 46' lang='lat' dir='ltr'><strong>quorumdamcn</strong></span> 
     </span>
    </p>
   </div>
   <div class='ocr_carea' id='block_1_19' title="bbox 483 1361 2047 1432">
    <p class='ocr_par' dir='ltr' id='par_1_19' title="bbox 483 1361 2047 1432">
     <span class='ocr_line' id='line_1_19' title="bbox 483 1361 2047 1432; baseline -0.006 -10"><span class='ocrx_word' id='word_1_112' title='bbox 483 1385 618 1422; x_wconf 90' lang='lat' dir='ltr'><strong>unus</strong></span> <span class='ocrx_word' id='word_1_113' title='bbox 634 1378 744 1422; x_wconf 84' lang='lat' dir='ltr'><strong>erat</strong></span> <span class='ocrx_word' id='word_1_114' title='bbox 757 1361 1027 1430; x_wconf 66' lang='lat' dir='ltr'><strong>Arcadius,</strong></span> <span class='ocrx_word' id='word_1_115' title='bbox 1054 1382 1188 1419; x_wconf 81' lang='lat' dir='ltr'><strong>ums</strong></span> <span class='ocrx_word' id='word_1_116' title='bbox 1208 1361 1422 1432; x_wconf 78' lang='lat' dir='ltr'><strong>quoque</strong></span> <span class='ocrx_word' id='word_1_117' title='bbox 1437 1362 1706 1416; x_wconf 69' lang='lat' dir='ltr'><strong>Iuvenalis</strong></span> <span class='ocrx_word' id='word_1_118' title='bbox 1727 1361 2047 1429; x_wconf 85' lang='lat' dir='ltr'><strong>patriarcha,</strong></span> 
     </span>
    </p>
   </div>
   <div class='ocr_carea' id='block_1_20' title="bbox 481 1431 1610 1505">
    <p class='ocr_par' dir='ltr' id='par_1_20' title="bbox 481 1431 1610 1505">
     <span class='ocr_line' id='line_1_20' title="bbox 481 1431 1610 1505; baseline -0.008 -14"><span class='ocrx_word' id='word_1_119' title='bbox 481 1438 547 1492; x_wconf 86' lang='lat' dir='ltr'><strong>ad</strong></span> <span class='ocrx_word' id='word_1_120' title='bbox 571 1439 943 1505; x_wconf 78' lang='lat' dir='ltr'><strong>imperatorem</strong></span> <span class='ocrx_word' id='word_1_121' title='bbox 971 1431 1239 1505; x_wconf 83' lang='lat' dir='ltr'><strong>profectus</strong></span> <span class='ocrx_word' id='word_1_122' title='bbox 1265 1441 1344 1487; x_wconf 83' lang='lat' dir='ltr'><strong>est</strong></span> <span class='ocrx_word' id='word_1_123' title='bbox 1373 1435 1506 1505; x_wconf 65' lang='lat' dir='ltr'><strong>(Act.</strong></span> 
     </span>
    </p>
   </div>
   <div class='ocr_carea' id='block_1_21' title="bbox 552 1499 2052 1572">
    <p class='ocr_par' dir='ltr' id='par_1_21' title="bbox 552 1499 2052 1572">
     <span class='ocr_line' id='line_1_21' title="bbox 552 1499 2052 1572; baseline -0.003 -14"><span class='ocrx_word' id='word_1_124' title='bbox 552 1506 613 1558; x_wconf 68' lang='grc' dir='ltr'><strong>ϐπ</strong></span> <span class='ocrx_word' id='word_1_125' title='bbox 646 1499 861 1560; x_wconf 72' lang='lat' dir='ltr'><strong>Primus</strong></span> <span class='ocrx_word' id='word_1_126' title='bbox 898 1499 1190 1572; x_wconf 70' lang='lat' dir='ltr'><strong>legatorum</strong></span> <span class='ocrx_word' id='word_1_127' title='bbox 1237 1504 1536 1572; x_wconf 79' lang='lat' dir='ltr'><strong>appellath</strong></span> <span class='ocrx_word' id='word_1_128' title='bbox 1581 1500 1634 1552; x_wconf 89' lang='lat' dir='ltr'><strong>in</strong></span> <span class='ocrx_word' id='word_1_129' title='bbox 1669 1499 1922 1572; x_wconf 82' lang='lat' dir='ltr'><strong>mandato</strong></span> <span class='ocrx_word' id='word_1_130' title='bbox 1961 1500 2052 1572; x_wconf 89' lang='lat' dir='ltr'><strong>his</strong></span> 
     </span>
    </p>
   </div>
   <div class='ocr_carea' id='block_1_22' title="bbox 480 1569 2052 1645">
    <p class='ocr_par' dir='ltr' id='par_1_22' title="bbox 480 1569 2052 1645">
     <span class='ocr_line' id='line_1_22' title="bbox 480 1569 2052 1645; baseline -0.003 -17"><span class='ocrx_word' id='word_1_131' title='bbox 480 1577 700 1645; x_wconf 44' lang='lat' dir='ltr'><strong>uerbis:</strong></span> <span class='ocrx_word' id='word_1_132' title='bbox 741 1569 984 1645; x_wconf 67' lang='lat' dir='ltr'><strong>Philippe</strong></span> <span class='ocrx_word' id='word_1_133' title='bbox 1035 1569 1417 1644; x_wconf 74' lang='lat' dir='ltr'><strong>religiosissima</strong></span> <span class='ocrx_word' id='word_1_134' title='bbox 1466 1569 1671 1645; x_wconf 76' lang='lat' dir='ltr'><strong>Deeque</strong></span> <span class='ocrx_word' id='word_1_135' title='bbox 1725 1569 2052 1645; x_wconf 76' lang='lat' dir='ltr'><strong>dilectissimo</strong></span> 
     </span>
    </p>
   </div>
   <div class='ocr_carea' id='block_1_23' title="bbox 481 1637 2055 1712">
    <p class='ocr_par' dir='ltr' id='par_1_23' title="bbox 481 1637 2055 1712">
     <span class='ocr_line' id='line_1_23' title="bbox 481 1637 2055 1712; baseline -0.002 -16"><span class='ocrx_word' id='word_1_136' title='bbox 481 1643 734 1699; x_wconf 74' lang='lat' dir='ltr'><strong>Caelestini</strong></span> <span class='ocrx_word' id='word_1_137' title='bbox 763 1637 1070 1699; x_wconf 74' lang='lat' dir='ltr'><strong>sanctissimi</strong></span> <span class='ocrx_word' id='word_1_138' title='bbox 1090 1637 1311 1712; x_wconf 66' lang='lat' dir='ltr'><strong>episcopi</strong></span> <span class='ocrx_word' id='word_1_139' title='bbox 1340 1637 1636 1712; x_wconf 76' lang='lat' dir='ltr'><strong>apostolica:</strong></span> <span class='ocrx_word' id='word_1_140' title='bbox 1655 1637 1790 1712; x_wconf 84' lang='lat' dir='ltr'><strong>sedis</strong></span> <span class='ocrx_word' id='word_1_141' title='bbox 1812 1641 2055 1712; x_wconf 68' lang='lat' dir='ltr'><strong>maxime</strong></span> 
     </span>
    </p>
   </div>
   <div class='ocr_carea' id='block_1_24' title="bbox 2149 459 3720 532">
    <p class='ocr_par' dir='ltr' id='par_1_24' title="bbox 2149 459 3720 532">
     <span class='ocr_line' id='line_1_24' title="bbox 2149 459 3720 532; baseline 0.005 -20"><span class='ocrx_word' id='word_1_142' title='bbox 2149 459 2295 532; x_wconf 75' lang='lat' dir='ltr'><strong>bruta</strong></span> <span class='ocrx_word' id='word_1_143' title='bbox 2325 470 2422 532; x_wconf 73' lang='lat' dir='ltr'><strong>est,</strong></span> <span class='ocrx_word' id='word_1_144' title='bbox 2451 459 2698 532; x_wconf 74' lang='lat' dir='ltr'><strong>frequenti</strong></span> <span class='ocrx_word' id='word_1_145' title='bbox 2717 459 3047 532; x_wconf 73' lang='lat' dir='ltr'><strong>ducentorum</strong></span> <span class='ocrx_word' id='word_1_146' title='bbox 3071 459 3425 532; x_wconf 73' lang='lat' dir='ltr'><strong>episcoporum</strong></span> <span class='ocrx_word' id='word_1_147' title='bbox 3456 476 3720 524; x_wconf 73' lang='lat' dir='ltr'><strong>conventas.</strong></span> 
     </span>
    </p>
   </div>
   <div class='ocr_carea' id='block_1_25' title="bbox 2147 529 3725 599">
    <p class='ocr_par' dir='ltr' id='par_1_25' title="bbox 2147 529 3725 599">
     <span class='ocr_line' id='line_1_25' title="bbox 2147 529 3725 599; baseline 0.006 -17"><span class='ocrx_word' id='word_1_148' title='bbox 2147 529 2204 582; x_wconf 90' lang='lat' dir='ltr'><strong>Si</strong></span> <span class='ocrx_word' id='word_1_149' title='bbox 2225 545 2329 597; x_wconf 88' lang='lat' dir='ltr'><strong>qua</strong></span> <span class='ocrx_word' id='word_1_150' title='bbox 2359 530 2487 584; x_wconf 83' lang='lat' dir='ltr'><strong>ﬁdes</strong></span> <span class='ocrx_word' id='word_1_151' title='bbox 2507 529 2804 584; x_wconf 82' lang='lat' dir='ltr'><strong>adhibenda</strong></span> <span class='ocrx_word' id='word_1_152' title='bbox 2824 537 2964 584; x_wconf 86' lang='lat' dir='ltr'><strong>esset</strong></span> <span class='ocrx_word' id='word_1_153' title='bbox 2991 529 3249 599; x_wconf 85' lang='lat' dir='ltr'><strong>scriptori</strong></span> <span class='ocrx_word' id='word_1_154' title='bbox 3273 530 3529 597; x_wconf 87' lang='lat' dir='ltr'><strong>ejusmodi</strong></span> <span class='ocrx_word' id='word_1_155' title='bbox 3561 535 3725 591; x_wconf 77' lang='lat' dir='ltr'><strong>Acto-</strong></span> 
     </span>
    </p>
   </div>
   <div class='ocr_carea' id='block_1_26' title="bbox 2146 599 3722 674">
    <p class='ocr_par' dir='ltr' id='par_1_26' title="bbox 2146 599 3722 674">
     <span class='ocr_line' id='line_1_26' title="bbox 2146 599 3722 674; baseline -0.001 -22"><span class='ocrx_word' id='word_1_156' title='bbox 2146 615 2284 663; x_wconf 88' lang='lat' dir='ltr'><strong>rum,</strong></span> <span class='ocrx_word' id='word_1_157' title='bbox 2314 615 2420 652; x_wconf 92' lang='lat' dir='ltr'><strong>non</strong></span> <span class='ocrx_word' id='word_1_158' title='bbox 2441 599 2668 674; x_wconf 79' lang='lat' dir='ltr'><strong>impulsu</strong></span> <span class='ocrx_word' id='word_1_159' title='bbox 2696 599 2942 674; x_wconf 76' lang='lat' dir='ltr'><strong>Nestorii,</strong></span> <span class='ocrx_word' id='word_1_160' title='bbox 2965 600 3059 654; x_wconf 88' lang='lat' dir='ltr'><strong>sed</strong></span> <span class='ocrx_word' id='word_1_161' title='bbox 3080 599 3223 664; x_wconf 92' lang='lat' dir='ltr'><strong>odio,</strong></span> <span class='ocrx_word' id='word_1_162' title='bbox 3248 599 3580 674; x_wconf 68' lang='lat' dir='ltr'><strong>Theodosius</strong></span> <span class='ocrx_word' id='word_1_163' title='bbox 3599 622 3722 674; x_wconf 90' lang='lat' dir='ltr'><strong>pro-</strong></span> 
     </span>
    </p>
   </div>
   <div class='ocr_carea' id='block_1_27' title="bbox 2147 669 3720 740">
    <p class='ocr_par' dir='ltr' id='par_1_27' title="bbox 2147 669 3720 740">
     <span class='ocr_line' id='line_1_27' title="bbox 2147 669 3720 740; baseline 0.004 -19"><span class='ocrx_word' id='word_1_164' title='bbox 2147 676 2387 740; x_wconf 71' lang='lat' dir='ltr'><strong>curasset</strong></span> <span class='ocrx_word' id='word_1_165' title='bbox 2401 669 2995 740; x_wconf 74' lang='lat' dir='ltr'><strong>cogendam’synodum;</strong></span> <span class='ocrx_word' id='word_1_166' title='bbox 3018 685 3124 724; x_wconf 88' lang='lat' dir='ltr'><strong>non</strong></span> <span class='ocrx_word' id='word_1_167' title='bbox 3145 683 3264 723; x_wconf 87' lang='lat' dir='ltr'><strong>eam</strong></span> <span class='ocrx_word' id='word_1_168' title='bbox 3285 671 3396 740; x_wconf 89' lang='lat' dir='ltr'><strong>ipse</strong></span> <span class='ocrx_word' id='word_1_169' title='bbox 3415 669 3720 736; x_wconf 81' lang='lat' dir='ltr'><strong>indixisset,</strong></span> 
     </span>
    </p>
   </div>
   <div class='ocr_carea' id='block_1_28' title="bbox 2148 736 3723 808">
    <p class='ocr_par' dir='ltr' id='par_1_28' title="bbox 2148 736 3723 808">
     <span class='ocr_line' id='line_1_28' title="bbox 2148 736 3723 808; baseline 0.005 -18"><span class='ocrx_word' id='word_1_170' title='bbox 2148 737 2243 808; x_wconf 78' lang='lat' dir='ltr'><strong>sed</strong></span> <span class='ocrx_word' id='word_1_171' title='bbox 2269 736 2620 808; x_wconf 67' lang='lat' dir='ltr'><strong>Caelestinus;</strong></span> <span class='ocrx_word' id='word_1_172' title='bbox 2651 736 2759 792; x_wconf 83' lang='lat' dir='ltr'><strong>non</strong></span> <span class='ocrx_word' id='word_1_173' title='bbox 2787 753 2853 792; x_wconf 91' lang='lat' dir='ltr'><strong>eo</strong></span> <span class='ocrx_word' id='word_1_174' title='bbox 2882 747 3122 808; x_wconf 91' lang='lat' dir='ltr'><strong>tempore</strong></span> <span class='ocrx_word' id='word_1_175' title='bbox 3146 753 3255 806; x_wconf 90' lang='lat' dir='ltr'><strong>quo</strong></span> <span class='ocrx_word' id='word_1_176' title='bbox 3298 736 3492 794; x_wconf 87' lang='lat' dir='ltr'><strong>indicta</strong></span> <span class='ocrx_word' id='word_1_177' title='bbox 3523 753 3609 796; x_wconf 89' lang='lat' dir='ltr'><strong>est</strong></span> <span class='ocrx_word' id='word_1_178' title='bbox 3629 749 3723 798; x_wconf 84' lang='lat' dir='ltr'><strong>tu-</strong></span> 
     </span>
    </p>
   </div>
   <div class='ocr_carea' id='block_1_29' title="bbox 2148 806 3723 875">
    <p class='ocr_par' dir='ltr' id='par_1_29' title="bbox 2148 806 3723 875">
     <span class='ocr_line' id='line_1_29' title="bbox 2148 806 3723 875; baseline 0.008 -17"><span class='ocrx_word' id='word_1_179' title='bbox 2148 806 2297 860; x_wconf 86' lang='lat' dir='ltr'><strong>lisset</strong></span> <span class='ocrx_word' id='word_1_180' title='bbox 2324 806 2561 875; x_wconf 81' lang='lat' dir='ltr'><strong>pontifex</strong></span> <span class='ocrx_word' id='word_1_181' title='bbox 2587 808 2944 862; x_wconf 82' lang='lat' dir='ltr'><strong>damnationis</strong></span> <span class='ocrx_word' id='word_1_182' title='bbox 2963 806 3300 874; x_wconf 82' lang='lat' dir='ltr'><strong>sententiam,</strong></span> <span class='ocrx_word' id='word_1_183' title='bbox 3330 810 3422 865; x_wconf 85' lang='lat' dir='ltr'><strong>sed</strong></span> <span class='ocrx_word' id='word_1_184' title='bbox 3451 810 3723 870; x_wconf 79' lang='lat' dir='ltr'><strong>ferendam</strong></span> 
     </span>
    </p>
   </div>
   <div class='ocr_carea' id='block_1_30' title="bbox 2149 876 3723 955">
    <p class='ocr_par' dir='ltr' id='par_1_30' title="bbox 2149 876 3723 955">
     <span class='ocr_line' id='line_1_30' title="bbox 2149 876 3723 955; baseline 0.005 -27"><span class='ocrx_word' id='word_1_185' title='bbox 2149 876 2353 955; x_wconf 71' lang='lat' dir='ltr'><strong>synodo</strong></span> <span class='ocrx_word' id='word_1_186' title='bbox 2380 877 2710 955; x_wconf 75' lang='lat' dir='ltr'><strong>mandasset;</strong></span> <span class='ocrx_word' id='word_1_187' title='bbox 2741 895 2846 955; x_wconf 79' lang='lat' dir='ltr'><strong>non</strong></span> <span class='ocrx_word' id='word_1_188' title='bbox 2885 887 3252 955; x_wconf 79' lang='lat' dir='ltr'><strong>exsecutorem</strong></span> <span class='ocrx_word' id='word_1_189' title='bbox 3298 882 3579 955; x_wconf 65' lang='lat' dir='ltr'><strong>sententias</strong></span> <span class='ocrx_word' id='word_1_190' title='bbox 3617 883 3723 954; x_wconf 85' lang='lat' dir='ltr'><strong>Cy-</strong></span> 
     </span>
    </p>
   </div>
   <div class='ocr_carea' id='block_1_31' title="bbox 2149 944 3725 1018">
    <p class='ocr_par' dir='ltr' id='par_1_31' title="bbox 2149 944 3725 1018">
     <span class='ocr_line' id='line_1_31' title="bbox 2149 944 3725 1018; baseline 0.008 -23"><span class='ocrx_word' id='word_1_191' title='bbox 2149 944 2335 1018; x_wconf 54' lang='lat' dir='ltr'><strong>{illum</strong></span> <span class='ocrx_word' id='word_1_192' title='bbox 2347 947 2728 1012; x_wconf 89' lang='lat' dir='ltr'><strong>constituisset,</strong></span> <span class='ocrx_word' id='word_1_193' title='bbox 2753 948 2846 1001; x_wconf 90' lang='lat' dir='ltr'><strong>sed</strong></span> <span class='ocrx_word' id='word_1_194' title='bbox 2869 956 3037 1001; x_wconf 89' lang='lat' dir='ltr'><strong>totam</strong></span> <span class='ocrx_word' id='word_1_195' title='bbox 3057 946 3338 1018; x_wconf 88' lang='lat' dir='ltr'><strong>synodum.</strong></span> <span class='ocrx_word' id='word_1_196' title='bbox 3359 948 3552 1003; x_wconf 86' lang='lat' dir='ltr'><strong>Verum</strong></span> <span class='ocrx_word' id='word_1_197' title='bbox 3575 944 3725 1008; x_wconf 62' lang='lat' dir='ltr'><strong>nut&#39;at</strong></span> 
     </span>
    </p>
   </div>
   <div class='ocr_carea' id='block_1_32' title="bbox 2152 1012 3724 1084">
    <p class='ocr_par' dir='ltr' id='par_1_32' title="bbox 2152 1012 3724 1084">
     <span class='ocr_line' id='line_1_32' title="bbox 2152 1012 3724 1084; baseline 0.008 -20"><span class='ocrx_word' id='word_1_198' title='bbox 2152 1012 2282 1084; x_wconf 76' lang='lat' dir='ltr'><strong>fides</strong></span> <span class='ocrx_word' id='word_1_199' title='bbox 2310 1013 2579 1079; x_wconf 79' lang='lat' dir='ltr'><strong>Actorum,</strong></span> <span class='ocrx_word' id='word_1_200' title='bbox 2611 1018 2952 1084; x_wconf 87' lang='lat' dir='ltr'><strong>quantumvis</strong></span> <span class='ocrx_word' id='word_1_201' title='bbox 2998 1012 3137 1080; x_wconf 80' lang='lat' dir='ltr'><strong>eam,</strong></span> <span class='ocrx_word' id='word_1_202' title='bbox 3169 1017 3502 1084; x_wconf 87' lang='lat' dir='ltr'><strong>interpolatis</strong></span> <span class='ocrx_word' id='word_1_203' title='bbox 3527 1025 3724 1076; x_wconf 84' lang='lat' dir='ltr'><strong>veteri-</strong></span> 
     </span>
    </p>
   </div>
   <div class='ocr_carea' id='block_1_33' title="bbox 2150 1083 3722 1153">
    <p class='ocr_par' dir='ltr' id='par_1_33' title="bbox 2150 1083 3722 1153">
     <span class='ocr_line' id='line_1_33' title="bbox 2150 1083 3722 1153; baseline 0.006 -18"><span class='ocrx_word' id='word_1_204' title='bbox 2150 1083 2248 1153; x_wconf 88' lang='lat' dir='ltr'><strong>bus</strong></span> <span class='ocrx_word' id='word_1_205' title='bbox 2295 1083 2667 1150; x_wconf 85' lang='lat' dir='ltr'><strong>monumentis,</strong></span> <span class='ocrx_word' id='word_1_206' title='bbox 2697 1085 2939 1153; x_wconf 82' lang='lat' dir='ltr'><strong>Sigonius</strong></span> <span class='ocrx_word' id='word_1_207' title='bbox 2967 1085 3180 1139; x_wconf 86' lang='lat' dir='ltr'><strong>ﬁrmare</strong></span> <span class='ocrx_word' id='word_1_208' title='bbox 3216 1083 3438 1141; x_wconf 76' lang='lat' dir='ltr'><strong>conatus</strong></span> <span class='ocrx_word' id='word_1_209' title='bbox 3473 1090 3570 1153; x_wconf 89' lang='lat' dir='ltr'><strong>sit;</strong></span> <span class='ocrx_word' id='word_1_210' title='bbox 3601 1108 3722 1145; x_wconf 87' lang='lat' dir='ltr'><strong>nam</strong></span> 
     </span>
    </p>
   </div>
   <div class='ocr_carea' id='block_1_34' title="bbox 2151 1151 3726 1226">
    <p class='ocr_par' dir='ltr' id='par_1_34' title="bbox 2151 1151 3726 1226">
     <span class='ocr_line' id='line_1_34' title="bbox 2151 1151 3726 1226; baseline 0.006 -21"><span class='ocrx_word' id='word_1_211' title='bbox 2151 1151 2426 1226; x_wconf 84' lang='lat' dir='ltr'><strong>Nestorius</strong></span> <span class='ocrx_word' id='word_1_212' title='bbox 2467 1155 2579 1226; x_wconf 87' lang='lat' dir='ltr'><strong>ipse</strong></span> <span class='ocrx_word' id='word_1_213' title='bbox 2605 1151 2825 1226; x_wconf 46' lang='lat' dir='ltr'><strong>petita—tn</strong></span> <span class='ocrx_word' id='word_1_214' title='bbox 2863 1170 2895 1226; x_wconf 83' lang='lat' dir='ltr'><strong>a</strong></span> <span class='ocrx_word' id='word_1_215' title='bbox 2924 1171 2982 1209; x_wconf 90' lang='lat' dir='ltr'><strong>se</strong></span> <span class='ocrx_word' id='word_1_216' title='bbox 3021 1155 3280 1226; x_wconf 82' lang='lat' dir='ltr'><strong>synodum</strong></span> <span class='ocrx_word' id='word_1_217' title='bbox 3311 1155 3508 1211; x_wconf 81' lang='lat' dir='ltr'><strong>fatetur</strong></span> <span class='ocrx_word' id='word_1_218' title='bbox 3539 1151 3564 1210; x_wconf 17' lang='lat'><strong>:7</strong></span> <span class='ocrx_word' id='word_1_219' title='bbox 3585 1162 3726 1215; x_wconf 90' lang='lat' dir='ltr'><strong>unde</strong></span> 
     </span>
    </p>
   </div>
   <div class='ocr_carea' id='block_1_35' title="bbox 2151 1224 3726 1294">
    <p class='ocr_par' dir='ltr' id='par_1_35' title="bbox 2151 1224 3726 1294">
     <span class='ocr_line' id='line_1_35' title="bbox 2151 1224 3726 1294; baseline 0.007 -20"><span class='ocrx_word' id='word_1_220' title='bbox 2151 1229 2206 1275; x_wconf 88' lang='lat' dir='ltr'><strong>et</strong></span> <span class='ocrx_word' id='word_1_221' title='bbox 2233 1224 2422 1294; x_wconf 80' lang='lat' dir='ltr'><strong>synodi</strong></span> <span class='ocrx_word' id='word_1_222' title='bbox 2471 1225 2666 1294; x_wconf 85' lang='lat' dir='ltr'><strong>petitor</strong></span> <span class='ocrx_word' id='word_1_223' title='bbox 2710 1241 2740 1277; x_wconf 90' lang='lat' dir='ltr'><strong>a</strong></span> <span class='ocrx_word' id='word_1_224' title='bbox 2787 1224 3078 1279; x_wconf 80' lang='lat' dir='ltr'><strong>leestino</strong></span> <span class='ocrx_word' id='word_1_225' title='bbox 3115 1225 3323 1279; x_wconf 91' lang='lat' dir='ltr'><strong>dicitur.</strong></span> <span class='ocrx_word' id='word_1_226' title='bbox 3361 1226 3544 1294; x_wconf 81' lang='lat' dir='ltr'><strong>Legati</strong></span> <span class='ocrx_word' id='word_1_227' title='bbox 3586 1231 3726 1284; x_wconf 82' lang='lat' dir='ltr'><strong>sedis</strong></span> 
     </span>
    </p>
   </div>
   <div class='ocr_carea' id='block_1_36' title="bbox 2151 1293 3725 1365">
    <p class='ocr_par' dir='ltr' id='par_1_36' title="bbox 2151 1293 3725 1365">
     <span class='ocr_line' id='line_1_36' title="bbox 2151 1293 3725 1365; baseline 0.004 -19"><span class='ocrx_word' id='word_1_228' title='bbox 2151 1293 2472 1365; x_wconf 65' lang='lat' dir='ltr'><strong>apostolicae.</strong></span> <span class='ocrx_word' id='word_1_229' title='bbox 2491 1293 2993 1365; x_wconf 88' lang='lat' dir='ltr'><strong>ipseque_imprimis</strong></span> <span class='ocrx_word' id='word_1_230' title='bbox 3012 1295 3426 1365; x_wconf 74' lang='lat' dir='ltr'><strong>studiosissimus</strong></span> <span class='ocrx_word' id='word_1_231' title='bbox 3443 1293 3725 1365; x_wconf 78' lang='lat' dir='ltr'><strong>pontiﬁcize</strong></span> 
     </span>
    </p>
   </div>
   <div class='ocr_carea' id='block_1_37' title="bbox 2151 1361 3724 1432">
    <p class='ocr_par' dir='ltr' id='par_1_37' title="bbox 2151 1361 3724 1432">
     <span class='ocr_line' id='line_1_37' title="bbox 2151 1361 3724 1432; baseline 0.004 -18"><span class='ocrx_word' id='word_1_232' title='bbox 2151 1361 2421 1428; x_wconf 86' lang='lat' dir='ltr'><strong>dignitatis</strong></span> <span class='ocrx_word' id='word_1_233' title='bbox 2444 1370 2679 1432; x_wconf 86' lang='lat' dir='ltr'><strong>assertor</strong></span> <span class='ocrx_word' id='word_1_234' title='bbox 2702 1361 2995 1432; x_wconf 87' lang='lat' dir='ltr'><strong>Philippus,</strong></span> <span class='ocrx_word' id='word_1_235' title='bbox 3023 1379 3128 1418; x_wconf 90' lang='lat' dir='ltr'><strong>non</strong></span> <span class='ocrx_word' id='word_1_236' title='bbox 3153 1379 3183 1417; x_wconf 92' lang='lat' dir='ltr'><strong>a</strong></span> <span class='ocrx_word' id='word_1_237' title='bbox 3209 1361 3516 1429; x_wconf 76' lang='lat' dir='ltr'><strong>Caelestino,</strong></span> <span class='ocrx_word' id='word_1_238' title='bbox 3544 1369 3635 1421; x_wconf 87' lang='lat' dir='ltr'><strong>sed</strong></span> <span class='ocrx_word' id='word_1_239' title='bbox 3657 1371 3724 1421; x_wconf 86' lang='lat' dir='ltr'><strong>ab</strong></span> 
     </span>
    </p>
   </div>
   <div class='ocr_carea' id='block_1_38' title="bbox 2151 1431 3723 1500">
    <p class='ocr_par' dir='ltr' id='par_1_38' title="bbox 2151 1431 3723 1500">
     <span class='ocr_line' id='line_1_38' title="bbox 2151 1431 3723 1500; baseline 0.004 -16"><span class='ocrx_word' id='word_1_240' title='bbox 2151 1431 2560 1500; x_wconf 74' lang='lat' dir='ltr'><strong>imperatoribus</strong></span> <span class='ocrx_word' id='word_1_241' title='bbox 2590 1431 2854 1487; x_wconf 85' lang='lat' dir='ltr'><strong>indictum</strong></span> <span class='ocrx_word' id='word_1_242' title='bbox 2870 1434 3153 1487; x_wconf 89' lang='lat' dir='ltr'><strong>concilium</strong></span> <span class='ocrx_word' id='word_1_243' title='bbox 3183 1441 3405 1487; x_wconf 88' lang='lat' dir='ltr'><strong>testatus</strong></span> <span class='ocrx_word' id='word_1_244' title='bbox 3434 1446 3545 1499; x_wconf 89' lang='lat' dir='ltr'><strong>est;</strong></span> <span class='ocrx_word' id='word_1_245' title='bbox 3577 1447 3629 1490; x_wconf 88' lang='lat' dir='ltr'><strong>et</strong></span> <span class='ocrx_word' id='word_1_246' title='bbox 3657 1454 3723 1491; x_wconf 93' lang='lat' dir='ltr'><strong>eo</strong></span> 
     </span>
    </p>
   </div>
   <div class='ocr_carea' id='block_1_39' title="bbox 2154 1501 3721 1570">
    <p class='ocr_par' dir='ltr' id='par_1_39' title="bbox 2154 1501 3721 1570">
     <span class='ocr_line' id='line_1_39' title="bbox 2154 1501 3721 1570; baseline 0.005 -17"><span class='ocrx_word' id='word_1_247' title='bbox 2154 1507 2396 1568; x_wconf 87' lang='lat' dir='ltr'><strong>tempore</strong></span> <span class='ocrx_word' id='word_1_248' title='bbox 2424 1501 2674 1556; x_wconf 88' lang='lat' dir='ltr'><strong>indictum</strong></span> <span class='ocrx_word' id='word_1_249' title='bbox 2698 1511 2797 1565; x_wconf 89' lang='lat' dir='ltr'><strong>est,</strong></span> <span class='ocrx_word' id='word_1_250' title='bbox 2827 1517 2936 1570; x_wconf 92' lang='lat' dir='ltr'><strong>quo</strong></span> <span class='ocrx_word' id='word_1_251' title='bbox 2955 1504 3216 1556; x_wconf 85' lang='lat' dir='ltr'><strong>sententia</strong></span> <span class='ocrx_word' id='word_1_252' title='bbox 3247 1503 3514 1568; x_wconf 83' lang='lat' dir='ltr'><strong>pontiﬁcis</strong></span> <span class='ocrx_word' id='word_1_253' title='bbox 3543 1507 3594 1559; x_wconf 92' lang='lat' dir='ltr'><strong>in</strong></span> <span class='ocrx_word' id='word_1_254' title='bbox 3617 1507 3721 1561; x_wconf 79' lang='lat' dir='ltr'><strong>Ne-</strong></span> 
     </span>
    </p>
   </div>
   <div class='ocr_carea' id='block_1_40' title="bbox 2151 1571 3722 1638">
    <p class='ocr_par' dir='ltr' id='par_1_40' title="bbox 2151 1571 3722 1638">
     <span class='ocr_line' id='line_1_40' title="bbox 2151 1571 3722 1638; baseline 0.005 -16"><span class='ocrx_word' id='word_1_255' title='bbox 2151 1571 2374 1624; x_wconf 88' lang='lat' dir='ltr'><strong>storium</strong></span> <span class='ocrx_word' id='word_1_256' title='bbox 2419 1571 2525 1623; x_wconf 88' lang='lat' dir='ltr'><strong>lata</strong></span> <span class='ocrx_word' id='word_1_257' title='bbox 2555 1571 2854 1625; x_wconf 89' lang='lat' dir='ltr'><strong>mandanda</strong></span> <span class='ocrx_word' id='word_1_258' title='bbox 2887 1580 3003 1626; x_wconf 90' lang='lat' dir='ltr'><strong>erat</strong></span> <span class='ocrx_word' id='word_1_259' title='bbox 3030 1571 3386 1638; x_wconf 66' lang='lat' dir='ltr'><strong>exsecutioni;</strong></span> <span class='ocrx_word' id='word_1_260' title='bbox 3415 1583 3469 1628; x_wconf 90' lang='lat' dir='ltr'><strong>et</strong></span> <span class='ocrx_word' id='word_1_261' title='bbox 3503 1591 3722 1629; x_wconf 83' lang='lat' dir='ltr'><strong>exsecu-</strong></span> 
     </span>
    </p>
   </div>
   <div class='ocr_carea' id='block_1_41' title="bbox 2155 1639 3723 1712">
    <p class='ocr_par' dir='ltr' id='par_1_41' title="bbox 2155 1639 3723 1712">
     <span class='ocr_line' id='line_1_41' title="bbox 2155 1639 3723 1712; baseline 0.005 -20"><span class='ocrx_word' id='word_1_262' title='bbox 2155 1641 2354 1712; x_wconf 87' lang='lat' dir='ltr'><strong>tionem</strong></span> <span class='ocrx_word' id='word_1_263' title='bbox 2381 1639 2599 1712; x_wconf 74' lang='lat' dir='ltr'><strong>Cy&#39;rillo,</strong></span> <span class='ocrx_word' id='word_1_264' title='bbox 2637 1656 2742 1712; x_wconf 88' lang='lat' dir='ltr'><strong>non</strong></span> <span class='ocrx_word' id='word_1_265' title='bbox 2788 1643 3129 1712; x_wconf 65' lang='lat' dir='ltr'><strong>mettmenicaz</strong></span> <span class='ocrx_word' id='word_1_266' title='bbox 3167 1643 3373 1712; x_wconf 86' lang='lat' dir='ltr'><strong>synodo</strong></span> <span class='ocrx_word' id='word_1_267' title='bbox 3411 1643 3723 1700; x_wconf 72' lang='lat' dir='ltr'><strong>leestinus</strong></span> 
     </span>
    </p>
   </div>
   <div class='ocr_carea' id='block_1_42' title="bbox 479 1709 3723 1802">
    <p class='ocr_par' dir='ltr' id='par_1_42' title="bbox 479 1709 3723 1802">
     <span class='ocr_line' id='line_1_42' title="bbox 479 1709 3723 1802; baseline 0.001 -35"><span class='ocrx_word' id='word_1_268' title='bbox 479 1713 626 1802; x_wconf 50' lang='lat' dir='ltr'><strong>areis.</strong></span> <span class='ocrx_word' id='word_1_269' title='bbox 650 1716 814 1802; x_wconf 73' lang='lat' dir='ltr'><strong>locum</strong></span> <span class='ocrx_word' id='word_1_270' title='bbox 853 1716 1059 1775; x_wconf 84' lang='lat' dir='ltr'><strong>tenenti,</strong></span> <span class='ocrx_word' id='word_1_271' title='bbox 1103 1709 1152 1766; x_wconf 86' lang='lat' dir='ltr'><strong>et</strong></span> <span class='ocrx_word' id='word_1_272' title='bbox 1189 1709 1584 1781; x_wconf 71' lang='lat' dir='ltr'><strong>religiosissimis</strong></span> <span class='ocrx_word' id='word_1_273' title='bbox 1623 1709 1892 1778; x_wconf 78' lang='lat' dir='ltr'><strong>episcopis,</strong></span> <span class='ocrx_word' id='word_1_274' title='bbox 1941 1718 2046 1764; x_wconf 88' lang='lat' dir='ltr'><strong>etc.</strong></span> <span class='ocrx_word' id='word_1_275' title='bbox 2081 1745 2126 1802; x_wconf 73' lang='grc' dir='ltr'>Β</span> <span class='ocrx_word' id='word_1_276' title='bbox 2153 1709 2525 1802; x_wconf 39' lang='lat' dir='ltr'><strong>eummisihut</strong></span> <span class='ocrx_word' id='word_1_277' title='bbox 2547 1711 2833 1802; x_wconf 42' lang='lat' dir='ltr'><strong>ert-litteris.</strong></span> <span class='ocrx_word' id='word_1_278' title='bbox 2853 1711 3101 1802; x_wconf 56' lang='lat' dir='ltr'><strong>l‘jestorii,</strong></span> <span class='ocrx_word' id='word_1_279' title='bbox 3140 1709 3519 1781; x_wconf 72' lang='lat' dir='ltr'><strong>C(nlestinique</strong></span> <span class='ocrx_word' id='word_1_280' title='bbox 3537 1722 3592 1768; x_wconf 91' lang='lat' dir='ltr'><strong>et</strong></span> <span class='ocrx_word' id='word_1_281' title='bbox 3617 1716 3723 1769; x_wconf 84' lang='lat' dir='ltr'><strong>Ac-</strong></span> 
     </span>
    </p>
   </div>
   <div class='ocr_carea' id='block_1_43' title="bbox 509 1783 691 1838">
    <p class='ocr_par' dir='ltr' id='par_1_43' title="bbox 509 1783 691 1838">
     <span class='ocr_line' id='line_1_43' title="bbox 509 1783 691 1838; baseline 0 -2"><span class='ocrx_word' id='word_1_282' title='bbox 509 1783 691 1838; x_wconf 79' lang='lat' dir='ltr'><strong>Ibid.l.</strong></span> 
     </span>
    </p>
   </div>
   <div class='ocr_carea' id='block_1_44' title="bbox 480 1784 2050 1921">
    <p class='ocr_par' dir='ltr' id='par_1_44' title="bbox 480 1784 2050 1921">
     <span class='ocr_line' id='line_1_44' title="bbox 480 1784 2050 1921; baseline -0.004 -14"><span class='ocrx_word' id='word_1_283' title='bbox 480 1784 859 1907; x_wconf 30' lang='grc' dir='ltr'><strong>(Πῖίὲψὶἀθιιιτ</strong></span> <span class='ocrx_word' id='word_1_284' title='bbox 873 1862 924 1907; x_wconf 90' lang='lat' dir='ltr'><strong>et</strong></span> <span class='ocrx_word' id='word_1_285' title='bbox 947 1853 1057 1921; x_wconf 89' lang='lat' dir='ltr'><strong>ipse</strong></span> <span class='ocrx_word' id='word_1_286' title='bbox 1068 1850 1466 1921; x_wconf 77' lang='lat' dir='ltr'><strong>Maximianum,</strong></span> <span class='ocrx_word' id='word_1_287' title='bbox 1490 1849 1701 1921; x_wconf 72' lang='lat' dir='ltr'><strong>quicum</strong></span> <span class='ocrx_word' id='word_1_288' title='bbox 1726 1846 1778 1900; x_wconf 91' lang='lat' dir='ltr'><strong>in</strong></span> <span class='ocrx_word' id='word_1_289' title='bbox 1811 1844 2050 1921; x_wconf 84' lang='lat' dir='ltr'><strong>Ecclesia</strong></span> 
     </span>
    </p>
   </div>
   <div class='ocr_carea' id='block_1_45' title="bbox 479 1917 2052 1985">
    <p class='ocr_par' dir='ltr' id='par_1_45' title="bbox 479 1917 2052 1985">
     <span class='ocr_line' id='line_1_45' title="bbox 479 1917 2052 1985; baseline -0.001 -12"><span class='ocrx_word' id='word_1_290' title='bbox 479 1920 720 1976; x_wconf 81' lang='lat' dir='ltr'><strong>Romana</strong></span> <span class='ocrx_word' id='word_1_291' title='bbox 747 1917 1034 1983; x_wconf 80' lang='lat' dir='ltr'><strong>meruerat,</strong></span> <span class='ocrx_word' id='word_1_292' title='bbox 1054 1935 1156 1974; x_wconf 90' lang='lat' dir='ltr'><strong>una</strong></span> <span class='ocrx_word' id='word_1_293' title='bbox 1177 1919 1596 1973; x_wconf 76' lang='lat' dir='ltr'><strong>etImleestino</strong></span> <span class='ocrx_word' id='word_1_294' title='bbox 1627 1919 1881 1983; x_wconf 80' lang='lat' dir='ltr'><strong>Sixtoque</strong></span> <span class='ocrx_word' id='word_1_295' title='bbox 1910 1917 2052 1985; x_wconf 81' lang='lat' dir='ltr'><strong>ejus-</strong></span> 
     </span>
    </p>
   </div>
   <div class='ocr_carea' id='block_1_46' title="bbox 479 1988 2050 2060">
    <p class='ocr_par' dir='ltr' id='par_1_46' title="bbox 479 1988 2050 2060">
     <span class='ocr_line' id='line_1_46' title="bbox 479 1988 2050 2060; baseline -0.003 -16"><span class='ocrx_word' id='word_1_296' title='bbox 479 1991 601 2045; x_wconf 91' lang='lat' dir='ltr'><strong>dem</strong></span> <span class='ocrx_word' id='word_1_297' title='bbox 615 1992 786 2046; x_wconf 77' lang='lat' dir='ltr'><strong>mtatis</strong></span> <span class='ocrx_word' id='word_1_298' title='bbox 815 2000 941 2045; x_wconf 90' lang='lat' dir='ltr'><strong>tunc</strong></span> <span class='ocrx_word' id='word_1_299' title='bbox 969 1989 1293 2060; x_wconf 74' lang='lat' dir='ltr'><strong>presbyteris</strong></span> <span class='ocrx_word' id='word_1_300' title='bbox 1314 1996 1549 2060; x_wconf 84' lang='lat' dir='ltr'><strong>,_postea_</strong></span> <span class='ocrx_word' id='word_1_301' title='bbox 1585 1988 1804 2060; x_wconf 84' lang='lat' dir='ltr'><strong>summis</strong></span> <span class='ocrx_word' id='word_1_302' title='bbox 1831 1988 2050 2060; x_wconf 83' lang='lat' dir='ltr'><strong>po_n_tit_l-</strong></span> 
     </span>
    </p>
   </div>
   <div class='ocr_carea' id='block_1_47' title="bbox 478 2055 2050 2126">
    <p class='ocr_par' dir='ltr' id='par_1_47' title="bbox 478 2055 2050 2126">
     <span class='ocr_line' id='line_1_47' title="bbox 478 2055 2050 2126; baseline -0.002 -13"><span class='ocrx_word' id='word_1_303' title='bbox 478 2061 646 2123; x_wconf 89' lang='lat' dir='ltr'><strong>cibus,</strong></span> <span class='ocrx_word' id='word_1_304' title='bbox 690 2061 742 2114; x_wconf 90' lang='lat' dir='ltr'><strong>in</strong></span> <span class='ocrx_word' id='word_1_305' title='bbox 790 2055 1039 2114; x_wconf 80' lang='lat' dir='ltr'><strong>thronum</strong></span> <span class='ocrx_word' id='word_1_306' title='bbox 1087 2055 1279 2126; x_wconf 78' lang='lat' dir='ltr'><strong>dejecti</strong></span> <span class='ocrx_word' id='word_1_307' title='bbox 1325 2055 1572 2126; x_wconf 85' lang='lat' dir='ltr'><strong>Nestorii</strong></span> <span class='ocrx_word' id='word_1_308' title='bbox 1607 2057 1866 2126; x_wconf 76' lang='lat' dir='ltr'><strong>evexisse.</strong></span> <span class='ocrx_word' id='word_1_309' title='bbox 1901 2055 2050 2110; x_wconf 88' lang='lat' dir='ltr'><strong>Unde</strong></span> 
     </span>
    </p>
   </div>
   <div class='ocr_carea' id='block_1_48' title="bbox 477 2125 2046 2184">
    <p class='ocr_par' dir='ltr' id='par_1_48' title="bbox 477 2125 2046 2184">
     <span class='ocr_line' id='line_1_48' title="bbox 477 2125 2046 2184; baseline -0.003 -2"><span class='ocrx_word' id='word_1_310' title='bbox 477 2129 795 2184; x_wconf 74' lang='lat' dir='ltr'><strong>leestinus</strong></span> <span class='ocrx_word' id='word_1_311' title='bbox 823 2129 888 2182; x_wconf 92' lang='lat' dir='ltr'><strong>de</strong></span> <span class='ocrx_word' id='word_1_312' title='bbox 911 2125 1227 2182; x_wconf 87' lang='lat' dir='ltr'><strong>Maximiano</strong></span> <span class='ocrx_word' id='word_1_313' title='bbox 1259 2128 1509 2180; x_wconf 82' lang='lat' dir='ltr'><strong>Romanae</strong></span> <span class='ocrx_word' id='word_1_314' title='bbox 1537 2125 1786 2180; x_wconf 74' lang='lat' dir='ltr'><strong>Ecclesia:</strong></span> <span class='ocrx_word' id='word_1_315' title='bbox 1807 2125 2046 2180; x_wconf 89' lang='lat' dir='ltr'><strong>alumno:</strong></span> 
     </span>
    </p>
   </div>
   <div class='ocr_carea' id='block_1_49' title="bbox 476 2196 2047 2266">
    <p class='ocr_par' dir='ltr' id='par_1_49' title="bbox 476 2196 2047 2266">
     <span class='ocr_line' id='line_1_49' title="bbox 476 2196 2047 2266; baseline -0.001 -17"><span class='ocrx_word' id='word_1_316' title='bbox 476 2197 606 2252; x_wconf 86' lang='lat' dir='ltr'><strong>Fert</strong></span> <span class='ocrx_word' id='word_1_317' title='bbox 625 2199 722 2262; x_wconf 83' lang='lat' dir='ltr'><strong>illi,</strong></span> <span class='ocrx_word' id='word_1_318' title='bbox 748 2216 808 2252; x_wconf 89' lang='lat' dir='ltr'><strong>ac</strong></span> <span class='ocrx_word' id='word_1_319' title='bbox 832 2201 875 2252; x_wconf 85' lang='lat' dir='ltr'><strong>si</strong></span> <span class='ocrx_word' id='word_1_320' title='bbox 897 2201 974 2252; x_wconf 86' lang='lat' dir='ltr'><strong>sui</strong></span> <span class='ocrx_word' id='word_1_321' title='bbox 995 2199 1222 2266; x_wconf 86' lang='lat' dir='ltr'><strong>corporis</strong></span> <span class='ocrx_word' id='word_1_322' title='bbox 1245 2198 1401 2265; x_wconf 80' lang='lat' dir='ltr'><strong>parti,</strong></span> <span class='ocrx_word' id='word_1_323' title='bbox 1433 2196 1664 2248; x_wconf 86' lang='lat' dir='ltr'><strong>Romana</strong></span> <span class='ocrx_word' id='word_1_324' title='bbox 1687 2196 2047 2266; x_wconf 61' lang='lat' dir='ltr'><strong>testimcnitgn,</strong></span> 
     </span>
    </p>
   </div>
   <div class='ocr_carea' id='block_1_50' title="bbox 477 2264 2051 2339">
    <p class='ocr_par' dir='ltr' id='par_1_50' title="bbox 477 2264 2051 2339">
     <span class='ocr_line' id='line_1_50' title="bbox 477 2264 2051 2339; baseline -0.004 -17"><span class='ocrx_word' id='word_1_325' title='bbox 477 2285 590 2339; x_wconf 77' lang='lat' dir='ltr'><strong>qua:</strong></span> <span class='ocrx_word' id='word_1_326' title='bbox 615 2269 747 2322; x_wconf 83' lang='lat' dir='ltr'><strong>hunc</strong></span> <span class='ocrx_word' id='word_1_327' title='bbox 773 2285 968 2339; x_wconf 72' lang='lat' dir='ltr'><strong>semper</strong></span> <span class='ocrx_word' id='word_1_328' title='bbox 1005 2264 1141 2339; x_wconf 73' lang='lat' dir='ltr'><strong>inter</strong></span> <span class='ocrx_word' id='word_1_329' title='bbox 1164 2264 1281 2339; x_wconf 79' lang='lat' dir='ltr'><strong>suas</strong></span> <span class='ocrx_word' id='word_1_330' title='bbox 1303 2266 1508 2339; x_wconf 57' lang='lat' dir='ltr'><strong>habuit,</strong></span> <span class='ocrx_word' id='word_1_331' title='bbox 1531 2275 1589 2339; x_wconf 76' lang='lat' dir='ltr'><strong>et</strong></span> <span class='ocrx_word' id='word_1_332' title='bbox 1610 2264 1911 2339; x_wconf 67' lang='lat' dir='ltr'><strong>numeraait,</strong></span> <span class='ocrx_word' id='word_1_333' title='bbox 1946 2264 2051 2339; x_wconf 80' lang='lat' dir='ltr'><strong>Ec—</strong></span> 
     </span>
    </p>
   </div>
   <div class='ocr_carea' id='block_1_51' title="bbox 476 2333 2046 2409">
    <p class='ocr_par' dir='ltr' id='par_1_51' title="bbox 476 2333 2046 2409">
     <span class='ocr_line' id='line_1_51' title="bbox 476 2333 2046 2409; baseline -0.003 -19"><span class='ocrx_word' id='word_1_334' title='bbox 476 2333 632 2409; x_wconf 51' lang='lat' dir='ltr'><strong>clesia</strong></span> <span class='ocrx_word' id='word_1_335' title='bbox 662 2339 739 2409; x_wconf 90' lang='grc' dir='ltr'><strong><em>(ιιι</em></strong></span> <span class='ocrx_word' id='word_1_336' title='bbox 767 2333 900 2409; x_wconf 72' lang='lat' dir='ltr'><strong>part.</strong></span> <span class='ocrx_word' id='word_1_337' title='bbox 920 2353 1061 2391; x_wconf 89' lang='lat' dir='ltr'><strong>conc.</strong></span> <span class='ocrx_word' id='word_1_338' title='bbox 1081 2335 1268 2409; x_wconf 82' lang='lat' dir='ltr'><strong>Ephes.</strong></span> <span class='ocrx_word' id='word_1_339' title='bbox 1288 2351 1406 2409; x_wconf 83' lang='lat' dir='ltr'><strong>cap.</strong></span> <span class='ocrx_word' id='word_1_340' title='bbox 1420 2333 1506 2409; x_wconf 55' lang='grc' dir='ltr'><strong>ἓξ,</strong></span> <span class='ocrx_word' id='word_1_341' title='bbox 1523 2335 1578 2386; x_wconf 86' lang='lat' dir='ltr'><strong>in</strong></span> <span class='ocrx_word' id='word_1_342' title='bbox 1599 2335 1745 2409; x_wconf 70' lang='lat' dir='ltr'><strong>epist.</strong></span> <span class='ocrx_word' id='word_1_343' title='bbox 1777 2334 1846 2385; x_wconf 88' lang='lat' dir='ltr'><strong>ad</strong></span> <span class='ocrx_word' id='word_1_344' title='bbox 1872 2333 2046 2409; x_wconf 82' lang='lat' dir='ltr'><strong>_i_mp.).</strong></span> 
     </span>
    </p>
   </div>
   <div class='ocr_carea' id='block_1_52' title="bbox 479 2402 2050 2471">
    <p class='ocr_par' dir='ltr' id='par_1_52' title="bbox 479 2402 2050 2471">
     <span class='ocr_line' id='line_1_52' title="bbox 479 2402 2050 2471; baseline -0.001 -14"><span class='ocrx_word' id='word_1_345' title='bbox 479 2405 545 2458; x_wconf 82' lang='lat' dir='ltr'><strong>Et</strong></span> <span class='ocrx_word' id='word_1_346' title='bbox 573 2402 679 2460; x_wconf 85' lang='lat' dir='ltr'><strong>alio</strong></span> <span class='ocrx_word' id='word_1_347' title='bbox 723 2402 776 2460; x_wconf 75' lang='lat' dir='ltr'><strong>in</strong></span> <span class='ocrx_word' id='word_1_348' title='bbox 824 2408 962 2468; x_wconf 91' lang='lat' dir='ltr'><strong>loco,</strong></span> <span class='ocrx_word' id='word_1_349' title='bbox 1003 2402 1136 2458; x_wconf 54' lang='lat' dir='ltr'><strong>cum&#39;</strong></span> <span class='ocrx_word' id='word_1_350' title='bbox 1173 2402 1396 2458; x_wconf 84' lang='lat' dir='ltr'><strong>clericos</strong></span> <span class='ocrx_word' id='word_1_351' title='bbox 1446 2402 2050 2471; x_wconf 71' lang='lat' dir='ltr'><strong>ConstantinOpolitanrc</strong></span> 
     </span>
    </p>
   </div>
   <div class='ocr_carea' id='block_1_53' title="bbox 478 2472 2051 2530">
    <p class='ocr_par' dir='ltr' id='par_1_53' title="bbox 478 2472 2051 2530">
     <span class='ocr_line' id='line_1_53' title="bbox 478 2472 2051 2530; baseline -0.003 -4"><span class='ocrx_word' id='word_1_352' title='bbox 478 2473 730 2530; x_wconf 90' lang='lat' dir='ltr'><strong>Ecclesiae</strong></span> <span class='ocrx_word' id='word_1_353' title='bbox 758 2474 824 2529; x_wconf 90' lang='lat' dir='ltr'><strong>ad</strong></span> <span class='ocrx_word' id='word_1_354' title='bbox 848 2475 1224 2528; x_wconf 83' lang='lat' dir='ltr'><strong>Maximianum</strong></span> <span class='ocrx_word' id='word_1_355' title='bbox 1261 2473 1544 2527; x_wconf 89' lang='lat' dir='ltr'><strong>colendum</strong></span> <span class='ocrx_word' id='word_1_356' title='bbox 1573 2472 1879 2524; x_wconf 86' lang='lat' dir='ltr'><strong>hortaretur</strong></span> <span class='ocrx_word' id='word_1_357' title='bbox 1903 2489 1915 2522; x_wconf 91' lang='lat'><strong>:</strong></span> <span class='ocrx_word' id='word_1_358' title='bbox 1947 2472 2051 2522; x_wconf 81' lang='lat' dir='ltr'><strong>Au-</strong></span> 
     </span>
    </p>
   </div>
   <div class='ocr_carea' id='block_1_54' title="bbox 479 2541 2049 2611">
    <p class='ocr_par' dir='ltr' id='par_1_54' title="bbox 479 2541 2049 2611">
     <span class='ocr_line' id='line_1_54' title="bbox 479 2541 2049 2611; baseline -0.002 -15"><span class='ocrx_word' id='word_1_359' title='bbox 479 2546 582 2597; x_wconf 81' lang='lat' dir='ltr'><strong>dite</strong></span> <span class='ocrx_word' id='word_1_360' title='bbox 608 2544 671 2597; x_wconf 89' lang='lat' dir='ltr'><strong>ab</strong></span> <span class='ocrx_word' id='word_1_361' title='bbox 708 2562 768 2599; x_wconf 87' lang='lat' dir='ltr'><strong>eo</strong></span> <span class='ocrx_word' id='word_1_362' title='bbox 813 2561 926 2610; x_wconf 72' lang='lat' dir='ltr'><strong>qua:</strong></span> <span class='ocrx_word' id='word_1_363' title='bbox 951 2561 984 2598; x_wconf 81' lang='grc' dir='ltr'><em>α</em></span> <span class='ocrx_word' id='word_1_364' title='bbox 1029 2541 1308 2611; x_wconf 83' lang='lat' dir='ltr'><strong>majoribus</strong></span> <span class='ocrx_word' id='word_1_365' title='bbox 1338 2541 1526 2595; x_wconf 84' lang='lat' dir='ltr'><strong>nostris</strong></span> <span class='ocrx_word' id='word_1_366' title='bbox 1559 2541 1819 2611; x_wconf 84' lang='lat' dir='ltr'><strong>nobiscum</strong></span> <span class='ocrx_word' id='word_1_367' title='bbox 1856 2542 2049 2611; x_wconf 83' lang='lat' dir='ltr'><strong>positus</strong></span> 
     </span>
    </p>
   </div>
   <div class='ocr_carea' id='block_1_55' title="bbox 478 2609 2048 2684">
    <p class='ocr_par' dir='ltr' id='par_1_55' title="bbox 478 2609 2048 2684">
     <span class='ocr_line' id='line_1_55' title="bbox 478 2609 2048 2684; baseline -0.003 -19"><span class='ocrx_word' id='word_1_368' title='bbox 478 2614 764 2684; x_wconf 75' lang='lat' dir='ltr'><strong>frequenter</strong></span> <span class='ocrx_word' id='word_1_369' title='bbox 809 2609 1020 2667; x_wconf 74' lang='lat' dir='ltr'><strong>audivit.</strong></span> <span class='ocrx_word' id='word_1_370' title='bbox 1058 2609 1252 2664; x_wconf 81' lang='lat' dir='ltr'><strong>Nostro</strong></span> <span class='ocrx_word' id='word_1_371' title='bbox 1291 2611 1428 2684; x_wconf 63' lang='lat' dir='ltr'><strong>vobis</strong></span> <span class='ocrx_word' id='word_1_372' title='bbox 1468 2625 1556 2662; x_wconf 89' lang='lat' dir='ltr'><strong>ore</strong></span> <span class='ocrx_word' id='word_1_373' title='bbox 1583 2609 2048 2684; x_wconf 49' lang='lat' dir='ltr'><strong>lcqttiturfollega,</strong></span> 
     </span>
    </p>
   </div>
   <div class='ocr_carea' id='block_1_56' title="bbox 475 2677 2050 2752">
    <p class='ocr_par' dir='ltr' id='par_1_56' title="bbox 475 2677 2050 2752">
     <span class='ocr_line' id='line_1_56' title="bbox 475 2677 2050 2752; baseline -0.003 -18"><span class='ocrx_word' id='word_1_374' title='bbox 475 2677 596 2751; x_wconf 69' lang='lat' dir='ltr'><strong>quin</strong></span> <span class='ocrx_word' id='word_1_375' title='bbox 633 2700 735 2736; x_wconf 87' lang='lat' dir='ltr'><strong>una</strong></span> <span class='ocrx_word' id='word_1_376' title='bbox 762 2683 889 2752; x_wconf 75' lang='lat' dir='ltr'><strong>fides</strong></span> <span class='ocrx_word' id='word_1_377' title='bbox 921 2697 1122 2752; x_wconf 85' lang='lat' dir='ltr'><strong>necesse</strong></span> <span class='ocrx_word' id='word_1_378' title='bbox 1156 2692 1231 2733; x_wconf 87' lang='lat' dir='ltr'><strong>est</strong></span> <span class='ocrx_word' id='word_1_379' title='bbox 1254 2682 1421 2734; x_wconf 85' lang='lat' dir='ltr'><strong>uniter</strong></span> <span class='ocrx_word' id='word_1_380' title='bbox 1447 2677 1772 2752; x_wconf 75' lang='lat' dir='ltr'><strong>praedicetur.</strong></span> <span class='ocrx_word' id='word_1_381' title='bbox 1801 2677 1924 2732; x_wconf 89' lang='lat' dir='ltr'><strong>Non</strong></span> <span class='ocrx_word' id='word_1_382' title='bbox 1958 2677 2050 2730; x_wconf 81' lang='lat' dir='ltr'><strong>hoc</strong></span> 
     </span>
    </p>
   </div>
   <div class='ocr_carea' id='block_1_57' title="bbox 475 2751 2053 2821">
    <p class='ocr_par' dir='ltr' id='par_1_57' title="bbox 475 2751 2053 2821">
     <span class='ocr_line' id='line_1_57' title="bbox 475 2751 2053 2821; baseline -0.001 -20"><span class='ocrx_word' id='word_1_383' title='bbox 475 2752 531 2803; x_wconf 82' lang='lat' dir='ltr'><strong>in</strong></span> <span class='ocrx_word' id='word_1_384' title='bbox 559 2753 668 2821; x_wconf 84' lang='lat' dir='ltr'><strong>ejus</strong></span> <span class='ocrx_word' id='word_1_385' title='bbox 708 2751 925 2821; x_wconf 83' lang='lat' dir='ltr'><strong>persona</strong></span> <span class='ocrx_word' id='word_1_386' title='bbox 954 2751 1173 2821; x_wconf 77' lang='lat' dir='ltr'><strong>alicujus</strong></span> <span class='ocrx_word' id='word_1_387' title='bbox 1201 2751 1543 2802; x_wconf 85' lang='lat' dir='ltr'><strong>testimonium</strong></span> <span class='ocrx_word' id='word_1_388' title='bbox 1571 2756 1868 2821; x_wconf 82' lang='lat' dir='ltr'><strong>mutuatur;</strong></span> <span class='ocrx_word' id='word_1_389' title='bbox 1898 2764 1938 2821; x_wconf 64' lang='grc' dir='ltr'><strong>9Δ</strong></span> <span class='ocrx_word' id='word_1_390' title='bbox 1958 2763 2053 2821; x_wconf 74' lang='lat' dir='ltr'><strong>ne-</strong></span> 
     </span>
    </p>
   </div>
   <div class='ocr_carea' id='block_1_58' title="bbox 479 2815 2048 2938">
    <p class='ocr_par' dir='ltr' id='par_1_58' title="bbox 479 2815 2048 2938">
     <span class='ocr_line' id='line_1_58' title="bbox 479 2815 2048 2938; baseline -0.001 -67"><span class='ocrx_word' id='word_1_391' title='bbox 479 2821 555 2872; x_wconf 85' lang='lat' dir='ltr'><strong>bis</strong></span> <span class='ocrx_word' id='word_1_392' title='bbox 792 2830 886 2884; x_wconf 87' lang='lat' dir='ltr'><strong>est,</strong></span> <span class='ocrx_word' id='word_1_393' title='bbox 918 2823 1003 2891; x_wconf 88' lang='lat' dir='ltr'><strong>qui</strong></span> <span class='ocrx_word' id='word_1_394' title='bbox 1027 2815 1102 2872; x_wconf 79' lang='lat' dir='ltr'><strong>est</strong></span> <span class='ocrx_word' id='word_1_395' title='bbox 1129 2820 1314 2871; x_wconf 83' lang='lat' dir='ltr'><strong>electus</strong></span> <span class='ocrx_word' id='word_1_396' title='bbox 1356 2834 1420 2870; x_wconf 76' lang='lat' dir='ltr'><strong>ex</strong></span> <span class='ocrx_word' id='word_1_397' title='bbox 1451 2818 1657 2883; x_wconf 82' lang='lat' dir='ltr'><strong>nostris,</strong></span> <span class='ocrx_word' id='word_1_398' title='bbox 1699 2825 1803 2870; x_wconf 87' lang='lat' dir='ltr'><strong>etc.</strong></span> <span class='ocrx_word' id='word_1_399' title='bbox 1847 2815 2048 2886; x_wconf 65' lang='lat' dir='ltr'><strong>(Ibid.,</strong></span> 
     </span>
     <span class='ocr_line' id='line_1_59' title="bbox 479 2904 741 2938; baseline 0 0"><span class='ocrx_word' id='word_1_400' title='bbox 479 2904 594 2938; x_wconf 71' lang='grc' dir='ltr'><strong>σαι).</strong></span> <span class='ocrx_word' id='word_1_401' title='bbox 624 2923 654 2938; x_wconf 68' lang='grc' dir='ltr'><strong>ιι</strong></span> <span class='ocrx_word' id='word_1_402' title='bbox 729 2929 741 2938; x_wconf 90' lang='grc'><em>.</em></span> 
     </span>
    </p>
   </div>
   <div class='ocr_carea' id='block_1_59' title="bbox 479 2893 741 2942">
    <p class='ocr_par' dir='ltr' id='par_1_59' title="bbox 479 2893 741 2942">
     <span class='ocr_line' id='line_1_60' title="bbox 479 2893 741 2942; baseline 0.008 -2"><span class='ocrx_word' id='word_1_403' title='bbox 479 2904 594 2942; x_wconf 75' lang='lat' dir='ltr'><strong>cur).</strong></span> <span class='ocrx_word' id='word_1_404' title='bbox 620 2893 741 2942; x_wconf 72' lang='lat' dir='ltr'><strong>2H.</strong></span> 
     </span>
    </p>
   </div>
   <div class='ocr_carea' id='block_1_60' title="bbox 543 2890 2050 3026">
    <p class='ocr_par' dir='ltr' id='par_1_60' title="bbox 543 2890 2050 3026">
     <span class='ocr_line' id='line_1_61' title="bbox 620 2890 936 2926; baseline 0 -35"><span class='ocrx_word' id='word_1_405' title='bbox 620 2890 652 2926; x_wconf 55' lang='grc' dir='ltr'>φ</span> <span class='ocrx_word' id='word_1_406' title='bbox 933 2890 936 2891; x_wconf 30' lang='grc' dir='ltr'><em>ν</em></span> 
     </span>
     <span class='ocr_line' id='line_1_62' title="bbox 543 2890 2050 3026; baseline -0.001 -16"><span class='ocrx_word' id='word_1_407' title='bbox 543 2907 608 3010; x_wconf 53' lang='grc' dir='ltr'><strong>ἕῖ)</strong></span> <span class='ocrx_word' id='word_1_408' title='bbox 624 2890 974 3011; x_wconf 80' lang='lat' dir='ltr'><strong>lumniam</strong></span> <span class='ocrx_word' id='word_1_409' title='bbox 997 2957 1224 3026; x_wconf 86' lang='lat' dir='ltr'><strong>denique</strong></span> <span class='ocrx_word' id='word_1_410' title='bbox 1245 2972 1432 3026; x_wconf 87' lang='lat' dir='ltr'><strong>passus</strong></span> <span class='ocrx_word' id='word_1_411' title='bbox 1452 2963 1533 3009; x_wconf 88' lang='lat' dir='ltr'><strong>est</strong></span> <span class='ocrx_word' id='word_1_412' title='bbox 1558 2971 1587 3008; x_wconf 91' lang='lat' dir='ltr'><strong>a</strong></span> <span class='ocrx_word' id='word_1_413' title='bbox 1609 2954 1839 3009; x_wconf 80' lang='lat' dir='ltr'><strong>Nestorii</strong></span> <span class='ocrx_word' id='word_1_414' title='bbox 1866 2964 2050 3023; x_wconf 89' lang='lat' dir='ltr'><strong>patro-</strong></span> 
     </span>
    </p>
   </div>
   <div class='ocr_carea' id='block_1_61' title="bbox 481 3026 2045 3096">
    <p class='ocr_par' dir='ltr' id='par_1_61' title="bbox 481 3026 2045 3096">
     <span class='ocr_line' id='line_1_63' title="bbox 481 3026 2045 3096; baseline 0 -18"><span class='ocrx_word' id='word_1_415' title='bbox 481 3028 581 3089; x_wconf 88' lang='lat' dir='ltr'><strong>nis,</strong></span> <span class='ocrx_word' id='word_1_416' title='bbox 605 3028 694 3095; x_wconf 88' lang='lat' dir='ltr'><strong>qui</strong></span> <span class='ocrx_word' id='word_1_417' title='bbox 725 3029 838 3095; x_wconf 87' lang='lat' dir='ltr'><strong>ejus</strong></span> <span class='ocrx_word' id='word_1_418' title='bbox 869 3028 1082 3081; x_wconf 84' lang='lat' dir='ltr'><strong>nomine</strong></span> <span class='ocrx_word' id='word_1_419' title='bbox 1111 3028 1389 3092; x_wconf 86' lang='lat' dir='ltr'><strong>epistolam</strong></span> <span class='ocrx_word' id='word_1_420' title='bbox 1427 3033 1737 3096; x_wconf 86' lang='lat' dir='ltr'><strong>sparserunt</strong></span> <span class='ocrx_word' id='word_1_421' title='bbox 1767 3027 1819 3078; x_wconf 91' lang='lat' dir='ltr'><strong>in</strong></span> <span class='ocrx_word' id='word_1_422' title='bbox 1840 3026 2045 3092; x_wconf 77' lang='lat' dir='ltr'><strong>vulgus,</strong></span> 
     </span>
    </p>
   </div>
   <div class='ocr_carea' id='block_1_62' title="bbox 2153 1779 2912 1848">
    <p class='ocr_par' dir='ltr' id='par_1_62' title="bbox 2153 1779 2912 1848">
     <span class='ocr_line' id='line_1_64' title="bbox 2153 1779 2912 1848; baseline 0.001 -16"><span class='ocrx_word' id='word_1_423' title='bbox 2153 1779 2218 1833; x_wconf 90' lang='lat' dir='ltr'><strong>tis</strong></span> <span class='ocrx_word' id='word_1_424' title='bbox 2246 1779 2455 1834; x_wconf 87' lang='lat' dir='ltr'><strong>concilii</strong></span> <span class='ocrx_word' id='word_1_425' title='bbox 2479 1788 2662 1848; x_wconf 88' lang='lat' dir='ltr'><strong>aperte</strong></span> <span class='ocrx_word' id='word_1_426' title='bbox 2685 1789 2912 1835; x_wconf 83' lang='lat' dir='ltr'><strong>constat.</strong></span> 
     </span>
    </p>
   </div>
   <div class='ocr_carea' id='block_1_63' title="bbox 2862 1870 2990 1925">
    <p class='ocr_par' dir='ltr' id='par_1_63' title="bbox 2862 1870 2990 1925">
     <span class='ocr_line' id='line_1_65' title="bbox 2862 1870 2990 1925; baseline 0.008 -1"><span class='ocrx_word' id='word_1_427' title='bbox 2862 1870 2990 1925; x_wconf 77' lang='lat' dir='ltr'><strong>Vill.</strong></span> 
     </span>
    </p>
   </div>
   <div class='ocr_carea' id='block_1_64' title="bbox 2151 1959 3721 2031">
    <p class='ocr_par' dir='ltr' id='par_1_64' title="bbox 2151 1959 3721 2031">
     <span class='ocr_line' id='line_1_66' title="bbox 2151 1959 3721 2031; baseline 0.001 -16"><span class='ocrx_word' id='word_1_428' title='bbox 2151 1959 2409 2031; x_wconf 83' lang='lat' dir='ltr'><strong>Synodus,</strong></span> <span class='ocrx_word' id='word_1_429' title='bbox 2439 1975 2552 2031; x_wconf 68' lang='lat' dir='ltr'><strong>quq:</strong></span> <span class='ocrx_word' id='word_1_430' title='bbox 2579 1959 2841 2029; x_wconf 83' lang='lat' dir='ltr'><strong>Epltesina</strong></span> <span class='ocrx_word' id='word_1_431' title='bbox 2877 1963 3182 2016; x_wconf 70' lang='lat' dir='ltr'><strong>acumenica</strong></span> <span class='ocrx_word' id='word_1_432' title='bbox 3222 1961 3408 2016; x_wconf 69' lang='lat' dir='ltr'><strong>Flavio</strong></span> <span class='ocrx_word' id='word_1_433' title='bbox 3454 1964 3721 2028; x_wconf 78' lang='lat' dir='ltr'><strong>Antiocho,</strong></span> 
     </span>
    </p>
   </div>
   <div class='ocr_carea' id='block_1_65' title="bbox 2219 2028 3721 2101">
    <p class='ocr_par' dir='ltr' id='par_1_65' title="bbox 2219 2028 3721 2101">
     <span class='ocr_line' id='line_1_67' title="bbox 2219 2028 3721 2101; baseline 0.004 -19"><span class='ocrx_word' id='word_1_434' title='bbox 2219 2040 2267 2082; x_wconf 88' lang='lat' dir='ltr'><strong>et</strong></span> <span class='ocrx_word' id='word_1_435' title='bbox 2294 2028 2472 2101; x_wconf 51' lang='lat' dir='ltr'><strong>Anicii:</strong></span> <span class='ocrx_word' id='word_1_436' title='bbox 2504 2028 2664 2101; x_wconf 75' lang='lat' dir='ltr'><strong>Basso</strong></span> <span class='ocrx_word' id='word_1_437' title='bbox 2685 2047 2840 2095; x_wconf 85' lang='lat' dir='ltr'><strong>coss.,</strong></span> <span class='ocrx_word' id='word_1_438' title='bbox 2868 2048 2952 2085; x_wconf 84' lang='lat' dir='ltr'><strong>seu</strong></span> <span class='ocrx_word' id='word_1_439' title='bbox 2974 2041 3088 2101; x_wconf 86' lang='lat' dir='ltr'><strong>post</strong></span> <span class='ocrx_word' id='word_1_440' title='bbox 3109 2036 3433 2101; x_wconf 82' lang='lat' dir='ltr'><strong>consulatum</strong></span> <span class='ocrx_word' id='word_1_441' title='bbox 3455 2033 3721 2088; x_wconf 74' lang='lat' dir='ltr'><strong>Theodosii</strong></span> 
     </span>
    </p>
   </div>
   <div class='ocr_carea' id='block_1_66' title="bbox 2221 2098 3723 2220">
    <p class='ocr_par' dir='ltr' id='par_1_66' title="bbox 2221 2098 3723 2220">
     <span class='ocr_line' id='line_1_68' title="bbox 2221 2098 3723 2220; baseline 0.002 -67"><span class='ocrx_word' id='word_1_442' title='bbox 2221 2116 2311 2182; x_wconf 78' lang='lat' dir='ltr'><strong>xm</strong></span> <span class='ocrx_word' id='word_1_443' title='bbox 2327 2109 2388 2220; x_wconf 52' lang='grc' dir='ltr'>ἐκ</span> <span class='ocrx_word' id='word_1_444' title='bbox 2428 2098 2774 2153; x_wconf 66' lang='lat' dir='ltr'><strong>Valentiniani</strong></span> <span class='ocrx_word' id='word_1_445' title='bbox 2802 2116 2856 2154; x_wconf 93' lang='grc' dir='ltr'><strong>ιιι</strong></span> <span class='ocrx_word' id='word_1_446' title='bbox 2883 2098 2990 2153; x_wconf 80' lang='lat' dir='ltr'><strong>AA.</strong></span> <span class='ocrx_word' id='word_1_447' title='bbox 3025 2117 3196 2156; x_wconf 82' lang='lat' dir='ltr'><strong>mense</strong></span> <span class='ocrx_word' id='word_1_448' title='bbox 3222 2100 3400 2169; x_wconf 81' lang='lat' dir='ltr'><strong>Junio,</strong></span> <span class='ocrx_word' id='word_1_449' title='bbox 3425 2101 3510 2155; x_wconf 87' lang='lat' dir='ltr'><strong>die</strong></span> <span class='ocrx_word' id='word_1_450' title='bbox 3535 2103 3624 2166; x_wconf 71' lang='lat'><strong>22,</strong></span> <span class='ocrx_word' id='word_1_451' title='bbox 3651 2108 3723 2174; x_wconf 63' lang='grc' dir='ltr'><strong>[ες</strong></span> 
     </span>
     <span class='ocr_line' id='line_1_69' title="bbox 2221 2186 2381 2220; baseline 0 0"><span class='ocrx_word' id='word_1_452' title='bbox 2221 2186 2300 2220; x_wconf 81' lang='lat' dir='ltr'><strong>rm</strong></span> <span class='ocrx_word' id='word_1_453' title='bbox 2367 2207 2381 2220; x_wconf 95' lang='lat'><strong>.</strong></span> 
     </span>
    </p>
   </div>
   <div class='ocr_carea' id='block_1_67' title="bbox 2219 2186 2381 2224">
    <p class='ocr_par' dir='ltr' id='par_1_67' title="bbox 2219 2186 2381 2224">
     <span class='ocr_line' id='line_1_70' title="bbox 2219 2186 2381 2224; baseline -0.012 -2"><span class='ocrx_word' id='word_1_454' title='bbox 2219 2186 2300 2224; x_wconf 77' lang='lat' dir='ltr'><strong>rm</strong></span> <span class='ocrx_word' id='word_1_455' title='bbox 2327 2186 2381 2220; x_wconf 70' lang='grc' dir='ltr'><strong>Ζ.</strong></span> 
     </span>
    </p>
   </div>
   <div class='ocr_carea' id='block_1_68' title="bbox 2220 2260 3722 2334">
    <p class='ocr_par' dir='ltr' id='par_1_68' title="bbox 2220 2260 3722 2334">
     <span class='ocr_line' id='line_1_71' title="bbox 2220 2260 3722 2334; baseline 0.001 -18"><span class='ocrx_word' id='word_1_456' title='bbox 2220 2260 2352 2316; x_wconf 91' lang='lat' dir='ltr'><strong>Cum</strong></span> <span class='ocrx_word' id='word_1_457' title='bbox 2381 2275 2444 2334; x_wconf 78' lang='lat' dir='ltr'><strong>ea</strong></span> <span class='ocrx_word' id='word_1_458' title='bbox 2469 2275 2589 2329; x_wconf 67' lang='lat' dir='ltr'><strong>qua:</strong></span> <span class='ocrx_word' id='word_1_459' title='bbox 2613 2261 2884 2334; x_wconf 85' lang='lat' dir='ltr'><strong>pertinent</strong></span> <span class='ocrx_word' id='word_1_460' title='bbox 2909 2262 3264 2334; x_wconf 10' lang='lat' dir='ltr'><strong>adisyuodum</strong></span> <span class='ocrx_word' id='word_1_461' title='bbox 3294 2263 3613 2333; x_wconf 85' lang='lat' dir='ltr'><strong>Ephesinam</strong></span> <span class='ocrx_word' id='word_1_462' title='bbox 3645 2274 3722 2318; x_wconf 88' lang='lat' dir='ltr'><strong>to-</strong></span> 
     </span>
    </p>
   </div>
   <div class='ocr_carea' id='block_1_69' title="bbox 2149 2331 3723 2390">
    <p class='ocr_par' dir='ltr' id='par_1_69' title="bbox 2149 2331 3723 2390">
     <span class='ocr_line' id='line_1_72' title="bbox 2149 2331 3723 2390; baseline 0.003 -4"><span class='ocrx_word' id='word_1_463' title='bbox 2149 2346 2294 2386; x_wconf 89' lang='lat' dir='ltr'><strong>mum</strong></span> <span class='ocrx_word' id='word_1_464' title='bbox 2325 2331 2539 2384; x_wconf 90' lang='lat' dir='ltr'><strong>tertium</strong></span> <span class='ocrx_word' id='word_1_465' title='bbox 2559 2333 2872 2386; x_wconf 89' lang='lat' dir='ltr'><strong>recentioris</strong></span> <span class='ocrx_word' id='word_1_466' title='bbox 2891 2331 3218 2386; x_wconf 82' lang='lat' dir='ltr'><strong>collectionis</strong></span> <span class='ocrx_word' id='word_1_467' title='bbox 3234 2331 3589 2388; x_wconf 53' lang='lat' dir='ltr'><strong>Con&#39;ciliorum</strong></span> <span class='ocrx_word' id='word_1_468' title='bbox 3613 2334 3723 2390; x_wconf 84' lang='lat' dir='ltr'><strong>fere</strong></span> 
     </span>
    </p>
   </div>
   <div class='ocr_carea' id='block_1_70' title="bbox 2149 2401 3722 2473">
    <p class='ocr_par' dir='ltr' id='par_1_70' title="bbox 2149 2401 3722 2473">
     <span class='ocr_line' id='line_1_73' title="bbox 2149 2401 3722 2473; baseline 0.003 -21"><span class='ocrx_word' id='word_1_469' title='bbox 2149 2408 2322 2473; x_wconf 84' lang='lat' dir='ltr'><strong>totum</strong></span> <span class='ocrx_word' id='word_1_470' title='bbox 2352 2407 2590 2473; x_wconf 83' lang='lat' dir='ltr'><strong>teneant,</strong></span> <span class='ocrx_word' id='word_1_471' title='bbox 2625 2402 2675 2453; x_wconf 91' lang='lat' dir='ltr'><strong>in</strong></span> <span class='ocrx_word' id='word_1_472' title='bbox 2711 2415 2883 2473; x_wconf 86' lang='lat' dir='ltr'><strong>eoque</strong></span> <span class='ocrx_word' id='word_1_473' title='bbox 2921 2401 3303 2455; x_wconf 88' lang='lat' dir='ltr'><strong>distribuantur</strong></span> <span class='ocrx_word' id='word_1_474' title='bbox 3332 2411 3438 2457; x_wconf 83' lang='lat' dir='ltr'><strong>tres</strong></span> <span class='ocrx_word' id='word_1_475' title='bbox 3469 2404 3521 2456; x_wconf 92' lang='lat' dir='ltr'><strong>in</strong></span> <span class='ocrx_word' id='word_1_476' title='bbox 3544 2415 3722 2473; x_wconf 86' lang='lat' dir='ltr'><strong>partes</strong></span> 
     </span>
    </p>
   </div>
   <div class='ocr_carea' id='block_1_71' title="bbox 2151 2470 3720 2540">
    <p class='ocr_par' dir='ltr' id='par_1_71' title="bbox 2151 2470 3720 2540">
     <span class='ocr_line' id='line_1_74' title="bbox 2151 2470 3720 2540; baseline 0.003 -19"><span class='ocrx_word' id='word_1_477' title='bbox 2151 2470 2358 2540; x_wconf 89' lang='lat' dir='ltr'><strong>omnia,</strong></span> <span class='ocrx_word' id='word_1_478' title='bbox 2388 2470 2501 2522; x_wconf 85' lang='lat' dir='ltr'><strong>sive</strong></span> <span class='ocrx_word' id='word_1_479' title='bbox 2528 2484 2646 2538; x_wconf 70' lang='lat' dir='ltr'><strong>qum</strong></span> <span class='ocrx_word' id='word_1_480' title='bbox 2675 2471 2932 2540; x_wconf 88' lang='lat' dir='ltr'><strong>synodum</strong></span> <span class='ocrx_word' id='word_1_481' title='bbox 2963 2480 3366 2539; x_wconf 75' lang='lat' dir='ltr'><strong>praecesserunt,</strong></span> <span class='ocrx_word' id='word_1_482' title='bbox 3399 2475 3511 2526; x_wconf 81' lang='lat' dir='ltr'><strong>sive</strong></span> <span class='ocrx_word' id='word_1_483' title='bbox 3531 2470 3650 2540; x_wconf 67' lang='lat' dir='ltr'><strong>qua:</strong></span> <span class='ocrx_word' id='word_1_484' title='bbox 3671 2475 3720 2526; x_wconf 92' lang='lat' dir='ltr'><strong>in</strong></span> 
     </span>
    </p>
   </div>
   <div class='ocr_carea' id='block_1_72' title="bbox 2152 2538 3723 2612">
    <p class='ocr_par' dir='ltr' id='par_1_72' title="bbox 2152 2538 3723 2612">
     <span class='ocr_line' id='line_1_75' title="bbox 2152 2538 3723 2612; baseline 0.003 -21"><span class='ocrx_word' id='word_1_485' title='bbox 2152 2538 2272 2612; x_wconf 79' lang='lat' dir='ltr'><strong>ipsa</strong></span> <span class='ocrx_word' id='word_1_486' title='bbox 2292 2547 2439 2606; x_wconf 81' lang='lat' dir='ltr'><strong>gesta</strong></span> <span class='ocrx_word' id='word_1_487' title='bbox 2469 2547 2620 2612; x_wconf 73' lang='lat' dir='ltr'><strong>sunt,</strong></span> <span class='ocrx_word' id='word_1_488' title='bbox 2650 2538 2762 2592; x_wconf 88' lang='lat' dir='ltr'><strong>sive</strong></span> <span class='ocrx_word' id='word_1_489' title='bbox 2805 2555 2924 2608; x_wconf 71' lang='lat' dir='ltr'><strong>qua:</strong></span> <span class='ocrx_word' id='word_1_490' title='bbox 2942 2538 3251 2612; x_wconf 68' lang='lat' dir='ltr'><strong>subsecuta,</strong></span> <span class='ocrx_word' id='word_1_491' title='bbox 3282 2541 3456 2596; x_wconf 88' lang='lat' dir='ltr'><strong>donec</strong></span> <span class='ocrx_word' id='word_1_492' title='bbox 3498 2538 3603 2612; x_wconf 74' lang='lat' dir='ltr'><strong>pax</strong></span> <span class='ocrx_word' id='word_1_493' title='bbox 3624 2541 3723 2596; x_wconf 84' lang='lat' dir='ltr'><strong>Ec-</strong></span> 
     </span>
    </p>
   </div>
   <div class='ocr_carea' id='block_1_73' title="bbox 2150 2607 3724 2681">
    <p class='ocr_par' dir='ltr' id='par_1_73' title="bbox 2150 2607 3724 2681">
     <span class='ocr_line' id='line_1_76' title="bbox 2150 2607 3724 2681; baseline 0.004 -22"><span class='ocrx_word' id='word_1_494' title='bbox 2150 2607 2666 2681; x_wconf 76' lang='lat' dir='ltr'><strong>elesiarumcoaluit,</strong></span> <span class='ocrx_word' id='word_1_495' title='bbox 2699 2623 2779 2662; x_wconf 81' lang='lat' dir='ltr'><strong>me</strong></span> <span class='ocrx_word' id='word_1_496' title='bbox 2805 2623 2905 2681; x_wconf 83' lang='lat' dir='ltr'><strong>ego</strong></span> <span class='ocrx_word' id='word_1_497' title='bbox 2934 2609 3128 2681; x_wconf 83' lang='lat' dir='ltr'><strong>frustra</strong></span> <span class='ocrx_word' id='word_1_498' title='bbox 3154 2611 3275 2681; x_wconf 82' lang='lat' dir='ltr'><strong>sim,</strong></span> <span class='ocrx_word' id='word_1_499' title='bbox 3308 2607 3573 2681; x_wconf 62' lang='lat' dir='ltr'><strong>siprazt&#39;er</strong></span> <span class='ocrx_word' id='word_1_500' title='bbox 3589 2627 3724 2681; x_wconf 54' lang='lat' dir='ltr'><strong>pra!-</strong></span> 
     </span>
    </p>
   </div>
   <div class='ocr_carea' id='block_1_74' title="bbox 2151 2675 3722 2749">
    <p class='ocr_par' dir='ltr' id='par_1_74' title="bbox 2151 2675 3722 2749">
     <span class='ocr_line' id='line_1_77' title="bbox 2151 2675 3722 2749; baseline 0.004 -21"><span class='ocrx_word' id='word_1_501' title='bbox 2151 2675 2405 2749; x_wconf 85' lang='lat' dir='ltr'><strong>fationem</strong></span> <span class='ocrx_word' id='word_1_502' title='bbox 2442 2677 2748 2749; x_wconf 80' lang='lat' dir='ltr'><strong>historicam</strong></span> <span class='ocrx_word' id='word_1_503' title='bbox 2792 2675 2948 2732; x_wconf 83' lang='lat' dir='ltr'><strong>velim</strong></span> <span class='ocrx_word' id='word_1_504' title='bbox 3004 2679 3200 2747; x_wconf 90' lang='lat' dir='ltr'><strong>aliquid</strong></span> <span class='ocrx_word' id='word_1_505' title='bbox 3235 2675 3462 2749; x_wconf 87' lang='lat' dir='ltr'><strong>amplius</strong></span> <span class='ocrx_word' id='word_1_506' title='bbox 3507 2675 3611 2735; x_wconf 77' lang='lat' dir='ltr'><strong>hac</strong></span> <span class='ocrx_word' id='word_1_507' title='bbox 3657 2681 3722 2734; x_wconf 91' lang='lat' dir='ltr'><strong>de</strong></span> 
     </span>
    </p>
   </div>
   <div class='ocr_carea' id='block_1_75' title="bbox 2151 2746 3717 2818">
    <p class='ocr_par' dir='ltr' id='par_1_75' title="bbox 2151 2746 3717 2818">
     <span class='ocr_line' id='line_1_78' title="bbox 2151 2746 3717 2818; baseline 0.004 -20"><span class='ocrx_word' id='word_1_508' title='bbox 2151 2746 2357 2816; x_wconf 87' lang='lat' dir='ltr'><strong>synodo</strong></span> <span class='ocrx_word' id='word_1_509' title='bbox 2385 2747 2650 2818; x_wconf 79' lang='lat' dir='ltr'><strong>scribere;</strong></span> <span class='ocrx_word' id='word_1_510' title='bbox 2683 2762 2800 2818; x_wconf 87' lang='lat' dir='ltr'><strong>cum</strong></span> <span class='ocrx_word' id='word_1_511' title='bbox 2825 2762 3000 2818; x_wconf 89' lang='lat' dir='ltr'><strong>neque</strong></span> <span class='ocrx_word' id='word_1_512' title='bbox 3025 2746 3211 2818; x_wconf 82' lang='lat' dir='ltr'><strong>melius</strong></span> <span class='ocrx_word' id='word_1_513' title='bbox 3229 2746 3515 2818; x_wconf 80' lang='lat' dir='ltr'><strong>quidquam</strong></span> <span class='ocrx_word' id='word_1_514' title='bbox 3544 2751 3684 2804; x_wconf 86' lang='lat' dir='ltr'><strong>aliud</strong></span> <span class='ocrx_word' id='word_1_515' title='bbox 3703 2792 3717 2812; x_wconf 87' lang='lat'><strong>,</strong></span> 
     </span>
    </p>
   </div>
   <div class='ocr_carea' id='block_1_76' title="bbox 2152 2815 3721 2888">
    <p class='ocr_par' dir='ltr' id='par_1_76' title="bbox 2152 2815 3721 2888">
     <span class='ocr_line' id='line_1_79' title="bbox 2152 2815 3721 2888; baseline 0.003 -20"><span class='ocrx_word' id='word_1_516' title='bbox 2152 2815 2325 2888; x_wconf 82' lang='lat' dir='ltr'><strong>neque</strong></span> <span class='ocrx_word' id='word_1_517' title='bbox 2352 2815 2775 2888; x_wconf 88' lang='lat' dir='ltr'><strong>compendiosius</strong></span> <span class='ocrx_word' id='word_1_518' title='bbox 2798 2817 3030 2888; x_wconf 74' lang='lat' dir='ltr'><strong>yaleam.</strong></span> <span class='ocrx_word' id='word_1_519' title='bbox 3062 2815 3514 2888; x_wconf 49' lang='lat' dir='ltr'><strong>Quare—addenda</strong></span> <span class='ocrx_word' id='word_1_520' title='bbox 3543 2822 3721 2888; x_wconf 84' lang='lat' dir='ltr'><strong>putavi</strong></span> 
     </span>
    </p>
   </div>
   <div class='ocr_carea' id='block_1_77' title="bbox 2153 2883 3725 2953">
    <p class='ocr_par' dir='ltr' id='par_1_77' title="bbox 2153 2883 3725 2953">
     <span class='ocr_line' id='line_1_80' title="bbox 2153 2883 3725 2953; baseline 0.004 -16"><span class='ocrx_word' id='word_1_521' title='bbox 2153 2883 2428 2938; x_wconf 81' lang='lat' dir='ltr'><strong>dumtaxat</strong></span> <span class='ocrx_word' id='word_1_522' title='bbox 2465 2883 2592 2947; x_wconf 89' lang='lat' dir='ltr'><strong>duo,</strong></span> <span class='ocrx_word' id='word_1_523' title='bbox 2633 2899 2750 2952; x_wconf 71' lang='lat' dir='ltr'><strong>qua:</strong></span> <span class='ocrx_word' id='word_1_524' title='bbox 2789 2884 2924 2939; x_wconf 91' lang='lat' dir='ltr'><strong>forte</strong></span> <span class='ocrx_word' id='word_1_525' title='bbox 2965 2887 3150 2940; x_wconf 87' lang='lat' dir='ltr'><strong>lectori</strong></span> <span class='ocrx_word' id='word_1_526' title='bbox 3191 2888 3397 2953; x_wconf 83' lang='lat' dir='ltr'><strong>ingrata</strong></span> <span class='ocrx_word' id='word_1_527' title='bbox 3437 2883 3559 2943; x_wconf 54' lang='lat' dir='ltr'><strong>non&#39;</strong></span> <span class='ocrx_word' id='word_1_528' title='bbox 3583 2891 3725 2943; x_wconf 83' lang='lat' dir='ltr'><strong>acci-</strong></span> 
     </span>
    </p>
   </div>
   <div class='ocr_carea' id='block_1_78' title="bbox 2152 2953 3724 3025">
    <p class='ocr_par' dir='ltr' id='par_1_78' title="bbox 2152 2953 3724 3025">
     <span class='ocr_line' id='line_1_81' title="bbox 2152 2953 3724 3025; baseline 0.004 -19"><span class='ocrx_word' id='word_1_529' title='bbox 2152 2953 2280 3025; x_wconf 82' lang='lat' dir='ltr'><strong>dent</strong></span> <span class='ocrx_word' id='word_1_530' title='bbox 2313 2971 2325 3004; x_wconf 92' lang='lat'><strong>:</strong></span> <span class='ocrx_word' id='word_1_531' title='bbox 2357 2954 2705 3025; x_wconf 67' lang='lat' dir='ltr'><strong>quidnempe</strong></span> <span class='ocrx_word' id='word_1_532' title='bbox 2744 2955 2811 3008; x_wconf 87' lang='lat' dir='ltr'><strong>de</strong></span> <span class='ocrx_word' id='word_1_533' title='bbox 2855 2957 3058 3025; x_wconf 77' lang='lat' dir='ltr'><strong>synodo</strong></span> <span class='ocrx_word' id='word_1_534' title='bbox 3091 2955 3355 3024; x_wconf 87' lang='lat' dir='ltr'><strong>Ephesina</strong></span> <span class='ocrx_word' id='word_1_535' title='bbox 3382 2958 3724 3012; x_wconf 88' lang='lat' dir='ltr'><strong>didicerimus</strong></span> 
     </span>
    </p>
   </div>
   <div class='ocr_carea' id='block_1_79' title="bbox 2153 3023 3712 3092">
    <p class='ocr_par' dir='ltr' id='par_1_79' title="bbox 2153 3023 3712 3092">
     <span class='ocr_line' id='line_1_82' title="bbox 2153 3023 3712 3092; baseline 0.003 -17"><span class='ocrx_word' id='word_1_536' title='bbox 2153 3023 2379 3090; x_wconf 89' lang='lat' dir='ltr'><strong>primum</strong></span> <span class='ocrx_word' id='word_1_537' title='bbox 2402 3038 2432 3075; x_wconf 85' lang='lat' dir='ltr'><strong>a</strong></span> <span class='ocrx_word' id='word_1_538' title='bbox 2455 3023 2768 3087; x_wconf 85' lang='lat' dir='ltr'><strong>Mercatore,</strong></span> <span class='ocrx_word' id='word_1_539' title='bbox 2797 3032 2851 3078; x_wconf 89' lang='lat' dir='ltr'><strong>et</strong></span> <span class='ocrx_word' id='word_1_540' title='bbox 2878 3023 3002 3092; x_wconf 85' lang='lat' dir='ltr'><strong>quid</strong></span> <span class='ocrx_word' id='word_1_541' title='bbox 3031 3023 3168 3079; x_wconf 85' lang='lat' dir='ltr'><strong>inter</strong></span> <span class='ocrx_word' id='word_1_542' title='bbox 3192 3026 3414 3092; x_wconf 83' lang='lat' dir='ltr'><strong>legenda</strong></span> <span class='ocrx_word' id='word_1_543' title='bbox 3435 3035 3545 3080; x_wconf 91' lang='lat' dir='ltr'><strong>tum</strong></span> <span class='ocrx_word' id='word_1_544' title='bbox 3570 3036 3712 3081; x_wconf 84' lang='lat' dir='ltr'><strong>vete-</strong></span> 
     </span>
    </p>
   </div>
   <div class='ocr_carea' id='block_1_80' title="bbox 476 3092 3722 3164">
    <p class='ocr_par' dir='ltr' id='par_1_80' title="bbox 476 3092 3722 3164">
     <span class='ocr_line' id='line_1_83' title="bbox 476 3092 3722 3164; baseline 0.001 -16"><span class='ocrx_word' id='word_1_545' title='bbox 476 3092 638 3164; x_wconf 80' lang='lat' dir='ltr'><strong>quasi</strong></span> <span class='ocrx_word' id='word_1_546' title='bbox 657 3092 876 3160; x_wconf 82' lang='lat' dir='ltr'><strong>diceret,</strong></span> <span class='ocrx_word' id='word_1_547' title='bbox 895 3097 1100 3150; x_wconf 77' lang='lat' dir='ltr'><strong>Sixtum</strong></span> <span class='ocrx_word' id='word_1_548' title='bbox 1121 3096 1389 3164; x_wconf 74' lang='lat' dir='ltr'><strong>leestini</strong></span> <span class='ocrx_word' id='word_1_549' title='bbox 1411 3092 1773 3164; x_wconf 79' lang='lat' dir='ltr'><strong>successorem</strong></span> <span class='ocrx_word' id='word_1_550' title='bbox 1803 3108 1942 3164; x_wconf 62' lang='lat' dir='ltr'><strong>(egre</strong></span> <span class='ocrx_word' id='word_1_551' title='bbox 1966 3103 2050 3147; x_wconf 82' lang='lat' dir='ltr'><strong>tu-</strong></span> <span class='ocrx_word' id='word_1_552' title='bbox 2079 3092 2124 3154; x_wconf 92' lang='lat' dir='ltr'>C</span> <span class='ocrx_word' id='word_1_553' title='bbox 2155 3107 2288 3164; x_wconf 65' lang='lat' dir='ltr'><strong>gum,</strong></span> <span class='ocrx_word' id='word_1_554' title='bbox 2321 3100 2432 3164; x_wconf 84' lang='lat' dir='ltr'><strong>tum</strong></span> <span class='ocrx_word' id='word_1_555' title='bbox 2484 3094 2840 3164; x_wconf 82' lang='lat' dir='ltr'><strong>recentiorum</strong></span> <span class='ocrx_word' id='word_1_556' title='bbox 2879 3095 3201 3162; x_wconf 89' lang='lat' dir='ltr'><strong>scriptorum</strong></span> <span class='ocrx_word' id='word_1_557' title='bbox 3243 3095 3416 3164; x_wconf 78' lang='lat' dir='ltr'><strong>Opera</strong></span> <span class='ocrx_word' id='word_1_558' title='bbox 3451 3097 3517 3150; x_wconf 88' lang='lat' dir='ltr'><strong>de</strong></span> <span class='ocrx_word' id='word_1_559' title='bbox 3562 3098 3722 3152; x_wconf 83' lang='lat' dir='ltr'><strong>rebus</strong></span> 
     </span>
    </p>
   </div>
   <div class='ocr_carea' id='block_1_81' title="bbox 476 3161 2050 3235">
    <p class='ocr_par' dir='ltr' id='par_1_81' title="bbox 476 3161 2050 3235">
     <span class='ocr_line' id='line_1_84' title="bbox 476 3161 2050 3235; baseline -0.001 -17"><span class='ocrx_word' id='word_1_560' title='bbox 476 3161 600 3221; x_wconf 81' lang='lat' dir='ltr'><strong>lisse</strong></span> <span class='ocrx_word' id='word_1_561' title='bbox 629 3165 857 3221; x_wconf 89' lang='lat' dir='ltr'><strong>Nestorii</strong></span> <span class='ocrx_word' id='word_1_562' title='bbox 882 3167 1269 3234; x_wconf 88' lang='lat' dir='ltr'><strong>depositionem</strong></span> <span class='ocrx_word' id='word_1_563' title='bbox 1306 3163 1498 3235; x_wconf 54' lang='lat' dir='ltr'><strong>(Ibid,</strong></span> <span class='ocrx_word' id='word_1_564' title='bbox 1529 3181 1641 3235; x_wconf 69' lang='lat' dir='ltr'><strong>cup.</strong></span> <span class='ocrx_word' id='word_1_565' title='bbox 1676 3161 1794 3235; x_wconf 77' lang='lat'><strong>55).</strong></span> <span class='ocrx_word' id='word_1_566' title='bbox 1836 3162 2050 3235; x_wconf 78' lang='lat' dir='ltr'><strong>Calum-</strong></span> 
     </span>
    </p>
   </div>
   <div class='ocr_carea' id='block_1_82' title="bbox 479 3233 2046 3304">
    <p class='ocr_par' dir='ltr' id='par_1_82' title="bbox 479 3233 2046 3304">
     <span class='ocr_line' id='line_1_85' title="bbox 479 3233 2046 3304; baseline -0.003 -17"><span class='ocrx_word' id='word_1_567' title='bbox 479 3237 578 3288; x_wconf 75' lang='lat' dir='ltr'><strong>nim</strong></span> <span class='ocrx_word' id='word_1_568' title='bbox 599 3251 811 3291; x_wconf 88' lang='lat' dir='ltr'><strong>causam</strong></span> <span class='ocrx_word' id='word_1_569' title='bbox 832 3233 1178 3304; x_wconf 80' lang='lat' dir='ltr'><strong>explicuimus</strong></span> <span class='ocrx_word' id='word_1_570' title='bbox 1200 3236 1237 3303; x_wconf 83' lang='lat' dir='ltr'><strong>(l</strong></span> <span class='ocrx_word' id='word_1_571' title='bbox 1257 3233 1392 3304; x_wconf 69' lang='lat' dir='ltr'><strong>part.</strong></span> <span class='ocrx_word' id='word_1_572' title='bbox 1419 3233 1518 3302; x_wconf 85' lang='lat' dir='ltr'><strong>0p.</strong></span> <span class='ocrx_word' id='word_1_573' title='bbox 1545 3233 1727 3304; x_wconf 71' lang='lat' dir='ltr'><strong>Mem,</strong></span> <span class='ocrx_word' id='word_1_574' title='bbox 1746 3234 1945 3304; x_wconf 72' lang='lat' dir='ltr'><strong>dissert.</strong></span> <span class='ocrx_word' id='word_1_575' title='bbox 1971 3233 2046 3299; x_wconf 83' lang='lat'><strong>6),</strong></span> 
     </span>
    </p>
   </div>
   <div class='ocr_carea' id='block_1_83' title="bbox 477 3301 2046 3380">
    <p class='ocr_par' dir='ltr' id='par_1_83' title="bbox 477 3301 2046 3380">
     <span class='ocr_line' id='line_1_86' title="bbox 477 3301 2046 3380; baseline -0.003 -24"><span class='ocrx_word' id='word_1_576' title='bbox 477 3304 618 3380; x_wconf 77' lang='lat' dir='ltr'><strong>inter</strong></span> <span class='ocrx_word' id='word_1_577' title='bbox 657 3301 917 3380; x_wconf 71' lang='lat' dir='ltr'><strong>agendum</strong></span> <span class='ocrx_word' id='word_1_578' title='bbox 953 3305 1020 3380; x_wconf 77' lang='lat' dir='ltr'><strong>de</strong></span> <span class='ocrx_word' id='word_1_579' title='bbox 1048 3301 1266 3380; x_wconf 78' lang='lat' dir='ltr'><strong>auctore</strong></span> <span class='ocrx_word' id='word_1_580' title='bbox 1303 3301 2046 3380; x_wconf 52' lang='lat' dir='ltr'><strong>librarumnhypognosticon.</strong></span> 
     </span>
    </p>
   </div>
   <div class='ocr_carea' id='block_1_84' title="bbox 552 3369 2052 3438">
    <p class='ocr_par' dir='ltr' id='par_1_84' title="bbox 552 3369 2052 3438">
     <span class='ocr_line' id='line_1_87' title="bbox 552 3369 2052 3438; baseline -0.001 -14"><span class='ocrx_word' id='word_1_581' title='bbox 552 3373 624 3426; x_wconf 89' lang='lat' dir='ltr'><strong>De</strong></span> <span class='ocrx_word' id='word_1_582' title='bbox 645 3369 762 3427; x_wconf 85' lang='lat' dir='ltr'><strong>aliis</strong></span> <span class='ocrx_word' id='word_1_583' title='bbox 780 3374 988 3426; x_wconf 87' lang='lat' dir='ltr'><strong>duobus</strong></span> <span class='ocrx_word' id='word_1_584' title='bbox 1009 3373 1212 3438; x_wconf 79' lang='lat' dir='ltr'><strong>legatis,</strong></span> <span class='ocrx_word' id='word_1_585' title='bbox 1241 3371 1462 3424; x_wconf 86' lang='lat' dir='ltr'><strong>Arcadio</strong></span> <span class='ocrx_word' id='word_1_586' title='bbox 1487 3379 1542 3423; x_wconf 89' lang='lat' dir='ltr'><strong>et</strong></span> <span class='ocrx_word' id='word_1_587' title='bbox 1571 3369 1815 3438; x_wconf 78' lang='lat' dir='ltr'><strong>PrOjecto</strong></span> <span class='ocrx_word' id='word_1_588' title='bbox 1845 3370 2052 3437; x_wconf 88' lang='lat' dir='ltr'><strong>episco-</strong></span> 
     </span>
    </p>
   </div>
   <div class='ocr_carea' id='block_1_85' title="bbox 476 3438 2052 3509">
    <p class='ocr_par' dir='ltr' id='par_1_85' title="bbox 476 3438 2052 3509">
     <span class='ocr_line' id='line_1_88' title="bbox 476 3438 2052 3509; baseline -0.001 -17"><span class='ocrx_word' id='word_1_589' title='bbox 476 3441 578 3509; x_wconf 86' lang='lat' dir='ltr'><strong>pis,</strong></span> <span class='ocrx_word' id='word_1_590' title='bbox 603 3442 704 3494; x_wconf 89' lang='lat' dir='ltr'><strong>hoc</strong></span> <span class='ocrx_word' id='word_1_591' title='bbox 723 3457 882 3494; x_wconf 91' lang='lat' dir='ltr'><strong>unum</strong></span> <span class='ocrx_word' id='word_1_592' title='bbox 910 3441 1174 3506; x_wconf 86' lang='lat' dir='ltr'><strong>conjicere</strong></span> <span class='ocrx_word' id='word_1_593' title='bbox 1200 3455 1517 3509; x_wconf 61' lang='lat' dir='ltr'><strong>possumus,</strong></span> <span class='ocrx_word' id='word_1_594' title='bbox 1548 3439 1688 3505; x_wconf 90' lang='lat' dir='ltr'><strong>quod</strong></span> <span class='ocrx_word' id='word_1_595' title='bbox 1717 3439 1815 3490; x_wconf 90' lang='lat' dir='ltr'><strong>viri</strong></span> <span class='ocrx_word' id='word_1_596' title='bbox 1855 3438 2052 3491; x_wconf 86' lang='lat' dir='ltr'><strong>fuerint</strong></span> 
     </span>
    </p>
   </div>
   <div class='ocr_carea' id='block_1_86' title="bbox 477 3507 2038 3576">
    <p class='ocr_par' dir='ltr' id='par_1_86' title="bbox 477 3507 2038 3576">
     <span class='ocr_line' id='line_1_89' title="bbox 477 3507 2038 3576; baseline -0.002 -14"><span class='ocrx_word' id='word_1_597' title='bbox 477 3507 619 3562; x_wconf 81' lang='lat' dir='ltr'><strong>docti</strong></span> <span class='ocrx_word' id='word_1_598' title='bbox 643 3511 841 3576; x_wconf 87' lang='lat' dir='ltr'><strong>pariter</strong></span> <span class='ocrx_word' id='word_1_599' title='bbox 857 3524 920 3563; x_wconf 90' lang='lat' dir='ltr'><strong>ac</strong></span> <span class='ocrx_word' id='word_1_600' title='bbox 942 3507 1217 3570; x_wconf 56' lang='lat' dir='ltr'><strong>industrii,</strong></span> <span class='ocrx_word' id='word_1_601' title='bbox 1241 3516 1298 3560; x_wconf 89' lang='lat' dir='ltr'><strong>ut</strong></span> <span class='ocrx_word' id='word_1_602' title='bbox 1317 3516 1478 3576; x_wconf 68' lang='lat' dir='ltr'><strong>tanta:</strong></span> <span class='ocrx_word' id='word_1_603' title='bbox 1508 3507 1757 3573; x_wconf 72' lang='lat' dir='ltr'><strong>legationi</strong></span> <span class='ocrx_word' id='word_1_604' title='bbox 1780 3521 1936 3575; x_wconf 85' lang='lat' dir='ltr'><strong>pares</strong></span> <span class='ocrx_word' id='word_1_605' title='bbox 1957 3522 2038 3560; x_wconf 87' lang='lat' dir='ltr'><strong>es-</strong></span> 
     </span>
    </p>
   </div>
   <div class='ocr_carea' id='block_1_87' title="bbox 477 3575 2050 3646">
    <p class='ocr_par' dir='ltr' id='par_1_87' title="bbox 477 3575 2050 3646">
     <span class='ocr_line' id='line_1_90' title="bbox 477 3575 2050 3646; baseline -0.001 -16"><span class='ocrx_word' id='word_1_606' title='bbox 477 3586 622 3639; x_wconf 84' lang='lat' dir='ltr'><strong>sent;</strong></span> <span class='ocrx_word' id='word_1_607' title='bbox 645 3575 784 3646; x_wconf 87' lang='lat' dir='ltr'><strong>quod</strong></span> <span class='ocrx_word' id='word_1_608' title='bbox 808 3579 962 3644; x_wconf 76' lang='lat' dir='ltr'><strong>legati</strong></span> <span class='ocrx_word' id='word_1_609' title='bbox 987 3576 1337 3632; x_wconf 88' lang='lat' dir='ltr'><strong>Occidentalis</strong></span> <span class='ocrx_word' id='word_1_610' title='bbox 1363 3575 1630 3646; x_wconf 78' lang='lat' dir='ltr'><strong>Ecclesiae,</strong></span> <span class='ocrx_word' id='word_1_611' title='bbox 1655 3577 1901 3646; x_wconf 83' lang='lat' dir='ltr'><strong>sedisque</strong></span> <span class='ocrx_word' id='word_1_612' title='bbox 1921 3592 2050 3645; x_wconf 87' lang='lat' dir='ltr'><strong>apo-</strong></span> 
     </span>
    </p>
   </div>
   <div class='ocr_carea' id='block_1_88' title="bbox 476 3645 2047 3715">
    <p class='ocr_par' dir='ltr' id='par_1_88' title="bbox 476 3645 2047 3715">
     <span class='ocr_line' id='line_1_91' title="bbox 476 3645 2047 3715; baseline -0.001 -16"><span class='ocrx_word' id='word_1_613' title='bbox 476 3648 679 3700; x_wconf 75' lang='lat' dir='ltr'><strong>stolicm</strong></span> <span class='ocrx_word' id='word_1_614' title='bbox 703 3648 827 3700; x_wconf 91' lang='lat' dir='ltr'><strong>dicti</strong></span> <span class='ocrx_word' id='word_1_615' title='bbox 862 3647 1083 3710; x_wconf 88' lang='lat' dir='ltr'><strong>fuerint;</strong></span> <span class='ocrx_word' id='word_1_616' title='bbox 1112 3647 1253 3715; x_wconf 90' lang='lat' dir='ltr'><strong>quod</strong></span> <span class='ocrx_word' id='word_1_617' title='bbox 1283 3647 1512 3714; x_wconf 90' lang='lat' dir='ltr'><strong>denique</strong></span> <span class='ocrx_word' id='word_1_618' title='bbox 1537 3645 1794 3700; x_wconf 87' lang='lat' dir='ltr'><strong>Arcadius</strong></span> <span class='ocrx_word' id='word_1_619' title='bbox 1821 3646 2047 3699; x_wconf 85' lang='lat' dir='ltr'><strong>alterum</strong></span> 
     </span>
    </p>
   </div>
   <div class='ocr_carea' id='block_1_89' title="bbox 476 3716 1622 3782">
    <p class='ocr_par' dir='ltr' id='par_1_89' title="bbox 476 3716 1622 3782">
     <span class='ocr_line' id='line_1_92' title="bbox 476 3716 1622 3782; baseline 0 -13"><span class='ocrx_word' id='word_1_620' title='bbox 476 3716 562 3769; x_wconf 88' lang='lat' dir='ltr'><strong>vel</strong></span> <span class='ocrx_word' id='word_1_621' title='bbox 587 3716 941 3774; x_wconf 86' lang='lat' dir='ltr'><strong>ordinatione.</strong></span> <span class='ocrx_word' id='word_1_622' title='bbox 977 3718 1059 3771; x_wconf 89' lang='lat' dir='ltr'><strong>vel</strong></span> <span class='ocrx_word' id='word_1_623' title='bbox 1086 3725 1244 3770; x_wconf 65' lang='lat' dir='ltr'><strong>aetate</strong></span> <span class='ocrx_word' id='word_1_624' title='bbox 1275 3717 1622 3782; x_wconf 62' lang='lat' dir='ltr'><strong>praecesserit.</strong></span> 
     </span>
    </p>
   </div>
   <div class='ocr_carea' id='block_1_90' title="bbox 546 3783 2047 3854">
    <p class='ocr_par' dir='ltr' id='par_1_90' title="bbox 546 3783 2047 3854">
     <span class='ocr_line' id='line_1_93' title="bbox 546 3783 2047 3854; baseline 0.001 -17"><span class='ocrx_word' id='word_1_625' title='bbox 546 3785 751 3838; x_wconf 86' lang='lat' dir='ltr'><strong>Incerta</strong></span> <span class='ocrx_word' id='word_1_626' title='bbox 791 3796 872 3840; x_wconf 78' lang='lat' dir='ltr'><strong>est</strong></span> <span class='ocrx_word' id='word_1_627' title='bbox 910 3787 1186 3854; x_wconf 89' lang='lat' dir='ltr'><strong>utriusque</strong></span> <span class='ocrx_word' id='word_1_628' title='bbox 1231 3785 1384 3840; x_wconf 87' lang='lat' dir='ltr'><strong>sedes</strong></span> <span class='ocrx_word' id='word_1_629' title='bbox 1413 3800 1476 3839; x_wconf 89' lang='lat' dir='ltr'><strong>ac</strong></span> <span class='ocrx_word' id='word_1_630' title='bbox 1509 3785 1702 3854; x_wconf 86' lang='lat' dir='ltr'><strong>patria.</strong></span> <span class='ocrx_word' id='word_1_631' title='bbox 1745 3783 1875 3854; x_wconf 87' lang='lat' dir='ltr'><strong>Nam</strong></span> <span class='ocrx_word' id='word_1_632' title='bbox 1903 3784 2047 3852; x_wconf 90' lang='lat' dir='ltr'><strong>quod</strong></span> 
     </span>
    </p>
   </div>
   <div class='ocr_carea' id='block_1_91' title="bbox 475 3853 2048 3924">
    <p class='ocr_par' dir='ltr' id='par_1_91' title="bbox 475 3853 2048 3924">
     <span class='ocr_line' id='line_1_94' title="bbox 475 3853 2048 3924; baseline -0.001 -17"><span class='ocrx_word' id='word_1_633' title='bbox 475 3854 736 3924; x_wconf 79' lang='lat' dir='ltr'><strong>Baronius</strong></span> <span class='ocrx_word' id='word_1_634' title='bbox 773 3853 1400 3924; x_wconf 29' lang='lat' dir='ltr'><strong>suspicatur,’Arcadium</strong></span> <span class='ocrx_word' id='word_1_635' title='bbox 1429 3855 1482 3908; x_wconf 91' lang='lat' dir='ltr'><strong>iu</strong></span> <span class='ocrx_word' id='word_1_636' title='bbox 1513 3853 1714 3924; x_wconf 30' lang='lat' dir='ltr'><strong>’Galliis</strong></span> <span class='ocrx_word' id='word_1_637' title='bbox 1743 3853 1925 3924; x_wconf 86' lang='lat' dir='ltr'><strong>sedem</strong></span> <span class='ocrx_word' id='word_1_638' title='bbox 1952 3855 2048 3924; x_wconf 88' lang='lat' dir='ltr'><strong>ha-</strong></span> 
     </span>
    </p>
   </div>
   <div class='ocr_carea' id='block_1_92' title="bbox 474 3923 2047 3992">
    <p class='ocr_par' dir='ltr' id='par_1_92' title="bbox 474 3923 2047 3992">
     <span class='ocr_line' id='line_1_95' title="bbox 474 3923 2047 3992; baseline 0 -15"><span class='ocrx_word' id='word_1_639' title='bbox 474 3923 670 3987; x_wconf 87' lang='lat' dir='ltr'><strong>buisse,</strong></span> <span class='ocrx_word' id='word_1_640' title='bbox 713 3923 1012 3992; x_wconf 83' lang='lat' dir='ltr'><strong>Projectum</strong></span> <span class='ocrx_word' id='word_1_641' title='bbox 1040 3924 1422 3986; x_wconf 87' lang='lat' dir='ltr'><strong>Forocornelii,</strong></span> <span class='ocrx_word' id='word_1_642' title='bbox 1456 3923 1576 3977; x_wconf 90' lang='lat' dir='ltr'><strong>inde</strong></span> <span class='ocrx_word' id='word_1_643' title='bbox 1604 3923 1878 3985; x_wconf 78' lang='lat' dir='ltr'><strong>evertitur,</strong></span> <span class='ocrx_word' id='word_1_644' title='bbox 1906 3923 2047 3978; x_wconf 89' lang='lat' dir='ltr'><strong>unde</strong></span> 
     </span>
    </p>
   </div>
   <div class='ocr_carea' id='block_1_93' title="bbox 474 3993 2041 4063">
    <p class='ocr_par' dir='ltr' id='par_1_93' title="bbox 474 3993 2041 4063">
     <span class='ocr_line' id='line_1_96' title="bbox 474 3993 2041 4063; baseline -0.001 -17"><span class='ocrx_word' id='word_1_645' title='bbox 474 3994 696 4047; x_wconf 88' lang='lat' dir='ltr'><strong>stabiliri</strong></span> <span class='ocrx_word' id='word_1_646' title='bbox 718 4010 876 4063; x_wconf 86' lang='lat' dir='ltr'><strong>posse</strong></span> <span class='ocrx_word' id='word_1_647' title='bbox 887 3994 1111 4048; x_wconf 88' lang='lat' dir='ltr'><strong>videtur.</strong></span> <span class='ocrx_word' id='word_1_648' title='bbox 1131 3995 1216 4063; x_wconf 82' lang='lat' dir='ltr'><strong>Ait</strong></span> <span class='ocrx_word' id='word_1_649' title='bbox 1237 3995 1378 4047; x_wconf 91' lang='lat' dir='ltr'><strong>enim</strong></span> <span class='ocrx_word' id='word_1_650' title='bbox 1399 3993 1781 4063; x_wconf 85' lang='lat' dir='ltr'><strong>illustrissimus</strong></span> <span class='ocrx_word' id='word_1_651' title='bbox 1790 3994 2041 4063; x_wconf 77' lang='lat' dir='ltr'><strong>scriptor;</strong></span> 
     </span>
    </p>
   </div>
   <div class='ocr_carea' id='block_1_94' title="bbox 473 4061 2046 4130">
    <p class='ocr_par' dir='ltr' id='par_1_94' title="bbox 473 4061 2046 4130">
     <span class='ocr_line' id='line_1_97' title="bbox 473 4061 2046 4130; baseline 0.001 -15"><span class='ocrx_word' id='word_1_652' title='bbox 473 4063 526 4115; x_wconf 92' lang='lat' dir='ltr'><strong>in</strong></span> <span class='ocrx_word' id='word_1_653' title='bbox 555 4061 746 4117; x_wconf 77' lang='lat' dir='ltr'><strong>litteris</strong></span> <span class='ocrx_word' id='word_1_654' title='bbox 763 4062 1034 4118; x_wconf 82' lang='lat' dir='ltr'><strong>Coelestini</strong></span> <span class='ocrx_word' id='word_1_655' title='bbox 1062 4063 1126 4117; x_wconf 86' lang='lat' dir='ltr'><strong>ad</strong></span> <span class='ocrx_word' id='word_1_656' title='bbox 1148 4061 1438 4116; x_wconf 84' lang='lat' dir='ltr'><strong>Galliarum</strong></span> <span class='ocrx_word' id='word_1_657' title='bbox 1459 4062 1756 4130; x_wconf 83' lang='lat' dir='ltr'><strong>episcopos,</strong></span> <span class='ocrx_word' id='word_1_658' title='bbox 1773 4061 1838 4114; x_wconf 91' lang='lat' dir='ltr'><strong>de</strong></span> <span class='ocrx_word' id='word_1_659' title='bbox 1860 4070 2046 4116; x_wconf 89' lang='lat' dir='ltr'><strong>sancto</strong></span> 
     </span>
    </p>
   </div>
   <div class='ocr_carea' id='block_1_95' title="bbox 473 4130 2044 4199">
    <p class='ocr_par' dir='ltr' id='par_1_95' title="bbox 473 4130 2044 4199">
     <span class='ocr_line' id='line_1_98' title="bbox 473 4130 2044 4199; baseline 0 -15"><span class='ocrx_word' id='word_1_660' title='bbox 473 4131 765 4199; x_wconf 80' lang='lat' dir='ltr'><strong>Augustino</strong></span> <span class='ocrx_word' id='word_1_661' title='bbox 791 4134 856 4186; x_wconf 89' lang='lat' dir='ltr'><strong>ab</strong></span> <span class='ocrx_word' id='word_1_662' title='bbox 884 4132 1354 4186; x_wconf 86' lang='lat' dir='ltr'><strong>calumniatoribus</strong></span> <span class='ocrx_word' id='word_1_663' title='bbox 1389 4130 1740 4192; x_wconf 86' lang='lat' dir='ltr'><strong>defendendo,</strong></span> <span class='ocrx_word' id='word_1_664' title='bbox 1791 4131 2044 4198; x_wconf 88' lang='lat' dir='ltr'><strong>appellari</strong></span> 
     </span>
    </p>
   </div>
   <div class='ocr_carea' id='block_1_96' title="bbox 474 4199 2039 4269">
    <p class='ocr_par' dir='ltr' id='par_1_96' title="bbox 474 4199 2039 4269">
     <span class='ocr_line' id='line_1_99' title="bbox 474 4199 2039 4269; baseline -0.001 -15"><span class='ocrx_word' id='word_1_665' title='bbox 474 4216 666 4255; x_wconf 87' lang='lat' dir='ltr'><strong>nomen</strong></span> <span class='ocrx_word' id='word_1_666' title='bbox 694 4201 901 4256; x_wconf 79' lang='lat' dir='ltr'><strong>Arcadii</strong></span> <span class='ocrx_word' id='word_1_667' title='bbox 927 4203 1063 4256; x_wconf 89' lang='lat' dir='ltr'><strong>inter</strong></span> <span class='ocrx_word' id='word_1_668' title='bbox 1092 4217 1186 4255; x_wconf 83' lang='lat' dir='ltr'><strong>eos</strong></span> <span class='ocrx_word' id='word_1_669' title='bbox 1206 4201 1397 4269; x_wconf 88' lang='lat' dir='ltr'><strong>quibus</strong></span> <span class='ocrx_word' id='word_1_670' title='bbox 1426 4200 1614 4253; x_wconf 74' lang='lat' dir='ltr'><strong>littera:</strong></span> <span class='ocrx_word' id='word_1_671' title='bbox 1641 4199 2002 4253; x_wconf 83' lang='lat' dir='ltr'><strong>inscribuntur</strong></span> <span class='ocrx_word' id='word_1_672' title='bbox 2026 4217 2039 4252; x_wconf 91' lang='lat'><strong>:</strong></span> 
     </span>
    </p>
   </div>
   <div class='ocr_carea' id='block_1_97' title="bbox 473 4269 2044 4330">
    <p class='ocr_par' dir='ltr' id='par_1_97' title="bbox 473 4269 2044 4330">
     <span class='ocr_line' id='line_1_100' title="bbox 473 4269 2044 4330; baseline 0 -8"><span class='ocrx_word' id='word_1_673' title='bbox 473 4279 530 4322; x_wconf 90' lang='lat' dir='ltr'><strong>at</strong></span> <span class='ocrx_word' id='word_1_674' title='bbox 559 4271 681 4325; x_wconf 90' lang='lat' dir='ltr'><strong>inde</strong></span> <span class='ocrx_word' id='word_1_675' title='bbox 709 4271 987 4324; x_wconf 81' lang='lat' dir='ltr'><strong>manifeste</strong></span> <span class='ocrx_word' id='word_1_676' title='bbox 1027 4272 1378 4330; x_wconf 73' lang='lat' dir='ltr'><strong>concluditur,</strong></span> <span class='ocrx_word' id='word_1_677' title='bbox 1411 4270 1572 4322; x_wconf 90' lang='lat' dir='ltr'><strong>alium</strong></span> <span class='ocrx_word' id='word_1_678' title='bbox 1612 4285 1731 4323; x_wconf 80' lang='lat' dir='ltr'><strong>esse</strong></span> <span class='ocrx_word' id='word_1_679' title='bbox 1762 4269 2044 4322; x_wconf 75' lang='lat' dir='ltr'><strong>Arcadium</strong></span> 
     </span>
    </p>
   </div>
   <div class='ocr_carea' id='block_1_98' title="bbox 473 4337 2044 4409">
    <p class='ocr_par' dir='ltr' id='par_1_98' title="bbox 473 4337 2044 4409">
     <span class='ocr_line' id='line_1_101' title="bbox 473 4337 2044 4409; baseline 0.001 -18"><span class='ocrx_word' id='word_1_680' title='bbox 473 4339 538 4392; x_wconf 91' lang='lat' dir='ltr'><strong>ad</strong></span> <span class='ocrx_word' id='word_1_681' title='bbox 561 4355 719 4406; x_wconf 83' lang='lat' dir='ltr'><strong>quem</strong></span> <span class='ocrx_word' id='word_1_682' title='bbox 742 4343 952 4409; x_wconf 86' lang='lat' dir='ltr'><strong>scripsit</strong></span> <span class='ocrx_word' id='word_1_683' title='bbox 978 4339 1315 4402; x_wconf 83' lang='lat' dir='ltr'><strong>leestinus,</strong></span> <span class='ocrx_word' id='word_1_684' title='bbox 1334 4340 1495 4409; x_wconf 87' lang='lat' dir='ltr'><strong>alium</strong></span> <span class='ocrx_word' id='word_1_685' title='bbox 1517 4353 1672 4409; x_wconf 87' lang='lat' dir='ltr'><strong>quem</strong></span> <span class='ocrx_word' id='word_1_686' title='bbox 1687 4337 2044 4409; x_wconf 4' lang='lat' dir='ltr'><strong>emisit‘Ephe-</strong></span> 
     </span>
    </p>
   </div>
   <div class='ocr_carea' id='block_1_99' title="bbox 472 4405 2120 4495">
    <p class='ocr_par' dir='ltr' id='par_1_99' title="bbox 472 4405 2120 4495">
     <span class='ocr_line' id='line_1_102' title="bbox 472 4405 2120 4495; baseline 0 -35"><span class='ocrx_word' id='word_1_687' title='bbox 472 4405 619 4472; x_wconf 80' lang='lat' dir='ltr'><strong>sum;</strong></span> <span class='ocrx_word' id='word_1_688' title='bbox 651 4405 915 4488; x_wconf 82' lang='lat' dir='ltr'><strong>seribebat</strong></span> <span class='ocrx_word' id='word_1_689' title='bbox 952 4409 1109 4495; x_wconf 38' lang='lat' dir='ltr'><strong>enim.</strong></span> <span class='ocrx_word' id='word_1_690' title='bbox 1133 4425 1275 4462; x_wconf 87' lang='lat' dir='ltr'><strong>anno</strong></span> <span class='ocrx_word' id='word_1_691' title='bbox 1305 4409 1399 4495; x_wconf 60' lang='grc' dir='ltr'><strong><em>ιξι</em></strong></span> <span class='ocrx_word' id='word_1_692' title='bbox 1434 4408 1811 4495; x_wconf 46' lang='lat' dir='ltr'><strong>adPArc‘adium</strong></span> <span class='ocrx_word' id='word_1_693' title='bbox 1838 4405 2041 4495; x_wconf 47' lang='lat' dir='ltr'><strong>(galba:</strong></span> <span class='ocrx_word' id='word_1_694' title='bbox 2075 4437 2120 4495; x_wconf 72' lang='grc' dir='ltr'>υ</span> 
     </span>
    </p>
   </div>
   <div class='ocr_carea' id='block_1_100' title="bbox 473 4476 2043 4547">
    <p class='ocr_par' dir='ltr' id='par_1_100' title="bbox 473 4476 2043 4547">
     <span class='ocr_line' id='line_1_103' title="bbox 473 4476 2043 4547; baseline 0.003 -19"><span class='ocrx_word' id='word_1_695' title='bbox 473 4491 590 4530; x_wconf 83' lang='grc' dir='ltr'><strong><em>ιίιηι</em></strong></span> <span class='ocrx_word' id='word_1_696' title='bbox 616 4478 942 4547; x_wconf 77' lang='lat' dir='ltr'><strong>episcOpum,</strong></span> <span class='ocrx_word' id='word_1_697' title='bbox 968 4493 1074 4546; x_wconf 90' lang='lat' dir='ltr'><strong>quo</strong></span> <span class='ocrx_word' id='word_1_698' title='bbox 1094 4486 1336 4547; x_wconf 89' lang='lat' dir='ltr'><strong>tempore</strong></span> <span class='ocrx_word' id='word_1_699' title='bbox 1348 4477 1601 4531; x_wconf 85' lang='lat' dir='ltr'><strong>Arcadius</strong></span> <span class='ocrx_word' id='word_1_700' title='bbox 1622 4478 1827 4544; x_wconf 76' lang='lat' dir='ltr'><strong>legatus</strong></span> <span class='ocrx_word' id='word_1_701' title='bbox 1848 4476 2043 4545; x_wconf 88' lang='lat' dir='ltr'><strong>Ephesi</strong></span> 
     </span>
    </p>
   </div>
   <div class='ocr_carea' id='block_1_101' title="bbox 473 4548 804 4600">
    <p class='ocr_par' dir='ltr' id='par_1_101' title="bbox 473 4548 804 4600">
     <span class='ocr_line' id='line_1_104' title="bbox 473 4548 804 4600; baseline 0.003 -1"><span class='ocrx_word' id='word_1_702' title='bbox 473 4548 804 4600; x_wconf 76' lang='lat' dir='ltr'><strong>versabatur.</strong></span> 
     </span>
    </p>
   </div>
   <div class='ocr_carea' id='block_1_102' title="bbox 544 4614 2040 4684">
    <p class='ocr_par' dir='ltr' id='par_1_102' title="bbox 544 4614 2040 4684">
     <span class='ocr_line' id='line_1_105' title="bbox 544 4614 2040 4684; baseline 0.001 -15"><span class='ocrx_word' id='word_1_703' title='bbox 544 4615 709 4670; x_wconf 81' lang='lat' dir='ltr'><strong>Atl‘ert</strong></span> <span class='ocrx_word' id='word_1_704' title='bbox 733 4615 922 4672; x_wconf 90' lang='lat' dir='ltr'><strong>deinde</strong></span> <span class='ocrx_word' id='word_1_705' title='bbox 941 4617 1199 4671; x_wconf 87' lang='lat' dir='ltr'><strong>Baronius</strong></span> <span class='ocrx_word' id='word_1_706' title='bbox 1228 4615 1372 4670; x_wconf 88' lang='lat' dir='ltr'><strong>Petri</strong></span> <span class='ocrx_word' id='word_1_707' title='bbox 1399 4614 1711 4684; x_wconf 77' lang='lat' dir='ltr'><strong>Chrysologi</strong></span> <span class='ocrx_word' id='word_1_708' title='bbox 1741 4632 2040 4671; x_wconf 84' lang='lat' dir='ltr'><strong>sermonem</strong></span> 
     </span>
    </p>
   </div>
   <div class='ocr_carea' id='block_1_103' title="bbox 475 4685 2044 4755">
    <p class='ocr_par' dir='ltr' id='par_1_103' title="bbox 475 4685 2044 4755">
     <span class='ocr_line' id='line_1_106' title="bbox 475 4685 2044 4755; baseline 0.001 -18"><span class='ocrx_word' id='word_1_709' title='bbox 475 4685 526 4737; x_wconf 91' lang='lat' dir='ltr'><strong>in</strong></span> <span class='ocrx_word' id='word_1_710' title='bbox 548 4687 880 4741; x_wconf 87' lang='lat' dir='ltr'><strong>ordinatione</strong></span> <span class='ocrx_word' id='word_1_711' title='bbox 902 4686 1130 4753; x_wconf 84' lang='lat' dir='ltr'><strong>Projecti</strong></span> <span class='ocrx_word' id='word_1_712' title='bbox 1153 4685 1638 4755; x_wconf 80' lang='lat' dir='ltr'><strong>Forocorneliensis</strong></span> <span class='ocrx_word' id='word_1_713' title='bbox 1655 4687 1910 4749; x_wconf 90' lang='lat' dir='ltr'><strong>habitum,</strong></span> <span class='ocrx_word' id='word_1_714' title='bbox 1935 4701 2044 4755; x_wconf 91' lang='lat' dir='ltr'><strong>quo</strong></span> 
     </span>
    </p>
   </div>
   <div class='ocr_carea' id='block_1_104' title="bbox 472 4752 2044 4876">
    <p class='ocr_par' dir='ltr' id='par_1_104' title="bbox 472 4752 2044 4876">
     <span class='ocr_line' id='line_1_107' title="bbox 513 4752 2044 4822; baseline 0.002 -16"><span class='ocrx_word' id='word_1_715' title='bbox 513 4757 664 4809; x_wconf 87' lang='lat' dir='ltr'><strong>robet</strong></span> <span class='ocrx_word' id='word_1_716' title='bbox 710 4757 946 4822; x_wconf 87' lang='lat' dir='ltr'><strong>ejusdem</strong></span> <span class='ocrx_word' id='word_1_717' title='bbox 992 4752 1220 4808; x_wconf 87' lang='lat' dir='ltr'><strong>nominis</strong></span> <span class='ocrx_word' id='word_1_718' title='bbox 1264 4754 1493 4820; x_wconf 83' lang='lat' dir='ltr'><strong>legatum</strong></span> <span class='ocrx_word' id='word_1_719' title='bbox 1538 4752 1677 4807; x_wconf 84' lang='lat' dir='ltr'><strong>forte</strong></span> <span class='ocrx_word' id='word_1_720' title='bbox 1711 4752 2044 4811; x_wconf 82' lang='lat' dir='ltr'><strong>Forocorne-</strong></span> 
     </span>
     <span class='ocr_line' id='line_1_108' title="bbox 472 4770 2043 4876; baseline 0 0"><span class='ocrx_word' id='word_1_721' title='bbox 472 4770 622 4876; x_wconf 56' lang='grc' dir='ltr'><strong>Κειιεί</strong></span> <span class='ocrx_word' id='word_1_722' title='bbox 653 4824 903 4876; x_wconf 73' lang='lat' dir='ltr'><strong>Ecclesia:</strong></span> <span class='ocrx_word' id='word_1_723' title='bbox 934 4825 1221 4876; x_wconf 55' lang='lat' dir='ltr'><strong>praefuisse.</strong></span> <span class='ocrx_word' id='word_1_724' title='bbox 1255 4821 1450 4876; x_wconf 84' lang='lat' dir='ltr'><strong>Verum</strong></span> <span class='ocrx_word' id='word_1_725' title='bbox 1475 4837 1655 4876; x_wconf 88' lang='lat' dir='ltr'><strong>sermo</strong></span> <span class='ocrx_word' id='word_1_726' title='bbox 1682 4839 1840 4876; x_wconf 81' lang='lat' dir='ltr'><strong>quem</strong></span> <span class='ocrx_word' id='word_1_727' title='bbox 1863 4825 2043 4876; x_wconf 81' lang='lat' dir='ltr'><strong>laudat</strong></span> 
     </span>
    </p>
   </div>
   <div class='ocr_carea' id='block_1_105' title="bbox 494 4821 2043 4894">
    <p class='ocr_par' dir='ltr' id='par_1_105' title="bbox 494 4821 2043 4894">
     <span class='ocr_line' id='line_1_109' title="bbox 494 4821 2043 4894; baseline 0.002 -18"><span class='ocrx_word' id='word_1_728' title='bbox 494 4823 622 4894; x_wconf 82' lang='lat' dir='ltr'><strong>iensi</strong></span> <span class='ocrx_word' id='word_1_729' title='bbox 653 4821 903 4879; x_wconf 74' lang='lat' dir='ltr'><strong>Ecclesia:</strong></span> <span class='ocrx_word' id='word_1_730' title='bbox 934 4825 1221 4894; x_wconf 77' lang='lat' dir='ltr'><strong>prml&#39;uisse.</strong></span> <span class='ocrx_word' id='word_1_731' title='bbox 1255 4821 1450 4894; x_wconf 75' lang='lat' dir='ltr'><strong>verum</strong></span> <span class='ocrx_word' id='word_1_732' title='bbox 1475 4837 1655 4877; x_wconf 91' lang='lat' dir='ltr'><strong>sermo</strong></span> <span class='ocrx_word' id='word_1_733' title='bbox 1682 4839 1840 4892; x_wconf 90' lang='lat' dir='ltr'><strong>quem</strong></span> <span class='ocrx_word' id='word_1_734' title='bbox 1863 4825 2043 4879; x_wconf 83' lang='lat' dir='ltr'><strong>laudat</strong></span> 
     </span>
    </p>
   </div>
   <div class='ocr_carea' id='block_1_106' title="bbox 473 4891 2044 4965">
    <p class='ocr_par' dir='ltr' id='par_1_106' title="bbox 473 4891 2044 4965">
     <span class='ocr_line' id='line_1_110' title="bbox 473 4891 2044 4965; baseline 0.001 -19"><span class='ocrx_word' id='word_1_735' title='bbox 473 4892 860 4965; x_wconf 14' lang='lat' dir='ltr'><strong>a‘Chrysologo</strong></span> <span class='ocrx_word' id='word_1_736' title='bbox 883 4891 992 4961; x_wconf 75' lang='lat' dir='ltr'><strong>jam</strong></span> <span class='ocrx_word' id='word_1_737' title='bbox 1015 4895 1265 4965; x_wconf 83' lang='lat' dir='ltr'><strong>episcopo</strong></span> <span class='ocrx_word' id='word_1_738' title='bbox 1285 4891 1455 4946; x_wconf 81' lang='lat' dir='ltr'><strong>dictus</strong></span> <span class='ocrx_word' id='word_1_739' title='bbox 1482 4900 1582 4954; x_wconf 84' lang='lat' dir='ltr'><strong>est,</strong></span> <span class='ocrx_word' id='word_1_740' title='bbox 1613 4891 1811 4965; x_wconf 84' lang='lat' dir='ltr'><strong>quippe</strong></span> <span class='ocrx_word' id='word_1_741' title='bbox 1839 4896 1928 4962; x_wconf 88' lang='lat' dir='ltr'><strong>qui</strong></span> <span class='ocrx_word' id='word_1_742' title='bbox 1947 4909 2044 4965; x_wconf 82' lang='lat' dir='ltr'><strong>_or-</strong></span> 
     </span>
    </p>
   </div>
   <div class='ocr_carea' id='block_1_107' title="bbox 473 4962 2045 5033">
    <p class='ocr_par' dir='ltr' id='par_1_107' title="bbox 473 4962 2045 5033">
     <span class='ocr_line' id='line_1_111' title="bbox 473 4962 2045 5033; baseline 0.001 -17"><span class='ocrx_word' id='word_1_743' title='bbox 473 4962 742 5018; x_wconf 84' lang='lat' dir='ltr'><strong>dinatione</strong></span> <span class='ocrx_word' id='word_1_744' title='bbox 769 4964 1005 5033; x_wconf 85' lang='lat' dir='ltr'><strong>episc0pi</strong></span> <span class='ocrx_word' id='word_1_745' title='bbox 1048 4962 1207 5032; x_wconf 89' lang='lat' dir='ltr'><strong>quem</strong></span> <span class='ocrx_word' id='word_1_746' title='bbox 1237 4964 1349 5032; x_wconf 89' lang='lat' dir='ltr'><strong>ipse</strong></span> <span class='ocrx_word' id='word_1_747' title='bbox 1375 4962 1712 5033; x_wconf 73' lang='lat' dir='ltr'><strong>consecraret.</strong></span> <span class='ocrx_word' id='word_1_748' title='bbox 1748 4962 1915 5033; x_wconf 48' lang='lat' dir='ltr'><strong>&#39;Atqui</strong></span> <span class='ocrx_word' id='word_1_749' title='bbox 1946 4963 2045 5017; x_wconf 88' lang='lat' dir='ltr'><strong>Pe-</strong></span> 
     </span>
    </p>
   </div>
   <div class='ocr_carea' id='block_1_108' title="bbox 473 5031 2043 5104">
    <p class='ocr_par' dir='ltr' id='par_1_108' title="bbox 473 5031 2043 5104">
     <span class='ocr_line' id='line_1_112' title="bbox 473 5031 2043 5104; baseline 0.003 -21"><span class='ocrx_word' id='word_1_750' title='bbox 473 5038 589 5104; x_wconf 79' lang='lat' dir='ltr'><strong>trus</strong></span> <span class='ocrx_word' id='word_1_751' title='bbox 615 5034 728 5101; x_wconf 82' lang='lat' dir='ltr'><strong>ipse</strong></span> <span class='ocrx_word' id='word_1_752' title='bbox 757 5031 1112 5104; x_wconf 71' lang='lat' dir='ltr'><strong>Chrys-elogiis</strong></span> <span class='ocrx_word' id='word_1_753' title='bbox 1141 5033 1416 5104; x_wconf 85' lang='lat' dir='ltr'><strong>ordinatus</strong></span> <span class='ocrx_word' id='word_1_754' title='bbox 1445 5040 1526 5084; x_wconf 89' lang='lat' dir='ltr'><strong>est</strong></span> <span class='ocrx_word' id='word_1_755' title='bbox 1554 5047 1584 5104; x_wconf 85' lang='lat' dir='ltr'><strong>a</strong></span> <span class='ocrx_word' id='word_1_756' title='bbox 1608 5031 1779 5104; x_wconf 62' lang='lat' dir='ltr'><strong>Sixto,</strong></span> <span class='ocrx_word' id='word_1_757' title='bbox 1801 5031 1892 5101; x_wconf 84' lang='lat' dir='ltr'><strong>qui</strong></span> <span class='ocrx_word' id='word_1_758' title='bbox 1919 5033 2043 5088; x_wconf 79' lang='lat' dir='ltr'><strong>Cm-</strong></span> 
     </span>
    </p>
   </div>
   <div class='ocr_carea' id='block_1_109' title="bbox 474 5099 2045 5170">
    <p class='ocr_par' dir='ltr' id='par_1_109' title="bbox 474 5099 2045 5170">
     <span class='ocr_line' id='line_1_113' title="bbox 474 5099 2045 5170; baseline 0.001 -19"><span class='ocrx_word' id='word_1_759' title='bbox 474 5099 664 5170; x_wconf 78' lang='lat' dir='ltr'><strong>lcstino</strong></span> <span class='ocrx_word' id='word_1_760' title='bbox 685 5099 935 5157; x_wconf 65' lang='lat' dir='ltr'><strong>successit</strong></span> <span class='ocrx_word' id='word_1_761' title='bbox 963 5099 1103 5156; x_wconf 66' lang='lat' dir='ltr'><strong>armo</strong></span> <span class='ocrx_word' id='word_1_762' title='bbox 1131 5103 1264 5166; x_wconf 66' lang='lat'><strong>452;</strong></span> <span class='ocrx_word' id='word_1_763' title='bbox 1297 5116 1404 5154; x_wconf 88' lang='lat' dir='ltr'><strong>non</strong></span> <span class='ocrx_word' id='word_1_764' title='bbox 1430 5102 1604 5170; x_wconf 91' lang='lat' dir='ltr'><strong>potuit</strong></span> <span class='ocrx_word' id='word_1_765' title='bbox 1632 5102 1792 5169; x_wconf 81' lang='lat' dir='ltr'><strong>igitur</strong></span> <span class='ocrx_word' id='word_1_766' title='bbox 1820 5099 2045 5157; x_wconf 74' lang='lat' dir='ltr'><strong>concio-</strong></span> 
     </span>
    </p>
   </div>
   <div class='ocr_carea' id='block_1_110' title="bbox 473 5169 2038 5238">
    <p class='ocr_par' dir='ltr' id='par_1_110' title="bbox 473 5169 2038 5238">
     <span class='ocr_line' id='line_1_114' title="bbox 473 5169 2038 5238; baseline 0.003 -18"><span class='ocrx_word' id='word_1_767' title='bbox 473 5183 596 5238; x_wconf 86' lang='lat' dir='ltr'><strong>nem</strong></span> <span class='ocrx_word' id='word_1_768' title='bbox 623 5169 821 5224; x_wconf 91' lang='lat' dir='ltr'><strong>habere</strong></span> <span class='ocrx_word' id='word_1_769' title='bbox 842 5173 893 5224; x_wconf 85' lang='lat' dir='ltr'><strong>in</strong></span> <span class='ocrx_word' id='word_1_770' title='bbox 925 5173 1258 5226; x_wconf 87' lang='lat' dir='ltr'><strong>ordinatione</strong></span> <span class='ocrx_word' id='word_1_771' title='bbox 1284 5169 1441 5233; x_wconf 88' lang='lat' dir='ltr'><strong>illius,</strong></span> <span class='ocrx_word' id='word_1_772' title='bbox 1464 5171 1694 5238; x_wconf 90' lang='lat' dir='ltr'><strong>quiante</strong></span> <span class='ocrx_word' id='word_1_773' title='bbox 1715 5187 1912 5224; x_wconf 91' lang='lat' dir='ltr'><strong>annum</strong></span> <span class='ocrx_word' id='word_1_774' title='bbox 1941 5170 2038 5224; x_wconf 75' lang='grc'><strong>451</strong></span> 
     </span>
    </p>
   </div>
   <div class='ocr_carea' id='block_1_111' title="bbox 471 5237 2044 5309">
    <p class='ocr_par' dir='ltr' id='par_1_111' title="bbox 471 5237 2044 5309">
     <span class='ocr_line' id='line_1_115' title="bbox 471 5237 2044 5309; baseline 0.003 -19"><span class='ocrx_word' id='word_1_775' title='bbox 471 5237 752 5309; x_wconf 86' lang='lat' dir='ltr'><strong>cpiscopus</strong></span> <span class='ocrx_word' id='word_1_776' title='bbox 775 5241 974 5303; x_wconf 86' lang='lat' dir='ltr'><strong>fuisset,</strong></span> <span class='ocrx_word' id='word_1_777' title='bbox 1005 5241 1281 5309; x_wconf 88' lang='lat' dir='ltr'><strong>ipsumque</strong></span> <span class='ocrx_word' id='word_1_778' title='bbox 1307 5240 1439 5295; x_wconf 89' lang='lat' dir='ltr'><strong>adeo</strong></span> <span class='ocrx_word' id='word_1_779' title='bbox 1470 5237 1636 5296; x_wconf 75' lang='lat' dir='ltr'><strong>tribus</strong></span> <span class='ocrx_word' id='word_1_780' title='bbox 1663 5242 1817 5296; x_wconf 88' lang='lat' dir='ltr'><strong>annis</strong></span> <span class='ocrx_word' id='word_1_781' title='bbox 1843 5242 1897 5294; x_wconf 87' lang='lat' dir='ltr'><strong>in</strong></span> <span class='ocrx_word' id='word_1_782' title='bbox 1917 5256 2044 5296; x_wconf 89' lang='lat' dir='ltr'><strong>cura</strong></span> 
     </span>
    </p>
   </div>
   <div class='ocr_carea' id='block_1_112' title="bbox 473 5308 1144 5376">
    <p class='ocr_par' dir='ltr' id='par_1_112' title="bbox 473 5308 1144 5376">
     <span class='ocr_line' id='line_1_116' title="bbox 473 5308 1144 5376; baseline 0.003 -16"><span class='ocrx_word' id='word_1_783' title='bbox 473 5308 724 5376; x_wconf 69' lang='lat' dir='ltr'><strong>pastrali</strong></span> <span class='ocrx_word' id='word_1_784' title='bbox 753 5310 1144 5364; x_wconf 87' lang='lat' dir='ltr'><strong>antecessisset.</strong></span> 
     </span>
    </p>
   </div>
   <div class='ocr_carea' id='block_1_113' title="bbox 541 5375 2037 5446">
    <p class='ocr_par' dir='ltr' id='par_1_113' title="bbox 541 5375 2037 5446">
     <span class='ocr_line' id='line_1_117' title="bbox 541 5375 2037 5446; baseline 0.004 -16"><span class='ocrx_word' id='word_1_785' title='bbox 541 5375 828 5433; x_wconf 89' lang='lat' dir='ltr'><strong>Occasione</strong></span> <span class='ocrx_word' id='word_1_786' title='bbox 857 5381 1168 5446; x_wconf 81' lang='lat' dir='ltr'><strong>legatorum,</strong></span> <span class='ocrx_word' id='word_1_787' title='bbox 1196 5379 1476 5434; x_wconf 76' lang='lat' dir='ltr'><strong>dicendum</strong></span> <span class='ocrx_word' id='word_1_788' title='bbox 1505 5379 1738 5434; x_wconf 88' lang='lat' dir='ltr'><strong>breviter</strong></span> <span class='ocrx_word' id='word_1_789' title='bbox 1751 5380 1818 5434; x_wconf 90' lang='lat' dir='ltr'><strong>de</strong></span> <span class='ocrx_word' id='word_1_790' title='bbox 1847 5379 2037 5436; x_wconf 82' lang='lat' dir='ltr'><strong>Petro-</strong></span> 
     </span>
    </p>
   </div>
   <div class='ocr_carea' id='block_1_114' title="bbox 472 5447 2037 5518">
    <p class='ocr_par' dir='ltr' id='par_1_114' title="bbox 472 5447 2037 5518">
     <span class='ocr_line' id='line_1_118' title="bbox 472 5447 2037 5518; baseline 0.004 -20"><span class='ocrx_word' id='word_1_791' title='bbox 472 5447 580 5518; x_wconf 78' lang='lat' dir='ltr'><strong>aio,</strong></span> <span class='ocrx_word' id='word_1_792' title='bbox 597 5461 793 5518; x_wconf 84' lang='lat' dir='ltr'><strong>quema</strong></span> <span class='ocrx_word' id='word_1_793' title='bbox 818 5448 1117 5503; x_wconf 89' lang='lat' dir='ltr'><strong>Theodosio</strong></span> <span class='ocrx_word' id='word_1_794' title='bbox 1132 5449 1197 5502; x_wconf 90' lang='lat' dir='ltr'><strong>ad</strong></span> <span class='ocrx_word' id='word_1_795' title='bbox 1225 5449 1566 5504; x_wconf 74' lang='lat' dir='ltr'><strong>leestinum</strong></span> <span class='ocrx_word' id='word_1_796' title='bbox 1578 5465 1768 5518; x_wconf 91' lang='lat' dir='ltr'><strong>papam</strong></span> <span class='ocrx_word' id='word_1_797' title='bbox 1799 5451 1850 5504; x_wconf 91' lang='lat' dir='ltr'><strong>in</strong></span> <span class='ocrx_word' id='word_1_798' title='bbox 1877 5465 2037 5505; x_wconf 89' lang='lat' dir='ltr'><strong>causa</strong></span> 
     </span>
    </p>
   </div>
   <div class='ocr_carea' id='block_1_115' title="bbox 472 5515 2036 5588">
    <p class='ocr_par' dir='ltr' id='par_1_115' title="bbox 472 5515 2036 5588">
     <span class='ocr_line' id='line_1_119' title="bbox 472 5515 2036 5588; baseline 0.003 -18"><span class='ocrx_word' id='word_1_799' title='bbox 472 5515 699 5588; x_wconf 63' lang='lat' dir='ltr'><strong>l‘iestorii</strong></span> <span class='ocrx_word' id='word_1_800' title='bbox 725 5517 941 5588; x_wconf 86' lang='lat' dir='ltr'><strong>missum</strong></span> <span class='ocrx_word' id='word_1_801' title='bbox 979 5519 1142 5583; x_wconf 86' lang='lat' dir='ltr'><strong>aiunt,</strong></span> <span class='ocrx_word' id='word_1_802' title='bbox 1176 5519 1485 5586; x_wconf 86' lang='lat' dir='ltr'><strong>litterasque</strong></span> <span class='ocrx_word' id='word_1_803' title='bbox 1514 5515 1851 5588; x_wconf 78' lang='lat' dir='ltr'><strong>imperatoris</strong></span> <span class='ocrx_word' id='word_1_804' title='bbox 1879 5520 2036 5574; x_wconf 85' lang='lat' dir='ltr'><strong>de&#39;u-</strong></span> 
     </span>
    </p>
   </div>
   <div class='ocr_carea' id='block_1_116' title="bbox 468 5584 2037 5660">
    <p class='ocr_par' dir='ltr' id='par_1_116' title="bbox 468 5584 2037 5660">
     <span class='ocr_line' id='line_1_120' title="bbox 468 5584 2037 5660; baseline 0.003 -22"><span class='ocrx_word' id='word_1_805' title='bbox 468 5584 613 5649; x_wconf 84' lang='lat' dir='ltr'><strong>lisse,</strong></span> <span class='ocrx_word' id='word_1_806' title='bbox 644 5585 822 5658; x_wconf 81' lang='lat' dir='ltr'><strong>quibus</strong></span> <span class='ocrx_word' id='word_1_807' title='bbox 861 5589 1119 5658; x_wconf 79' lang='lat' dir='ltr'><strong>rcspondit</strong></span> <span class='ocrx_word' id='word_1_808' title='bbox 1146 5591 1377 5660; x_wconf 72' lang='lat' dir='ltr'><strong>pontifex</strong></span> <span class='ocrx_word' id='word_1_809' title='bbox 1400 5584 1487 5653; x_wconf 64' lang='lat' dir='ltr'><strong>se,</strong></span> <span class='ocrx_word' id='word_1_810' title='bbox 1528 5584 1605 5642; x_wconf 72' lang='lat' dir='ltr'><strong>ne</strong></span> <span class='ocrx_word' id='word_1_811' title='bbox 1636 5589 1842 5660; x_wconf 66' lang='lat' dir='ltr'><strong>haeresis</strong></span> <span class='ocrx_word' id='word_1_812' title='bbox 1882 5590 2037 5643; x_wconf 71' lang='lat' dir='ltr'><strong>latins</strong></span> 
     </span>
    </p>
   </div>
   <div class='ocr_carea' id='block_1_117' title="bbox 467 5659 2036 5728">
    <p class='ocr_par' dir='ltr' id='par_1_117' title="bbox 467 5659 2036 5728">
     <span class='ocr_line' id='line_1_121' title="bbox 467 5659 2036 5728; baseline 0.003 -18"><span class='ocrx_word' id='word_1_813' title='bbox 467 5666 718 5727; x_wconf 83' lang='lat' dir='ltr'><strong>serperet,</strong></span> <span class='ocrx_word' id='word_1_814' title='bbox 750 5661 1124 5726; x_wconf 73' lang='lat' dir='ltr'><strong>acumenicam,</strong></span> <span class='ocrx_word' id='word_1_815' title='bbox 1155 5669 1209 5713; x_wconf 86' lang='lat' dir='ltr'><strong>ut</strong></span> <span class='ocrx_word' id='word_1_816' title='bbox 1248 5660 1402 5712; x_wconf 80' lang='lat' dir='ltr'><strong>moris</strong></span> <span class='ocrx_word' id='word_1_817' title='bbox 1432 5668 1579 5721; x_wconf 72' lang='lat' dir='ltr'><strong>esset,</strong></span> <span class='ocrx_word' id='word_1_818' title='bbox 1609 5659 1858 5728; x_wconf 83' lang='lat' dir='ltr'><strong>synodum</strong></span> <span class='ocrx_word' id='word_1_819' title='bbox 1898 5661 2036 5715; x_wconf 84' lang='lat' dir='ltr'><strong>iudi-</strong></span> 
     </span>
    </p>
   </div>
   <div class='ocr_carea' id='block_1_118' title="bbox 2154 3160 3720 3233">
    <p class='ocr_par' dir='ltr' id='par_1_118' title="bbox 2154 3160 3720 3233">
     <span class='ocr_line' id='line_1_122' title="bbox 2154 3160 3720 3233; baseline 0.004 -21"><span class='ocrx_word' id='word_1_820' title='bbox 2154 3160 2435 3233; x_wconf 84' lang='lat' dir='ltr'><strong>Ephesinis</strong></span> <span class='ocrx_word' id='word_1_821' title='bbox 2481 3161 2893 3233; x_wconf 87' lang='lat' dir='ltr'><strong>observaverim,</strong></span> <span class='ocrx_word' id='word_1_822' title='bbox 2918 3160 3030 3216; x_wconf 81' lang='lat' dir='ltr'><strong>sive</strong></span> <span class='ocrx_word' id='word_1_823' title='bbox 3058 3160 3325 3231; x_wconf 80' lang='lat' dir='ltr'><strong>singulare</strong></span> <span class='ocrx_word' id='word_1_824' title='bbox 3362 3167 3498 3233; x_wconf 92' lang='lat' dir='ltr'><strong>quod</strong></span> <span class='ocrx_word' id='word_1_825' title='bbox 3541 3166 3720 3220; x_wconf 83' lang='lat' dir='ltr'><strong>disca-</strong></span> 
     </span>
    </p>
   </div>
   <div class='ocr_carea' id='block_1_119' title="bbox 2152 3231 3717 3302">
    <p class='ocr_par' dir='ltr' id='par_1_119' title="bbox 2152 3231 3717 3302">
     <span class='ocr_line' id='line_1_123' title="bbox 2152 3231 3717 3302; baseline 0.004 -19"><span class='ocrx_word' id='word_1_826' title='bbox 2152 3237 2256 3302; x_wconf 86' lang='lat' dir='ltr'><strong>t_ur,</strong></span> <span class='ocrx_word' id='word_1_827' title='bbox 2285 3231 2400 3302; x_wconf 84' lang='lat' dir='ltr'><strong>sive</strong></span> <span class='ocrx_word' id='word_1_828' title='bbox 2425 3238 2611 3302; x_wconf 79' lang='lat' dir='ltr'><strong>centra</strong></span> <span class='ocrx_word' id='word_1_829' title='bbox 2633 3239 2805 3284; x_wconf 90' lang='lat' dir='ltr'><strong>certas</strong></span> <span class='ocrx_word' id='word_1_830' title='bbox 2826 3232 3035 3286; x_wconf 90' lang='lat' dir='ltr'><strong>aliunde</strong></span> <span class='ocrx_word' id='word_1_831' title='bbox 3057 3235 3268 3299; x_wconf 81' lang='lat' dir='ltr'><strong>regulas</strong></span> <span class='ocrx_word' id='word_1_832' title='bbox 3289 3231 3430 3302; x_wconf 77' lang='lat' dir='ltr'><strong>quod</strong></span> <span class='ocrx_word' id='word_1_833' title='bbox 3448 3245 3717 3289; x_wconf 72' lang='lat' dir='ltr'><strong>caveatur.</strong></span> 
     </span>
    </p>
   </div>
   <div class='ocr_carea' id='block_1_120' title="bbox 2153 3299 3722 3372">
    <p class='ocr_par' dir='ltr' id='par_1_120' title="bbox 2153 3299 3722 3372">
     <span class='ocr_line' id='line_1_124' title="bbox 2153 3299 3722 3372; baseline 0.004 -22"><span class='ocrx_word' id='word_1_834' title='bbox 2153 3299 2388 3372; x_wconf 82' lang='lat' dir='ltr'><strong>Tertium</strong></span> <span class='ocrx_word' id='word_1_835' title='bbox 2418 3300 2537 3372; x_wconf 72' lang='lat' dir='ltr'><strong>addi</strong></span> <span class='ocrx_word' id='word_1_836' title='bbox 2554 3308 2784 3368; x_wconf 89' lang='lat' dir='ltr'><strong>poterat,</strong></span> <span class='ocrx_word' id='word_1_837' title='bbox 2807 3302 3051 3370; x_wconf 86' lang='lat' dir='ltr'><strong>synopsis</strong></span> <span class='ocrx_word' id='word_1_838' title='bbox 3072 3303 3277 3357; x_wconf 86' lang='lat' dir='ltr'><strong>scilicet</strong></span> <span class='ocrx_word' id='word_1_839' title='bbox 3305 3299 3483 3357; x_wconf 80' lang='lat' dir='ltr'><strong>eorum</strong></span> <span class='ocrx_word' id='word_1_840' title='bbox 3509 3320 3626 3372; x_wconf 69' lang='lat' dir='ltr'><strong>qua:</strong></span> <span class='ocrx_word' id='word_1_841' title='bbox 3653 3304 3722 3357; x_wconf 86' lang='lat' dir='ltr'><strong>ad</strong></span> 
     </span>
    </p>
   </div>
   <div class='ocr_carea' id='block_1_121' title="bbox 2150 3367 3724 3440">
    <p class='ocr_par' dir='ltr' id='par_1_121' title="bbox 2150 3367 3724 3440">
     <span class='ocr_line' id='line_1_125' title="bbox 2150 3367 3724 3440; baseline 0.004 -21"><span class='ocrx_word' id='word_1_842' title='bbox 2150 3368 2409 3440; x_wconf 80' lang='lat' dir='ltr'><strong>synodum</strong></span> <span class='ocrx_word' id='word_1_843' title='bbox 2441 3367 2759 3440; x_wconf 78' lang='lat' dir='ltr'><strong>Ephesinam</strong></span> <span class='ocrx_word' id='word_1_844' title='bbox 2783 3367 3064 3438; x_wconf 81' lang='lat' dir='ltr'><strong>pertinent,</strong></span> <span class='ocrx_word' id='word_1_845' title='bbox 3094 3373 3381 3427; x_wconf 89' lang='lat' dir='ltr'><strong>ostendens</strong></span> <span class='ocrx_word' id='word_1_846' title='bbox 3396 3387 3512 3440; x_wconf 67' lang='lat' dir='ltr'><strong>qua:</strong></span> <span class='ocrx_word' id='word_1_847' title='bbox 3527 3367 3724 3427; x_wconf 76' lang='lat' dir='ltr'><strong>desunt</strong></span> 
     </span>
    </p>
   </div>
   <div class='ocr_carea' id='block_1_122' title="bbox 2151 3437 3720 3510">
    <p class='ocr_par' dir='ltr' id='par_1_122' title="bbox 2151 3437 3720 3510">
     <span class='ocr_line' id='line_1_126' title="bbox 2151 3437 3720 3510; baseline 0.004 -21"><span class='ocrx_word' id='word_1_848' title='bbox 2151 3438 2203 3489; x_wconf 89' lang='lat' dir='ltr'><strong>in</strong></span> <span class='ocrx_word' id='word_1_849' title='bbox 2233 3437 2554 3510; x_wconf 82' lang='lat' dir='ltr'><strong>editionibus</strong></span> <span class='ocrx_word' id='word_1_850' title='bbox 2583 3437 2826 3506; x_wconf 80' lang='lat' dir='ltr'><strong>vulgatis,</strong></span> <span class='ocrx_word' id='word_1_851' title='bbox 2869 3455 3038 3508; x_wconf 88' lang='lat' dir='ltr'><strong>eaque</strong></span> <span class='ocrx_word' id='word_1_852' title='bbox 3066 3443 3336 3510; x_wconf 88' lang='lat' dir='ltr'><strong>supplens,</strong></span> <span class='ocrx_word' id='word_1_853' title='bbox 3379 3437 3433 3495; x_wconf 78' lang='lat' dir='ltr'><strong>ei.</strong></span> <span class='ocrx_word' id='word_1_854' title='bbox 3459 3458 3576 3510; x_wconf 66' lang='lat' dir='ltr'><strong>quae</strong></span> <span class='ocrx_word' id='word_1_855' title='bbox 3603 3458 3720 3510; x_wconf 86' lang='lat' dir='ltr'><strong>pcr-</strong></span> 
     </span>
    </p>
   </div>
   <div class='ocr_carea' id='block_1_123' title="bbox 2152 3507 3717 3576">
    <p class='ocr_par' dir='ltr' id='par_1_123' title="bbox 2152 3507 3717 3576">
     <span class='ocr_line' id='line_1_127' title="bbox 2152 3507 3717 3576; baseline 0.005 -18"><span class='ocrx_word' id='word_1_856' title='bbox 2152 3507 2361 3576; x_wconf 82' lang='lat' dir='ltr'><strong>turbato</strong></span> <span class='ocrx_word' id='word_1_857' title='bbox 2389 3507 2578 3576; x_wconf 86' lang='lat' dir='ltr'><strong>ordine</strong></span> <span class='ocrx_word' id='word_1_858' title='bbox 2603 3519 2873 3576; x_wconf 90' lang='lat' dir='ltr'><strong>ponuntur</strong></span> <span class='ocrx_word' id='word_1_859' title='bbox 2906 3507 3060 3564; x_wconf 88' lang='lat' dir='ltr'><strong>suum</strong></span> <span class='ocrx_word' id='word_1_860' title='bbox 3101 3507 3183 3563; x_wconf 59' lang='lat' dir='ltr'><strong>nr</strong></span> <span class='ocrx_word' id='word_1_861' title='bbox 3203 3512 3377 3565; x_wconf 90' lang='lat' dir='ltr'><strong>locum</strong></span> <span class='ocrx_word' id='word_1_862' title='bbox 3415 3507 3717 3566; x_wconf 81' lang='lat' dir='ltr'><strong>restituens.</strong></span> 
     </span>
    </p>
   </div>
   <div class='ocr_carea' id='block_1_124' title="bbox 2148 3574 3437 3649">
    <p class='ocr_par' dir='ltr' id='par_1_124' title="bbox 2148 3574 3437 3649">
     <span class='ocr_line' id='line_1_128' title="bbox 2148 3574 3437 3649; baseline 0.005 -21"><span class='ocrx_word' id='word_1_863' title='bbox 2148 3574 2346 3630; x_wconf 76' lang='lat' dir='ltr'><strong>Verum</strong></span> <span class='ocrx_word' id='word_1_864' title='bbox 2369 3575 2421 3629; x_wconf 92' lang='lat' dir='ltr'><strong>id</strong></span> <span class='ocrx_word' id='word_1_865' title='bbox 2450 3578 2501 3630; x_wconf 92' lang='lat' dir='ltr'><strong>in</strong></span> <span class='ocrx_word' id='word_1_866' title='bbox 2534 3574 2636 3631; x_wconf 80' lang='lat' dir='ltr'><strong>ﬁne</strong></span> <span class='ocrx_word' id='word_1_867' title='bbox 2665 3579 2987 3647; x_wconf 62' lang='lat' dir='ltr'><strong>praefationis</strong></span> <span class='ocrx_word' id='word_1_868' title='bbox 3016 3582 3307 3649; x_wconf 75' lang='lat' dir='ltr'><strong>prmstitum</strong></span> <span class='ocrx_word' id='word_1_869' title='bbox 3337 3589 3437 3634; x_wconf 91' lang='lat' dir='ltr'><strong>est.</strong></span> 
     </span>
    </p>
   </div>
   <div class='ocr_carea' id='block_1_125' title="bbox 2207 3686 3663 3761">
    <p class='ocr_par' dir='ltr' id='par_1_125' title="bbox 2207 3686 3663 3761">
     <span class='ocr_line' id='line_1_129' title="bbox 2207 3686 3663 3761; baseline 0.002 -24"><span class='ocrx_word' id='word_1_870' title='bbox 2207 3686 2295 3750; x_wconf 59' lang='grc' dir='ltr'><strong>ξι.</strong></span> <span class='ocrx_word' id='word_1_871' title='bbox 2319 3687 2443 3747; x_wconf 88' lang='lat' dir='ltr'><strong>Quid</strong></span> <span class='ocrx_word' id='word_1_872' title='bbox 2486 3686 2550 3737; x_wconf 89' lang='lat' dir='ltr'><strong>de</strong></span> <span class='ocrx_word' id='word_1_873' title='bbox 2593 3689 2771 3752; x_wconf 82' lang='lat' dir='ltr'><strong>synodo</strong></span> <span class='ocrx_word' id='word_1_874' title='bbox 2798 3688 3040 3761; x_wconf 71' lang='lat' dir='ltr'><strong>Ephesius</strong></span> <span class='ocrx_word' id='word_1_875' title='bbox 3081 3692 3284 3752; x_wconf 87' lang='lat' dir='ltr'><strong>primum</strong></span> <span class='ocrx_word' id='word_1_876' title='bbox 3320 3703 3348 3740; x_wconf 86' lang='lat' dir='ltr'><strong>a</strong></span> <span class='ocrx_word' id='word_1_877' title='bbox 3394 3691 3663 3741; x_wconf 78' lang='lat' dir='ltr'><strong>Mercatore</strong></span> 
     </span>
    </p>
   </div>
   <div class='ocr_carea' id='block_1_126' title="bbox 2751 3761 3103 3812">
    <p class='ocr_par' dir='ltr' id='par_1_126' title="bbox 2751 3761 3103 3812">
     <span class='ocr_line' id='line_1_130' title="bbox 2751 3761 3103 3812; baseline 0.006 -15"><span class='ocrx_word' id='word_1_878' title='bbox 2751 3761 3103 3812; x_wconf 74' lang='lat' dir='ltr'><strong>acceperimus.</strong></span> 
     </span>
    </p>
   </div>
   <div class='ocr_carea' id='block_1_127' title="bbox 2217 3852 3720 3924">
    <p class='ocr_par' dir='ltr' id='par_1_127' title="bbox 2217 3852 3720 3924">
     <span class='ocr_line' id='line_1_131' title="bbox 2217 3852 3720 3924; baseline 0.003 -18"><span class='ocrx_word' id='word_1_879' title='bbox 2217 3852 2482 3907; x_wconf 81' lang='lat' dir='ltr'><strong>Mercator</strong></span> <span class='ocrx_word' id='word_1_880' title='bbox 2525 3854 2825 3924; x_wconf 71' lang='lat' dir='ltr'><strong>suppeditat</strong></span> <span class='ocrx_word' id='word_1_881' title='bbox 2873 3855 3055 3918; x_wconf 90' lang='lat' dir='ltr'><strong>nobis;</strong></span> <span class='ocrx_word' id='word_1_882' title='bbox 3099 3857 3160 3908; x_wconf 80' lang='grc' dir='ltr'><strong>1ο</strong></span> <span class='ocrx_word' id='word_1_883' title='bbox 3215 3858 3447 3924; x_wconf 90' lang='lat' dir='ltr'><strong>quinque</strong></span> <span class='ocrx_word' id='word_1_884' title='bbox 3486 3856 3720 3911; x_wconf 67' lang='lat' dir='ltr'><strong>Nestorii</strong></span> 
     </span>
    </p>
   </div>
   <div class='ocr_carea' id='block_1_128' title="bbox 2147 3921 3717 3992">
    <p class='ocr_par' dir='ltr' id='par_1_128' title="bbox 2147 3921 3717 3992">
     <span class='ocr_line' id='line_1_132' title="bbox 2147 3921 3717 3992; baseline 0.002 -17"><span class='ocrx_word' id='word_1_885' title='bbox 2147 3937 2420 3977; x_wconf 85' lang='lat' dir='ltr'><strong>sermones</strong></span> <span class='ocrx_word' id='word_1_886' title='bbox 2484 3921 2737 3977; x_wconf 79' lang='lat' dir='ltr'><strong>adversus</strong></span> <span class='ocrx_word' id='word_1_887' title='bbox 2781 3921 3113 3992; x_wconf 83' lang='lat' dir='ltr'><strong>Pelagianos,</strong></span> <span class='ocrx_word' id='word_1_888' title='bbox 3179 3921 3430 3981; x_wconf 83' lang='lat' dir='ltr'><strong>tredecim</strong></span> <span class='ocrx_word' id='word_1_889' title='bbox 3494 3926 3562 3980; x_wconf 90' lang='lat' dir='ltr'><strong>de</strong></span> <span class='ocrx_word' id='word_1_890' title='bbox 3623 3942 3717 3978; x_wconf 86' lang='lat' dir='ltr'><strong>sua</strong></span> 
     </span>
    </p>
   </div>
   <div class='ocr_carea' id='block_1_129' title="bbox 2147 3992 3719 4064">
    <p class='ocr_par' dir='ltr' id='par_1_129' title="bbox 2147 3992 3719 4064">
     <span class='ocr_line' id='line_1_133' title="bbox 2147 3992 3719 4064; baseline 0.001 -19"><span class='ocrx_word' id='word_1_891' title='bbox 2147 3992 2354 4064; x_wconf 65' lang='lat' dir='ltr'><strong>lueresi,</strong></span> <span class='ocrx_word' id='word_1_892' title='bbox 2385 3993 2573 4060; x_wconf 89' lang='lat' dir='ltr'><strong>quibus</strong></span> <span class='ocrx_word' id='word_1_893' title='bbox 2601 4009 2657 4064; x_wconf 80' lang='lat' dir='ltr'><strong>se</strong></span> <span class='ocrx_word' id='word_1_894' title='bbox 2697 3992 3030 4064; x_wconf 74' lang='lat' dir='ltr'><strong>manifestam</strong></span> <span class='ocrx_word' id='word_1_895' title='bbox 3060 3996 3238 4064; x_wconf 92' lang='lat' dir='ltr'><strong>prodit</strong></span> <span class='ocrx_word' id='word_1_896' title='bbox 3266 3996 3497 4049; x_wconf 72' lang='lat' dir='ltr'><strong>hmretiei</strong></span> <span class='ocrx_word' id='word_1_897' title='bbox 3535 4011 3719 4054; x_wconf 87' lang='lat' dir='ltr'><strong>mens;</strong></span> 
     </span>
    </p>
   </div>
   <div class='ocr_carea' id='block_1_130' title="bbox 2215 4060 3718 4134">
    <p class='ocr_par' dir='ltr' id='par_1_130' title="bbox 2215 4060 3718 4134">
     <span class='ocr_line' id='line_1_134' title="bbox 2215 4060 3718 4134; baseline 0.003 -22"><span class='ocrx_word' id='word_1_898' title='bbox 2215 4061 2573 4134; x_wconf 61' lang='lat' dir='ltr'><strong>‘2‘__Exce_rp_ta</strong></span> <span class='ocrx_word' id='word_1_899' title='bbox 2611 4060 2802 4134; x_wconf 24' lang='lat' dir='ltr'><strong>ACyrilli</strong></span> <span class='ocrx_word' id='word_1_900' title='bbox 2854 4078 2922 4116; x_wconf 82' lang='lat' dir='ltr'><strong>ex</strong></span> <span class='ocrx_word' id='word_1_901' title='bbox 2975 4060 3202 4118; x_wconf 80' lang='lat' dir='ltr'><strong>Nestorii</strong></span> <span class='ocrx_word' id='word_1_902' title='bbox 3249 4064 3526 4134; x_wconf 90' lang='lat' dir='ltr'><strong>Operibus,</strong></span> <span class='ocrx_word' id='word_1_903' title='bbox 3559 4066 3718 4131; x_wconf 77' lang='lat' dir='ltr'><strong>longe</strong></span> 
     </span>
    </p>
   </div>
   <div class='ocr_carea' id='block_1_131' title="bbox 2146 4129 2735 4198">
    <p class='ocr_par' dir='ltr' id='par_1_131' title="bbox 2146 4129 2735 4198">
     <span class='ocr_line' id='line_1_135' title="bbox 2146 4129 2735 4198; baseline 0.012 -20"><span class='ocrx_word' id='word_1_904' title='bbox 2146 4130 2400 4197; x_wconf 82' lang='lat' dir='ltr'><strong>ampliora</strong></span> <span class='ocrx_word' id='word_1_905' title='bbox 2434 4129 2735 4198; x_wconf 76' lang='lat' dir='ltr'><strong>Ephesinis;</strong></span> 
     </span>
    </p>
   </div>
   <div class='ocr_carea' id='block_1_132' title="bbox 2218 4201 3724 4264">
    <p class='ocr_par' dir='ltr' id='par_1_132' title="bbox 2218 4201 3724 4264">
     <span class='ocr_line' id='line_1_136' title="bbox 2218 4201 3724 4264; baseline 0.003 -13"><span class='ocrx_word' id='word_1_906' title='bbox 2218 4201 2272 4251; x_wconf 77' lang='lat'><strong>5°</strong></span> <span class='ocrx_word' id='word_1_907' title='bbox 2315 4201 2704 4253; x_wconf 78' lang='lat' dir='ltr'><strong>ltefutationem</strong></span> <span class='ocrx_word' id='word_1_908' title='bbox 2759 4202 3323 4258; x_wconf 85' lang='lat' dir='ltr'><strong>anathematismorum</strong></span> <span class='ocrx_word' id='word_1_909' title='bbox 3373 4201 3632 4264; x_wconf 83' lang='lat' dir='ltr'><strong>Nestorii,</strong></span> <span class='ocrx_word' id='word_1_910' title='bbox 3688 4217 3724 4255; x_wconf 88' lang='lat' dir='ltr'><strong>a</strong></span> 
     </span>
    </p>
   </div>
   <div class='ocr_carea' id='block_1_133' title="bbox 2146 4269 3720 4342">
    <p class='ocr_par' dir='ltr' id='par_1_133' title="bbox 2146 4269 3720 4342">
     <span class='ocr_line' id='line_1_137' title="bbox 2146 4269 3720 4342; baseline 0.002 -21"><span class='ocrx_word' id='word_1_911' title='bbox 2146 4269 2360 4342; x_wconf 82' lang='lat' dir='ltr'><strong>nemine</strong></span> <span class='ocrx_word' id='word_1_912' title='bbox 2382 4271 2636 4323; x_wconf 87' lang='lat' dir='ltr'><strong>hactenus</strong></span> <span class='ocrx_word' id='word_1_913' title='bbox 2666 4277 2943 4342; x_wconf 79' lang='lat' dir='ltr'><strong>tentatam,</strong></span> <span class='ocrx_word' id='word_1_914' title='bbox 2976 4279 3030 4324; x_wconf 90' lang='lat' dir='ltr'><strong>et</strong></span> <span class='ocrx_word' id='word_1_915' title='bbox 3057 4287 3160 4340; x_wconf 90' lang='lat' dir='ltr'><strong>qua</strong></span> <span class='ocrx_word' id='word_1_916' title='bbox 3189 4273 3411 4342; x_wconf 86' lang='lat' dir='ltr'><strong>plurima</strong></span> <span class='ocrx_word' id='word_1_917' title='bbox 3441 4273 3720 4326; x_wconf 86' lang='lat' dir='ltr'><strong>continen-</strong></span> 
     </span>
    </p>
   </div>
   <div class='ocr_carea' id='block_1_134' title="bbox 2146 4339 3083 4407">
    <p class='ocr_par' dir='ltr' id='par_1_134' title="bbox 2146 4339 3083 4407">
     <span class='ocr_line' id='line_1_138' title="bbox 2146 4339 3083 4407; baseline 0.003 -16"><span class='ocrx_word' id='word_1_918' title='bbox 2146 4347 2234 4391; x_wconf 91' lang='lat' dir='ltr'><strong>tur</strong></span> <span class='ocrx_word' id='word_1_919' title='bbox 2253 4340 2320 4393; x_wconf 86' lang='lat' dir='ltr'><strong>ad</strong></span> <span class='ocrx_word' id='word_1_920' title='bbox 2349 4340 2489 4392; x_wconf 92' lang='lat' dir='ltr'><strong>hunc</strong></span> <span class='ocrx_word' id='word_1_921' title='bbox 2519 4354 2683 4407; x_wconf 89' lang='lat' dir='ltr'><strong>usque</strong></span> <span class='ocrx_word' id='word_1_922' title='bbox 2709 4339 2848 4392; x_wconf 89' lang='lat' dir='ltr'><strong>diem</strong></span> <span class='ocrx_word' id='word_1_923' title='bbox 2881 4339 3083 4407; x_wconf 79' lang='lat' dir='ltr'><strong>ignota;</strong></span> 
     </span>
    </p>
   </div>
   <div class='ocr_carea' id='block_1_135' title="bbox 2215 4407 3726 4480">
    <p class='ocr_par' dir='ltr' id='par_1_135' title="bbox 2215 4407 3726 4480">
     <span class='ocr_line' id='line_1_139' title="bbox 2215 4407 3726 4480; baseline 0.004 -21"><span class='ocrx_word' id='word_1_924' title='bbox 2215 4407 2272 4459; x_wconf 64' lang='lat'><strong>4&quot;</strong></span> <span class='ocrx_word' id='word_1_925' title='bbox 2313 4408 2706 4480; x_wconf 79' lang='lat' dir='ltr'><strong>Refutationem</strong></span> <span class='ocrx_word' id='word_1_926' title='bbox 2735 4423 2946 4480; x_wconf 81' lang='lat' dir='ltr'><strong>quoque</strong></span> <span class='ocrx_word' id='word_1_927' title='bbox 2973 4411 3197 4480; x_wconf 84' lang='lat' dir='ltr'><strong>symboli</strong></span> <span class='ocrx_word' id='word_1_928' title='bbox 3220 4426 3247 4463; x_wconf 88' lang='lat' dir='ltr'><strong>a</strong></span> <span class='ocrx_word' id='word_1_929' title='bbox 3274 4410 3558 4466; x_wconf 89' lang='lat' dir='ltr'><strong>Theodoro</strong></span> <span class='ocrx_word' id='word_1_930' title='bbox 3583 4411 3726 4480; x_wconf 77' lang='lat' dir='ltr'><strong>Mop-</strong></span> 
     </span>
    </p>
   </div>
   <div class='ocr_carea' id='block_1_136' title="bbox 2146 4479 3721 4548">
    <p class='ocr_par' dir='ltr' id='par_1_136' title="bbox 2146 4479 3721 4548">
     <span class='ocr_line' id='line_1_140' title="bbox 2146 4479 3721 4548; baseline 0.003 -18"><span class='ocrx_word' id='word_1_931' title='bbox 2146 4486 2398 4548; x_wconf 76' lang='lat' dir='ltr'><strong>suesteno</strong></span> <span class='ocrx_word' id='word_1_932' title='bbox 2426 4479 2727 4548; x_wconf 86' lang='lat' dir='ltr'><strong>compositi,</strong></span> <span class='ocrx_word' id='word_1_933' title='bbox 2759 4479 2899 4532; x_wconf 91' lang='lat' dir='ltr'><strong>unde</strong></span> <span class='ocrx_word' id='word_1_934' title='bbox 2928 4479 3246 4533; x_wconf 88' lang='lat' dir='ltr'><strong>convellitur</strong></span> <span class='ocrx_word' id='word_1_935' title='bbox 3272 4481 3454 4548; x_wconf 81' lang='lat' dir='ltr'><strong>Opinio</strong></span> <span class='ocrx_word' id='word_1_936' title='bbox 3485 4481 3721 4536; x_wconf 83' lang='lat' dir='ltr'><strong>Facundi</strong></span> 
     </span>
    </p>
   </div>
   <div class='ocr_carea' id='block_1_137' title="bbox 2147 4546 3720 4669">
    <p class='ocr_par' dir='ltr' id='par_1_137' title="bbox 2147 4546 3720 4669">
     <span class='ocr_line' id='line_1_141' title="bbox 2147 4546 3720 4669; baseline 0.003 -70"><span class='ocrx_word' id='word_1_937' title='bbox 2147 4546 2566 4669; x_wconf 54' lang='lat' dir='ltr'><strong>Eermianensis,</strong></span> <span class='ocrx_word' id='word_1_938' title='bbox 2593 4547 2923 4616; x_wconf 89' lang='lat' dir='ltr'><strong>aliorumque</strong></span> <span class='ocrx_word' id='word_1_939' title='bbox 2945 4548 3190 4604; x_wconf 86' lang='lat' dir='ltr'><strong>Nestorio</strong></span> <span class='ocrx_word' id='word_1_940' title='bbox 3221 4550 3272 4603; x_wconf 89' lang='lat' dir='ltr'><strong>id</strong></span> <span class='ocrx_word' id='word_1_941' title='bbox 3301 4546 3600 4620; x_wconf 76' lang='lat' dir='ltr'><strong>syrtibolum</strong></span> <span class='ocrx_word' id='word_1_942' title='bbox 3624 4552 3720 4605; x_wconf 84' lang='lat' dir='ltr'><strong>tri-</strong></span> 
     </span>
     <span class='ocr_line' id='line_1_142' title="bbox 2187 4626 2446 4669; baseline 0 0"><span class='ocrx_word' id='word_1_943' title='bbox 2187 4626 2446 4669; x_wconf 70' lang='lat' dir='ltr'><strong>neutrum:</strong></span> 
     </span>
    </p>
   </div>
   <div class='ocr_carea' id='block_1_138' title="bbox 2187 4618 2446 4680">
    <p class='ocr_par' dir='ltr' id='par_1_138' title="bbox 2187 4618 2446 4680">
     <span class='ocr_line' id='line_1_143' title="bbox 2187 4618 2446 4680; baseline 0.004 -11"><span class='ocrx_word' id='word_1_944' title='bbox 2187 4618 2446 4680; x_wconf 82' lang='lat' dir='ltr'><strong>uentium;</strong></span> 
     </span>
    </p>
   </div>
   <div class='ocr_carea' id='block_1_139' title="bbox 2218 4683 3720 4755">
    <p class='ocr_par' dir='ltr' id='par_1_139' title="bbox 2218 4683 3720 4755">
     <span class='ocr_line' id='line_1_144' title="bbox 2218 4683 3720 4755; baseline 0.005 -19"><span class='ocrx_word' id='word_1_945' title='bbox 2218 4683 2273 4736; x_wconf 80' lang='lat'><strong>5°</strong></span> <span class='ocrx_word' id='word_1_946' title='bbox 2313 4685 2572 4755; x_wconf 78' lang='lat' dir='ltr'><strong>Excerpta</strong></span> <span class='ocrx_word' id='word_1_947' title='bbox 2601 4685 2839 4754; x_wconf 67' lang='lat' dir='ltr'><strong>qumdam</strong></span> <span class='ocrx_word' id='word_1_948' title='bbox 2866 4703 2933 4742; x_wconf 75' lang='lat' dir='ltr'><strong>ex</strong></span> <span class='ocrx_word' id='word_1_949' title='bbox 2962 4685 3226 4740; x_wconf 86' lang='lat' dir='ltr'><strong>Theodori</strong></span> <span class='ocrx_word' id='word_1_950' title='bbox 3257 4687 3406 4741; x_wconf 87' lang='lat' dir='ltr'><strong>libris</strong></span> <span class='ocrx_word' id='word_1_951' title='bbox 3434 4688 3502 4742; x_wconf 91' lang='lat' dir='ltr'><strong>de</strong></span> <span class='ocrx_word' id='word_1_952' title='bbox 3544 4689 3720 4743; x_wconf 83' lang='lat' dir='ltr'><strong>incar-</strong></span> 
     </span>
    </p>
   </div>
   <div class='ocr_carea' id='block_1_140' title="bbox 2147 4756 3724 4828">
    <p class='ocr_par' dir='ltr' id='par_1_140' title="bbox 2147 4756 3724 4828">
     <span class='ocr_line' id='line_1_145' title="bbox 2147 4756 3724 4828; baseline 0.004 -20"><span class='ocrx_word' id='word_1_953' title='bbox 2147 4756 2382 4828; x_wconf 85' lang='lat' dir='ltr'><strong>natione,</strong></span> <span class='ocrx_word' id='word_1_954' title='bbox 2430 4757 2624 4822; x_wconf 87' lang='lat' dir='ltr'><strong>quibus</strong></span> <span class='ocrx_word' id='word_1_955' title='bbox 2672 4764 2840 4810; x_wconf 87' lang='lat' dir='ltr'><strong>totum</strong></span> <span class='ocrx_word' id='word_1_956' title='bbox 2880 4757 3026 4811; x_wconf 89' lang='lat' dir='ltr'><strong>virus</strong></span> <span class='ocrx_word' id='word_1_957' title='bbox 3063 4756 3392 4811; x_wconf 76' lang='lat' dir='ltr'><strong>Nestorianae</strong></span> <span class='ocrx_word' id='word_1_958' title='bbox 3434 4759 3724 4828; x_wconf 84' lang='lat' dir='ltr'><strong>impietatis</strong></span> 
     </span>
    </p>
   </div>
   <div class='ocr_carea' id='block_1_141' title="bbox 2147 4825 2482 4887">
    <p class='ocr_par' dir='ltr' id='par_1_141' title="bbox 2147 4825 2482 4887">
     <span class='ocr_line' id='line_1_146' title="bbox 2147 4825 2482 4887; baseline -0.006 -8"><span class='ocrx_word' id='word_1_959' title='bbox 2147 4825 2452 4879; x_wconf 88' lang='lat' dir='ltr'><strong>continetur</strong></span> <span class='ocrx_word' id='word_1_960' title='bbox 2468 4842 2482 4887; x_wconf 89' lang='lat'><strong>;</strong></span> 
     </span>
    </p>
   </div>
   <div class='ocr_carea' id='block_1_142' title="bbox 2217 4893 3725 4966">
    <p class='ocr_par' dir='ltr' id='par_1_142' title="bbox 2217 4893 3725 4966">
     <span class='ocr_line' id='line_1_147' title="bbox 2217 4893 3725 4966; baseline 0.001 -19"><span class='ocrx_word' id='word_1_961' title='bbox 2217 4894 2271 4966; x_wconf 73' lang='grc' dir='ltr'><strong>ϐ’</strong></span> <span class='ocrx_word' id='word_1_962' title='bbox 2311 4893 2627 4966; x_wconf 82' lang='lat' dir='ltr'><strong>Fragmenta</strong></span> <span class='ocrx_word' id='word_1_963' title='bbox 2681 4893 2939 4949; x_wconf 88' lang='lat' dir='ltr'><strong>librorum</strong></span> <span class='ocrx_word' id='word_1_964' title='bbox 2993 4897 3250 4966; x_wconf 13' lang='lat' dir='ltr'><strong>quinque,</strong></span> <span class='ocrx_word' id='word_1_965' title='bbox 3286 4910 3317 4949; x_wconf 91' lang='lat' dir='ltr'><strong>a</strong></span> <span class='ocrx_word' id='word_1_966' title='bbox 3379 4895 3725 4951; x_wconf 88' lang='lat' dir='ltr'><strong>Theodoreto</strong></span> 
     </span>
    </p>
   </div>
   <div class='ocr_carea' id='block_1_143' title="bbox 2145 4964 3723 5034">
    <p class='ocr_par' dir='ltr' id='par_1_143' title="bbox 2145 4964 3723 5034">
     <span class='ocr_line' id='line_1_148' title="bbox 2145 4964 3723 5034; baseline 0.001 -17"><span class='ocrx_word' id='word_1_967' title='bbox 2145 4965 2461 5033; x_wconf 87' lang='lat' dir='ltr'><strong>scriptorum</strong></span> <span class='ocrx_word' id='word_1_968' title='bbox 2490 4964 2744 5018; x_wconf 85' lang='lat' dir='ltr'><strong>adversus</strong></span> <span class='ocrx_word' id='word_1_969' title='bbox 2790 4964 3030 5019; x_wconf 88' lang='lat' dir='ltr'><strong>sanctum</strong></span> <span class='ocrx_word' id='word_1_970' title='bbox 3060 4964 3387 5034; x_wconf 87' lang='lat' dir='ltr'><strong>Ephesinum</strong></span> <span class='ocrx_word' id='word_1_971' title='bbox 3416 4967 3723 5029; x_wconf 88' lang='lat' dir='ltr'><strong>concilium,</strong></span> 
     </span>
    </p>
   </div>
   <div class='ocr_carea' id='block_1_144' title="bbox 2147 5033 3387 5098">
    <p class='ocr_par' dir='ltr' id='par_1_144' title="bbox 2147 5033 3387 5098">
     <span class='ocr_line' id='line_1_149' title="bbox 2147 5033 3387 5098; baseline 0.001 -11"><span class='ocrx_word' id='word_1_972' title='bbox 2147 5034 2286 5088; x_wconf 88' lang='lat' dir='ltr'><strong>unde</strong></span> <span class='ocrx_word' id='word_1_973' title='bbox 2314 5034 2480 5086; x_wconf 85' lang='lat' dir='ltr'><strong>multa</strong></span> <span class='ocrx_word' id='word_1_974' title='bbox 2509 5033 2814 5088; x_wconf 87' lang='lat' dir='ltr'><strong>elucescunt</strong></span> <span class='ocrx_word' id='word_1_975' title='bbox 2842 5033 3387 5098; x_wconf 32' lang='lat' dir='ltr'><strong>liactenus’obscura;</strong></span> 
     </span>
    </p>
   </div>
   <div class='ocr_carea' id='block_1_145' title="bbox 2219 5101 3733 5172">
    <p class='ocr_par' dir='ltr' id='par_1_145' title="bbox 2219 5101 3733 5172">
     <span class='ocr_line' id='line_1_150' title="bbox 2219 5101 3733 5172; baseline 0.001 -18"><span class='ocrx_word' id='word_1_976' title='bbox 2219 5103 2272 5154; x_wconf 86' lang='lat'><strong>7&quot;</strong></span> <span class='ocrx_word' id='word_1_977' title='bbox 2309 5101 2631 5172; x_wconf 90' lang='lat' dir='ltr'><strong>Opusculum</strong></span> <span class='ocrx_word' id='word_1_978' title='bbox 2661 5103 2914 5158; x_wconf 87' lang='lat' dir='ltr'><strong>adversus</strong></span> <span class='ocrx_word' id='word_1_979' title='bbox 2959 5103 3264 5157; x_wconf 83' lang='lat' dir='ltr'><strong>Eutherium</strong></span> <span class='ocrx_word' id='word_1_980' title='bbox 3297 5103 3625 5172; x_wconf 62' lang='lat' dir='ltr'><strong>ljiestorianm</strong></span> <span class='ocrx_word' id='word_1_981' title='bbox 3650 5103 3733 5156; x_wconf 83' lang='lat' dir='ltr'><strong>fa—</strong></span> 
     </span>
    </p>
   </div>
   <div class='ocr_carea' id='block_1_146' title="bbox 2147 5171 3732 5241">
    <p class='ocr_par' dir='ltr' id='par_1_146' title="bbox 2147 5171 3732 5241">
     <span class='ocr_line' id='line_1_151' title="bbox 2147 5171 3732 5241; baseline 0.001 -15"><span class='ocrx_word' id='word_1_982' title='bbox 2147 5173 2340 5226; x_wconf 84' lang='lat' dir='ltr'><strong>ctionis</strong></span> <span class='ocrx_word' id='word_1_983' title='bbox 2363 5171 2652 5236; x_wconf 90' lang='lat' dir='ltr'><strong>hominem,</strong></span> <span class='ocrx_word' id='word_1_984' title='bbox 2701 5187 2767 5226; x_wconf 80' lang='lat' dir='ltr'><strong>ex</strong></span> <span class='ocrx_word' id='word_1_985' title='bbox 2795 5188 2902 5241; x_wconf 90' lang='lat' dir='ltr'><strong>quo</strong></span> <span class='ocrx_word' id='word_1_986' title='bbox 2932 5173 3268 5240; x_wconf 70' lang='lat' dir='ltr'><strong>redarguit-ur</strong></span> <span class='ocrx_word' id='word_1_987' title='bbox 3297 5171 3520 5228; x_wconf 86' lang='lat' dir='ltr'><strong>Photius</strong></span> <span class='ocrx_word' id='word_1_988' title='bbox 3549 5173 3732 5227; x_wconf 84' lang='lat' dir='ltr'><strong>Theo-</strong></span> 
     </span>
    </p>
   </div>
   <div class='ocr_carea' id='block_1_147' title="bbox 2147 5242 3231 5310">
    <p class='ocr_par' dir='ltr' id='par_1_147' title="bbox 2147 5242 3231 5310">
     <span class='ocr_line' id='line_1_152' title="bbox 2147 5242 3231 5310; baseline 0 -14"><span class='ocrx_word' id='word_1_989' title='bbox 2147 5242 2338 5310; x_wconf 86' lang='lat' dir='ltr'><strong>doreto</strong></span> <span class='ocrx_word' id='word_1_990' title='bbox 2367 5256 2676 5310; x_wconf 85' lang='lat' dir='ltr'><strong>supponens</strong></span> <span class='ocrx_word' id='word_1_991' title='bbox 2696 5242 2900 5296; x_wconf 89' lang='lat' dir='ltr'><strong>alienos</strong></span> <span class='ocrx_word' id='word_1_992' title='bbox 2927 5257 3231 5305; x_wconf 89' lang='lat' dir='ltr'><strong>sermones;</strong></span> 
     </span>
    </p>
   </div>
   <div class='ocr_carea' id='block_1_148' title="bbox 2216 5309 3735 5380">
    <p class='ocr_par' dir='ltr' id='par_1_148' title="bbox 2216 5309 3735 5380">
     <span class='ocr_line' id='line_1_153' title="bbox 2216 5309 3735 5380; baseline 0.003 -18"><span class='ocrx_word' id='word_1_993' title='bbox 2216 5310 2273 5362; x_wconf 84' lang='lat'><strong>8&#39;</strong></span> <span class='ocrx_word' id='word_1_994' title='bbox 2302 5309 2594 5380; x_wconf 71' lang='lat' dir='ltr'><strong>Epistulam</strong></span> <span class='ocrx_word' id='word_1_995' title='bbox 2616 5310 2938 5367; x_wconf 89' lang='lat' dir='ltr'><strong>Theodoreti</strong></span> <span class='ocrx_word' id='word_1_996' title='bbox 2963 5312 3030 5366; x_wconf 90' lang='lat' dir='ltr'><strong>ad</strong></span> <span class='ocrx_word' id='word_1_997' title='bbox 3058 5311 3378 5376; x_wconf 79' lang='lat' dir='ltr'><strong>Nestorium,</strong></span> <span class='ocrx_word' id='word_1_998' title='bbox 3401 5311 3539 5366; x_wconf 90' lang='lat' dir='ltr'><strong>edita</strong></span> <span class='ocrx_word' id='word_1_999' title='bbox 3569 5312 3735 5379; x_wconf 76' lang='lat' dir='ltr'><strong>longe</strong></span> 
     </span>
    </p>
   </div>
   <div class='ocr_carea' id='block_1_149' title="bbox 2144 5381 2596 5442">
    <p class='ocr_par' dir='ltr' id='par_1_149' title="bbox 2144 5381 2596 5442">
     <span class='ocr_line' id='line_1_154' title="bbox 2144 5381 2596 5442; baseline -0.002 -8"><span class='ocrx_word' id='word_1_1000' title='bbox 2144 5381 2565 5434; x_wconf 88' lang='lat' dir='ltr'><strong>emendatiorem</strong></span> <span class='ocrx_word' id='word_1_1001' title='bbox 2583 5397 2596 5442; x_wconf 90' lang='lat'><strong>;</strong></span> 
     </span>
    </p>
   </div>
   <div class='ocr_carea' id='block_1_150' title="bbox 2213 5449 3736 5518">
    <p class='ocr_par' dir='ltr' id='par_1_150' title="bbox 2213 5449 3736 5518">
     <span class='ocr_line' id='line_1_155' title="bbox 2213 5449 3736 5518; baseline 0.001 -17"><span class='ocrx_word' id='word_1_1002' title='bbox 2213 5449 2276 5501; x_wconf 86' lang='lat'><strong>9°</strong></span> <span class='ocrx_word' id='word_1_1003' title='bbox 2315 5449 2564 5517; x_wconf 84' lang='lat' dir='ltr'><strong>Ejusdem</strong></span> <span class='ocrx_word' id='word_1_1004' title='bbox 2587 5449 2792 5504; x_wconf 88' lang='lat' dir='ltr'><strong>litteras</strong></span> <span class='ocrx_word' id='word_1_1005' title='bbox 2813 5449 2880 5503; x_wconf 90' lang='lat' dir='ltr'><strong>ad</strong></span> <span class='ocrx_word' id='word_1_1006' title='bbox 2909 5450 3168 5513; x_wconf 83' lang='lat' dir='ltr'><strong>diversos,</strong></span> <span class='ocrx_word' id='word_1_1007' title='bbox 3199 5450 3394 5518; x_wconf 86' lang='lat' dir='ltr'><strong>quibus</strong></span> <span class='ocrx_word' id='word_1_1008' title='bbox 3421 5465 3573 5504; x_wconf 88' lang='lat' dir='ltr'><strong>suam</strong></span> <span class='ocrx_word' id='word_1_1009' title='bbox 3602 5465 3736 5518; x_wconf 82' lang='lat' dir='ltr'><strong>pro-</strong></span> 
     </span>
    </p>
   </div>
   <div class='ocr_carea' id='block_1_151' title="bbox 2142 5519 3581 5589">
    <p class='ocr_par' dir='ltr' id='par_1_151' title="bbox 2142 5519 3581 5589">
     <span class='ocr_line' id='line_1_156' title="bbox 2142 5519 3581 5589; baseline -0.001 -14"><span class='ocrx_word' id='word_1_1010' title='bbox 2142 5519 2220 5575; x_wconf 85' lang='lat' dir='ltr'><strong>dit</strong></span> <span class='ocrx_word' id='word_1_1011' title='bbox 2248 5520 2628 5589; x_wconf 82' lang='lat' dir='ltr'><strong>impatientiam</strong></span> <span class='ocrx_word' id='word_1_1012' title='bbox 2658 5522 2806 5589; x_wconf 90' lang='lat' dir='ltr'><strong>pacis</strong></span> <span class='ocrx_word' id='word_1_1013' title='bbox 2826 5520 2966 5589; x_wconf 76' lang='lat' dir='ltr'><strong>inter</strong></span> <span class='ocrx_word' id='word_1_1014' title='bbox 2996 5519 3259 5575; x_wconf 81' lang='lat' dir='ltr'><strong>Ecclesias</strong></span> <span class='ocrx_word' id='word_1_1015' title='bbox 3287 5521 3581 5582; x_wconf 52' lang='lat' dir='ltr'><strong>restituta;</strong></span> 
     </span>
    </p>
   </div>
   <div class='ocr_carea' id='block_1_152' title="bbox 2213 5587 3732 5658">
    <p class='ocr_par' dir='ltr' id='par_1_152' title="bbox 2213 5587 3732 5658">
     <span class='ocr_line' id='line_1_157' title="bbox 2213 5587 3732 5658; baseline -0.003 -18"><span class='ocrx_word' id='word_1_1016' title='bbox 2213 5589 2307 5640; x_wconf 76' lang='grc' dir='ltr'><strong>1οο</strong></span> <span class='ocrx_word' id='word_1_1017' title='bbox 2348 5588 2599 5657; x_wconf 85' lang='lat' dir='ltr'><strong>Ejusdem</strong></span> <span class='ocrx_word' id='word_1_1018' title='bbox 2643 5587 2858 5657; x_wconf 62' lang='lat' dir='ltr'><strong>Quoque</strong></span> <span class='ocrx_word' id='word_1_1019' title='bbox 2905 5587 3104 5658; x_wconf 79' lang='lat' dir='ltr'><strong>Cyrillo</strong></span> <span class='ocrx_word' id='word_1_1020' title='bbox 3159 5589 3463 5643; x_wconf 87' lang='lat' dir='ltr'><strong>insultantis</strong></span> <span class='ocrx_word' id='word_1_1021' title='bbox 3504 5587 3732 5642; x_wconf 67' lang='lat' dir='ltr'><strong>concio-</strong></span> 
     </span>
    </p>
   </div>
   <div class='ocr_carea' id='block_1_153' title="bbox 2144 5657 3740 5728">
    <p class='ocr_par' dir='ltr' id='par_1_153' title="bbox 2144 5657 3740 5728">
     <span class='ocr_line' id='line_1_158' title="bbox 2144 5657 3740 5728; baseline 0 -16"><span class='ocrx_word' id='word_1_1022' title='bbox 2144 5673 2284 5726; x_wconf 86' lang='lat' dir='ltr'><strong>nem,</strong></span> <span class='ocrx_word' id='word_1_1023' title='bbox 2318 5667 2408 5712; x_wconf 89' lang='lat' dir='ltr'><strong>aut</strong></span> <span class='ocrx_word' id='word_1_1024' title='bbox 2434 5659 2615 5728; x_wconf 87' lang='lat' dir='ltr'><strong>potius</strong></span> <span class='ocrx_word' id='word_1_1025' title='bbox 2642 5657 2918 5715; x_wconf 86' lang='lat' dir='ltr'><strong>concicnis</strong></span> <span class='ocrx_word' id='word_1_1026' title='bbox 2947 5657 3261 5728; x_wconf 85' lang='lat' dir='ltr'><strong>particulam</strong></span> <span class='ocrx_word' id='word_1_1027' title='bbox 3291 5676 3303 5711; x_wconf 91' lang='lat'>:</span> <span class='ocrx_word' id='word_1_1028' title='bbox 3337 5659 3477 5713; x_wconf 86' lang='lat' dir='ltr'><strong>unde</strong></span> <span class='ocrx_word' id='word_1_1029' title='bbox 3506 5659 3740 5728; x_wconf 55' lang='lat' dir='ltr'><strong>popula-</strong></span> 
     </span>
    </p>
   </div>
  </div>
