4022 6182
359 292 498 349 1189

924 286 1224 346 ιιιεεειιτ.
1264 286 1327 341 ll.
1370 285 1457 340 DE
1495 283 1780 341 SYNODIS
1829 284 2092 341 IIABlTlS
2130 286 2196 343 IN
2236 288 2457 346 CAUSA
2496 289 2953 350 NESTORIANA.

3482 289 3621 345 H90

356 422 442 461 res
468 403 648 459 multae
668 400 948 471 opiniones
973 400 1250 464 delentur,
1276 396 1570 453 Mercatore
1599 394 1767 451 facem
1796 412 1930 467 ιιι-ιιι-
1957 397 2006 455 A
2102 399 2158 451 ὃν
2194 398 2250 453 ln
2277 398 2401 453 Oasi
2426 399 2619 471 vixisse
2647 401 2819 457 adhuc
2847 402 3148 459 Nestorium
3168 443 3183 469 ,
3224 420 3343 461 cum
3380 408 3478 464 ista
3506 412 3611 466 So-

356 478 591 599 {efﬁgies}
619 548 871 611 prmterea
902 553 1180 611 numerum
1210 535 1423 611 Patrum
1453 535 1543 611 qui
1573 533 1771 604 Ephesi
1792 552 1927 611 con-

354 606 636 678 venerunt,
667 612 924 667 hactenus
945 610 1224 670 incertum,
1259 606 1421 678 tendit
1446 606 1590 678 enim
1617 608 1930 678 convenisse

352 674 633 739 ducentos
652 681 988 749 septuaginta
1019 686 1281 749 quatuor;
1312 675 1505 749 deinde
1534 674 1930 749 Theodoretum

353 754 609 808 adversus
648 746 880 820 capitula
927 749 1127 820 Cyrilli
1165 746 1440 815 scripsisse
1485 752 1609 820 ante
1646 746 1925 820 synodum,

355 822 497 893 quod
535 814 753 875 dubium
801 814 987 893 fuerat'
1018 819 1073 893 in_
1117 814 1453 893 hunc’usque
1502 814 1931 893 diein;'ileni_que

356 882 537 945 oblato
566 906 663 944 suo
702 888 1111 943 commonitorio
1159 882 1442 940 damnatos
1488 898 1605 936 esse
1633 899 1663 936 a
1687 882 1930 939 Patribus

356 960 636 1033 Epiiesinis
664 958 976 1033 Pelagianos
997 958 1296 1033 episcopos.
1396 1020 1417 1033 ⁸
1503 1022 1515 1033 .

427 1030 549 1085 Haec
575 1038 629 1084 et
657 1029 759 1081 alia
788 1020 1072 1080 Mercatori
1095 1020 1311 1094 accepta
1332 1020 1516 1094 referri
1537 1021 1759 1094 debent;
1779 1022 1931 1094 cujus

356 1101 515 1153 etiam
543 1098 805 1173 beneﬁcio
835 1097 944 1149 tolli
977 1102 1149 1173 potest
1178 1091 1931 1173 perturbatio‘ma‘xiniappe-

357 1185 493 1234 rum,
526 1185 643 1237 quae
684 1168 853 1236 prima
880 1160 1138 1237 tertiaque
1178 1160 1328 1237 parte
1357 1160 1846 1237 conciliiiiphesini
1876 1162 1930 1216 in

356 1230 581 1307 vulgatis
600 1230 919 1310 editionibus
960 1230 1239 1310 reperitur.
1272 1234 1440 1310 Quam
1462 1230 1607 1310 [acili
1636 1241 1814 1310 autem
1837 1247 1931 1285 ne-

356 1300 501 1380 gotio
531 1307 736 1380 restitui
761 1306 930 1375 possit
948 1300 1100 1380 ordo,
1132 1311 1253 1372 post
1290 1300 1667 1380 praefationem
1693 1309 1927 1355 nostram

360 1370 685 1441 historicam,
712 1370 867 1429 nemo
897 1389 1003 1428 non
1032 1370 1403 1439 advertet,’qui
1429 1370 1762 1437 subjunctam
1791 1385 1929 1439 pra:-

358 1446 544 1516 fationi
571 1446 842 1516 synopsim
866 1443 1072 1511 legerit.

426 1509 825 1571 Observandum
853 1509 1034 1582 porro,
1059 1518 1199 1574 acta,
1229 1524 1348 1578 quae
1375 1509 1610 1582 secunda
1628 1516 1779 1582 parte
1798 1524 1930 1582 con-

360 1587 613 1649 tinentur,
644 1600 752 1638 non
780 1578 898 1637 esse
928 1582 1151 1648 integra,
1183 1582 1277 1633 sed
1306 1594 1337 1631 a
1359 1578 1772 1649 sancto_Cyri|lo
1802 1578 1927 1632 bre-

359 1656 501 1708 viata
527 1694 542 1719 ,
589 1646 829 1722 pluribus
873 1646 1105 1722 omissis,
1161 1663 1296 1722 quia
1323 1649 1387 1702 ad
1418 1663 1529 1722 rem
1554 1646 1929 1722 ‘Nehstorianain

358 1739 465 1778 non
501 1714 822 1787 spectarent.
864 1718 995 1773 Acta
1028 1734 1086 1772 se
1113 1714 1386 1787 scripsisse
1423 1717 1592 1787 innuit
1618 1714 1845 1787 Cyrillus
1872 1717 1926 1770 in

360 1786 584 1860 epistola
623 1791 691 1844 ad
736 1788 1016 1860 Eulogium
1040 1828 1054 1853 ,
1102 1786 1754 1860 suumConstantinopoli
1796 1802 1929 1860 apo-

359 1856 675 1916 crisiarium.
727 1856 899 1926 Olfer,
957 1857 1062 1918 ait,
1110 1857 1615 1926 magniﬁcentissimo
1653 1858 1928 1926 prteposito

362 1931 488 1984 tinos
514 1929 740 1985 libellos.
774 1924 897 1999 quos
927 1926 1003 1999 ad,
1029 1927 1173 1979 illum
1199 1924 1346 1999 misi;
1371 1925 1588 1999 alterum
1613 1924 1794 1999 cantra
1820 1924 1930 1979 Ne-

361 1994 877 2067 storiiiblaspltem'ias
903 1998 1179 2067 scriptum;
1202 1996 1416 2067 alterum
1442 1994 1777 2067 Actaisynodi
1802 2012 1928 2048 con-

361 2078 441 2121 tra
481 2064 792 2136 Nestoritimr
813 2064 1137 2136 ejusdech
1166 2064 1390 2118 asseclas
1418 2064 1829 2133 complectentem
1853 2066 1929 2136 (ιιι

360 2146 495 2215 pari.
521 2152 665 2215 conc.
693 2134 883 2215 Epltes.
917 2152 1030 2204 cap.

430 2205 636 2259 Omissa
666 2220 782 2258 esse
809 2206 962 2273 plura
979 2204 1101 2273 ,vel
1133 2204 1185 2273 id
1206 2218 1368 2273 unum
1397 2204 1755 2266 demonstrat,
1787 2205 1930 2273 quod

361 2275 470 2330 Leo
497 2288 718 2353 magnus
737 2272 921 2353 scribit
946 2272 1135 2353 (Epist.
1162 2272 1248 2353 (5:2,
1271 2273 1648 2353 είάμαφίηιιιηι
1687 2272 1924 2353 Antioch.

361 2362 476 2414 cap.
508 2341 1239 2414 4)(1υνειιιιιθιιιἰιιεγιιοιιο
1273 2341 1537 2414 Ephesina
1567 2352 1800 2399 tentasse
1829 2343 1930 2397 Pa-

362 2413 576 2485 laestina:
603 2415 887 2485 primatum
917 2413 1411 2485 per__commenti_tia
1432 2414 1630 2485 scripta
1667 2414 1767 2468 sibi
1810 2415 1927 2467 vin-

359 2484 557 2548 dicare,
589 2481 886 2550 cuiusmodi
916 2481 1042 2534 nihil
1073 2482 1123 2534 in
1154 2482 1286 2535 actis
1315 2481 1527 2549 legitur.

430 2554 726 2607 Orientales
748 2551 1069 2622 schismatici
1096 2558 1392 2618 queruntur
1437 2553 1546 2607 suis
1595 2552 1661 2606 ad
1705 2553 1931 2622 impera-

358 2632 530 2677 torem
562 2621 747 2692 legatis
775 2621 929 2692 quod
941 2621 1223 2692 adversarii
1251 2638 1351 2673 non
1378 2631 1666 2686 cessarent,
1696 2621 1854 2692 usque
1872 2625 1927 2675 in

360 2690 836 2763 prasentemdiemi
851 2690 1057 2744 solitam
1078 2705 1311 2763 exercere
1339 2692 1681 2763 tyrannidem,
1707 2690 1929 2761 eo‘quod

360 2759 558 2815 nullam
584 2761 987 2830 indignationem
1014 2761 1407 2831 expertiasent.
1438 2759 1632 2830 Ubique
1657 2763 1791 2814 enim
1808 2759 1927 2814 illi-

359 2832 488 2884 citas
532 2827 870 2899 depositiones
911 2831 966 2881 in
1010 2827 1590 2899 Ecclesiasjtittentes,
1641 2830 1843 2882 turbare
1878 2840 1928 2883 et

360 2901 547 2953 clerum
571 2896 619 2953 et
639 2899 833 2968 plebem
864 2898 924 3020 (tt
947 2906 1084 2967 part.
1108 2914 1251 2951 conc.
1277 2896 1491 2967 Ephes,
1516 2899 1565 2950 in
1591 2901 1718 2951 actis
1746 2908 1926 2952 contra

360 2969 605 3020 Curillum
632 2981 682 3020 et
700 2969 860 3020 evislo
884 2968 927 3020 is
954 2968 1312 3020 schismatic.i.
1345 2966 1419 3020 De
1441 2968 1543 3020 illis
1574 2968 1924 3020 depositioni-

358 2969 605 3038 Cyrillum
632 2966 682 3020 et
700 2966 927 3036 epistolis
948 2966 1312 3038 schismatic.).
1345 2966 1419 3020 De
1441 2968 1543 3021 illis
1574 2968 1924 3037 depositioni-

356 3037 456 3093 bus
483 3040 647 3092 altum
678 3038 729 3089 in
758 3037 889 3091 actis
917 3037 1201 3090 silentium.

2033 474 2206 522 crates
2227 470 2515 549 memoria:
2558 473 2872 549 mandaret,
2923 473 2973 526 id
3015 483 3133 538 est,
3178 490 3319 549 anno
3348 478 3470 549 439i,
3502 496 3609 549 quo

2034 552 2199 612 usque
2227 538 2502 612 historiam
2530 555 2561 593 a
2595 539 2950 612 Constantino
2978 559 3168 612 magno
3198 546 3265 599 ad
3295 563 3399 601 xvn
3430 538 3609 605 Theo-

2030 605 2165 682 desii
2193 608 2527 682 consulatum
2554 612 2729 678 spatio
2760 610 2860 663 MO
2890 605 3151 667 annorum
3182 616 3446 682 perduxit.

2015 728 2026 739 _
2071 676 2267 746 _Digna
2296 685 2419 730 sunt
2448 677 2544 731 ista
2578 676 2696 746 qua:
2725 682 3077 736 observentur
3102 700 3113 735 :
3138 676 3331 739 czctera
3362 687 3474 741 fere
3504 704 3614 742 om~

2029 744 2468 822 nia_perturba_te
2492 787 2506 809 ,
2553 744 2643 822 aut
2692 750 2853 822 etiam
2903 750 3067 822 lalso,
3102 769 3168 806 ne
3196 754 3368 808 dicam
3400 756 3608 822 inscite,

2030 815 2099 866 ab
2136 814 2352 895 homine
2397 814 2596 873 forensi
2644 834 2729 873 res
2775 814 3103 887 theologicas
3145 830 3406 879 tractante
3434 814 3614 895 prole-'-

2032 892 2243 937 runtur.

2100 954 2295 1008 Scribit
2338 956 2390 1008 l°
2427 956 2729 1011 Nestorium
2778 973 2896 1013 cum
2942 958 3107 1014 Paulo
3159 961 3510 1018 Samosateno
3556 974 3612 1019 et

2031 1019 2262 1077 Photino
2292 1042 2397 1079 non
2428 1028 2720 1081 asseruisse
2748 1026 3016 1082 Christum
3046 1046 3250 1084 merum
3279 1048 3399 1088 esse
3428 1034 3608 1088 homi-

2030 1107 2170 1156 nem,
2200 1093 2292 1147 sed
2322 1096 2482 1149 verbo
2510 1104 2712 1149 tantum
2740 1112 2767 1148 a
2797 1100 3073 1152 catholicis
3101 1101 3331 1165 dillerre,
3364 1111 3419 1155 et
3446 1120 3475 1156 a
3496 1105 3611 1157 sola

2029 1177 2161 1241 voce
2179 1164 2679 1241 Osoeéxov,_propler
2704 1167 3047 1241 inscitiam__ct
3079 1164 3325 1241 veterum
3344 1173 3612 1239 negligen-

2029 1234 2176 1307 tiam,
2209 1234 2566 1287 abhorruisse.
2609 1234 2779 1307 Quam
2826 1237 2894 1289 sit
2930 1238 3159 1291 alienum
3202 1240 3340 1294 istud
3387 1234 3436 1294 a'
3459 1234 3608 1307 vero,

2028 1299 2358 1371 demonstrat
2383 1311 2492 1356 tota
2518 1305 2825 1371 praecedens
2852 1307 3171 1361 dissertatio.

2098 1369 2160 1421 2ο
2190 1370 2492 1447 Nestorium
2522 1369 2646 1447 post
2690 1375 2957 1447 celebrem
3001 1377 3143 1447 illam
3177 1377 3563 1447 blasphemiam
3593 1398 3606 1433 :

2028 1437 2161 1518 Eum
2184 1442 2267 1509 qui
2295 1437 2568 1518 menstruis
2588 1445 3070 1518 spatiisiadoleverit
3100 1446 3266 1500 Deum
3294 1437 3397 1501 non
3427 1450 3610 1518 appel-

2027 1508 2241 1585 lavero,
2269 1512 2552 1585 recessisse
2592 1508 2659 1564 ab
2705 1514 3076 1585 episcoporum
3112 1527 3283 1585 pedatu.
3329 1508 3612 1585 Repugnat

2030 1577 2175 1656 Actis
2202 1578 2519 1656 Ephesinis:
2562 1596 2685 1656 nam
2728 1577 2760 1635 εἰ
2789 1577 3065 1656 Theodoto
3092 1584 3315 1656 Ancyra:
3361 1577 3612 1656 episcopo

2030 1648 2255 1701 relatum
2287 1651 2424 1704 istud
2466 1657 2550 1704 est
2583 1652 2794 1705 actione
2825 1652 2874 1713 l,
2909 1653 3054 1706 velut
3075 1648 3273 1707 dictum
3301 1670 3331 1708 a
3364 1648 3613 1710 Nestorio

1966 1753 2006 1811 ιι
2036 1718 2572 1811 ιτίὲξιεηεξξιιεέἒξθὲξιξ
2595 1721 3189 1811 ειξψξιὲψῖεῖεξὲαξιξιῐι]
3210 1724 3543 1811 tetigissent:

2104 1788 2164 1858 59
2196 1788 2289 1842 Die
2318 1790 2567 1858 vigesima
2593 1800 2781 1844 octava
2806 1790 2948 1844 Junii
2970 1790 3277 1846 damnatum
3308 1793 3470 1846 fuisse
3500 1794 3609 1848 Ne-

2032 1857 2255 1929 storium
2290 1873 2326 1929 ea
2352 1858 2651 1929 Cyrilliantc
2697 1861 2862 1929 partis
2904 1860 3256 1926 antistitibus;
3300 1870 3355 1915 et
3377 1863 3611 1918 vicissim

2032 1925 2420 1999 a_NestoAriana':
2457 1925 2946 1999 partisepiscopis,
2980 1939 3105 1983 ante
3134 1925 3419 1985 adventum
3444 1932 3611 1987 Joan-

2033 1995 2115 2048 nis
2142 1995 2482 2071 Antiocheni,
2514 1995 2771 2068 Cyrillum
2800 1995 2919 2053 esse
2945 1999 3267 2071 depositum.
3314 1999 3611 2071 Utrumque

2030 2064 2311 2135 manifeste
2352 2067 2497 2121 Actis
2535 2064 2767 2135 pugnat;
2812 2084 2931 2121 nam
2983 2064 3039 2123 ct
3088 2068 3392 2124 Nestorium
3423 2064 3612 2127 Pati-es

2029 2133 2115 2207 die
2141 2133 2240 2199 22,
2271 2143 2326 2207 et
2353 2133 2624 2206 Cyrillum
2645 2135 2906 2207 Joannes,
2946 2152 3051 2205 qua
3076 2138 3161 2193 die
3185 2140 3415 2207 primum
3442 2141 3607 2194 adve-

2030 2204 2109 2256 nit
2140 2204 2488 2259 tumultua‘rio
2516 2206 2745 2259 concilio
2773 2204 3038 2261 deposuit.

2098 2273 2155 2345 4⁸
2184 2272 2444 2328 Joannem
2491 2275 2687 2343 Ephesi
2732 2272 2943 2343 quidem
2990 2276 3188 2345 Cyrillo
3218 2279 3607 2343 succensuisse,

2028 2344 2123 2398 sed
2151 2358 2257 2397 non
2288 2345 2434 2466 prius
2461 2360 2619 2412 quam
2643 2346 2977 2400 Antiochiam
3007 2344 3336 2410 revertisset,
3364 2359 3612 2401 exaucto-

2029 2428 2195 2466 rasse.
2255 2413 2297 2466 lt
2359 2422 2530 2466 totum
2578 2413 2696 2466 falsi
2744 2416 3033 2466 revincitur
3081 2415 3227 2466 Actis
3273 2417 3610 2466 conciliabuli

2029 2428 2195 2466 rasse.
2255 2413 2310 2467 ld
2359 2422 2530 2468 totum
2578 2413 2696 2467 falsi
2744 2416 3033 2469 revincitur
3081 2415 3227 2469 Actis
3273 2417 3611 2472 conciliabuli

2029 2481 2402 2536 Orientalium.

2099 2550 2154 2623 5⁸
2181 2551 2418 2620 Denique
2442 2553 2631 2623 ambos
2657 2553 2956 2623 episcopos,
2982 2554 3329 2608 reconciliata
3352 2556 3609 2619 amicitia,

2026 2621 2129 2673 sibi
2156 2630 2342 2675 mutuo
2362 2622 2517 2693 sedes
2541 2621 2857 2693 restituisse.
2899 2623 3056 2693 Atqui
3086 2623 3423 2693 conditiones
3462 2624 3613 2693 pacis

2026 2696 2136 2743 tres
2164 2698 2317 2743 erant
2343 2690 2659 2755 dumtaxat,
2710 2692 2984 2745 damnatio
3014 2693 3326 2759 dogmatum
3354 2690 3609 2756 Nestorii,

2025 2760 2309 2829 consensio
2356 2760 2409 2813 in
2457 2760 2573 2827 ejus
2619 2762 3045 2829 depositiouem,
3078 2770 3131 2814 et
3160 2764 3447 2815 consensio
3479 2764 3610 2816 item

2026 2829 2079 2902 i_n
2126 2828 2529 2902 ordinatipnem
2569 2828 2893 2902 Maximiani,
2948 2839 3004 2883 ut
3046 2846 3111 2884 ex
3161 2832 3355 2885 litteris
3402 2832 3605 2902 Cyrilli,

2022 2896 2242 2952 Joannis
2271 2907 2326 2952 et
2350 2898 2672 2953 Theodoreti
2698 2900 3037 2954 manifestum
3063 2908 3162 2956 est.

2296 3010 2370 3061 De
2408 3012 2615 3074 Evagrio
2648 3013 2929 3062 scholastico
2952 3012 3321 3075 Epiphaniensi.

428 3108 543 3162 Huc
585 3107 771 3160 alferat
813 3106 1095 3173 quispiam,
1137 3104 1279 3172 quod
1324 3112 1405 3175 est
1436 3106 1575 3173 apud
1613 3105 1925 3175 Gregorium
1956 3102 2001 3164 C
2054 3171 2066 3175 _
2103 3102 2610 3175 Evagrio‘debemus
2638 3112 3007 3175 conservatam
3036 3102 3294 3157 Thcoduli
3327 3103 3611 3175 epistolam

355 3193 632 3245 magnum,
675 3177 741 3230 de
780 3175 1037 3229 absolutis
1074 3182 1286 3245 acaztu
1314 3173 1660 3245 Orientalium
1693 3173 1933 3244 Pelagia-

356 3243 466 3310 nis,
488 3248 734 3311 dictoque
754 3247 1091 3298 anathemate
1123 3244 1184 3296 iis
1211 3244 1300 3311 qui
1329 3243 1674 3298 defenderent
1702 3243 1933 3299 animam

356 3316 486 3367 Ada:
520 3330 616 3382 per
642 3322 919 3381 peccatum
947 3313 1108 3382 fuisse
1131 3322 1414 3382 mortuam.
1464 3313 1570 3367 Sed
1599 3315 1930 3369 ostendimus

353 3380 614 3451 Gregorio
646 3380 957 3451 impositum
997 3380 1158 3451 fuisse
1199 3397 1230 3434 a
1264 3381 1469 3438 Joanne
1497 3383 1803 3449 chunatore
1832 3401 1931 3451 pro

360 3448 643 3521 Eph'esinis
690 3448 823 3504 actis
862 3450 939 3521 ad_
966 3448 1271 3521 pontiﬁcem
1312 3448 1569 3521 mittente
1594 3463 1740 3520 gesta
1769 3468 1799 3506 a
1828 3448 1931 3507 Ne-

357 3518 528 3575 storio
558 3521 610 3573 in
638 3535 732 3573 sua
775 3518 980 3589 synodo
1028 3518 1283 3589 adversus
1324 3518 1663 3589 Manichacus,
1720 3524 1787 3574 de
1824 3538 1930 3589 qua

354 3591 698 3645 disseruimus
726 3590 778 3657 in
806 3587 953 3642 notis
978 3587 1044 3642 ad
1074 3587 1356 3657 epistolam
1384 3588 1670 3641 secundam
1700 3587 1929 3644 Nestdrii

355 3661 424 3715 ad
452 3668 695 3714 sanctum
721 3656 995 3729 Cyrillum.

384 3775 410 3839 §
436 3774 495 3825 ll.
521 3774 639 3834 Qua:
662 3776 711 3824 in
729 3774 936 3839 singulis
958 3773 1274 3839 scriptoribus
1299 3773 1512 3839 historia)
1538 3773 1704 3837 synodi
1738 3774 1901 3837 Ephe-

865 3837 982 3885 sinaa
1015 3838 1271 3885 observata
1302 3837 1413 3884 sint.

427 3937 934 4021 Synodi’giphesin'm.
952 3936 1225 4021 historiam
1242 3937 1592 4021 scripserunt
1607 3950 1637 3989 e
1662 3938 1931 4021 veteribus

356 4004 607 4062 Socrates
623 4004 759 4075 (Lib.
778 4023 846 4061 vn
863 4005 1051 4075 Ilist.),
1067 4004 1321 4075 Evagrius
1338 4004 1740 4075 Epiphaniensis
1756 4006 1894 4075 (Lib.
1915 4024 1930 4061 I

360 4078 571 4149 llist.),
622 4074 901 4149 Liberatus
944 4076 1204 4149 diaconus
1215 4074 1707 4149 _(In_Breviari_oi),
1752 4074 1930 4149 Theo—

359 4143 562 4216 phanes
588 4146 675 4215 (In
697 4145 1161 4216 Chronograpltia),
1186 4143 1513 4216 NiCcphorus
1527 4143 1775 4216 Callistus
1792 4145 1926 4213 (Lib.

362 4214 488 4283 xw).
533 4216 572 4268 Ε
598 4214 1011 4278 recentioribus,
1060 4214 1317 4283 Baronius
1368 4214 1478 4281 (Ad
1519 4230 1711 4283 annum
1741 4215 1931 4269 Christi

359 4282 504 4355 Ml),
538 4286 768 4339 editores
788 4283 1167 4355 Conciliorum,
1200 4282 1613 4355 l’et_avius(tom.
1642 4282 1925 4355 l_Dogmat.

362 4351 552 4423 lib.'lv)
584 4361 638 4407 et
673 4354 1002 4423 Christianus
1038 4351 1216 4423 Lupus
1254 4352 1345 4421 (In
1382 4351 1589 4423 schOliis
1618 4353 1686 4423 ad
1709 4351 1930 4407 canones

359 4422 541 4476 roncil.
573 4422 793 4493 gener.).
833 4422 890 4475 ln
920 4422 1137 4489 singulis
1165 4424 1413 4493 annotavi
1442 4422 1567 4489 quid
1586 4422 1851 4493 eximium
1876 4432 1931 4476 et

360 4491 626 4559 singulare
671 4493 980 4556 attulerint,
1030 4500 1085 4544 et
1124 4491 1249 4559 quid
1292 4500 1478 4545 contra
1507 4492 1637 4545 mihi
1676 4492 1771 4547 visi
1800 4493 1926 4557 sint,

358 4563 660 4629 oppositum
683 4562 843 4615 certis
871 4560 1083 4615 aliunde
1103 4561 1399 4615 rationibus
1428 4561 1657 4615 tradere.

564 4672 639 4723 De
661 4674 860 4725 Socrate
883 4674 1164 4725 scholastico
1180 4674 1720 4739 Constantinopolitano.

428 4760 628 4835 Prmter
654 4778 716 4817 ea
738 4777 856 4835 qua:
875 4765 1231 4818 communiter
1249 4766 1388 4835 apud
1410 4782 1597 4822 omnes
1618 4777 1923 4835 occurrunt,

357 4832 551 4904 eximia
579 4842 722 4904 sunt,
752 4832 812 4885 1°
836 4834 886 4887 in
908 4835 1130 4904 vetustis
1150 4832 1541 4904 exemplaribus
1564 4836 1763 4891 Griecis
1788 4832 1926 4893 idem

357 4902 595 4973 positum
616 4900 793 4973 fuisse
815 4943 829 4966 ,
878 4902 1021 4973 quod
1047 4904 1099 4955 in
1136 4900 1381 4957 versione
1414 4907 1625 4972 vulgata
1654 4906 1695 4973 (l
1722 4906 1917 4962 Joann.

357 4985 425 5030 tv,
441 4971 532 5041 _5).
578 4970 630 5024 ld
660 4972 801 5025 valet
831 4969 897 5024 ad
926 4970 1161 5039 Vulgatm
1189 4969 1560 5028 auctoritatem
1592 4969 1920 5041 firmandam,

342 5047 409 5119 iet
427 5036 735 5119 graecorum
761 5040 1002 5119 codicum
1034 5036 1916 5119 nuperoslaudatores‘arguendos.

340 5108 349 5165 ἴ
426 5108 487 5159 2ο
528 5109 827 5181 Saepissime
868 5108 1166 5181 Nestorium
1208 5110 1463 5166 adversus
1507 5108 1784 5181 Deiparam
1809 5130 1922 5168 ser-

359 5194 568 5232 monem
594 5180 814 5250 fecisse:
854 5188 907 5234 et
934 5179 1237 5234 distantiam
1269 5182 1432 5250 ipsius
1472 5197 1501 5235 a
1543 5179 1708 5236 Paulo
1736 5182 1924 5237 Samo-

355 5255 543 5321 sateno
558 5265 623 5321 ac
645 5248 871 5321 l’hotino
892 5265 958 5303 ex
973 5248 1318 5304 concionibus
1332 5266 1464 5321 quas
1488 5252 1690 5314 habuit,
1716 5262 1921 5321 patere.

356 5316 479 5371 llaec
504 5318 658 5371 fidem
680 5320 964 5373 conciliant
984 5321 1317 5375 sermonibus
1336 5316 1560 5375 Nestorii
1581 5336 1609 5374 a
1632 5316 1925 5377 Mercatore

356 5387 409 5439 in
452 5386 695 5457 Latinum
738 5404 1037 5443 sermonem
1084 5391 1294 5443 versis:
1330 5406 1450 5443 nam
1486 5400 1540 5445 et
1586 5392 1637 5444 in
1685 5391 1789 5445 illis
1812 5392 1919 5446 fre-

356 5466 584 5522 quenter
642 5457 915 5513 Nestorius
973 5467 1158 5512 contra
1217 5460 1493 5527 Deiparam
1544 5460 1817 5527 disputat,
1866 5470 1921 5515 et

356 5540 507 5577 suam
531 5567 547 5598 ,
600 5534 656 5579 ut
696 5528 942 5598 loquitur,
990 5544 1018 5579 a
1051 5527 1215 5583 Paulo
1248 5527 1582 5598 Photinoque
1611 5527 1918 5584 distantiam

358 5597 639 5649 Ostendere
683 5597 875 5667 niti'ur
895 5598 945 5667 in
986 5612 1048 5650 ea
1094 5599 1353 5652 concione
1379 5601 1919 5667 quam’commotissi-

360 5679 499 5717 tuam
528 5668 757 5735 acceptis
784 5682 813 5719 a
840 5664 1125 5724 Caelestino
1154 5664 1457 5737 Cyrilloque
1491 5668 1679 5724 litteris
1708 5670 1913 5724 habuit.

1962 4464 2011 4523 D

2037 3171 2102 3225 de
2131 3175 2288 3227 rebus
2330 3172 2557 3225 Nestorii
2588 3181 2712 3241 post
2752 3173 3171 3241 depositionem;
3226 3187 3343 3225 eam
3374 3188 3500 3225 vero
3528 3174 3610 3228 sin

2036 3242 2209 3295 minus
2237 3244 2289 3295 in
2318 3250 2498 3311 partes
2527 3241 2925 3311 discerpsissct,
2944 3242 3037 3294 sed
3061 3242 3322 3308 integram
3351 3241 3609 3294 inseruis-

2034 3318 2117 3363 set
2139 3310 2390 3377 historiae,
2416 3311 2673 3380 majorem
2696 3311 2879 3380 procul
2901 3310 3064 3365 dubio
3088 3311 3291 3364 iniisset
3320 3326 3349 3363 a
3380 3312 3611 3379 posteris

2033 3382 2277 3447 gratiam.

2106 3449 2266 3504 Multa
2307 3466 2374 3504 ex
2414 3450 2635 3504 Socrate
2672 3450 2907 3519 accepit,
2934 3450 3101 3520 plura
3132 3464 3198 3502 ex
3230 3449 3373 3504 Actis
3399 3450 3605 3520 synodi,

2034 3534 2140 3573 non
2181 3536 2349 3586 pauca
2398 3528 2576 3573 tamen
2622 3520 2687 3573 de
2724 3518 2821 3573 suo
2850 3518 3079 3583 addidit,
3112 3535 3228 3588 qum
3261 3518 3509 3581 veritati,
3555 3528 3609 3573 et

2032 3588 2347 3658 illiquidem
2383 3591 2542 3643 certis
2574 3589 2891 3643 testimoniis
2923 3590 3314 3658 comprobato,
3348 3596 3603 3658 pugnent.

2104 3656 2159 3707 l°
2189 3656 2383 3709 Scribit
2412 3658 2715 3711 Nestorium
2754 3672 2874 3711 cum
2917 3656 3196 3712 Antidchia
3226 3656 3607 3712 Constantino-

2032 3724 2197 3794 polim
2228 3735 2490 3792 pergeret,
2524 3727 2860 3780 Theodorum
2889 3728 2941 3779 in
2972 3728 3102 3780 urbe
3127 3727 3463 3794 Mopsuestia:
3485 3742 3605 3781 con-

2034 3792 2279 3863 venisse,
2330 3795 2613 3862 auditaque
2660 3795 2802 3847 illius
2839 3794 3108 3863 doctrina,
3154 3809 3184 3847 a
3218 3792 3358 3848 ivera
3406 3797 3608 3863 pietate

2032 3862 2335 3916 descivisse.
2399 3863 2451 3915 ld
2502 3861 2763 3929 repugnat
2805 3862 2996 3917 litteris
3039 3861 3258 3916 Joannis
3288 3861 3606 3919 Antiocheni

2032 3932 2097 3985 ad
2120 3930 2423 3985 Nestorium
2448 3932 2514 3985 de
2544 3930 2828 3985 Theodoro
2857 3931 3159 3993 scribentis,
3190 3932 3338 3986 velut
3366 3933 3432 3986 de
3459 3948 3607 3987 com-

2031 4002 2178 4055 muni
2202 4002 2455 4067 magistro
2476 4003 2602 4057 olim
2633 4002 2760 4070 ipsis
2789 4000 2989 4055 audito.

2102 4070 2160 4123 2°
2190 4072 2382 4133 lnnuit,
2417 4081 2509 4125 aut
2528 4068 2687 4126 etiam
2714 4071 2979 4133 declarat,
3012 4085 3042 4122 a
3072 4068 3319 4123 Nestorio
3341 4070 3489 4138 prius
3516 4085 3608 4124 ac-

2031 4148 2212 4208 ceptas
2240 4157 2356 4196 esse
2380 4142 2651 4197 leestini
2671 4140 2957 4210 Cyrillique
2981 4139 3203 4210 litteras,
3237 4153 3393 4210 quam
3424 4149 3607 4210 postu-

2031 4211 2193 4264 lasset
2222 4212 2288 4264 ab
2323 4211 2643 4281 imperatore
2682 4208 2891 4281 concilii
2926 4208 3287 4281 indictionem.
3330 4208 3484 4281 Atqui
3515 4225 3605 4278 sy-

2033 4280 2204 4334 nodus
2253 4277 2447 4334 indicia
2482 4288 2563 4335 cst
2583 4281 2669 4334 die
2700 4277 2765 4331 l9
2786 4278 3113 4338 Novembris,
3139 4291 3241 4345 qua
3264 4277 3607 4343 consignatur

2032 4365 2216 4414 sacra;
2254 4359 2486 4419 accepta:
2514 4364 2643 4404 vero
2678 4349 2878 4419 litterae
2902 4346 3290 4419 Cinlestinidie
3321 4346 3352 4398 8
3380 4346 3604 4401 Decem-

2035 4419 2143 4472 bris
2172 4415 2565 4487 consequentis,
2594 4428 2652 4472 ut
2677 4417 2908 4472 ostendit
2938 4416 3134 4471 Marius
3160 4415 3441 4470 Mercator.

2104 4488 2160 4541 5"
2191 4486 2419 4541 Excnsat
2444 4487 2663 4543 Joannis
2695 4487 3010 4541 Antiocheni
3034 4500 3210 4539 moras
3241 4487 3291 4538 in
3319 4486 3421 4548 via,
3453 4486 3605 4553 quasi

2032 4573 2137 4610 non
2177 4557 2243 4610 de
2282 4559 2535 4612 industria
2566 4558 2789 4619 fuerint,
2820 4556 2913 4609 sed
2942 4556 3259 4609 necessitate
3288 4555 3459 4608 factae.
3501 4555 3606 4608 V'e-

2028 4642 2155 4704 rum
2177 4635 2351 4704 tamen
2375 4642 2412 4704 a_
2434 4637 2520 4704 νξει
2546 4635 2771 4704 κυριᾳκῇ)
2877 4633 2977 4690 est,
3011 4626 3114 4704 hoc
3137 4625 3252 4704 ipso
3273 4638 3495 4704 annona
3519 4624 3606 4678 die

2031 4695 2098 4747 27
2129 4695 2322 4765 Aprilis
2350 4697 2415 4750 ad
2444 4692 2584 4751 diem
2608 4692 2687 4749 '21
2728 4692 2860 4749 "Julii
2885 4735 2900 4757 ,
2950 4694 3328 4765 quinquaginta
3365 4692 3604 4765 quinque

2028 4765 2143 4820 dies
2176 4762 2594 4820 interﬂnxerunt
2615 4807 2630 4829 ,
2681 4782 2779 4820 nec
2805 4765 2942 4818 ullus
2968 4762 3216 4818 dimcesis
3255 4762 3603 4816 Antiochenze

2028 4836 2306 4911 episc0pus
2327 4835 2540 4911 Epheso
2561 4835 2812 4911 distabat,
2845 4835 3127 4911 ipso_testc
3159 4831 3404 4911 Evagrio,
3440 4832 3604 4911 immo

2028 4902 2083 4975 et
2107 4902 2344 4967 Joanne,
2375 4902 2548 4975 paulo
2573 4905 2799 4975 amplius
2836 4902 3187 4972 quadraginta
3215 4902 3601 4967 mansionibus,

2027 4974 2140 5029 sive
2169 4974 2376 5029 itineris
2398 4973 2605 5029 diebus.

2096 5042 2159 5095 4⁸
2187 5043 2429 5097 Allirmat
2457 5044 2524 5098 ab
2552 5042 2799 5098 omnibus
2835 5041 3113 5111 utriusque
3140 5040 3308 5111 patris
3338 5039 3603 5110 episcopis

2027 5112 2079 5166 in
2110 5128 2273 5167 unum
2302 5114 2500 5167 coactis
2538 5121 2785 5182 acceptos
2822 5126 2941 5166 esse
2977 5109 3157 5182 Cyrilli
3199 5109 3603 5182 Memnonisque

2028 5183 2253 5244 libellos,
2306 5178 2755 5250 vocatumque—et
2797 5178 3313 5235 cxcomniunicatum
3340 5178 3601 5233 Joannem

2028 5268 2149 5307 cum
2176 5253 2304 5306 suis.
2330 5252 2525 5321 Aperte
2546 5251 2678 5307 Acta
2708 5251 3024 5314 reclamant;
3049 5256 3103 5302 et
3132 5258 3315 5321 utnon
3345 5250 3602 5321 reclama-

2028 5328 2165 5384 rent,
2200 5319 2671 5391 pugnantiacerte
2701 5322 2971 5388 loquitur:
3012 5319 3279 5391 quomodo
3309 5319 3451 5391 enim
3482 5332 3599 5369 om-

2028 5406 2123 5463 nes
2146 5388 2212 5463 in:
2229 5406 2391 5445 unum
2430 5390 2693 5463 coiverint
2731 5391 3007 5463 utriusque
3037 5390 3203 5456 partis
3230 5388 3515 5463 antistites,
3548 5393 3601 5463 et

2018 5459 2240 5514 Joannis
2268 5467 2446 5515 tamen
2474 5460 2782 5515 sacerdotes
2809 5457 2971 5515 veluti
2997 5468 3342 5513 contumaces
3370 5457 3602 5510 abstenti

2024 5530 2131 5584 sint
2153 5532 2176 5582 ?

2091 5598 2145 5650 5°
2178 5600 2412 5669 Denique
2438 5597 2880 5669 Aredintegratam
2911 5597 3063 5666 ponit
3089 5596 3387 5669 amicitiam
3432 5591 3602 5661 Cyril-

2023 5670 2133 5725 lum
2163 5670 2302 5727 inter
2327 5663 2390 5725 ἐι
2431 5663 2697 5724 Joannem
2716 5712 2730 5735 ,
2777 5663 3061 5736 antequam
3089 5664 3280 5719 Paulus
3314 5663 3608 5717 Emescnus
