4012 6180
387 280 520 336 1191

960 277 1051 332 AD
1089 274 1366 332 PARTES]
1407 275 1769 332 SECUNDAM
1807 276 2085 333 OPERUM
2117 276 2183 331 Μ.
2219 273 2655 331 MERCATORIS
2694 271 3051 342 APPENDIX.

3494 276 3640 330 1192

385 393 763 449 Alexandriam
810 390 1104 446 adveniret.
1146 388 1203 443 Id
1241 404 1371 443 vero
1412 389 1719 443 indubitatis
1766 406 1954 444 monu-
1986 399 2029 453 Α
2056 389 2277 443 Joannis
2322 395 2549 442 tractata
2592 403 2699 441 non
2730 394 2811 440 est
2839 427 2852 449 ,
2903 396 2986 440 est
3012 394 3189 442 autem
3218 387 3441 453 copiose
3469 389 3521 442 in
3553 406 3634 443 so.-

386 465 580 519 mentis
607 462 850 516 falsitatis
879 460 1134 526 arguitur,
1175 474 1296 528 cum
1328 460 1474 528 pacis
1502 461 1615 528 ipse
1646 459 1839 513 Paulus
1868 475 1956 513 se-

386 544 606 602 quester
632 532 807 596 fuerit,
836 529 993 596 idque
1015 536 1210 602 mutuli:
1236 527 1537 602 Joanniset
1557 530 1740 602 Cyrilli
1772 530 1960 583 littera:

386 598 673 672 loquantur
693 602 773 672 (ιιι
800 608 937 670 part.
968 615 1113 653 conc.
1149 598 1341 669 Ephes.
1368 616 1413 651 c.
1437 599 1529 665 30,
1564 599 1673 665 54).

388 714 464 763 De
490 713 717 761 Liberato
735 712 933 760 diacono
950 709 1179 760 Ecclesiae
1199 710 1607 771 Cartliagiuensis,
1642 714 1687 761 in
1715 713 1961 763 Breviario

453 787 608 822 causa:
630 774 1027 882 Nesgoriauorum
1074 779 1127 821 et
1166 772 1583 836 Eutycbianorum,
1609 776 1846 837 Capitibus
1868 776 1962 825 de-

444 848 552 884 cem
571 848 714 884 oriori
755 846 827 883 us.

571 848 827 897 prioribus.

458 936 737 989 Liberatus
764 934 1019 988 diaconus
1047 933 1295 988 Ecclesia:
1310 932 1762 1002 Carthaginensis,
1796 938 1957 990 trium

387 1006 742 1075 capitulorum
769 1004 1036 1075 defensor,
1078 1012 1266 1058 cuncta
1305 1018 1423 1071 qum
1452 1016 1766 1073 prosecutus
1795 1016 1876 1061 est
1907 1009 1957 1060 in

389 1073 661 1130 Breviario
704 1075 921 1127 limi-esis
967 1073 1311 1137 Nestorianae,
1357 1076 1626 1143 accepisse
1667 1092 1725 1130 se
1751 1078 1955 1131 scribit.

388 1146 583 1215 partim
613 1162 640 1197 a
662 1143 909 1215 Socrate,
940 1144 1131 1215 partim
1160 1158 1226 1215 ex
1255 1144 1398 1198 Actis
1426 1146 1804 1207 conciliorum,
1854 1145 1959 1199 Pa-

390 1211 636 1282 trumque
682 1211 952 1282 epistolis.
994 1211 1296 1282 Optandum
1334 1222 1476 1266 esset
1521 1222 1578 1267 ut
1616 1223 1723 1267 tam
1752 1216 1962 1269 sincera

390 1281 606 1352 tamque
634 1281 878 1352 ordinata
911 1281 1210 1336 tradidisset
1239 1298 1398 1350 quam
1419 1294 1700 1351 acceperat
1728 1299 1795 1338 ex
1817 1285 1963 1339 Actis

389 1351 737 1409 conciliorum
761 1391 775 1414 ,
826 1351 1150 1421 Patrumque
1197 1353 1673 1422 catholicepartis
1701 1354 1960 1422 epistolis,

389 1425 565 1477 minus
601 1438 631 1475 a
664 1422 890 1475 veritate
930 1422 1259 1475 discessisset
1286 1423 1428 1489 quod
1469 1421 1595 1475 fecit
1622 1421 1961 1488 non’semel;

388 1495 669 1562 minusque
707 1492 761 1545 in
807 1492 1063 1562 ordinem
1096 1500 1405 1562 peccasset,
1437 1492 1580 1560 quod
1604 1507 1745 1560 saepe
1772 1511 1784 1544 :
1819 1504 1967 1548 certe

390 1579 497 1617 non
528 1561 846 1633 prodidisset
874 1577 1028 1633 suam
1053 1561 1105 1613 in
1134 1561 1573 1616 Nestorianarum
1606 1563 1839 1633 partium
1868 1563 1965 1617 ho-

388 1633 563 1686 mines
592 1632 753 1684 animi
783 1631 1213 1700 prepensionem.

2063 460 2256 513 eundo.
2315 458 2640 523 Corrigenda
2690 466 2772 510 est
2820 458 2979 523 igitur
3019 459 3228 525 vulgata
3272 458 3645 512 Concilioruin

2062 530 2243 591 editio,
2274 534 2327 581 et
2356 527 2538 596 prima:
2560 525 2804 579 Emeseni
2825 527 3054 580 homilize.
3080 527 3437 595 subjiciendus
3458 544 3643 583 sermo

2065 597 2266 669 Cyrilli,
2299 598 2390 665 qui
2420 605 2539 666 post
2575 596 2862 669 secundum
2891 598 3095 664 positus
3120 607 3233 663 est;
3269 597 3519 651 secunda:
3549 615 3646 652 ve-

2062 665 2143 731 ro,
2177 665 2528 734 fragmentum
2558 681 2585 718 a
2618 665 2868 719 Liberato
2897 674 3186 720 servatum.

2135 737 2186 789 '5.
2230 736 2412 789 Refert
2432 737 2591 789 etiam
2612 736 2930 804 particulam
2958 737 3227 804 epistolm,
3264 752 3367 805 qua
3402 736 3646 792 Joannes

2065 806 2427 860 Antiocheuus
2453 805 2789 874 imperatoris
2818 806 3009 859 litteris
3045 821 3141 875 per
3182 806 3501 860 Aristolaum
3549 811 3647 860 tri-

2063 876 2263 929 bunum
2292 876 2466 929 allatis
2488 875 2803 945 respondet,
2833 874 3093 945 cujusque
3121 878 3361 929 meminit
3384 877 3641 931 Theodo-

2064 954 2209 1000 retus
2234 947 2285 998 in
2309 946 2532 1017 epistola
2563 944 2626 1017 ad
2656 944 2947 1017 Himerium
2974 944 3122 1017 (Cap.
3142 945 3209 1017 78)
3237 963 3247 997 :
3294 947 3518 1017 Pmpter
3546 948 3645 1001 illa

2064 1017 2225 1085 ipsius
2245 1015 2469 1087 capitula
2496 1016 2652 1085 ﬁdem
2688 1030 2853 1087 meam
2890 1014 3366 1087 Cyrilloqdirigam,
3404 1014 3567 1087 quam
3595 1020 3642 1069 si

2064 1082 2345 1155 suscipiens
2365 1082 2736 1155 subscripserit,
2768 1082 3150 1156 communicabo
3171 1082 3249 1148 ei',
3278 1082 3465 1156 alioqui
3496 1093 3643 1155 paci-

2066 1152 2329 1223 ﬁcus'cum
2350 1172 2407 1208 eo
2427 1172 2537 1208 esse
2557 1152 2659 1207 non
2681 1162 2873 1223 potero.
2909 1152 2988 1206 Ex
3027 1169 3090 1207 ea
3118 1170 3243 1207 vero
3271 1152 3434 1207 multa
3456 1152 3641 1223 celligi

2065 1232 2306 1293 possunt,
2338 1240 2463 1293 quae
2488 1224 2617 1277 locis
2646 1223 2881 1292 alioqui,
2913 1224 2995 1276 vel
3020 1223 3261 1277 obscuris
3299 1223 3501 1287 lucem,
3554 1227 3645 1279 vel

2067 1292 2238 1347 dubiis
2266 1292 2423 1363 ﬁdem
2445 1292 2667 1356 faciant,
2700 1293 2768 1347 de
2795 1293 2985 1361 quibus
3012 1294 3133 1347 vide
3162 1303 3317 1346 notas
3344 1295 3410 1347 ad
3435 1296 3644 1363 episto-

2072 1363 2175 1415 lam
2203 1364 2339 1416 hanc
2368 1362 2710 1417 Theodoreti.

2136 1430 2252 1486 Jam
2298 1446 2426 1485 vero
2470 1440 2656 1485 contra
2707 1430 2999 1485 indubitata
3058 1431 3281 1485 aliorum
3331 1433 3641 1486 testimonia

2068 1515 2225 1568 quam
2270 1501 2435 1553 multa
2482 1501 2721 1570 scripsit!
2766 1516 2924 1569 quam
2947 1501 3337 1570 multarcontra
3373 1503 3641 1555 rationem

2070 1571 2395 1650 temporum!
2438 1570 2505 1650 ΔΙ(1
2522 1569 2721 1650 pmitto
2749 1570 2927 1624 dicere
2944 1569 3143 1650 ,Jquod
3173 1570 3381 1650 legitur
3407 1571 3472 1650 de
3494 1572 3645 1650 ordi-

2070 1642 2287 1694 natione
2325 1640 2554 1694 Nestorii
2579 1678 2592 1700 ,
2638 1655 2796 1708 quam
2844 1640 3132 1707 contigisse
3167 1640 3331 1692 tradit
3358 1642 3530 1709 primo
3550 1642 3642 1695 die

462 1701 633 1779 Habet
672 1710 882 1779 _tamen_
918 1700 1021 1754 hoc
1070 1701 1132 1779 in
1173 1717 1354 1779 opere
1394 1716 1512 1770 qum
1554 1701 1871 1779 conducant
1899 1701 1966 1756 ad
2001 1766 2041 1779 ﬁ
2070 1710 2282 1779 Aprilis,
2324 1725 2444 1763 cum
2473 1700 2728 1763 acciderit
2754 1710 2961 1763 decimo
2976 1700 3202 1778 {potest
3231 1700 3372 1762 enini
3414 1726 3532 1763 esse
3558 1712 3643 1763 vi-

341 1804 345 1809 η
390 1770 719 1846 emendanda
734 1770 975 1838 qumdam
994 1766 1235 1846 veterum
1256 1766 1777 1846 scriptortim,_atque
1803 1773 1965 1825 etiam
1999 1766 2041 1823 Β
2072 1766 2202 1833 tium
2233 1766 2426 1831 notarii
2452 1819 2466 1843 ,
2518 1779 2607 1845 qui
2654 1794 2773 1833 cum
2817 1766 3105 1846 reperisset
3140 1778 3193 1831 in
3216 1780 3352 1833 libro
3383 1780 3522 1833 unde
3549 1796 3642 1833 ex-

389 1840 700 1895 illustranda
728 1855 845 1906 quae
875 1840 1147 1906 pertinent
1174 1840 1238 1893 ad
1268 1841 1542 1894 historiam
1570 1841 1960 1906 Nestorianam,

392 1912 555 1965 immo
584 1918 639 1962 et
678 1908 1005 1962 restituenda
1033 1910 1084 1961 in
1109 1910 1356 1978 ordinem
1379 1926 1499 1978 quae
1528 1911 1579 1963 in
1612 1911 1767 1964 tertia
1799 1911 1965 1978 potis-

390 1981 582 2034 simum
641 1987 794 2047 parte
848 1978 1059 2032 concilii
1105 1977 1358 2048 Ephesini
1400 1977 1719 2049 perturbate
1766 1977 1966 2047 cenge-

391 2058 603 2104 runtur.

444 2120 513 2171 1.
555 2118 687 2172 Cum
712 2118 1010 2186 scripsisset
1042 2117 1308 2189 (σαρξὶ),
1341 2118 1644 2172 Nestorium
1671 2119 1723 2172 in
1763 2134 1828 2173 eo
1867 2118 1966 2173 dif-

391 2190 531 2244 ferre
560 2206 587 2241 a
617 2188 988 2257 Samosateno,
1019 2186 1153 2257 quod
1178 2186 1451 2257 Nestorius
1473 2190 1720 2257 conﬁtens
1750 2190 1970 2241 existen-

391 2262 527 2313 tiam‘
553 2258 849 2311 Divinitatis
890 2255 1153 2311 Filii'Dei
1174 2297 1188 2321 ,
1218 2256 1475 2311 Christum
1506 2255 1685 2328 purum
1711 2259 1969 2328 hominem

395 2328 624 2389 tradidit,
656 2338 951 2396 conceptum
972 2337 1122 2397 atque
1144 2330 1438 2397 formatum,
1467 2337 1515 2379 et
1535 2337 1708 2397 postea
1730 2330 1783 2380 in
1803 2327 1967 2397 Deum

391 2408 711 2467 provectum,
737 2397 831 2449 hoc
857 2405 963 2459 est,
997 2396 1250 2449 hOminem
1281 2397 1608 2467 deiﬁcatum,_
1625 2405 1674 2450 et
1705 2413 1806 2467 ngn
1844 2396 1969 2467 Ver-

392 2464 509 2521 bum
556 2482 761 2537 carnem
804 2470 1027 2537 factum,
1066 2475 1126 2537 et
1159 2467 1417 2537 habitasse
1438 2468 1491 2537 in
1520 2464 1685 2537 nobis.
1728 2464 1970 2537 Ostendit

392 2537 592 2590 fontem
623 2536 762 2605 unde
788 2534 837 2589 id
866 2535 1101 2605 hauserit
1126 2554 1137 2587 :
1172 2535 1450 2605 Propterea
1471 2536 1525 2587 in
1550 2536 1771 2605 epitonia
1803 2534 1969 2605 Chro-

392 2607 621 2659 nicorunt
648 2604 919 2673 Lucentius
949 2604 1042 2656 hoc
1070 2606 1233 2673 ponit,
1257 2602 1305 2657 et
1333 2604 1490 2657 dicit:
1528 2622 1546 2652 ‹
1570 2602 1744 2656 Felice
1763 2613 1811 2656 et
1842 2604 1971 2656 Tau-

392 2692 452 2728 ro
480 2674 791 2739 consulibus,
830 2672 1100 2727 Nestorius
1141 2672 1740 2742 Constantinopolitanus
1768 2675 1967 2741 episco-

392 2762 486 2814 pus
516 2760 698 2814 novum
732 2744 992 2814 Ecclesii_s_
1005 2745 1213 2814 molitur
1230 2759 1453 2796 errorem
1481 2742 1741 2806 inducere,
1776 2744 1969 2810 prwdi-

395 2812 520 2867 cans
550 2813 808 2866 Christum
834 2830 898 2866 ea:
938 2812 1111 2865 Maria
1144 2813 1401 2865 hominem
1432 2822 1649 2871 tantum,
1683 2827 1786 2864 non
1814 2814 1969 2864 etiam

396 2883 560 2936 Deum
608 2893 811 2947 natum;
868 2884 1015 2952 eique
1060 2880 1394 2935 Divinitutem
1441 2880 1683 2934 collatam
1723 2896 1832 2933 esse
1877 2897 1969 2951 pro

394 2956 595 3016 merito,
622 2953 765 3004 dicit.
795 2972 812 3001 ι

469 3020 663 3076 Peccat
703 3021 948 3089 quidem,
999 3036 1119 3076 cum
1176 3035 1417 3075 errorem
1465 3018 1681 3089 Leporii
1723 3017 1970 3074 Nestorio

394 3093 610 3156 tribuit;
640 3092 732 3145 sed
760 3092 889 3145 utile
921 3092 1175 3160 quiddam
1202 3091 1358 3144 simul
1392 3091 1584 3156 tradit,
1615 3105 1737 3144 cum
1763 3089 1972 3160 Lucen-

396 3163 529 3216 tium
570 3168 843 3216 auctorem
888 3159 1127 3230 appellat
1173 3161 1539 3215 annotationis
1575 3160 1798 3230 tributa:
1839 3159 1971 3217 Pro-

396 3247 571 3301 spero,
598 3246 808 3301 unaque
837 3229 993 3285 docet
1021 3231 1308 3286 secundam
1329 3239 1537 3300 partem
1559 3229 1967 3301 Chronicorum,

394 3299 512 3369 quae
532 3303 691 3368 vulgo
722 3299 970 3369 Prospcri
1014 3302 1238 3369 nomine,
1261 3299 1638 3369 inscribuntur,
1667 3299 1810 3352 aliud
1841 3300 1971 3352 nihil

394 3368 513 3425 esse
528 3385 684 3437 quam
704 3368 1158 3423 continuationem
1174 3384 1203 3422 a
1222 3368 1476 3422 Lucentio
1507 3368 1743 3437 additam
1765 3386 1777 3419 :
1809 3375 1973 3436 atque

392 3441 469 3493 ita
500 3436 730 3493 ostendit
776 3452 877 3505 qua
926 3440 1134 3491 ratione
1181 3438 1374 3507 depelli
1413 3438 1582 3506 possit
1617 3453 1647 3490 a
1683 3436 1968 3507 Prospero,

398 3523 603 3577 magna:
649 3507 964 3561 eruditionis
1012 3505 1299 3575 eximiique
1350 3505 1535 3575 judicii
1578 3508 1715 3577 viro,
1766 3505 1971 3560 inﬁnita

395 3575 567 3701 prope
611 3579 940 3650 ἀνιστορησὶα
964 3618 978 3641 ,
1031 3585 1439 3646 temporumque
1474 3575 1743 3638 confusio,
1772 3590 1890 3644 quin
1919 3578 1973 3630 in

440 3663 504 3701 oc
526 3654 640 3701 toto
669 3648 1028 3701 additamento
1058 3662 1195 3701 ncne
1213 3648 1466 3701 continua
1499 3655 1596 3700 est.
1646 3645 1767 3699 Fuit
1794 3653 1973 3700 autem

440 3645 640 3702 oc'toto
669 3645 1028 3701 addi'taniento
1058 3662 1195 3715 pene
1213 3645 1466 3701 continua
1499 3655 1596 3700 est.
1646 3645 1767 3699 Fuit
1794 3653 1973 3700 autem

398 3716 686 3771 Lucentius
732 3717 1015 3785 episc0pus
1062 3717 1395 3778 Asculanus,
1446 3731 1583 3770 unus
1628 3716 1695 3769 de
1743 3724 1975 3783 quatuor

394 3787 588 3855 legatis
609 3802 639 3841 a
667 3794 865 3857 sancto,
885 3786 1067 3841 Leone
1096 3786 1163 3857 ad
1191 3787 1453 3857 synodum
1463 3785 1973 3857 Chalcedonensem

394 3858 616 3980 Lnissuq,
647 3858 738 3925 qui
784 3855 1055 3925 epitomen
1103 3856 1168 3910 ad
1210 3854 1334 3909 ann.
1387 3854 1492 3908 455
1529 3854 1800 3924 perduxit.
1865 3854 1974 3911 Sed

432 3941 510 3980 aee
535 3942 562 3979 a
589 3942 684 3980 ias.

432 3941 510 3980 τεο
535 3941 684 3980 anas.
1974 3962 1975 3965 η

463 3996 517 4049 2.
558 3996 758 4060 Refert,
790 4002 911 4064 post
949 3996 1249 4049 orationem
1278 4010 1306 4048 a
1329 3994 1495 4047 Paulo
1524 3993 1789 4064 Emeseno
1818 3994 1973 4049 habi-

395 4073 502 4119 tam
526 4066 576 4118 in
606 4062 840 4119 Ecclesia
883 4065 1239 4119 Alexandrina
1264 4105 1277 4126 ,
1324 4064 1389 4117 de
1417 4065 1621 4118 duabus
1649 4062 1845 4117 Christi
1878 4080 1972 4118 na-

395 4136 528 4188 turis
557 4137 608 4188 in
646 4150 751 4188 una
796 4150 1025 4203 persona
1072 4132 1223 4269 (Cap.
1256 4134 1289 4186 8
1323 4133 1514 4201 Brem),
1562 4134 1626 4185 ad
1669 4133 1760 4186 illa
1806 4135 1970 4187 verba

395 4203 612 4259 Joannis
634 4223 648 4256 :
683 4203 901 4258 Verbum
923 4221 1044 4257 caro
1095 4214 1261 4257 actum
1283 4212 1377 4266 est,
1410 4212 1459 4255 et
1484 4202 1729 4255 habitavit
1755 4204 1809 4255 in
1826 4202 1970 4257 nobis

392 4203 612 4259 Joannis
634 4223 648 4256 :
683 4202 901 4258 Verbum
923 4221 1044 4257 caro
1072 4202 1261 4266 factum
1283 4212 1377 4266 est,
1410 4212 1459 4255 et
1484 4202 1729 4255 habitavit
1755 4204 1809 4255 in
1826 4202 1971 4257 nobis

397 4274 575 4343 (Joan.
600 4291 637 4338 ι,
670 4273 788 4343 lii);
818 4274 1073 4345 Cyrillum
1101 4274 1377 4345 tractantis
1404 4288 1703 4345 sermonem
1725 4271 1971 4345 demere

394 4340 700 4412 excepisse,
737 4340 791 4397 et
832 4340 970 4398 inter
997 4353 1189 4398 caetera
1218 4344 1450 4397 dixisse:
1497 4340 1633 4405 Quid
1662 4342 1725 4395 de
1756 4343 1837 4395 his
1862 4342 1971 4412 cla-

394 4416 501 4484 rius
530 4410 631 4466 dici
652 4414 849 4483 potest?
875 4412 988 4484 Qua
1016 4415 1248 4484 indigent
1270 4413 1379 4467 IttL’C
1407 4413 1807 4484 explanatione?
1853 4410 1967 4484 os

393 4482 585 4555 docuit,
603 4481 722 4553 quia
743 4483 885 4555 aliud
896 4483 1111 4555 (quidem
1132 4481 1321 4555 estqui
1343 4482 1629 4555 inhabitat,
1648 4481 1861 4555 etaliud

393 4551 743 4615 inhabitatur;
766 4561 814 4605 et
834 4551 977 4605 aliud
997 4564 1183 4605 natura
1211 4551 1457 4616 humana,
1487 4551 1629 4605 aliud
1658 4551 1849 4605 divina.
1898 4551 1966 4604 Et

394 4637 517 4676 cum
564 4638 867 4679 sermonem
913 4622 1274 4684 concluderet,
1320 4623 1597 4690 repetiisse
1631 4622 1791 4675 verba
1816 4620 1968 4675 Eme-

393 4693 508 4746 scni
535 4710 546 4745 :
579 4691 847 4763 Conspice,
871 4692 1059 4763 inquit,
1090 4693 1347 4763 Joannem
1370 4692 1496 4743 duas
1531 4700 1745 4763 naturas
1772 4690 1965 4763 prmedi-

393 4770 614 4825 cantem,
636 4771 685 4815 et
712 4752 868 4815 unum
890 4752 1181 4815 Christum:
1205 4761 1333 4813 duas
1362 4769 1575 4813 naturas
1604 4752 1884 4829 Qiiigeniti,
1917 4768 1966 4813 et

392 4848 549 4885 unam
578 4848 865 4897 personam.
906 4830 1115 4885 Etenim
1152 4830 1357 4901 quando
1380 4829 1529 4901 dixit
1558 4845 1575 4882 :
1617 4828 1684 4881 Et
1711 4828 1975 4901 habitavit

394 4901 448 4953 in
490 4902 682 4963 nobis;
732 4909 780 4954 et
823 4901 953 4954 duas
990 4899 1203 4954 naturas
1243 4900 1569 4969 prwdicavit;
1613 4908 1730 4951 tunc
1769 4899 1968 4969 addidit

395 4970 533 5023 haec:
566 4971 633 5024 Et
646 4971 875 5042 pidimus
905 4971 1123 5042 gloriam
1143 4968 1271 5042 ejus,
1296 4971 1513 5042 gloriam
1544 4979 1801 5042 tamquam
1834 4968 1965 5042 Uni-

395 5042 607 5113 genitia
637 5040 814 5106 Patre,
842 5038 1047 5113 plenum
1069 5038 1235 5113 gratia
1263 5038 1314 5113 et
1340 5041 1567 5113 veritate.
1591 5038 1795 5113 Quibus
1823 5039 1973 5107 rela-g

397 5108 464 5162 tis
493 5108 802 5164 Liberatus:
843 5108 1003 5175 Haec,
1036 5108 1233 5177 inquit,
1276 5108 1494 5177 Cyrillus
1526 5108 1694 5161 Paulo
1716 5117 1967 5177 praesente

397 5180 664 5241 tractavit,
713 5188 763 5232 et
798 5180 1206 5233 Alexandrinam
1249 5178 1419 5230 docuit
1455 5177 1740 5231 Ecclesium
1784 5180 1858 5230 ita
1904 5178 1966 5231 de

394 5246 598 5301 Christo
644 5250 850 5301 credere
896 5251 1027 5302 sicut
1082 5248 1248 5301 Paulo
1296 5248 1486 5301 dudum
1535 5257 1785 5301 tractante
1830 5246 1966 5301 didi-

393 5326 553 5370 cerat.

466 5387 599 5443 llinc
624 5388 876 5458 colligere
901 5394 999 5452 est,
1032 5393 1154 5458 post
1180 5396 1463 5458 utrumque
1484 5386 1729 5441 Emeseni
1757 5403 1962 5442 sermo-

466 5405 599 5443 mnc
624 5405 876 5458 comgere
901 5405 999 5452 εει,
1032 5405 1154 5458 post
1180 5405 1463 5510 utrumque
1484 5405 1729 5441 nmeseni
1757 5405 1962 5442 sermo-

395 5472 538 5529 nem,
568 5459 703 5512 duos
742 5460 882 5511 enim
934 5459 1136 5522 habuit,
1168 5460 1329 5511 verba
1393 5460 1562 5512 eeisse
1586 5467 1831 5512 sanctum
1858 5458 1963 5529 Cy-

394 5527 596 5593 rillum;
644 5536 698 5582 et
726 5528 824 5582 ista
852 5530 1065 5598 quidem
1107 5545 1232 5582 mox
1279 5529 1608 5598 relatagpost
1636 5527 1959 5598 secundum;

394 5611 512 5669 quze
542 5614 668 5653 vero
699 5599 751 5652 in
792 5596 949 5654 tertia
994 5608 1147 5669 parte
1191 5598 1403 5652 concilii
1447 5596 1696 5667 Ephesini
1729 5596 1877 5666 (Cap.
1908 5599 1962 5665 ’5)

397 5667 679 5737 habentur,
724 5679 843 5742 post
887 5667 1133 5746 primum.
1195 5668 1327 5723 Nam
1375 5669 1427 5722 in
1472 5669 1644 5739 primo
1698 5670 1965 5727 sententia

1953 4481 2046 4540 iD

2068 1849 2354 1913 scribebat,
2380 1848 2461 1901 die
2485 1848 2549 1900 l0
2576 1848 2787 1917 Aprilis,
2818 1849 3091 1917 scripserit
3115 1848 3196 1900 die
3220 1848 3241 1899 l
3279 1846 3491 1916 Aprilis.

2142 1918 2250 1973 Silo
2271 1927 2417 1971 certe
2443 1918 2574 1971 vitio
2597 1916 2670 1969 ait
2688 1917 2835 1986 (Cap.
2850 1917 2884 1968 4
2907 1916 3099 1983 Brem),
3116 1918 3169 1968 l°
3187 1918 3461 1986 epistolam
3478 1917 3648 1970 Joano

2068 1989 2151 2042 nis
2172 1989 2236 2041 ad
2259 1987 2559 2041 Nestorium
2590 1987 2837 2058 scriptam
2860 2001 2983 2058 esse
3000 1997 3289 2058 antequam
3318 1986 3547 2058 Cyrillus
3573 1988 3646 2040 ad

2070 2058 2412 2112 Caelestinum
2434 2057 2586 2110 daret
2613 2056 2815 2110 litteras
2842 2056 2907 2109 de
2938 2057 3096 2110 rebus
3129 2055 3377 2109 Nestoriii
3418 2056 3646 2110 Constat

2068 2128 2209 2182 enim
2255 2126 2510 2196 Cyrillum
2553 2124 2791 2196 pontifici
2829 2125 3057 2196 primum
3104 2125 3171 2179 de
3204 2127 3364 2179 rebus
3390 2126 3641 2196 Nestorii,

2071 2205 2181 2249 tum
2202 2193 2508 2266 pontiﬁcem
2533 2193 2797 2266 iNestorio
2818 2193 2873 2266 et
2908 2193 3118 2266 Joanni,
3152 2202 3207 2266 et
3236 2196 3445 2266 tandem
3474 2195 3643 2247 Joan-

2068 2263 2468 2335 nem’acceptis
2513 2265 2785 2335 Coelestini
2831 2263 3121 2335 Cyrillique
3166 2265 3353 2317 litteris
3394 2264 3645 2335 Nestorio

2070 2335 2363 2402 scripsisse.
2421 2334 2555 2389 Hinc
2600 2333 2920 2389 leestinus
2967 2334 3031 2387 ad
3080 2333 3415 2387 Nestorium:
3457 2334 3646 2387 Sancti

2071 2406 2250 2475 fratris
2275 2414 2324 2457 et
2349 2406 2643 2475 coepiscopi
2659 2406 2756 2456 mei
2772 2403 2951 2475 Cyrilli
2968 2404 3310 2472 probatissimi
3337 2404 3642 2475 sacerdotis,

2070 2472 2160 2544 per
2202 2475 2366 2543 ﬁlium
2405 2472 2973 2544 meum'Possidonium
3014 2474 3315 2536 diaconum,
3350 2472 3477 2524 talia
3510 2473 3573 2524 de
3597 2486 3648 2525 te

2068 2541 2262 2611 scripta
2295 2546 2608 2613 suscepimus
2627 2584 2640 2607 ,
2687 2541 2864 2613 quibus
2890 2542 2969 2593 his
2996 2544 3081 2613 qui
3110 2544 3171 2594 de
3205 2553 3288 2613 tua
3320 2543 3649 2595 ordinatione

2072 2613 2358 2683 detulerant
2386 2612 2597 2683 periisse
2624 2612 2771 2683 suum
2795 2612 3133 2683 testimonium
3161 2612 3462 2683 doleremus.

2143 2682 2276 2735 Hine
2300 2678 2461 2735 etiam
2501 2683 2563 2735 ad
2607 2682 2849 2735 eumdem
2885 2678 3156 2735 Joannes:
3198 2679 3383 2733 Clerici
3411 2681 3647 2733 Alexan-

2073 2751 2211 2804 drini
2240 2751 2463 2804 diversas
2486 2752 2547 2804 de
2568 2759 2655 2803 tua
2684 2753 2872 2820 pietate
2892 2749 3086 2803 litteras
3107 2767 3292 2820 magno
3313 2750 3382 2802 ad
3409 2760 3646 2820 nosistu-

2072 2820 2155 2872 dio
2189 2822 2532 2890 pertulerunt;
2571 2837 2700 2873 unas
2735 2820 2936 2890 quidem
2981 2819 3206 2890 piissimi
3226 2822 3447 2890 episcopi
3484 2819 3649 2890 σφισ-

2072 2887 2224 2954 stini,
2261 2890 2481 2959 reliquas
2504 2906 2677 2943 onmes
2705 2887 3013 2943 sanctissimi
3047 2887 3269 2958 episcopi
3293 2887 3509 2959 Cyrilli.
3539 2888 3649 2941 lla-

2072 2973 2185 3011 rum
2214 2958 2380 3011 autem
2413 2959 2647 3029 exempla
2674 2961 2875 3012 mittens
2902 2999 2914 3021 ,
2954 2961 3255 3012 charitatem
3284 2958 3419 3011 tuam
3460 2958 3650 3011 obnixe

2074 3036 2312 3099 rogatam
2340 3030 2509 3099 cupio,
2536 3028 2590 3081 ut
2612 3030 2683 3080 ita
2711 3045 2799 3081 eas
2829 3028 2980 3099 legat,
3013 3037 3115 3099 etc.

1998 3127 2042 3189 ο
2096 3094 2110 3109 '
2135 3094 2449 3189 9°‘Sa‘grain
2479 3094 3261 3189 ab,imperatorias]\Cyrillpm
3284 3098 3497 3189 missam
3525 3112 3648 3189 esse

2074 3168 2519 3238 rogatuNestorii
2550 3166 2709 3238 (Ibid.
2728 3207 2741 3229 ,
2766 3166 2858 3238 sub
2890 3168 3031 3238 ﬁn_.),
3056 3166 3184 3238 post
3214 3175 3455 3238 acceptas
3480 3181 3510 3219 a
3539 3166 3648 3220 Ne-

2072 3236 2243 3308 storio
2262 3237 2443 3308 Cyrilli
2467 3236 2697 3308 litteras,
2727 3236 3226 3308 quibusduodecim
3252 3236 3482 3308 capitula
3517 3238 3651 3289 sub-

2069 3304 2447 3376 jungebantur.
2503 3307 2663 3374 Atqui
2692 3304 2962 3374 priecessit
3010 3306 3176 3376 tribus
3204 3304 3647 3376 lere;hebdoma-

2074 3374 2156 3429 dis
2182 3374 2194 3427 ὲ
2231 3390 2354 3428 nam
2377 3390 2527 3429 sacra
2550 3376 2893 3443 consignatur
2913 3392 3002 3429 χιιι
3028 3374 3281 3427 kalendas
3310 3374 3646 3437 Decembris;

2073 3445 2264 3514 littera;
2285 3459 2414 3498 vero
2435 3454 2669 3514 accepta:
2686 3454 2820 3514 sunt
2846 3461 2912 3498 vn
2941 3446 3055 3498 idus
3078 3444 3399 3498 Decembris.

2146 3515 2205 3567 5°
2237 3512 2364 3568 Post
2392 3511 2643 3583 scriptam
2670 3512 2867 3583 Cyrillo
2896 3529 3102 3568 sacram
3132 3528 3311 3576 uuam,
3334 3511 3651 3583 missa_m_ad

2146 3531 2205 3567 ου
2237 3531 2364 3568 rom
2392 3531 2643 3583 scriptam
2670 3531 2710 3567 υ
2750 3531 2867 3568 riuo
2896 3531 3102 3568 sacram
3132 3531 3311 3576 uuam,
3334 3531 3551 3566 missam
3580 3531 3651 3563 au

2075 3586 2355 3638 universos
2375 3584 2655 3653 episcopos
2675 3531 2833 3637 ariam
2858 3599 2995 3648 esse,
3012 3598 3115 3652 qua
3140 3590 3457 3653 vocarentur
3478 3580 3654 3649 Ephe-

2075 3669 2192 3708 sum
2221 3653 2288 3707 ad
2317 3652 2620 3708 concilium.
2646 3653 3024 3707 Verumtamen
3046 3653 3098 3705 in
3126 3653 3212 3705 illa
3236 3652 3293 3704 lit
3316 3652 3471 3705 istius
3492 3665 3653 3703 men-

2074 3725 2151 3777 tio
2178 3742 2189 3776 :
2218 3722 2378 3794 Tuam
2407 3740 2600 3794 quoque
2640 3725 2974 3794 reverentiam
3012 3722 3081 3775 ad
3109 3731 3301 3794 tempus
3321 3761 3336 3784 ,
3366 3721 3502 3794 quod
3528 3720 3652 3773 aliis

2074 3794 2258 3846 litteris
2286 3793 2355 3845 ad
2382 3792 2642 3846 universos
2664 3793 3082 3862 metropolitanos
3102 3793 3270 3862 missis
3298 3792 3648 3862 signiﬁcatur,

2073 3871 2269 3932 prtestq
2290 3863 2467 3915 adesse
2496 3860 2747 3932 oportebit
2770 3858 2835 3932 (Γ
2846 3870 2980 3932 part.
3006 3877 3152 3932 conc.
3178 3858 3365 3931 Ephes.
3389 3858 3504 3932 gap.
3529 3858 3646 3932 ξι).

2142 3932 2203 3984 40
2233 3928 2577 3985 Caelestinum
2599 3928 3017 4001 epistola,'cujus
3037 3928 3244 3983 initium
3265 3938 3345 4001 est
3364 3928 3656 4001 :“Tristitiw

2072 4010 2264 4054 nostra:
2291 4003 2582 4055 sanctitatis
2620 3998 2800 4054 uestra:
2840 4000 3054 4063 litterce,
3085 4007 3212 4061 etc.,
3256 3998 3448 4068 Cyrillo
3489 3998 3655 4068 ricem

2071 4088 2219 4123 suam
2265 4071 2465 4123 dedisse
2506 4071 2560 4122 in
2610 4070 2824 4124 concilio
2866 4069 3167 4123 obeundum.
3218 4067 3377 4138 Attiui
3420 4067 3655 4136 epistola

2071 4138 2343 4195 C(elestini
2364 4140 2693 4211 sanctionem
2712 4140 2900 4211 synodi
2929 4140 3156 4211 indicem
3183 4138 3353 4211 tribus
3373 4137 3655 4211 mensibus

2071 4211 2377 4279 praecessit:
2410 4206 2756 4276 consignatur
2795 4210 2936 4262 enim
2964 4225 3038 4279 an
3079 4208 3198 4279 idus
3241 4206 3461 4279 Augusti
3499 4206 3655 4272 ejus-

2071 4276 2192 4332 dem
2216 4280 2361 4343 anni,
2385 4294 2483 4332 nec
2505 4279 2731 4332 Romam
2754 4279 2925 4331 nuntii
2949 4277 3014 4331 de
3034 4276 3239 4346 synodo
3261 4276 3457 4329 indicta
3476 4290 3654 4327 vene-

2072 4356 2195 4402 runt
2221 4357 2344 4402 ante
2366 4363 2602 4402 mensem
2625 4347 2999 4411 Decembrem,’
3020 4361 3251 4416 eumque
3281 4346 3651 4416 inclinantem,

2071 4432 2178 4486 quo
2207 4426 2447 4486 tempore
2486 4418 2760 4471 Nestorius
2788 4432 2850 4471 ea
2888 4417 2955 4471 de
3000 4432 3058 4470 re
3098 4414 3443 4470 Ctelestinum
3470 4414 3657 4486 primo

2070 4484 2355 4541 certiorem
2382 4487 2524 4541 fecit.
2558 4486 2766 4540 Placuit
2803 4503 2919 4540 vero
2960 4487 3204 4556 piissimis
3232 4484 3653 4556 imperatoribus,

2068 4556 2292 4628 Domino
2306 4557 2374 4609 ad
2370 4558 2529 4628 juvan
2537 4566 2606 4628 te,
2618 4558 2773 4609 etiam
2787 4554 3037 4628 synodum
3056 4554 3474 4628 inexcusabiliter
3482 4555 3657 4628 totius

2068 4625 2207 4680 orbis
2237 4623 2488 4706 terrarum
2515 4627 2761 4706 indicere,
2786 4623 3393 4706 prapterjnquisitionem
3421 4623 3657 4706 aliarum

2069 4711 2239 4748 rerum
2276 4696 2734 4749 ecclesiasticarum
2757 4691 2933 4748 {nam
2974 4691 3339 4748 dubitationem
3378 4691 3657 4746 verborum

2068 4781 2170 4836 non
2196 4766 2390 4819 aestimo
2412 4766 2701 4818 habituram
2724 4766 3101 4836 inquisitionem
3131 4764 3403 4836 diﬁcilem,
3426 4778 3521 4836 nec
3549 4764 3658 4836 im-

2069 4834 2355 4957 pedin‘t’ento
2381 4850 2492 4887 esse
2528 4836 2755 4906 futuram
2793 4831 2865 4886 ad
2904 4831 3504 4887 tractatum'Divinitatis
3538 4831 3659 4885 Do—

2069 4920 2196 4957 num
2252 4920 2358 4957 esu.

2069 4920 2196 4957 ηιυιι
2216 4920 2358 4957 ιεεα.

2143 4972 2203 5024 5°
2232 4972 2492 5028 Joannem
2522 4973 2909 5029 Antioclienum
2938 4972 3099 5027 biduo
3127 4980 3250 5042 post
3277 4970 3582 5042 depositum
3617 4985 3654 5042 a

2070 5044 2298 5098 concilio
2319 5042 2620 5098 Nestorium
2640 5045 2848 5097 venisse
2871 5040 3156 5111 Ephesum,
3174 5049 3377 5111 pugnat
3397 5040 3658 5111 relatiopi

2069 5112 2381 5166 Candidiani
2410 5114 2621 5167 comitis
2649 5114 2713 5166 ad
2742 5108 3003 5167 Joannem
3035 5122 3089 5166 et
3116 5108 3232 5179 ejus
3259 5108 3518 5181 synodum
3547 5108 3658 5173 (In

2068 5184 2180 5234 Act.
2208 5182 2533 5237 conciliabuli
2561 5183 2777 5252 Ephes.)
2805 5200 2815 5233 :
2841 5181 2965 5235 Cum
2995 5191 3113 5252 ante
3140 5183 3357 5252 quinque
3384 5182 3662 5252 p_r_o.cimos

2071 5252 2179 5305 dies
2225 5247 2669 5306 rererendissimus
2708 5247 2971 5323 episcOpus
3011 5247 3361 5322 Cyrillum-ac
3400 5247 3661 5301 Memnon

2071 5323 2220 5408 hujus
2251 5324 2470 5404 civitatis
2492 5325 2777 5405 episcopus,
2800 5323 3095 5408 et_qui'cu.m
3122 5323 3248 5391 ipsis
3277 5328 3394 5401 sunt
3417 5335 3663 5372 reveren—

2071 5393 2267 5445 dissimi
2296 5394 2519 5461 episcopi
2555 5393 2607 5445 in
2637 5402 2818 5446 sancta
2845 5391 3077 5444 Ecclesia
3107 5392 3471 5449 convenissent,
3505 5406 3550 5461 αῖ
3571 5403 3664 5461 me

2071 5461 2306 5527 prohibiti
2328 5470 2447 5513 sunt
2474 5478 2537 5513 ne
2557 5472 2731 5516 contra
2755 5461 3076 5514 dominorum
3100 5470 3389 5514 nostrorum
3408 5468 3457 5511 et
3476 5460 3666 5526 piissi-

2068 5548 2115 5582 m
2125 5547 2265 5583 orum
2284 5533 2648 5599 imperatorum
2665 5531 2864 5584 decreta
2878 5533 3011 5583 inter
3024 5546 3080 5583 se
3091 5545 3379 5583 consessum
3397 5532 3603 5598 [aceren
3612 5539 3661 5591 t,

2068 5609 2219 5665 atque
2234 5602 2409 5653 moniti
2432 5610 2486 5653 ut
2506 5603 2731 5654 omnium
2751 5609 2969 5653 vestrum
2985 5600 3253 5653 adventum
3273 5609 3660 5668 exspectarent;

2071 5669 2147 5721 illi
2189 5679 2357 5725 autem
2395 5679 2451 5724 ut
2498 5686 2698 5725 sacram
2745 5670 3069 5741 prtclegcrem
3116 5668 3501 5742 efﬂagitarunt:
3533 5683 3659 5723 cum
