4022 6182
471 329 606 384 “95

1178 327 1270 382 AD
1303 325 1671 383 SECUND.\M
1711 325 1995 384 PARTEM
2035 329 2101 384 Μ.
2147 327 2586 386 MERCATORIS
2627 327 2995 386 APPENDIX.

3613 334 3734 387 Il!"

463 445 692 498 rxamiui
723 445 880 506 dedit,
907 443 995 513 sed
1021 444 1175 495 etiam
1205 442 1414 494 omnino
1437 439 1600 493 Deum
1632 457 1760 503 esse,
1791 444 1875 513 qui
1897 451 2048 495 natus
2081 448 2125 506 Α
2155 459 2219 495 ex
2257 444 2440 496 litteris
2475 444 2588 513 tuis
2631 443 2880 513 oriturum
2921 457 3198 513 sperasses,
3242 458 3350 507 cur,
3381 445 3612 509 obsecro,
3641 451 3742 500 alis

463 525 556 578 est,
607 517 890 584 denegavit.
927 512 1039 566 Nos
1087 524 1254 564 autem
1304 514 1525 584 fatemur
1567 512 1812 584 quoniam
1859 514 1944 582 qui
1986 514 2050 565 de

460 595 643 637 sunt-ta
680 581 890 653 Virgine
917 594 1067 635 natus
1095 592 1190 644 est,
1215 593 1265 634 et
1285 583 1559 653 cruri/itus
1581 586 1674 643 At,
1705 581 1951 635 Dominus
1973 592 2049 635 est

461 656 643 725 gloriae
668 651 798 725 sicut
839 655 963 706 dicit
990 653 1268 725 Apostolus
1314 667 1330 703 :
1475 653 1619 725 enim
1671 653 2044 725 (agnovissent,

460 720 734 795 numquam
759 720 1044 795 Dominum
1056 723 1233 795 gloria:
1252 723 1647 795 crucifiarissent.
1673 720 1840 775 Par-ro
1870 720 2050 795 esto-

459 795 565 847 rius
595 791 738 847 'dicit
769 811 785 847 :
815 814 832 844 ι
867 792 995 846 Noli
1042 791 1291 862 gloriuri,
1342 791 1541 854 ludive,
1584 807 1693 862 non
1741 793 2046 861 cruci/ixiin

461 863 654 934 Deum;
685 884 720 934 i_
741 873 998 934 tamquam
1035 861 1146 933 ipse
1179 861 1428 934 Dominus
1458 861 1658 934 gloriae,
1691 861 1824 934 idem
1848 879 1949 915 non.
1977 866 2049 916 sit

455 933 641 1006 Deus.)
669 932 809 987 Nam
830 930 950 1006 quia
973 930 1156 1003 purum
1186 933 1443 986 hominem
1462 930 1575 985 non
1606 931 1731 984 dicit
1757 930 2042 998 Clu-istum,

453 1004 585 1057 sicut
611 1004 888 1069 Photinus,
915 1013 1020 1058 etc.

568 1143 583 1154 .
660 1107 734 1155 De
757 1106 1056 1168 Theoluhane
1082 1104 1317 1156 Cerameo
1343 1105 1391 1152 in
1417 1101 1834 1166 Cbronographia.

525 1211 775 1279 Quinque
799 1210 1014 1264 tradidit
1041 1209 1397 1279 TheOphanes
1427 1223 1455 1260 a
1481 1209 1749 1277 prioribus
1776 1209 2042 1264 historicis

525 1226 775 1279 quinque
799 1226 1014 1264 lt‘atlttIll.
1049 1226 1190 1263 tneo
1232 1226 1397 1262 nanes
1427 1226 1455 1260 a
1481 1226 1749 1277 pl‘lOl‘lDllS
1776 1226 2041 1264 mstoricts

460 1286 835 1352 praetermissa.
870 1279 1126 1343 Primum,
1159 1226 1226 1333 an
1269 1279 1496 1352 Eusebio
1538 1287 1666 1352 tunc
1710 1283 2041 1352 σχολαστικῷ

456 1348 548 1414 ἰῆς
590 1351 854 1422 βασιλίδος
897 1351 1284 1420 reprehensum
1325 1348 1489 1402 fuisse
1537 1348 1868 1422 Nestorium,
1920 1348 2041 1405 cum

459 1419 618 1476 neuio
660 1424 918 1476 hactenus
958 1419 1120 1474 ausus
1148 1429 1290 1474 esset
1319 1434 1544 1488 arguere
1573 1419 1866 1474 antistitem
1897 1423 2043 1476 urbis

451 1494 635 1561 regite,
665 1493 798 1546 aula:
826 1492 1139 1559 gratiosum,
1164 1500 1219 1544 et
1247 1490 1376 1543 nihil
1407 1506 1513 1561 non
1537 1489 1804 1543 valentem
1825 1493 2042 1559 aggredi

459 1560 738 1633 potentum
758 1577 882 1630 ope.
900 1562 980 1633 Ab
1002 1561 1269 1633 historicis
1289 1560 1556 1633 prioribus
1573 1561 1702 1633 dixi,
1731 1561 2044 1633 nam_l..eon-

461 1630 566 1705 tius
595 1634 917 1705 Byzantinus
943 1631 1262 1705 jampridem
1294 1630 1420 1705 illud
1441 1630 1759 1705 tradiderat
1805 1631 1954 1705 (Lib.
1985 1650 2042 1687 ut

453 1699 654 1756 advers:
691 1701 992 1756 Nestorian.
1035 1699 1084 1755 et
1122 1700 1358 1770 Eutgc.).
1391 1699 1631 1754 Alterum
1651 1737 1666 1760 ,
1698 1699 1839 1754 hunc
1868 1704 2039 1770 ipsum

455 1772 742 1828 Eusebium
767 1773 1049 1826 Anastasio
1078 1773 1391 1841 presbytero
1420 1771 1704 1841 anathema
1724 1771 1920 1825 dicenti
1943 1773 2040 1827 de-

453 1844 751 1898 fensoribus
767 1848 1005 1898 Θεοτό-του
1025 1839 1304 1895 restiti-59m.
1319 1839 1575 1900 Tertium,
1591 1855 1620 1892 a
1639 1839 1831 1895 Proclo
1845 1844 2040 1898 dictam

454 1930 593 1976 esse,
627 1915 941 1983 pne-sidente
984 1913 1036 1964 in
1077 1911 1316 1983 Ecclesia
1357 1909 1632 1983 Nestorio,
1665 1914 2040 1982 panegyricum

397 2039 399 2041 .
455 1985 522 2038 dc
546 1981 762 2051 Virgine
795 1983 1018 2052 Dcipara
1047 1982 1370 2035 orationem.
1405 1981 1686 2046 Quartum,
1715 1981 1849 2035 eam
1868 1984 2038 2052 ipsam

434 2055 758 2126 orationem
787 2053 1022 2107 habitam
1056 2053 1105 2105 ἐν
1142 2055 1235 2126 pia
1275 2059 1523 2126 ξκνριαῃῇ,
1564 2053 1746 2126 aliquo
1788 2054 1874 2126 die
1903 2053 2042 2126 festo

455 2125 813 2189 solemniore,
845 2139 1039 2193 nempe
1067 2113 1394 2193 annuntians
1432 2113 1692 2193 Virginis,
1725 2132 1783 2176 ut
1810 2123 2041 2193 diximus

433 2197 510 2249 .in
539 2197 678 2248 notis
703 2195 772 2248 ad
803 2191 1123 2247 orationem.
1154 2191 1513 2256 Postremum,
1543 2208 1573 2245 a
1604 2192 1794 2246 Nonno
1828 2192 2041 2250 Edessa:

435 2267 711 2335 mpiscopo
737 2265 995 2335 scriptum
1022 2262 1582 2335 JoanniAntiocheno
1612 2263 1663 2335 in
1693 2263 1809 2318 huic
1832 2265 1995 2318 verba
2023 2285 2035 2318 :

449 2330 708 2406 λίχνων-ᾖα
736 2330 1059 2406 Ecclesium,
1088 2334 1165 2406 vir
1203 2331 1332 2406 l_)_ei,
1363 2349 1395 2385 a
1435 2330 1670 2406 Nestorii
1701 2335 1948 2406 sizanﬁs,
1991 2345 2041 2389 et

453 2402 897 2474 coriun'perﬁdia.
935 2402 1086 2457 Unde
1108 2403 1471 2474 intelligimus,
1499 2402 1686 2474 Nonno
1717 2403 2034 2469 Rabbulam,

456 2472 712 2529 ltabhnhe
735 2472 879 2528 [bam
901 2474 1221 2529 successisse
1257 2473 1308 2526 in
1340 2473 1522 2526 sedem
1548 2472 1892 2527 Edessenam.

525 2547 593 2599 At
615 2562 719 2598 non
740 2547 976 2613 quinque
1001 2551 1204 2597 tantum
1227 2543 1488 2612 peccavit.
1515 2543 1646 2611 Nam
1668 2542 1730 2594 ιο
1751 2543 2041 2613 ordinatio-

445 2633 576 2670 nem
605 2612 834 2670 Nestorii
862 2612 1027 2668 refert
1053 2613 1120 2666 ad
1167 2629 1364 2667 annum
1411 2613 1607 2666 Christi
1657 2613 1778 2680 425,
1819 2612 2040 2670 Joannis

455 2686 772 2741 Antiochcni
802 2686 856 2746 8,
887 2685 1058 2739 sancti
1083 2682 1188 2737 Pra
1211 2683 1283 2737 'lii
1306 2683 1775 2754 llierosolymitani
1809 2685 1892 2748 15,
1916 2684 2041 2740 (Σω-

455 2757 632 2806 lestini
660 2756 854 2806 summi
884 2752 1150 2806 pontificis
1185 2701 1243 2806 ’ἕξ
1269 2769 1388 2806 ante
1417 2756 1594 2806 omnia
1625 2754 1812 2806 procul
1846 2756 2041 2806 absunt

454 2757 632 2811 lestini
660 2756 854 2810 summi
884 2752 1150 2824 pontificis
1185 2752 1243 2819 7;
1269 2769 1388 2822 quae
1417 2752 1594 2808 omnia
1625 2754 1812 2824 procul
1846 2756 2041 2811 absunt

451 2845 483 2880 a
510 2843 656 2888 vero,
683 2823 1049 2894 undecumque
1071 2824 1285 2878 tandem
1307 2823 1430 2876 anni
1455 2825 1659 2877 initium
1685 2823 2038 2894 Theophanes

451 2897 767 2966 smnpserit,
797 2897 910 2949 sive
929 2893 1313 2966 a_Septembri,
1345 2901 1404 2946 ut
1433 2909 1618 2948 revera
1642 2893 1891 2963 sumpsit;
1923 2897 2037 2951 sive

451 2985 480 3020 a
511 2963 786 3027 Januario,
823 2973 882 3018 ut
914 2964 1005 3018 alii
1031 2965 1226 3018 solent.
1252 2963 1384 3017 Nam
1408 2966 1702 3018 secundum
1730 2966 2035 3021 unanimem

451 3037 690 3089 omnium
717 3036 1041 3090 sententiam
1069 3035 1344 3088 ordinatus
1371 3042 1454 3088 est
1482 3033 1757 3089 Nestorius
1778 3035 1954 3089 Tauro
1983 3046 2039 3092 et

451 3107 628 3162 Felice
666 3121 831 3170 coss.,
859 3114 1020 3174 atque
1060 3105 1132 3158 ita
1172 3120 1313 3158 anno
1358 3102 1554 3158 Christi
1597 3103 1720 3168 428,
1771 3106 2033 3173 siquidem

447 3177 705 3257 rsuccessit
719 3176 982 3257 _in_sedem
1003 3174 1650 3257 Constant'inopolit'anam
1672 3174 1905 3257 Sis‘innio
1925 3177 2036 3257 yita
2065 3195 2108 3257 ρ

447 3249 633 3302 timeto
651 3248 752 3302 sub
775 3246 934 3301 linem
956 3261 1082 3299 ann.
1106 3245 1229 3297 427.
1252 3243 1454 3298 Deinde
1472 3243 1708 3297 Joannes
1736 3245 2034 3301 Antiochia:

447 3318 734 3387 episcopus
759 3315 1015 3387 suffectus
1042 3324 1124 3368 est.
1153 3316 1222 3387 in
1246 3315 1424 3387 locum
1469 3312 1873 3387 Theodotitqui
1904 3331 2030 3387 ann.

447 3382 552 3440 428
583 3382 764 3441 vivere
790 3386 967 3448 desiit,
998 3393 1136 3437 teste
1164 3383 1507 3436 Theodoreto
1539 3382 1675 3452 (Lib.
1702 3400 1733 3435 ν
1758 3384 1897 3438 llist.
1932 3386 2037 3440 Ec-

445 3457 572 3510 cles.
599 3473 714 3535 gap.
739 3453 857 3522 39).
893 3453 1060 3535 Certe
1083 3452 1310 3535 A'cacius
1348 3452 1632 3535 Bernensis
1673 3453 1739 3506 ad
1776 3453 2036 3535 Cyrillum

449 3520 770 3588 rescribens,
801 3520 926 3576 ann.
958 3521 1081 3584 450,
1110 3520 1370 3576 Joannem
1399 3522 1475 3574 ait
1508 3537 1696 3576 recens
1727 3520 2030 3580 ordinatum

437 3599 499 3718 31
527 3603 663 3665 part.
694 3609 840 3648 conc.
871 3591 1062 3662 Ephcs.
1095 3609 1210 3662 cap.
1251 3591 1374 3657 25).
1420 3589 1612 3646 Postea
1643 3590 1886 3664 Praylius
1914 3605 2037 3664 post

481 3678 712 3718 oannem
732 3662 1270 3718 Hierosolymitanam
1293 3659 1586 3716 Ecclesiam
1613 3665 1778 3718 rexit:
1802 3663 2036 3718 Joannes

481 3659 712 3720 oannem
732 3659 1270 3733 Hierosolymitanam
1293 3659 1586 3733 _E_c_cle_siam
1613 3659 1778 3733 rexit;
1802 3659 2036 3722 Joannes

447 3749 580 3792 vero
605 3735 749 3804 diem
778 3747 939 3804 suum,
953 3730 1092 3804 obiit
1126 3747 1250 3804 ann.
1284 3730 1406 3804 446,
1441 3731 1610 3804 immo
1647 3731 1888 3804 Praylius
1923 3735 2034 3804 jam

445 3813 687 3861 cesserat
719 3801 966 3857 Juvena-li
1005 3803 1240 3856 moriens
1267 3800 1449 3855 sedem
1498 3801 1644 3856 urbis
1671 3800 1868 3857 sancta:
1911 3800 2036 3862 ante

449 3891 574 3930 ann.
618 3873 742 3938 628,
772 3880 830 3945 ut
867 3888 935 3927 ex
963 3872 1153 3945 eodem
1199 3870 2031 3945 Theodoreto_constatA(Ibid.),

447 3952 760 4001 recensente
777 3941 1089 3998 Juvenalem
1109 3957 1228 3996 cum
1250 3941 1506 3996 Sisinnio.
1532 3942 1770 4011 Denique
1790 3941 2036 4001 C'telesti-

449 4032 550 4071 nus
591 4023 776 4069 tenere
818 4013 979 4080 empit
1004 4011 1186 4066 sedem
1215 4011 1566 4080 apostolicam
1597 4011 1855 4068 Bonifacii
1885 4016 2033 4072 obitu

433 4092 729 4140 vacantem
759 4083 845 4137 die
874 4079 915 4136 5’
934 4079 1405 4136 Novembris’ann.
1430 4079 1552 4151 425,
1580 4089 1742 4151 atque
1762 4083 1896 4138 adeo
1927 4102 2033 4140 non

443 4155 723 4225 praecessit
740 4160 948 4225 septem
968 4154 1121 4225 annis
1141 4151 1446 4225 Nestorium
1475 4150 1561 4205 die
1593 4150 1662 4204 l0
1683 4152 1880 4222 Aprilis
1903 4170 2030 4211 ann.

443 4221 551 4278 428
582 4226 633 4279 in
663 4224 788 4279 sele
806 4221 965 4292 urbis
992 4223 1154 4289 regiae
1185 4221 1533 4292 collocatum.

515 4295 580 4348 2“
609 4295 808 4350 Scribit
849 4292 1201 4349 Ctelestinum
1244 4291 1456 4346 dedisse
1510 4291 1715 4346 litteras
1761 4293 1827 4348 de
1873 4309 2032 4350 causa

442 4365 680 4420 Nestorii
702 4365 768 4418 ad
795 4363 1056 4418 Joannem
1081 4363 1471 4417 Antiochenum
1499 4369 1553 4434 et
1582 4361 1851 4434 Praylium
1872 4367 2029 4421 simul

434 4435 1006 4520 .llieroso‘lymitanum‘
1034 4452 1047 4485 :
1091 4441 1397 4515 repugnant.
1427 4432 2032 4520 scribe‘nti’gm'estiuus

441 4508 562 4576 ipse
591 4512 642 4576 et
667 4501 921 4576 Cyr-illus;
955 4505 1042 4558 ille
1069 4501 1229 4576 enim,
1253 4505 1438 4576 missis
1457 4501 1941 4576 perAPossjdonium
1964 4508 2029 4563 ad

445 4572 799 4648 Cyrillum'de
825 4572 1031 4630 Joanne
1046 4582 1114 4648 et
1131 4572 1602 4648 _Juvenali_l_i_t_teris
1628 4591 1639 4619 τ
1673 4573 1870 4628 Eadem
1900 4576 2025 4642 lucc,

436 4641 620 4716 inquit
643 4649 692 4715 (ι
713 4655 846 4716 part.
867 4662 1010 4718 conc.
1038 4641 1225 4713 Ephes.
1246 4659 1364 4718 cap:
1389 4641 1498 4710 15),
1523 4643 1593 4694 ad
1612 4655 1814 4718 sanctos
1835 4641 2032 4718 quoque

447 4711 1059 4788 {rdtm'et'roepiscopos
1085 4711 1290 4788 nostros
1316 4711 1607 4788 Joannem,
1639 4711 1856 4788 Rufum,
1876 4711 2031 4788 [uite-

444 4781 618 4841 itnlem
638 4798 688 4840 et
711 4781 1018 4838 Flairianu'm
1053 4781 1471 4850 perscripsimus;
1495 4781 1609 4850 iste
1623 4781 1750 4836 vero
1783 4785 1847 4837 ad
1867 4785 2030 4840 Juve-

449 4857 624 4910 nalem
645 4857 712 4910 de
729 4856 837 4909 illis
866 4855 994 4922 ipsis
1018 4849 1292 4922 Ctelesgini
1315 4851 1542 4922 litteris;
1576 4849 1701 4904 Cum
1726 4858 2032 4911 rererendis-

445 4930 623 4991 simus,
665 4927 769 4991 ait,
801 4919 1158 4996 piissimisque
1188 4921 1437 4996 Romana:
1476 4919 1725 4996 Ecclesia:
1762 4927 2028 4996 episcopus

447 4996 746 5072 limlestinus
775 4993 1054 5072 comperta
1077 4993 1138 5046 de
1160 5009 1230 5072 eo.
1248 4993 1525 5072 scripserit,
1555 4995 1793 5072 ipsasque
1812 4993 2027 5072 litteras

445 5067 525 5138 adu
543 5083 624 5138 me
649 5063 1134 5138 dederitpequidem
1174 5063 1290 5116 illas
1315 5063 1530 5115 vicissim
1569 5063 1638 5116 ad
1678 5063 1724 5117 te
1753 5066 2029 5121 mittendas

445 5136 752 5198 existimavi,
784 5145 886 5190 etc.

515 5205 579 5257 5ο
611 5203 797 5258 Tradit
822 5205 1109 5275 Cyrillum,
1155 5202 1277 5270 post
1316 5209 1562 5275 acceptas
1600 5204 1668 5275 ab
1705 5204 2027 5274 imperatore

445 5274 671 5338 litteras,
702 5274 895 5343 quibus
923 5275 1306 5342 increparetur,
1339 5274 1614 5342 scripsisse
1643 5274 1709 5327 de
1751 5285 1894 5328 recta
1925 5275 2028 5331 fide

445 5346 512 5398 ad
545 5343 930 5408 Theodosium,
957 5352 1012 5398 et
1031 5345 1099 5397 ad
1121 5345 1332 5410 reginas
1353 5360 1587 5407 sorores,
1610 5359 1718 5412 quo
1746 5360 1804 5399 se
1833 5361 2027 5414 purga-

447 5425 548 5468 ret.
591 5415 750 5484 Atqui
797 5417 986 5469 littene
1026 5415 1364 5482 imperatoris
1408 5414 1652 5468 falsitatis
1699 5417 2026 5471 convincunt

444 5485 830 5555 Theophanem
874 5503 886 5538 :
937 5501 1061 5538 nam
1109 5485 1162 5537 in
1217 5485 1282 5539 iis
1327 5485 1456 5538 vitio
1495 5487 1662 5555 yertit
1690 5484 2024 5542 Theodosius

443 5554 664 5627 tiyrillo,
714 5557 858 5624 quod
906 5556 1013 5627 alio
1042 5555 1108 5627 ad
1138 5570 1227 5619 se,
1261 5556 1365 5608 alio
1395 5555 1460 5627 ad
1494 5554 1828 5610 Pulcheriam
1859 5572 2024 5626 opere

444 5625 650 5681 directo
678 5635 886 5682 tentare
915 5626 1168 5681 voluisset
1211 5625 1553 5682 concordiam
1603 5628 1765 5693 regiae
1811 5627 2020 5688 domus,

443 5697 767 5765 tratremque
800 5713 920 5751 cum
951 5713 1137 5751 sorore
1161 5711 1503 5766 componere,
1535 5698 1636 5749 nisi
1667 5697 1875 5765 aliquod
1895 5698 2027 5749 inter

445 5781 533 5818 nos
563 5767 828 5821 dissidium
863 5785 970 5822 esse
1000 5779 1250 5836 putasses,
1277 5777 1366 5820 aut
1393 5777 1527 5821 certe
1555 5767 1748 5821 aliauid
1771 5769 2025 5834 ejusmodi

2153 514 2392 581 privatim
2414 512 2482 564 ad
2503 529 2616 575 nos,
2647 522 2695 565 et
2715 513 2784 564 ad
2811 511 3107 583 Eudoaiam
3137 514 3582 583 religiosissimum
3622 534 3733 571 con-

2144 583 2320 652 jugem
2343 599 2535 646 "team;
2567 583 2673 635 alia
2702 599 2818 635 vero
2847 583 2916 634 ad
2945 581 3273 636 Pulcherinin
3307 600 3538 637 sororem
3577 601 3741 640 meant

2151 661 2442 732 angustam,
2475 653 3026 774 eamdemqmipietatis
3047 654 3498 719 studiosissimum,
3522 660 3739 724 perscri-

2153 738 2340 774 nsmes
2365 725 2415 774 li
2445 731 2580 774 part.
2611 738 2758 774 conc.
2836 723 2978 774 nites.
3009 739 3124 774 can.
3152 723 3281 774 3H?

2152 723 2340 793 psisses
2365 725 2415 792 (ι
2443 731 2580 793 part.
2611 738 2758 776 conc.
2785 723 2978 792 Ephes.
3009 739 3124 793 cap.
3152 723 3281 791 3i)?

2220 792 2277 843 4⁰
2317 791 2404 846 Ait
2439 791 2784 846 Cuilestinum
2820 791 3104 847 excusasse
3131 793 3449 859 absentiam,
3482 793 3554 848 ob
3589 795 3740 848 labo-

2148 876 2237 916 res
2262 862 2478 916 hiemali
2510 869 2829 932 tempestate
2869 863 2923 916 in
2949 863 3084 916 mari
3114 863 3424 918 tolerandos
3449 882 3463 918 :
3490 872 3552 918 at
3578 880 3740 919 excu-

2147 932 2286 986 satio
2310 947 2484 1004 neque
2501 947 2596 1004 per
2619 947 2679 986 se
2707 932 2818 1001 ipsa
2842 932 3034 986 idonea
3061 941 3162 998 est,
3193 949 3314 1004 cum
3346 950 3505 988 verna
3535 943 3738 1004 tempe-

2147 1010 2287 1072 stare
2316 1003 2420 1056 iter
2445 1001 2837 1072 conficiendum
2853 1010 3203 1071 esset,eaque
3231 1003 3444 1069 affecta,
3475 1001 3736 1072 siquidem

2147 1072 2213 1124 ad
2237 1070 2607 1144 Pentecostem
2629 1071 2931 1126 condictum
2959 1080 3095 1136 erat,
3117 1070 3172 1126 id
3195 1082 3294 1134 est,
3318 1073 3385 1126 ad
3406 1070 3557 1127 diem
3575 1077 3740 1144 septi-

2146 1157 2291 1214 mum
2319 1141 2493 1214 Junii;
2528 1158 2703 1214 neque
2743 1157 2890 1204 vera,
2917 1157 3094 1214 cuma
3122 1158 3332 1197 summo
3360 1146 3613 1214 pontifice
3638 1141 3737 1214 per

2146 1212 2350 1279 legatos
2375 1211 2626 1267 alleratur
2653 1213 2756 1266 alia
2774 1251 2788 1272 .
2816 1227 3007 1281 nempe
3030 1213 3142 1280 jam
3173 1228 3281 1265 non
3310 1211 3394 1280 agi
3423 1213 3490 1267 de
3518 1211 3735 1268 ferenda

2143 1283 2428 1347 sententia,
2472 1282 2615 1351 quod
2661 1282 2998 1351 auctoritatis
3023 1291 3136 1346 est;
3179 1282 3276 1337 sed
3310 1284 3378 1337 de
3405 1286 3735 1338 exsecutioni

2145 1347 2504 1474 mungtrnda;
2540 1352 2686 1422 quod
2739 1347 2983 1422 obseq'uii
3040 1353 3220 1423 potius
3276 1352 3483 1426 (Coac.
3537 1353 3730 1424 Ephes.

2145 1439 2204 1474 ac
2234 1463 2246 1474 .
2355 1463 2368 1474 .

2143 1433 2246 1475 act.
2278 1433 2314 1474 ’Ξ
2333 1433 2368 1475 ὶ.

2214 1424 2437 1573 ffi'ii'ult
2455 1492 2718 1575 synodum
2744 1492 3049 1575 inchoatam
3073 1507 3195 1548 esse
3223 1493 3406 1575 diei)
3432 1491 3594 1575 Junii,
3618 1495 3732 1575 ela-

2142 1563 2254 1632 psis
2277 1577 2306 1616 a
2351 1563 2598 1618 condicto
2636 1565 2866 1618 termino
2898 1563 3085 1618 diebus
3112 1563 3399 1618 sexdecim.
3450 1563 3733 1630 Quomodo

2143 1647 2273 1687 vero
2297 1633 2408 1688 hanc
2435 1634 2726 1698 cohterent,
2760 1643 2870 1687 tum
2891 1635 3010 1698 sibi,
3036 1642 3147 1687 tum
3165 1634 3311 1688 Actis
3338 1635 3587 1688 concilii?
3607 1650 3731 1689 nam

2142 1703 2424 1757 condictus
2451 1704 2707 1757 terminus
2747 1703 2846 1757 fuit
2869 1703 2984 1758 dies
3023 1703 3330 1758 Dominicus
3366 1703 3728 1771 Pentecostes,

2143 1773 2237 1840 qui
2265 1773 2451 1827 incidit
2476 1773 2528 1826 in
2550 1775 2834 1845 septimum
2862 1773 3024 1838 Junii,
3043 1781 3103 1845 ut
3120 1783 3268 1828 certa
3291 1776 3500 1845 ratione
3527 1784 3732 1845 tempo-

2146 1859 2264 1917 rum
2291 1852 2532 1917 constat;
2557 1843 2695 1917 Acta
2709 1859 2844 1917 ye_ro
2867 1851 3052 1917 aperte
3077 1844 3368 1917 loquuntur
3390 1844 3604 1917 initium
3638 1843 3732 1917 sy-

2145 1913 2289 1967 nodo
2330 1913 2527 1969 factum
2557 1915 2643 1968 die
2669 1913 2738 1966 22
2763 1913 2938 1978 Junii,
2975 1923 3031 1967 et
3059 1929 3187 1968 vero
3229 1913 3343 1968 fieri
3373 1914 3574 1978 debuit,
3607 1913 3728 1969 cuin

2141 1984 2195 2037 in
2220 2000 2338 2038 eam
2367 1985 2509 2039 diem
2539 1983 2781 2038 inciderit
2802 1985 2932 2038 feria
2954 1984 3205 2050 secunda,
3230 1999 3336 2053 qua
3356 1986 3597 2040 solemne
3617 1996 3732 2040 erat

2142 2053 2272 2124 dare
2303 2055 2511 2124 initium
2536 2053 2773 2124 synodis.

2215 2122 2271 2177 6°
2312 2122 2600 2178 Historiam
2620 2165 2634 2186 ,
2672 2124 2717 2177 si
2748 2132 2926 2178 tamen
2967 2123 3189 2178 historia
3205 2123 3287 2178 ‘sit
3315 2131 3369 2178 et
3393 2139 3501 2178 non
3533 2124 3730 2186 tabula.

2142 2193 2210 2249 de
2231 2194 2575 2265 inchoatione
2603 2195 2812 2265 synodi,
2847 2195 2972 2248 tein
3006 2194 3148 2265 hunc
3169 2196 3220 2247 in
3244 2195 3460 2249 modum
3482 2213 3493 2246 :
3519 2195 3729 2249 Dicito-

2177 2281 2238 2335 ue
2265 2264 2409 2317 Junii
2449 2263 2644 2335 mensis
2691 2266 2934 2335 vigesima
2964 2263 3210 2317 celebrari
3249 2265 3398 2334 coepit
3435 2266 3728 2335 concilium,

2183 2332 2408 2398 iestorio,
2459 2333 2652 2404 Cyrillo
2691 2332 2754 2387 et
2785 2334 3000 2403 Praglio
3023 2335 3289 2388 concentui
3316 2332 3726 2402 praesidentibus,

2143 2403 2336 2473 Cyrillo
2368 2421 2481 2458 rero
2505 2403 2731 2458 Romani
2775 2405 3036 2474 pontiﬁcis
3079 2406 3247 2456 locum
3291 2405 3564 2474 obtinente,
3602 2423 3729 2458 cun-

2141 2476 2333 2546 ctisque
2372 2475 2434 2526 de
2463 2475 2718 2546 theologia
2751 2473 3033 2546 sermonem
3076 2475 3398 2544 facientibus,
3429 2473 3729 2546 rNestorius

2141 2542 2330 2614 magna
2351 2542 2652 2611 arrogantia
2681 2545 2852 2615 dixit;
2891 2563 2909 2595 ι
2957 2542 3084 2597 Non
3106 2562 3198 2614 ego
3218 2561 3332 2597 eum
3353 2545 3437 2615 qui
3475 2545 3731 2599 bimestris

2141 2613 2240 2666 aut
2270 2617 2538 2668 trimestris
2595 2617 2748 2685 fuerit
2799 2613 2965 2667 Deum
3013 2613 3372 2685 appellavero,
3419 2626 3733 2685 quapmpter

2141 2685 2361 2737 mundus
2389 2701 2502 2736 sum
2529 2702 2561 2738 a
2589 2695 2752 2739 rostro
2781 2687 3008 2754 omnium
3034 2687 3298 2754 sanguine,
3328 2701 3486 2754 neque
3513 2697 3734 2754 postmo-

2142 2755 2261 2808 dum
2291 2756 2360 2806 ad
2389 2772 2475 2808 vos
2505 2757 2723 2808 veniam.
2763 2773 2780 2805 ι
2815 2753 2944 2808 Cum
2975 2755 3112 2807 dicto
3134 2753 3291 2807 euasit
3318 2753 3412 2807 sesc
3437 2753 3730 2808 comitanti-

2143 2824 2235 2878 bus
2259 2826 2537 2906 episcopis,
2564 2827 2649 2906 qui
2671 2825 2830 2895 ipsius
2850 2825 3114 2906 sententiae
3142 2823 3474 2905 adlirerebant
3501 2840 3521 2877 :
3540 2823 3731 2906 .Cyrt'lli

2138 2910 2395 2966 sequaces,
2424 2895 2672 2964 postridie
2708 2896 3158 2966 congregati,__tres
3185 2896 3452 2966 episcopos
3480 2895 3732 2966 miserunt

2138 2963 2223 3034 qui
2255 2963 2554 3018 Nestorium
2584 2963 2843 3028 vocarent,
2885 2963 2990 3018 etc.
3022 2963 3152 3034 Nam
3190 2973 3382 3018 cuncta
3426 2964 3539 3018 haec
3582 2965 3732 3019 Actis

2139 3032 2350 3088 concilii
2374 3035 2698 3104 pugnant(n
2727 3043 2862 3104 part.
2892 3051 3032 3088 conc.
3057 3032 3195 3104 Eph.
3214 3042 3318 3087 act.
3342 3034 3416 3104 υ,
3447 3048 3513 3104 ex
3534 3035 3729 3102 quibus

2139 3119 2332 3173 nempe
2359 3101 2604 3168 constat,
2639 3101 2880 3172 coeptam
2925 3101 3189 3173 synodum
3226 3104 3314 3158 die
3341 3102 3411 3154 ’ἑξ
3451 3101 3621 3167 Junii;
3653 3106 3723 3158 ad

2140 3189 2259 3229 eam
2281 3191 2389 3228 non
2419 3175 2628 3229 venisse
2657 3189 2910 3242 umquam
2932 3174 3257 3237 Nestorium,
3281 3174 3451 3226 multo
3476 3174 3647 3227 minus
3671 3176 3728 3228 in

2139 3259 2202 3297 ea
2234 3245 2577 3312 praesedisse;
2628 3244 3013 3313 blasphemiam
3044 3259 3074 3296 a
3104 3243 3352 3297 Nestorio
3381 3243 3636 3313 prolatam
3670 3245 3728 3297 in

2136 3311 2383 3367 familiari
2405 3329 2697 3382 congressu
2723 3311 2843 3369 cum
2873 3314 3070 3368 Acacio
3099 3311 3452 3372 Melitenensi.
3474 3321 3528 3367 et
3548 3311 3731 3367 Theo»

2136 3382 2265 3436 doto
2288 3384 2604 3454 Aucyrano;
2638 3399 2732 3438 eos
2761 3385 2958 3440 exiisse
2980 3383 3212 3439 Nestorii
3237 3383 3471 3453 hospitio
3501 3385 3726 3438 sacrile-

2135 3466 2256 3520 gain
2282 3469 2470 3508 vocem
2491 3462 2818 3509 exsecratos.

2206 3522 2306 3578 llic
2325 3525 2497 3578 oritur
2518 3525 2748 3592 qumstio
2786 3523 3042 3579 solvenda
3073 3524 3266 3584 obiter,
3299 3522 3392 3589 qui
3431 3525 3626 3577 factum
3655 3525 3730 3578 sit

2136 3601 2194 3674 ut
2223 3609 2344 3647 cum
2373 3594 2810 3674 synodushaberi
2835 3595 3060 3674 coeperit
3086 3594 3174 3674 die
3196 3593 3459 3674 :22.Junii,
3484 3594 3724 3674 episcopi

2137 3663 2412 3734 tan'ienrea’
2441 3664 2553 3734 ipsa
2576 3664 2666 3734 die
2691 3663 2759 3718 ad
2787 3663 3049 3734 synodum
3071 3664 3354 3718 retulerint
3375 3679 3433 3717 se
3454 3663 3626 3732 pridie
3657 3663 3728 3717 ad

2135 3733 2435 3788 vocandum
2461 3733 2768 3803 Nestorium
2805 3733 2998 3787 missos
3034 3748 3172 3796 esse,
3204 3735 3388 3802 utique
3410 3734 3726 3803 asynodo;

2135 3813 2252 3856 erat
2274 3804 2432 3872 igitur
2459 3804 2630 3872 pridie
2647 3802 2760 3872 jam
2796 3803 3042 3872 collecta.
3067 3803 3267 3856 Verum
3289 3801 3410 3857 cum
3437 3801 3552 3856 dies
3579 3803 3730 3869 vige-

2135 3873 2268 3943 sima
2300 3871 2478 3942 prima
2510 3873 2785 3943 Dominica
2815 3871 3006 3936 fuerit,
3045 3873 3360 3929 convenisse
3384 3872 3450 3943 ad
3477 3874 3728 3943 synaxim

2135 3940 2324 3997 Patres
2349 3943 2587 4013 oportuit
2614 3961 2626 3995 :
2659 3942 2800 3996 unde
2827 3957 2950 3997 cum
2975 3943 3188 3998 abesset
3217 3940 3564 4013 Nestorius,'a
3587 3957 3727 4010 qua»

2139 4021 2264 4067 tuor
2285 4011 2554 4082 episcopis
2580 4013 2860 4066 invitatum
2883 4014 3101 4081 quidem
3128 4013 3313 4067 venire
3341 4011 3405 4082 ad
3435 4013 3730 4066 crastinam

2133 4080 2416 4152 synodum,
2451 4080 2556 4136 non
2582 4085 2810 4138 citatum
2834 4080 2972 4150 jure,
3003 4084 3201 4153 quippe
3229 4098 3349 4153 cum
3381 4080 3547 4136 festus
3575 4095 3726 4136 esset

2133 4151 2266 4218 dies,
2293 4168 2394 4206 nec
2421 4153 2593 4207 adhuc
2633 4154 2871 4222 episcopi
2901 4151 3196 4222 legitimum
3233 4151 3482 4206 fecissent
3509 4153 3729 4206 initium

2133 4223 2347 4277 concilii
2379 4241 2391 4275 :
2417 4223 2558 4276 unde
2587 4223 2782 4278 factum
2814 4230 2868 4275 ut
2891 4223 3181 4280 secundum
3203 4237 3436 4278 canones
3473 4230 3727 4291 postmo-

2132 4293 2257 4346 dum
2289 4293 2446 4346 tertio
2475 4301 2694 4347 vocatus
2715 4293 2801 4356 sit,
2834 4308 2955 4347 cum
2977 4294 3188 4347 vocatio
3215 4294 3385 4361 prima
3416 4308 3522 4345 non
3555 4293 3728 4346 habe-

2131 4371 2216 4416 ret
2247 4364 2351 4417 vim
2379 4362 2622 4416 canonici
2652 4377 2957 4433 processus,
2981 4363 3076 4417 sed
3105 4363 3489 4417 admonitionis
3512 4372 3725 4416 tantum

2134 4442 2295 4500 atque
2322 4433 2670 4487 invitationis.
2989 4490 2993 4493 ,

2205 4503 2258 4554 7°
2297 4503 2490 4556 Narrat
2525 4501 2784 4557 Joannem
2826 4502 3219 4563 Antiochenam
3252 4517 3375 4558 cum
3407 4502 3520 4556 suis
3558 4503 3725 4556 tertio

2061 4561 2110 4619 Ι)
2135 4579 2256 4642 post
2281 4581 2511 4644 emptam
2541 4574 2802 4644 synodum
2820 4574 2910 4644 die
2937 4561 3216 4630 advenisse
3241 4591 3252 4625 :
3278 4589 3386 4644 quo
3409 4587 3595 4644 errore
3623 4588 3724 4644 po-

2131 4642 2386 4698 steriores
2413 4644 2547 4696 alios
2575 4642 2874 4712 implicuit,
2915 4654 3103 4697 contra
3147 4643 3490 4698 manifestum
3535 4642 3725 4714 Cyrilh

2131 4714 2494 4768 testimonium
2525 4722 2681 4767 antea
2705 4715 2950 4767 relatum.

2203 4783 2259 4834 8'
2291 4783 2481 4836 Narrat
2507 4784 2708 4852 pariter
2745 4783 3046 4838 Nestorium
3067 4851 3070 4852 ν
3092 4797 3214 4836 cum
3251 4781 3459 4836 Joanne
3494 4783 3724 4850 aliisque

2129 4853 2481 4908 schismaticis
2496 4851 2818 4914 consedisse.
2838 4869 2957 4908 cum
2981 4854 3032 4906 in
3043 4851 3298 4923 Cyrillum
3313 4862 3366 4908 et
3379 4852 3722 4906 Memnonem

2127 4925 2390 4978 sententia
2412 4923 2761 4992 depositionis
2789 4923 3048 4978 ferretur:
3073 4924 3220 4990 atqui
3251 4923 3389 4977 istud
3415 4924 3556 4977 nulla
3587 4923 3722 4976 Acta

2129 4996 2424 5058 continent,
2457 4993 2619 5046 immo
2655 4994 2869 5048 silentio
2897 5009 2995 5047 suo
3035 4993 3429 5047 contradicunt.
3485 4993 3550 5045 Et
3591 5007 3726 5045 vero

2129 5064 2350 5119 Joannis
2370 5063 2604 5134 synodus
2624 5062 2923 5119 Nestorium
2945 5079 3053 5118 non
3083 5063 3346 5134 restituit;
3373 5077 3548 5134 neque
3575 5063 3726 5116 enim

2129 5143 2360 5205 poterat,
2388 5132 2509 5189 cum
2538 5133 2712 5187 minor
2748 5143 2890 5205 esset
2933 5149 2996 5188 ea
3035 5149 3067 5186 a
3089 5148 3196 5201 qua
3233 5132 3479 5205 dejectus
3508 5132 3679 5205 fuerat
3708 5149 3724 5193 ;

2131 5201 2306 5274 neque
2343 5206 2384 5258 si
2434 5204 2712 5273 potuisset,
2760 5204 2971 5258 sivisset
3017 5211 3196 5258 tamen
3225 5201 3480 5274 Joannes,
3522 5202 3728 5274 quippe

2130 5273 2371 5330 ambiens
2393 5275 2748 5344 principatum
2765 5275 2972 5344 synodi,
2996 5274 3082 5328 cui
3111 5273 3392 5344 cupiditati
3421 5273 3730 5344 obstitisset

2130 5341 2423 5405 Nestorius,
2449 5341 2727 5412 privilegio
2753 5341 2861 5398 sua:
2888 5344 3046 5407 sedis,
3070 5341 3196 5410 quai
3218 5358 3247 5396 a
3268 5341 3730 5410 Constantinopo-

2127 5416 2295 5470 litano
2332 5414 2559 5469 concilio
2617 5414 2850 5469 secunda
2904 5421 3026 5483 post
3082 5414 3378 5468 Romanam
3429 5412 3728 5468 constituta

2127 5487 2182 5539 fu
2189 5502 2278 5539 era
2287 5495 2324 5538 t.

2200 5555 2256 5607 9'
2297 5557 2372 5610 lie
2400 5555 2744 5612 Theodoreto
2775 5554 3006 5623 capitula
3033 5551 3218 5624 Cyrilli
3245 5559 3522 5619 urguente.
3567 5560 3622 5624 et
3652 5550 3728 5604 de

2127 5624 2326 5695 Cyrillo
2349 5627 2747 5681 Theodoretum
2776 5625 3108 5688 confutante,
3142 5623 3378 5691 loquitur
3407 5623 3630 5695 perinde
3659 5636 3733 5674 ac

2127 5693 2532 5761 si'rcprehensio
2555 5697 2712 5758 illius,
2730 5705 2784 5749 et
2802 5697 2952 5748 istius
2965 5695 3261 5764 responsio,
3278 5693 3467 5764 synodi
3485 5701 3732 5764 tempore

2127 5766 2367 5820 confecta
2396 5768 2481 5821 sit.
2508 5767 2712 5832 Quibus
2741 5761 3066 5820 contradicit
3089 5761 3460 5821 Theodoretus
3495 5781 3506 5812 :
3537 5761 3727 5814 Prius-
