4012 6180
321 289 349 346 1
360 289 466 346 205

936 287 1239 344 DlSSEllT.
1280 284 1342 340 ll.
1389 285 1476 340 DE
1507 255 2112 342 ‘SYNODIS'IIABITIS
2151 284 2216 341 IN
2254 287 2482 344 CAUSA
2520 288 2976 345 NESTURIANA.

3455 295 3594 350 1206

385 404 494 491 sed
515 406 802 491 occasione
819 405 1115 489 legatorum
1135 406 1487 491 sellismaticae
1510 407 1712 491 synodi
1722 406 1902 491 pbser-
1928 412 1976 468 A
2007 426 2198 481 nempe
2225 411 2370 491 quod
2394 413 2827 491 incarnationem
2841 431 2988 491 mera
3014 419 3258 477 ἐνοικήπει
3278 427 3332 472 et
3351 420 3601 491 ἀναλήψει-

309 476 546 531 vandum
576 484 677 536 est.
704 492 866 530 unum
887 491 954 530 ex
975 477 1104 546 ipsis
1132 476 1290 531 fuisse
1319 475 1580 530 Joannem
1613 477 1896 532 Antioche-

315 562 442 600 num
461 588 475 610 ,
510 547 667 614 idque
695 561 761 601 eo
789 547 1044 610 consilio,
1078 554 1135 600 ut
1161 547 1206 602 si
1237 547 1588 601 convenirent
1618 548 1895 615 utriusque

314 617 482 686 partis
512 617 690 683 legati,
723 616 867 687 quod
896 618 1129 670 futurum
1159 617 1494 688 sperabatur,
1529 617 1896 673 Antiochenus

317 687 512 742 merito
540 703 651 741 suae
679 688 820 741 sedis
868 697 1153 755 prmesset,
1188 687 1438 754 urbisque
1485 689 1646 755 regia:
1676 690 1892 756 episco-

313 773 440 826 pum
482 758 772 821 ordinaret,
800 757 843 811 si
865 757 985 825 quis
1025 756 1291 821 Nestorio,
1319 759 1470 826 cujus
1491 774 1577 814 res
1603 759 1892 827 deplorata:

313 827 650 891 videbantur,
683 827 1024 882 suﬂiciendus
1054 827 1210 882 foret.
1234 829 1440 882 Nullam
1471 829 1612 882 enim
1644 830 1893 883 occasio-

313 913 437 952 nem
465 899 939 968 pnetermittebant
957 897 1273 968 Orientales,
1301 899 1520 968 ipseque
1540 897 1892 954 Orientalium

313 966 535 1040 antistes
563 969 846 1040 arrogandi
867 968 967 1040 sibi
1000 968 1067 1022 de
1087 966 1286 1040 Cyrillo
1307 966 1661 1040 Nestorioque
1681 968 1890 1040 iudicii,

313 1039 537 1109 aliisque
567 1039 848 1102 Ecclesiis,
881 1039 1073 1093 saltem
1099 1037 1295 1109 semel,
1327 1039 1656 1109 dominandi.
1693 1037 1893 1093 Urebat

312 1107 464 1163 enini
483 1110 637 1164 dolor
664 1109 900 1178 episcopi
930 1124 1080 1163 nova:
1122 1107 1336 1174 Romze,
1381 1124 1480 1178 per
1505 1107 1892 1166 Constantino-

311 1179 606 1248 politanum
635 1179 916 1233 concilium
946 1179 1149 1248 pnelati
1180 1178 1532 1233 Antiocheno.

382 1249 639 1316 Quartum
658 1290 672 1312 ,
704 1250 830 1318 quid
859 1251 926 1304 de
952 1248 1289 1304 leestianis
1317 1250 1387 1303 sit
1416 1258 1593 1303 actum
1633 1251 1799 1305 haece
1839 1250 1891 1304 in

310 1320 551 1390 synodo?
581 1320 771 1374 Mirum
801 1321 942 1376 enim
991 1335 1162 1390 quam
1198 1318 1405 1390 diversa
1435 1335 1465 1372 a
1494 1319 1721 1374 diversis
1763 1335 1894 1374 con-

308 1388 594 1457 jeetentur,
617 1399 836 1459 propter
852 1390 1094 1458 Gregorii
1116 1388 1289 1457 Magni
1314 1390 1597 1444 nonnullas
1613 1390 1890 1459 epistolas,

310 1460 503 1529 quibus
545 1468 726 1514 narrat
753 1461 878 1529 quid
908 1459 1108 1528 negotii
1147 1460 1394 1514 habuerit
1419 1475 1541 1514 cum
1570 1459 1778 1514 Joanne
1805 1459 1894 1514 Je-

309 1527 561 1597 junatore
587 1527 1087 1599 ConstantinopOIis
1115 1530 1373 1598 episcopo
1391 1569 1404 1593 ,
1437 1531 1723 1583 occasione
1752 1545 1892 1598 quo-

311 1601 554 1654 rumdam
601 1601 986 1655 monachorum
1024 1601 1240 1655 haeresis
1269 1605 1660 1653 accusatorum.
1695 1599 1893 1653 Verum

309 1684 432 1722 cum
454 1671 724 1740 popularis
746 1685 908 1740 super
928 1685 992 1723 ea
1015 1685 1074 1724 re
1093 1670 1276 1738 opinio
1297 1668 1551 1723 convulsa
1562 1670 1645 1740 lsit
1665 1686 1694 1722 a
1719 1670 1892 1740 nobis,

311 1755 416 1810 non
448 1739 554 1794 uno
585 1741 637 1793 in
668 1739 824 1803 loco,
849 1747 902 1795 et
930 1740 1226 1810 prmsertim
1258 1740 1310 1810 in
1339 1740 1481 1792 notis
1511 1739 1578 1810 ad
1605 1739 1894 1810 secundam

309 1809 592 1876 epistolam
622 1810 873 1875 Nestorii,
918 1810 1050 1863 nihil
1079 1809 1220 1863 aliud
1256 1809 1306 1862 in
1330 1809 1578 1877 pmsentj
1600 1809 1896 1877 disceptan-

307 1875 612 1960 dunrputo,
643 1895 803 1960 quam
831 1880 958 1948 quid
988 1894 1160 1960 causae
1179 1875 1355 1960 fuerit
1376 1895 1491 1960 “cur
1536 1875 1896 1960 orientalibus

310 1948 507 2002 invidia
547 1950 817 2004 societatis
845 1966 966 2004 eum
994 1948 1332 2005 leestianis
1373 1948 1509 2003 facta
1550 1949 1618 2002 sit
1647 1966 1674 2001 a
1707 1950 1895 2004 catho-

308 2017 451 2082 licis;
485 2028 534 2072 et
570 2019 708 2073 idem
747 2021 932 2074 vitium
976 2020 1252 2075 catholicis
1295 2019 1526 2074 vicissim
1556 2019 1622 2073 ab
1649 2019 1895 2073 Orienta-

309 2087 449 2142 libus
478 2087 714 2144 affictum
742 2091 848 2144 sit?
876 2089 931 2144 ld
960 2106 1088 2144 vero
1119 2089 1174 2142 in
1202 2105 1361 2145 causa
1385 2088 1546 2144 fuisse
1575 2105 1717 2154 reor,
1749 2090 1894 2158 quod

307 2173 370 2210 ea
402 2167 720 2229 tempestate
763 2161 963 2229 nullum
1007 2175 1204 2214 nomen
1245 2161 1366 2228 plus
1408 2159 1631 2215 haberet
1660 2160 1888 2224 invidiae,

307 2228 594 2297 propterea
647 2229 790 2298 quod
844 2228 1197 2285 leestianos
1251 2245 1440 2285 recens
1491 2237 1600 2284 tota
1631 2229 1889 2295 Ecclesia,

305 2307 585 2368 tutumque
641 2300 921 2368 imperium
977 2301 1050 2354 ita
1095 2299 1474 2364 damnaverat,
1535 2308 1589 2354 ut
1635 2300 1808 2354 nullos
1840 2302 1890 2356 in

308 2368 467 2421 istum
499 2385 667 2439 usque
703 2368 844 2424 diem
885 2371 1186 2425 hmreticos.
1218 2370 1352 2425 Nam
1399 2385 1588 2424 omnes
1627 2369 1891 2436 majorum

305 2440 511 2492 sodium
555 2441 851 2505 antistites,
869 2481 884 2487 -
903 2441 1042 2495 datis
1070 2439 1136 2494 ad
1165 2447 1335 2494 totam
1374 2439 1668 2495 Ecclesiam
1699 2440 1892 2496 litteris

306 2508 714 2565 deuuntiatoriis
742 2511 909 2567 hocce
927 2525 1105 2581 genus
1143 2511 1515 2581 hazreticoruln
1556 2511 1889 2581 proscripse-

305 2588 391 2651 rat
423 2597 434 2631 :
469 2581 540 2634 ita
571 2581 879 2636 Theodotus
903 2580 1274 2651 ,Antioehenus
1301 2597 1421 2635 cum
1455 2579 1667 2651 Praylio
1696 2579 1888 2636 lliero-

303 2650 628 2721 sulymitano
656 2667 782 2705 ann.
817 2650 948 2716 M6,
983 2652 1056 2704 ita
1097 2652 1337 2707 Zosimus
1384 2650 1623 2706 summus
1650 2653 1888 2721 pontifex

305 2733 430 2772 ann.
463 2720 584 2786 418,
615 2723 686 2776 ita
719 2723 924 2777 Atticus
951 2721 1578 2783 Constantinopolitanus
1610 2720 1734 2775 ann.
1760 2721 1885 2787 425,

306 2790 377 2843 ita
409 2790 636 2861 Cyrillus
679 2791 1068 2846 Alexandrinus
1095 2808 1222 2847 ann.
1269 2790 1394 2856 450,
1436 2792 1507 2844 ita
1539 2808 1722 2846 rursus
1750 2808 1886 2861 apo-

303 2861 492 2915 stolica
523 2862 678 2917 sedes
707 2863 804 2916 sub
833 2861 1126 2917 leestino
1179 2863 1376 2926 semel,
1409 2869 1464 2915 et
1504 2862 1715 2915 iterum.
1767 2861 1886 2917 Jam

301 2945 434 2984 vero
466 2932 517 2985 in
549 2932 833 2987 Occidente
862 2929 1164 2997 Honorius,
1199 2932 1250 2985 in
1280 2931 1497 2986 Oriente
1526 2931 1879 2997 Theodosius,

303 3001 670 3085 sanctionibus
699 3002 766 3056 ad
791 3002 1074 3085 praefectos
1102 3003 1353 3074 prdatorio
1382 3001 1579 3067 missis,
1614 3003 1712 3058 hos
1741 3003 1886 3072 ipsos

303 3071 548 3127 homines
578 3071 807 3128 insecuti
834 3072 1062 3128 fuerant.

1926 1782 1972 1842 B

2003 479 2220 558 azgrtzfi
2247 479 2531 558 delinirent
2563 483 2774 558 (Attat/t.
2798 485 2896 558 ll)
2917 526 2932 549 ,
2961 489 3142 544 ἕνωσιν
3167 491 3273 543 καθ’
3295 479 3588 545 ὑπόσταᾶιν
3610 533 3614 541 ,

2003 553 2612 627 [ejicerentldnathem
2640 553 2694 623 9.)
2722 571 2735 619 ;
2772 553 2919 627 _duos_
2943 558 3115 627 reipsa
3149 569 3504 625 agnoscerent
3528 561 3583 612 in

1999 620 2214 697 fibristo
2244 620 2380 678 filius
2423 620 2726 697 (Anathan,
2759 624 2792 676 4
2819 625 2951 697 et;_9)
2977 645 2991 692 ;
3021 620 3305 682 'Cln'istum
3346 629 3590 682 dicerent

1999 691 2271 768 hominem
2292 691 2521 768 θεοφὸῥογ
2544 694 2838 761 (ΑηαιΙιεηι.
2867 691 2949 768 5)ξ
2974 691 3232 766 negarent
3252 699 3420 754 Deum
3443 714 3582 762 esse,

1999 763 2133 835 sive
2161 763 2252 835 qui
2290 763 2577 835 apostolus
2621 773 2676 818 et
2722 763 2962 835 pontifex
3005 763 3357 823 confessionis
3384 779 3586 823 nostra:

2000 841 2083 954 flst
2115 831 2411 969 (Aagghem.
2451 833 2568 905 10);
2610 831 2840 904 sive'qui
2869 853 3058 908 passus
3106 838 3158 893 in
3195 856 3386 905 carne,
3419 840 3584 893 (Ana-

2037 920 2155 958 rem.
2283 941 2298 954 .

1999 910 2155 958 them.
2187 910 2298 958 12).

2078 972 2207 1048 110st
2232 973 2533 1048 syn_o_dutn_2
2563 991 2686 1048 cum
2711 975 2797 1048 de
2818 993 2950 1046 pace
2991 986 3257 1046 ageretur,
3289 980 3586 1048 postulavit
3617 999 3619 1002 ί

1999 1042 2066 1116 ab
2094 1040 2452 1116 Orientalibus
2496 1044 2725 1115 Cyrillus
2769 1040 3010 1101 damnari
3026 1040 3306 1116 vdogmata'
3350 1049 3584 1104 Nestorii

1999 1112 2286 1186 iidemque
2309 1115 2510 1186 scripto
2544 1112 2799 1186 exponi,
2834 1117 2978 1184 quod
3019 1119 3086 1172 ab
3115 1112 3174 1172 iis
3205 1129 3408 1172 tantum
3438 1120 3580 1186 exigi
3609 1146 3614 1150 -

1998 1182 2290 1250 solet,qui
2338 1183 2423 1236 vel
2468 1182 2706 1239 errorem
2754 1182 2997 1253 ejurant,
3044 1188 3128 1240 vel
3156 1189 3342 1242 saltem
3382 1182 3584 1243 erroris

1998 1253 2301 1326 suspicione
2327 1254 2637 1326 gravissima
2668 1255 2926 1326 laborant
2964 1274 2977 1308 :
3016 1259 3315 1325 expositam
3348 1259 3434 1312 ille
3462 1260 3582 1326 qui-

1998 1321 2302 1396 dem_lidem
2334 1324 2559 1392 accepit,
2591 1324 2712 1387 sed,
2746 1333 2804 1378 ut
2833 1334 3020 1395 postea
3046 1321 3255 1382 sincere
3281 1328 3420 1396 apud
3447 1321 3584 1381 aini-

1999 1391 2291 1466 cosufassus
2312 1401 2422 1454 est,
2466 1391 2786 1466 eiaovoptm‘i;
2817 1391 2871 1448 et
2899 1411 3084 1451 amore
3117 1397 3291 1466 pacis,
3315 1391 3495 1452 'dubia
3527 1398 3593 1452 in.

1999 1462 2275 1533 meliorem
2303 1472 2507 1533 partem
2534 1462 2935 1533 interpretatus.

2071 1531 2212 1606 Quid
2239 1533 2384 1600 quod
2433 1531 2733 1606 Orientales
2781 1536 2941 1606 seipsi
2991 1535 3237 1590 videntur
3282 1538 3598 1595 convicisse-

1997 1600 2215 1656 haeresis
2246 1610 2371 1656 tunc
2395 1603 2611 1671 quidem
2641 1600 2902 1677 defensre,
2937 1621 3056 1660 cum
3085 1607 3319 1677 synodus
3349 1607 3579 1662 babere-

1998 1679 2114 1734 tur;
2147 1680 2369 1745 retentze
2400 1689 2546 1737 vero,
2571 1690 2690 1728 cum
2722 1673 2878 1729 fidem
2908 1673 3271 1745 exponerent;
3303 1685 3360 1731 et
3385 1678 3578 1731 iterum
3603 1709 3605 1712 -

1998 1743 2316 1815 propalataa,
2365 1751 2486 1812 post
2501 1746 2738 1815 pacem?
2777 1745 2909 1799 Nam
2951 1743 3090 1799 inter
3114 1746 3487 1815 exponendam
3510 1749 3576 1798 ti-

1997 1812 2119 1866 dem
2147 1830 2158 1864 :
2190 1812 2432 1866 Dicemus
2451 1853 2467 1876 ,
2499 1812 2811 1882 inquiebant
2833 1855 2850 1879 ,
2898 1815 3132 1879 breviter,
3158 1812 3309 1870 sicuti
3338 1815 3401 1868 ab
3430 1817 3596 1870 initio

1998 1898 2062 1956 ea:
2083 1883 2282 1956 divinis
2297 1884 2487 1956 litteris
2503 1894 2898 1956 sanctorumque
2920 1885 3136 1956 Patrum
3159 1887 3436 1940 traditione
3455 1887 3580 1939 hatr-

1995 1952 2175 2015 simus,
2207 1953 2328 2022 ﬁdei
2357 1955 2408 2006 in
2434 1952 2620 2009 Nicaea
2641 1973 2673 2007 α
2693 1952 2887 2009 sanctis
2912 1955 3155 2009 Patribus
3178 1958 3424 2024 exposita:
3445 1958 3580 2009 nihil
3603 1978 3606 1979 ν

1995 2038 2207 2091 prorsus
2248 2023 2572 2092 adjicientes.
2618 2024 2721 2079 Illa
2761 2028 2926 2089 enim,
2958 2035 3015 2078 ut
3042 2036 3193 2078 antea
3220 2023 3441 2080 diaimus
3462 2067 3475 2089 ,
3508 2028 3597 2079 ad"

1996 2108 2196 2168 onlnem
2219 2093 2433 2168 pielatis
2451 2096 3104 2168 cognitionem,lomnisque
3129 2097 3384 2168 han-etij
3403 2113 3580 2168 praete

1995 2160 2244 2217 doctrina:
2282 2160 2630 2232 depulsionem
2659 2163 2860 2218 abunde
2895 2175 2977 2219 sat
3003 2160 3097 2219 est.
3144 2165 3263 2231 Quo
3283 2160 3425 2220 enim
3454 2183 3578 2233 spe-

1993 2239 2143 2287 ctant
2167 2233 2271 2288 illa:
2302 2249 2462 2288 voces
2483 2274 2499 2300 ,
2529 2233 2594 2287 ab
2623 2237 2792 2298 initio,
2815 2243 2870 2288 et
2896 2245 2952 2288 ut
2971 2245 3124 2288 antea
3155 2238 3412 2290 diximus?
3457 2237 3575 2293 Non

1994 2301 2098 2356 alio
2123 2312 2296 2375 certe,
2327 2319 2450 2358 cum
2480 2304 2759 2359 relativum
2791 2305 2919 2358 nihil
2949 2306 3144 2359 habeat
3182 2314 3304 2375 tota,
3323 2307 3572 2375 epistola,

1992 2388 2151 2442 quam
2173 2374 2237 2427 ad
2281 2373 2392 2428 haec
2432 2375 2671 2429 mandati
2706 2376 2893 2442 legatis
2913 2375 3022 2429 dati
3052 2376 3213 2429 verba
3239 2394 3251 2425 :
3283 2373 3418 2429 Dum
3446 2377 3580 2430 illud

1992 2445 2288 2516 cerlunt‘sit,
2313 2460 2494 2516 nempe
2513 2447 2704 2516 capita,
2735 2461 2839 2516 una
2862 2461 2975 2516 cum
2996 2446 3438 2516 apathematisniis
3459 2464 3578 2516 qua:

1991 2528 2024 2564 a
2054 2510 2250 2582 Cyrillo
2297 2510 2653 2586 Alexandrino
2699 2515 2768 2567 ad
2808 2514 2964 2585 ﬁdem
3011 2515 3226 2586 Patrum
3256 2518 3341 2586 qui
3373 2510 3573 2572 Νἱὸωω

1991 2593 2333 2656 conuenerunt
2361 2584 2564 2656 adjecta
2588 2594 2725 2656 aunt,
2753 2595 3011 2656 tamquam
3041 2584 3279 2639 haeretica
3297 2627 3311 2650 ,
3342 2596 3391 2639 et
3419 2604 3450 2639 a
3479 2604 3570 2640 ca-

1991 2652 2181 2724 lholica
2206 2663 2254 2706 et
2276 2652 2560 2724 apostolica
2581 2653 2814 2709 Ecclesia
2843 2652 3018 2708 aliena
3035 2695 3052 2719 ,
3081 2671 3190 2708 esse
3210 2656 3376 2709 modis
3399 2659 3574 2711 omni-

1989 2719 2081 2793 llas
2123 2719 2422 2793 reﬁcienda.
2481 2725 2682 2790 Quibus
2713 2725 2888 2779 verbis
2913 2724 3148 2778 indicant
3175 2727 3304 2780 satis
3333 2742 3390 2780 se
3421 2742 3570 2780 eam-

1988 2790 2109 2845 dem
2133 2790 2302 2866 ipsarn
2335 2793 2489 2850 tidem
2522 2802 2651 2866 tunc
2688 2795 2839 2863 sequi
2877 2810 3038 2863 quam
3079 2795 3206 2849 olim
3250 2796 3302 2849 in
3326 2796 3533 2866 synodo
3549 2815 3592 2862 ;-

1986 2877 2106 2986 giae
2147 2863 2394 2918 nimirum
2425 2865 2687 2934 capitibus
2728 2873 2870 2919 esset
2897 2867 3142 2934 opposita
3168 2905 3182 2928 ,
3223 2881 3324 2920 nec
3351 2863 3572 2934 quibus-

2025 2947 2110 2986 am
2140 2933 2344 2986 solum.
2375 2935 2471 2986 sed
2515 2935 2765 2986 sinaulis.
2799 2943 2859 2986 ut
2895 2951 2963 2986 ne
2987 2935 3078 2986 uni
3116 2935 3332 2986 quidem
3373 2937 3572 2986 vellent

2025 2947 2110 2986 am
2140 2933 2344 3005 solum,
2375 2935 2471 2989 sed
2492 2933 2765 3002 ’singulis,
2799 2943 2859 3005 ut
2895 2933 2963 2989 ne
2977 2933 3078 2988 uni
3116 2935 3332 3005 quidem
3371 2933 3577 2991 vellent.

1987 3004 2256 3065 assentiri,
2289 3005 2390 3058 etsi
2419 3005 2757 3059 membratim
2797 3004 3355 3074 discerpendi’fcrent.
3409 3005 3571 3075 Atqui

1986 3088 2146 3143 nemo
2174 3083 2334 3143 caput
2363 3075 2578 3129 tertium
2609 3075 2826 3128 haeresis
2867 3076 3216 3138 accusaverit,
3266 3075 3366 3129 nisi
3395 3075 3569 3130 luere-

373 3141 625 3216 Quinlum
682 3152 738 3216 et
791 3151 1153 3216 postremum,
1200 3157 1320 3212 qua:
1365 3157 1526 3216 causa
1579 3141 1758 3206 fuerit,
1789 3159 1886 3199 cur
1911 3153 1956 3216 ρ
1988 3142 2152 3216 licus;
2187 3141 2319 3216 quis
2348 3145 2490 3216 enim
2515 3185 2536 3216 ,γ
2575 3145 2675 3199 nisi
2705 3144 3076 3216 Nestorianus,
3109 3153 3316 3199 asserat
3350 3155 3573 3202 naturas

299 3208 600 3284 Orientales
620 3208 856 3284 episcopi
879 3214 946 3268 ab
967 3215 1085 3284 aliis
1105 3208 1445 3268 discesserint
1466 3232 1476 3265 :
1502 3229 1570 3268 an
1600 3223 1885 3283 propterea

298 3282 442 3349 quod
456 3284 641 3337 eadem
655 3282 850 3338 revera
870 3300 991 3337 cum
1008 3283 1255 3338 Nestorio
1276 3285 1555 3345 sentirent,
1575 3291 1666 3338 aut
1687 3282 1884 3339 idcirco

301 3359 535 3424 tantum,
560 3353 704 3421 quod
745 3354 799 3407 in
827 3362 1071 3407 sanctum
1099 3352 1357 3424 Cyrillum
1404 3361 1736 3423 cmterosque
1783 3355 1884 3424 ipsi

296 3411 696 3476 consentiehtes
720 3424 856 3476 male
877 3424 1056 3477 animo
1079 3411 1252 3477 alliacti
1273 3433 1478 3487 essent;
1510 3424 1562 3478 id
1583 3411 1684 3488 esi,
1709 3411 1882 3481 utrum

296 3489 648 3564 orientalium
680 3492 915 3564 synodus
936 3493 1189 3547 haeretica
1214 3507 1342 3547 vere
1366 3493 1544 3558 fuerit,
1577 3510 1647 3548 an
1678 3503 1883 3550 tantum

297 3562 659 3617 schismatica.

371 3630 558 3686 Patres
594 3641 741 3687 certe
794 3631 1047 3702 Ephesini
1104 3639 1228 3686 ante
1281 3645 1469 3701 pacem
1523 3627 1880 3702 Ecclesiarum

298 3701 562 3757 Joannem
592 3701 942 3757 Orientalium
989 3705 1181 3757 ducem
1223 3707 1531 3770 suspectum
1581 3701 1882 3757 habuerunt

301 3774 514 3827 nomine
544 3773 914 3828 consensionis
943 3789 1063 3827 cum
1095 3772 1343 3826 Nestorio
1371 3789 1382 3823 :
1411 3770 1540 3824 Erat
1568 3772 1678 3825 [nec
1703 3782 1881 3826 nostra

299 3848 361 3895 de
387 3842 592 3915 Joanne
607 3847 855 3915 episcopo
885 3845 1269 3914 religiosissima
1299 3843 1655 3915 suspicionon
1684 3844 1878 3907 inanis,

298 3931 387 3966 uer
410 3931 532 3968 una.
567 3911 710 3968 Nam
739 3911 851 3969 cum
879 3911 1099 3985 primum
1129 3911 1438 3983 appulisset,
1481 3911 1713 3985 Nestorii
1759 3930 1880 3967 sen-

299 3986 470 4037 tentia:
488 4001 598 4038 sese
622 3982 902 4048 adhazrere',
928 3994 1102 4056 aperte
1123 3982 1316 4056 sancta:
1335 3982 1531 4056 synodo
1561 3983 1839 4056 deflaravit
1861 4003 1877 4038 :

294 4057 399 4107 sive
426 4056 520 4108 hoc
549 4055 668 4109 inde
695 4054 969 4120 evenerit,
995 4054 1132 4126 quod
1175 4055 1416 4107 amicitiw
1466 4054 1878 4123 gratiﬁcaretur;

294 4126 397 4177 sive
424 4125 564 4189 inde,
606 4126 741 4197 quod
783 4127 834 4180 in
864 4125 1116 4197 dogmatis
1146 4141 1318 4179 errore
1360 4139 1474 4176 cum
1503 4140 1561 4178 eo
1590 4129 1879 4180 communi—

296 4205 455 4248 caret.

369 4264 600 4335 Cyrillus
646 4273 872 4322 cunctos
902 4266 1120 4320 hmresis
1165 4264 1438 4319 damnavit
1472 4282 1482 4316 :
1514 4264 1616 4318 Alii
1663 4281 1728 4335 ea:
1773 4265 1878 4321 illis

296 4334 504 4418 sanctor
524 4337 710 4407 virgini
727 4336 1028 4418 “Peipara’.
1048 4334 1790 4418 appellationem“concedamt,
1824 4347 1881 4389 ut

295 4408 450 4459 etiam
477 4405 703 4476 fatentur
721 4407 866 4460 illam
890 4405 1110 4459 hominis
1133 4415 1348 4458 matrem
1372 4421 1390 4457 :
1412 4405 1503 4457 alii
1533 4421 1646 4457 vero
1669 4422 1876 4472 prorsus

293 4486 511 4546 negant,
546 4477 840 4548 adduntque
882 4478 1166 4546 paratiores
1194 4492 1248 4528 se
1290 4492 1427 4548 esse,
1465 4484 1518 4527 ut
1547 4491 1727 4548 manus
1756 4491 1876 4548 suas

293 4544 638 4616 amputandus
667 4544 961 4616 prdbeaht,
1003 4563 1154 4617 quant
1198 4554 1253 4597 ut
1300 4545 1590 4617 hujusmodi
1619 4545 1725 4617 reci
1753 4544 1874 4597 sub-

1989 3213 2044 3268 in
2073 3213 2286 3284 Christo
2308 3215 2421 3269 sola
2452 3215 2655 3284 unione
2676 3214 2864 3269 morali
2890 3214 3180 3284 conjungi?

2060 3283 2376 3355 Addclquod
2405 3286 2456 3338 in
2479 3300 2590 3355 sua:
2631 3283 2750 3338 fidei
2779 3285 3145 3355 expositione,
3179 3301 3285 3339 non
3329 3286 3438 3355 ipsa
3468 3284 3569 3338 da-

1987 3363 2173 3428 lnnant
2199 3354 2448 3428 dogmata
2477 3354 2703 3428 Nestorii
2722 3395 2736 3418 ,
2769 3354 2862 3428 sed
2891 3357 3084 3428 quilla;
3114 3358 3271 3428 αὐτοῦ
3296 3354 3382 3410 θεάί

1986 3424 2105 3486 Iov;
2130 3427 2478 3499 καινοφωνίαςξ
2507 3425 2660 3499 quasi
2691 3426 2854 3499 yerbo
2877 3424 3090 3499 Quidch
3114 3424 3455 3499 antichristth
3479 3427 3569 3480 ille
3597 3459 3600 3462 -

1983 3493 2297 3566 peccasset,
2337 3495 2484 3565 quod
2528 3493 2656 3551 Olim
2683 3493 2916 3550 Joannes
2948 3495 3015 3549 ad
3045 3496 3215 3565 ipsum
3246 3497 3566 3566 scripserat;

1986 3565 2080 3636 sed
2116 3567 2290 3634 reipsa
2339 3575 2655 3636 sequeretur
2696 3566 3048 3636 catholicam.
3092 3582 3253 3634 quam
3285 3568 3599 3636 putabant..

1987 3634 2142 3704 fidem
2162 3674 2177 3698 ,
2200 3631 2430 3690 tametsi
2461 3631 2922 3704 Occidentalibus,
2959 3631 3568 3704 summoque'Ecelesiai

1985 3703 2182 3773 capiti,
2200 3711 2254 3756 et
2285 3704 2529 3773 maxillae
2557 3702 2788 3758 Orientis
2817 3705 2954 3773 Parti
2978 3702 3247 3759 contraria
3279 3714 3440 3759 esset.

2055 3771 2192 3837 Quid
2219 3773 2363 3840 quod
2400 3771 2533 3842 fidei,
2561 3771 2950 3842 expositionem
2979 3774 3271 3837 dederunt,
3299 3791 3403 3842 qua
3435 3775 3566 3829 nihil

1984 3841 2241 3913 fallacius,
2272 3860 2283 3894 :
2323 3841 2700 3913 quamobrem.
2727 3841 3096 3913 Theodoretus
3121 3883 3136 3906 ,
3196 3841 3594 3913 dissimulandi~

1983 3928 2093 3982 pra:
2119 3911 2434 3980 aegritudine
2464 3911 2628 3982 animi
2665 3911 2946 3979 impatiens
2971 3952 2989 3975 ,
3018 3913 3226 3967 sincere
3256 3912 3426 3967 fassus
3459 3923 3564 3978 est,

1983 3981 2127 4052 quod
2161 3999 2248 4036 res
2277 3990 2393 4052 erat
2413 4019 2428 4044 ,
2460 3981 2677 4052 dolique
2716 3982 2843 4036 mali
2869 3997 2997 4036 suos
3027 3983 3233 4048 arguit,
3263 3993 3324 4035 ut
3350 3983 3442 4052 qui
3461 3982 3564 4036 da-

1983 4051 2231 4108 mnarent
2260 4053 2311 4106 in
2339 4051 2587 4106 Nestorio
2616 4051 2757 4120 quod
2789 4067 2847 4105 re
2876 4052 2976 4121 ipsi
3005 4052 3320 4106 crederent?

2051 4123 2169 4177 lam
2198 4139 2350 4186 vero,
2380 4129 2438 4176 ut
2465 4122 2701 4176 diuturni
2730 4123 2920 4194 secreti
2943 4122 3208 4194 impotens
3235 4131 3562 4194 commotus-

1982 4210 2085 4263 que
2106 4195 2312 4248 animus
2342 4209 2448 4246 non
2479 4201 2560 4246 est
2586 4206 2753 4261 capax
2777 4232 2813 4263 ,ί
2842 4192 3067 4263 iterum,
3098 4192 3218 4261 post
3245 4208 3432 4262 pacem
3463 4193 3559 4245 iui~

1981 4262 2111 4328 tam,
2136 4280 2229 4317 sua
2257 4263 2481 4332 pristina
2509 4277 2665 4316 sensa
2693 4262 2948 4331 paulatim
2972 4262 3338 4329 prodiderunt,
3363 4262 3564 4332 sparsis

1984 4335 2036 4388 in
2077 4334 2266 4398 vulgus
2294 4333 2512 4387 Diodori
2542 4332 2918 4402 Theodorique
2949 4332 3118 4397 libris,
3145 4334 3296 4400 quasi
3337 4341 3560 4402 oporte-

1981 4412 2065 4457 ret
2090 4404 2172 4457 vel
2196 4405 2246 4457 in
2278 4403 2524 4457 Nestorio
2561 4400 2792 4456 Orientis
2831 4403 3116 4469 magistros
3160 4400 3432 4467 damnari,
3467 4413 3586 4460 aut'

1981 4475 2033 4528 in
2065 4474 2193 4542 ipsis
2230 4473 2535 4544 Nestorium
2560 4471 2799 4544 absolvi;
2838 4481 2899 4544 ut
2932 4471 3187 4544 Cyrillum
3231 4473 3342 4528 fere
3381 4475 3560 4544 proni-

1909 4531 1954 4590 D
1980 4531 2141 4598 tuerit
2168 4545 2474 4612 approbata:
2505 4541 2626 4596 ﬁdei
2650 4542 2716 4595 ad
2743 4531 2802 4596 se
2831 4531 3035 4607 missis,
3058 4558 3317 4611 suumque
3339 4531 3560 4608 factum,

291 4612 538 4690 scribant.
575 4612 772 4690 Ubique
799 4627 969 4670 autem
992 4612 1204 4687 turpiter
1226 4632 1281 4670 se
1299 4612 1498 4686 gerunt,
1531 4615 1793 4668 hwreticos
1821 4632 1876 4670 se
1977 4615 2173 4690 partim
2200 4612 2537 4690 excusaverit
2565 4613 2705 4690 apud
2735 4612 2934 4690 amicos
2956 4614 3008 4667 id
3032 4613 3410 4690 improbantes,
3444 4629 3558 4690 par-

293 4689 632 4742 declarantes.

363 4757 470 4813 Nec
500 4759 552 4811 id
581 4768 824 4828 tempore
845 4758 1016 4812 solum
1047 4755 1258 4828 synodi,
1289 4771 1408 4828 cum
1439 4753 1601 4808 animi
1630 4769 1871 4810 commo-

293 4837 565 4892 verentur,
594 4827 877 4884 sed’etiam
909 4837 1063 4891 ante,
1081 4827 1216 4880 cum
1247 4827 1482 4879 nondum
1509 4840 1596 4879 res
1624 4833 1874 4892 ageretur

295 4905 440 4950 tanta
463 4900 838 4963 a3mulatioue;
864 4900 1026 4952 immo
1056 4905 1112 4950 et
1140 4904 1348 4965 postea,
1367 4910 1485 4948 cum
1504 4910 1652 4948 mens
1673 4896 1873 4950 utrius—

293 4983 398 5036 que
437 4969 603 5037 partis
650 4985 708 5023 se
741 4968 1075 5023 manifestius
1119 4967 1330 5037 verbis,
1362 4972 1540 5037 utuusu
1570 4965 1748 5025 venit,
1778 4981 1872 5034 pa-

293 5033 575 5093 tefeci—sset.
635 5039 766 5093 Nam
816 5048 940 5093 ante
986 5037 1248 5108 synodum
1292 5033 1559 5108 Cyrillus,
1588 5049 1737 5108 cum
1769 5033 1871 5108 ⁸ὲιιει

290 5110 463 5177 capita
487 5108 815 5174 defenderet,
841 5118 896 5163 et
916 5103 1188 5176 objicienti
1209 5103 1435 5177 Andrea:
1457 5105 1671 5177 nomine
1691 5103 1873 5159 Ol‘lcll-

292 5175 474 5232 talium
506 5180 884 5249 responderet,
927 5175 1026 5249 tria
1059 5175 1548 5249 vieissim_objecit,
1577 5186 1884 5249 quaecerta

290 5251 509 5305 omnino
547 5244 945 5321 Nestorianismi
973 5253 1268 5321 τεκμήρια.-
1287 5244 1526 5321 Primum
1546 5284 1562 5308 ,
1588 5244 1733 5314 quod
1755 5256 1869 5321 Θεος

287 5321 430 5374 τόκον
473 5321 757 5388 rejicerent
799 5315 1094 5390 (Anathem'.
1139 5315 1196 5381 ’1,
1250 5315 1370 5390 lO);
1419 5315 1644 5390 alterum
1670 5354 1684 5378 ,
1724 5317 1869 5390 quod

288 5389 514 5458 figurato
531 5384 702 5446 ’sensu
735 5384 1214 5459 interpretarentur
1233 5385 1432 5459 dictum
1451 5384 1715 5459 laminis;
1741 5385 1868 5440 Ver-

286 5454 405 5519 bum
445 5479 564 5533 caro
595 5464 788 5533 factum
826 5454 1272 5533 est,perinde‘ac
1295 5456 1436 5510 istud
1465 5454 1636 5518 Pauli,
1668 5454 1865 5533 Factus

284 5548 378 5602 pro
413 5531 555 5586 nobis
584 5527 909 5586 maledictum
937 5527 1150 5602 (dnath.
1186 5527 1271 5602 l);
1301 5535 1630 5602 postremum
1657 5566 1682 5602 ,_
1720 5527 1865 5602 quod

283 5596 418 5656 duas
446 5603 604 5657 Verbi
634 5596 954 5656 nativitates
977 5598 1133 5654 fateri
1163 5598 1462 5652 abnuerent
1499 5596 1715 5664 (:lnath.
1753 5596 1863 5663 10).

289 5669 533 5739 l‘ugnans
560 5689 681 5727 cum
718 5672 1060 5726 Theo‘doreto
1079 5710 1094 5733 ,
1125 5667 1394 5739 proﬁtenti
1425 5681 1483 5720 se
1511 5664 1862 5739 Orientalium

285 5737 440 5798 ﬁdem
473 5760 769 5806 exponere,
803 5743 903 5797 alia
943 5758 1038 5797 sex
1080 5737 1412 5804 objecitnen
1455 5737 1630 5792 minus
1659 5738 1818 5806 impia
1848 5755 1860 5790 :

1978 4685 2299 4756 tim‘solalus
2319 4684 2386 4737 sit
2409 4684 2460 4756 in
2484 4683 2624 4745 sinu,
2650 4685 2932 4756 οξκοαρομίᾳς
2960 4683 3304 4756 conscienlia,
3337 4692 3393 4737 et
3413 4684 3559 4754 pacis

1976 4754 2172 4809 studio.
2214 4753 2411 4816 Verum
2442 4755 2556 4808 lure
2582 4753 2842 4823 prolixius
2872 4754 2921 4806 in
2947 4753 3186 4808 auctario
3207 4753 3571 4813 'l‘heoddreti..

1976 4840 2097 4879 cum
2140 4825 2304 4894 ipsius
2350 4825 2402 4878 in
2453 4823 2810 4893 perturbanda
2858 4839 2991 4894 pace
3037 4831 3180 4878 artes
3216 4824 3552 4894 detegentur.

1975 4895 2127 4949 Nunc
2161 4893 2520 4964 describenda
2575 4894 2826 4964 breviter:
2853 4893 3034 4964 Cyrilli
3082 4893 3365 4961 qumdam,
3415 4895 3559 4950 unde

1978 4964 2110 5021 fides
2129 4965 2284 5019 dictis
2313 4963 2422 5016 fiat.
2466 4962 2556 5017 Sic
2595 4978 2724 5032 ergo
2755 4961 2948 5034 (Epist.
2975 4964 3043 5016 ad
3063 4965 3218 5017 Arar.
3246 4965 3504 5028 Meliten.)
3538 4983 3552 5018 :

1974 5035 2180 5105 Perlegi
2203 5052 2316 5089 vero
2338 5034 2606 5104 epistolam
2628 5043 2728 5087 tua:
2747 5035 3059 5096 sanctitatis,
3077 5037 3320 5104 scriptam
3342 5037 3411 5088 ad
3433 5037 3554 5089 reli-

1972 5108 2314 5176 giosissimum
2344 5114 2393 5157 et
2427 5105 3232 5176 reverendiss‘mumepismpum
3265 5107 3554 5160 Antiochia:

1970 5175 2248 5239 Joannem,
2271 5177 2505 5238 plurima:
2525 5176 2729 5243 plenam
2751 5175 3076 5245 conﬁdentia:
3102 5177 3255 5230 simul
3281 5186 3332 5229 et
3361 5178 3555 5230 amoris

1978 5245 2088 5299 Det.
2135 5247 2333 5314 Scripsi
2363 5255 2532 5298 autem
2575 5255 2625 5297 et
2665 5262 2757 5316 ego
2788 5246 2923 5316 tales
2954 5247 3198 5316 epis’olas
3236 5247 3304 5299 ad
3342 5249 3508 5316 ipsum
3533 5263 3580 5298 :-

1972 5317 2079 5388 sed.
2109 5326 2164 5368 ut
2187 5317 2398 5388 videtur,
2431 5316 2608 5388 pejora
2636 5315 2862 5370 vincunt.
2886 5315 3247 5388 Conﬁngentes
3276 5315 3412 5370 enim
3439 5332 3552 5388 qua:

1975 5384 2206 5439 Nestorii
2227 5395 2344 5438 sunt
2373 5384 2569 5448 odisse,
2595 5388 2702 5440 alio
2727 5389 2910 5440 iterum
2940 5384 3006 5440 ea'
3028 5384 3356 5440 introducunt
3375 5384 3549 5448 modo,

1971 5473 2085 5526 qua:
2110 5455 2361 5510 Theodori
2384 5466 2501 5509 sunt
2521 5455 2870 5521 admirantes,
2901 5467 2951 5510 et
2978 5469 3112 5510 certe
3133 5459 3406 5526 tequalem,
3440 5474 3550 5510 ma-

2005 5528 2048 5596 is
2089 5543 2204 5579 vero
2245 5526 2402 5580 multo
2439 5527 2666 5596 pejorent
2699 5528 2929 5580 morbum
2974 5528 3253 5592 impietatis
3284 5526 3545 5578 haben-tia.

2005 5544 2048 5578 is
2089 5544 2204 5579 vero
2245 5544 2402 5580 mttllO
2439 5544 2663 5596 pejorem
2699 5544 2929 5580 marcum
2974 5544 3253 5592 impietatis
3284 5544 3545 5578 ηιιυιιη-ηα.

1970 5544 2084 5649 Ἇτιτ
2112 5598 2247 5650 enim
2284 5596 2576 5651 Theodorus
2618 5595 2849 5650 Nestorii
2889 5597 2985 5667 fuit
3007 5597 3312 5666 discipulus,
3345 5596 3434 5648 sed
3454 5597 3550 5648 is'e

1968 5668 2135 5727 illius;
2165 5676 2212 5718 et
2239 5667 2369 5719 velut
2412 5684 2477 5719 ex
2517 5684 2618 5719 uno
2659 5667 2932 5736 loquuntur
2974 5684 3092 5726 ore,
3132 5677 3181 5718 et
3211 5683 3363 5718 unum
3396 5667 3568 5718 malm-

1972 5738 2216 5792 doctrina‘
2245 5755 2306 5791 ex
2341 5754 2430 5790 suo
2468 5737 2618 5792 corde
2656 5748 2888 5792 evomunt
2918 5753 3178 5791 vermium.
3216 5737 3563 5795 ὕει-ἐμπίπλη.
