4012 6180
310 262 448 326 iii-'5

906 266 1211 326 DlSSERT.
1256 268 1318 324 ll.
1361 267 1448 323 DE
1483 265 1769 327 SYNODIS
1803 267 2168 330 ﬂABl'ﬂS'IN
2195 276 2422 335 ωυελ
2457 278 2896 339 NES'I’OBIANA

3425 289 3566 348 i2”

373 379 910 469 Euangelicaslputem
938 393 987 436 et
1012 383 1324 469 apostolicos
1355 383 1418 437 de
1457 381 1873 469 Domino'eoces,
1905 387 1951 443 Δ
1980 391 2465 469 commutucatione
2485 394 2819 469 idiomatum,
2852 394 3071 469 Deoqne
3097 386 3277 469 passo,
3310 401 3381 457 ita
3405 406 3569 460 disse.

305 453 492 506 scimus
513 468 691 525 graves
714 452 994 525 theologos,
1012 455 1144 508 alias
1164 453 1365 524 quidem
1380 469 1670 525 communes
1685 456 1875 525 facere,

309 532 570 593 tamquam
594 521 663 574 ad
689 539 847 576 unam
875 521 1148 593 personam
1178 521 1529 593 pertinentes;
1578 521 1711 576 alias
1736 539 1876 584 vero,

306 591 512 662 propter
538 591 757 662 duarum
776 591 1079 648 naturarum
1105 591 1470 659 diversitatem,
1497 594 1701 647 dieisim
1739 609 1878 645 nun-

307 678 522 735 cupare;
549 671 598 735 et
621 661 740 716 illas
759 664 980 735 quidem,
1009 680 1125 735 quae
1149 663 1259 735 Deo
1290 666 1610 735 conveniunt,
1634 664 1703 716 ad
1731 662 1882 716 Chri-

307 734 373 786 sti
403 730 754 799 Divinitatem,
771 730 1000 789 humiles
1021 730 1136 788 uero
1165 734 1235 788 ad
1254 735 1485 805 ejusdem
1505 734 1880 787 humanitatem

307 804 498 855 referre
523 803 703 855 solere.

306 819 381 856 ret
385 819 468 855 err
469 819 498 855 e
523 819 703 856 δοιενε.

364 804 498 873 ferre
523 804 703 856 solere.
1280 804 1287 805 ί

377 872 526 946 lianc
579 873 670 927 ubi
723 870 879 928 ﬁdem
930 874 1300 946 Theodoretus
1339 883 1543 930 attente
1585 873 1877 946 perspexit,

308 942 638 1014 conﬁdenter
659 945 886 998 asseruit
905 945 1148 999 eamdem
1170 960 1290 1000 esse
1322 962 1441 1014 quae
1469 942 1731 1008 Nest'orii';
1781 959 1882 998 nec

307 1028 338 1066 a
360 1011 558 1084 Cyrillo
586 1014 823 1082 potuisse
844 1015 1028 1084 recipi,
1053 1016 1154 1069 nisi
1181 1023 1302 1084 post
1322 1011 1582 1084 ejuratam
1602 1015 1878 1084 pristinam

306 1084 646 1166 sententiam,
687 1085 951 1166 capitibus
987 1086 1268 1166 duodecim
1296 1093 1656 1166 ‘contentain.
1710 1084 1880 1166 _Suum

307 1152 468 1223 istud,
517 1153 725 1223 opinor,
747 1152 1004 1223 judicium
1042 1156 1095 1209 in
1127 1155 1458 1223 Peutalogio,
1481 1171 1575 1210 seu
1604 1155 1752 1208 libris
1779 1169 1880 1222 pro

307 1222 629 1294 Diodoro’et
665 1222 949 1280 Theodoro
999 1226 1315 1294 conscriptis
1342 1222 1573 1294 probare
1595 1225 1760 1294 nisus,
1773 1229 1876 1278 est.

305 1291 413 1346 Sed
457 1294 583 1362 quia
630 1295 792 1349 totius
819 1295 1000 1364 operis
1027 1296 1156 1350 nihil
1201 1291 1461 1365 superest,
1507 1304 1701 1364 praeter
1738 1293 1880 1360 frag-

305 1374 485 1434 menta
517 1365 650 1418 libro
672 1365 830 1419 tertio
852 1365 1108 1430 exhibita,
1135 1365 1398 1434 jacturam
1423 1365 1580 1429 hanc,
1605 1366 1649 1418 si
1698 1373 1878 1418 tamen

302 1432 513 1505 jactura
558 1442 659 1498 est,
709 1435 974 1505 supplere,
1026 1432 1200 1504 neque
1247 1451 1534 1504 operosum
1573 1443 1674 1498 est,
1708 1448 1881 1501 neque

306 1501 484 1556 forsan
516 1505 721 1570 inutile,
759 1501 968 1561 collatis
991 1501 1130 1560 inter
1149 1520 1208 1560 se
1237 1501 1358 1558 ﬁdei
1391 1514 1446 1559 et
1493 1505 1723 1559 Nestorii
1759 1519 1882 1557 ver—

305 1573 390 1628 bis
414 1592 425 1625 :
461 1590 565 1628 non
586 1590 693 1643 quo
715 1573 846 1629 ﬁdes
865 1574 1088 1631 Joannis
1125 1591 1155 1628 a
1184 1574 1432 1630 Patribus
1483 1574 1696 1629 laudata
1725 1572 1879 1626 dam-

308 1652 484 1708 netur,
508 1644 558 1699 id
579 1645 720 1699 enim
750 1646 1067 1701 temeritatis
1086 1653 1188 1706 est,
1212 1645 1554 1712 audaciusque
1573 1643 1874 1712 singularis;
1891 1669 1898 1672 --

305 1714 410 1794 sed.
423 1724 479 1768 ut
501 1723 712 1769 constet
739 1730 844 1806 non
875 1715 942 1770 de
971 1715 1135 1806 nihilo
1159 1714 1318 1796 fuisse
1357 1711 1664 1770 sanetorum
1694 1711 1878 1806 Cyrilli
1912 1747 1959 1806 Β

303 1784 600 1854 amicorum
627 1784 1096 1854 querelam,iquod
1124 1785 1347 1854 aequitas
1373 1800 1436 1838 ac
1481 1785 1778 1854 reverentia
1804 1784 1884 1854 vi-

303 1852 422 1907 deri
453 1862 628 1922 potest
647 1851 888 1922 exigere.
913 1851 1017 1909 sed
1046 1870 1168 1908 cum
1189 1851 1458 1922 ejusmodi
1481 1854 1698 1908 Collatio
1727 1851 1884 1906 facile

303 1923 376 1976 ab
431 1939 754 1993 unoquoque
803 1923 942 1980 efﬁci
986 1933 1168 1994 queat,
1219 1940 1389 1996 pauca
1415 1939 1516 1994 ego
1540 1922 1884 1978 mihiobser-

303 1993 480 2046 vanda
511 2002 657 2046 nuto.

302 2002 480 2047 vanda
511 2002 657 2048 DUIO.

378 2010 952 2137 gg?m%%?'0rientalis
977 2063 1212 2137 synodus
1255 2071 1364 2137 tres
1407 2080 1517 2119 suae
1554 2061 1885 2137 ﬁdeipartes

301 2147 426 2188 esse
465 2133 653 2199 voluit,
708 2150 870 2189 unam
915 2135 984 2190 de
1009 2132 1264 2199 'Christo,
1307 2135 1530 2190 alteram
1572 2133 1639 2188 de
1667 2132 1885 2202 Virgine

301 2203 559 2275 Θεοτςὶιεῳἲ
584 2204 794 2275 tertiam
822 2204 888 2260 de
917 2205 1188 2270 ἀντιδόσιι,
1216 2221 1311 2260 seu
1342 2205 1730 2274 proprietatum
1743 2218 1886 2257 com-

302 2273 690 2329 municatione.
714 2273 770 2329 lu
791 2275 1060 2344 prioribus
1080 2276 1282 2330 duabus
1303 2273 1634 2329 afﬁrmanter
1653 2288 1887 2342 pronun-

299 2345 422 2403 tiat.
477 2344 530 2397 in
569 2344 729 2398 tertia
771 2347 1090 2399 sententiam
1138 2346 1366 2400 sustinet
1419 2353 1674 2399 contenta
1703 2344 1884 2399 dicere

300 2415 446 2484 seire
464 2430 524 2468 se
551 2415 823 2481 quomodo
847 2416 1081 2484 theologi
1110 2430 1298 2483 graves
1317 2431 1380 2471 ea
1404 2415 1471 2470 de
1493 2431 1552 2470 re
1574 2415 1877 2483 loquantur.

299 2483 425 2549 Quo
445 2484 590 2562 dicto
613 2484 778 2562 videri
806 2492 988 2555 potest
1017 2483 1157 2539 inter
1180 2485 1429 2562 ἀδιὸςφορρι
1448 2500 1670 2541 censere
1694 2484 1887 2562 ἀντέδρ-

299 2574 388 2609 σιν
408 2562 508 2610 τῶν
535 2553 836 2625 ἱδιωμὰτωῦ,
861 2570 980 2609 cum
1012 2563 1188 2610 tamen
1219 2553 1332 2610 sola
1360 2553 1431 2612 'sit
1458 2563 1625 2616 certa,
1650 2564 1744 2608 aut
1776 2555 1885 2608 sal-

299 2633 414 2678 tem
444 2633 712 2695 certarum
738 2626 1002 2695 prmcipua
1032 2626 1235 2693 regula,
1267 2627 1333 2680 ad
1373 2641 1532 2695 quam
1584 2625 1891 2679 examinen-

297 2703 391 2748 tur
419 2709 538 2762 qua:
566 2694 816 2750 dicuntur
846 2695 912 2749 de
962 2696 1328 2750 incarnatione
1352 2697 1532 2758 Verbi,
1578 2705 1638 2749 ut
1664 2703 1888 2764 pateant

297 2764 485 2835 sintne
506 2765 793 2828 catholica,
825 2781 892 2819 an
917 2781 1072 2820 secus
1103 2766 1263 2835 (Vide
1291 2766 1494 2820 dissert.
1528 2765 1553 2817 1
1584 2781 1700 2835 cap.
1721 2765 1799 2834 2).

374 2834 704 2916 Secundum.
729 2834 1296 2916 iiaeresi§_Nestorii_in
1327 2853 1394 2916 eo
1422 2836 1597 2905 posita
1621 2834 1731 2916 est,
1745 2835 1888 2916 quod

295 2913 527 2958 naturas
557 2905 644 2958 ille
674 2905 805 2960 duas
838 2906 890 2959 in
917 2905 1130 2960 Christo
1159 2906 1272 2963 sola
1304 2908 1502 2961 unione
1545 2907 1735 2959 morali
1759 2905 1887 2974 jun-

295 2981 478 3042 ενι-οι,
530 2981 690 3043 atque
731 2976 801 3029 ita
832 2976 966 3030 duas
986 2977 1037 3029 in
1061 2975 1272 3031 Christo
1301 2978 1618 3048 hypostases
1643 2991 1736 3030 seu
1761 2991 1888 3044 per-

295 3061 469 3099 sonas
495 3053 739 3113 poneret,
770 3061 993 3116 quarum
1024 3062 1128 3099 una
1150 3055 1290 3101 esset
1325 3048 1563 3110 alterius,
1591 3055 1718 3116 puta
1749 3048 1890 3101 Deus

1981 459 2106 544 iuit,
2131 469 2263 544 ut‘se
2282 461 2465 544 Cyr-illi
2491 465 2790 544 doctrinam
2807 459 3022 522 tradere
3049 459 3355 544 testaretur,
3389 459 3571 544 itaque

1982 525 2380 614 ﬁneniilicendi
2403 533 2605 614 faceret
2631 553 2642 586 :
2671 534 2799 614 Quae
2825 547 2992 614 vestra
3014 551 3148 614 sunt,
3172 525 3573 614 vat-iiiﬁpbiiitl

1980 614 2110 652 mus.
2145 600 2274 674 Iiazc
2292 612 2370 655 est
2396 606 2546 674 enim,
2563 607 2724 674 patris
2745 609 2896 660 uestri
2919 600 3173 674 doctrina,
3197 613 3278 665 hic
3300 600 3566 672 tltes'tmrus

1980 678 2057 754 est
2109 670 2248 725 vobis
2276 674 2463 754 agitus.
2675 676 2808 754 beati
2851 678 3122 754 fithanasii
3161 670 3560 754 suntdogmata,

1981 737 2088 815 hec
2113 744 2286 815 magni
2319 741 2584 815 Theophili
2602 755 2680 800 est
2698 746 2957 812 doctrina,
2991 751 3346 807 columnarum
3366 737 3568 811 Jortho:

1982 807 2133 863 done
2150 807 2292 880 ﬁdei.

1981 967 2624 1063 smel:
2637 978 2938 1063 uniuersalis
2971 979 3289 1063 Ai'gyptiaca
3306 1024 3320 1046 ,
3349 984 3412 1036 de
3439 1002 3565 1054 pace

2053 1037 2404 1095 Ecclesiarum
2429 1045 2676 1110 ineunda,
2720 1047 2902 1102 iisdem
2946 1037 3332 1122 coss::'circiter
3359 1037 3565 1109 aulum;

2051 1125 2193 1162 num.

2051 1219 2424 1303 Sicuthabuit
2444 1239 2620 1303 suam
2661 1225 2852 1282 Oriens
2890 1230 3084 1303 partim
3137 1230 3339 1303 Berote,
3371 1233 3568 1303 partim

1981 1290 2277 1372 Antiochiae
2290 1293 2582 1372 synodum;
2605 1296 2676 1348 ita
2693 1303 2749 1350 et
2773 1290 3200 1372 suarirzEgyptus
3213 1290 3567 1372 Alesa'ndriat,

1981 1377 2102 1415 cum
2128 1364 2272 1442 pacis
2299 1364 2568 1442 negotium
2593 1375 2858 1442 ageretur.
2889 1367 3000 1442 Una
3013 1364 3114 1423 fuit
3135 1371 3344 1442 utrique
3365 1364 3570 1442 synodo

1982 1432 2332 1508 conveniendi
2362 1449 2542 1508 causa,
2575 1432 2681 1488 non
2705 1437 2812 1508 fuit
2839 1438 3024 1492 eadem
3053 1432 3274 1508 utrique.
3293 1432 3463 1503 meus,
3482 1456 3571 1495 ea-

1982 1500 2212 1580 demque
2240 1503 2442 1570 negotii
2474 1507 2735 1580 tractandi
2765 1508 2906 1580 ratio
2939 1526 2950 1560 :
2984 1500 3272 1580 Orientalis
3305 1500 3569 1580 siquidem

1983 1569 2274 1651 adhibebat
2309 1581 2452 1651 artes
2489 1576 2681 1651 quibus
2727 1577 3086 1651 adversarium
3121 1569 3570 1651 fallerethEgy-

1981 1643 2159 1722 ptiaca
2173 1643 2306 1722 totis
2330 1643 2899 1722 viribusincumbebat
2921 1648 2972 1722 in
2996 1665 3129 1722 opus
3151 1650 3305 1703 bouis
3321 1643 3568 1722 omnibus

1984 1715 2298 1791 expetitum,
2329 1715 2573 1791 veritatis
2626 1731 2820 1786 nempe
2869 1715 3264 1785 defensionem,
3296 1729 3350 1774 et
3376 1719 3569 1774 Eccle-

1985 1784 2183 1836 siarum
2214 1784 2571 1838 concordiam.

2057 1851 2305 1929 liabitam
2333 1855 2508 1929 reipsa
2535 1856 2800 1929 synodum
2829 1857 3164 1913 Alexandria:
3186 1898 3201 1922 ,
3241 1857 3570 1929 quanrdixif

1984 1937 2122 1998 mus:
2146 1922 2231 1976 vel
2259 1939 2323 1978 ex
2355 1922 2430 1998 eo
2462 1922 2816 1998 indubitatum
2845 1935 2958 1992 est,
2984 1929 3126 1998 quod
3158 1922 3348 1983 litténe
3385 1927 3570 1998 Cyrilli

1985 1991 2052 2044 ad
2089 1991 2345 2066 Joannem
2377 1995 2789 2061 Antiochenam,
2818 1991 3040 2066 quarum
3063 1999 3270 2052 initium
3293 2007 3376 2052 est
3407 1991 3574 2053 εἰω-

1987 2071 2167 2134 tentur
2182 2063 2312 2127 caeli,
2344 2072 2470 2127 etc.,
2502 2079 2620 2134 qua}
2647 2065 2699 2119 in
2721 2063 2950 2122 concilio
2969 2067 3391 2123 Chalcedoneusi
3420 2068 3571 2122 lecta:

1985 2138 2129 2192 sunt.
2157 2132 2209 2185 in
2249 2134 2436 2200 quinta
2473 2132 2679 2205 synodo
2720 2138 3068 2192 nominantur
3108 2155 3373 2194 smontcaa
3405 2137 3506 2209 (In
3537 2135 3572 2189 5

1985 2203 2178 2272 synodo
2201 2203 2320 2256 coll.
2338 2203 2414 2272 6).

1985 2218 2178 2272 syuoao
2201 2218 2320 2256 cou.
2338 2218 2414 2272 υ).

2058 2270 2244 2327 Plures
2271 2273 2358 2326 illa
2375 2270 2598 2330 menses
2623 2277 2796 2331 tenuit
2827 2295 2840 2330 :
2866 2293 2988 2332 nam
3017 2278 3232 2332 circiter
3257 2284 3572 2331 autumnum

1988 2343 2227 2428 inchoari
2257 2343 2459 2424 debuit,
2491 2360 2598 2414 quo
2624 2355 2866 2428 tempore
2893 2349 3054 2428 allata
3083 2347 3572 2428 est_Alesandrium

1989 2418 2332 2486 imperatoris
2373 2429 2543 2486 sacra,
2576 2431 2696 2471 cum
2720 2418 2962 2484 jussione
2991 2419 3234 2472 ineundte
3263 2418 3440 2486 pacis;
3472 2432 3574 2470 nec

1987 2492 2112 2536 ante
2135 2484 2365 2537 medium
2384 2482 2694 2540 Januarinm
2713 2482 2850 2540 ﬁniri
2872 2489 3063 2556 potuit,
3085 2503 3194 2556 quo
3224 2482 3423 2555 pariter
3437 2496 3574 2540 tem-

1986 2567 2119 2627 pore
2146 2563 2422 2627 peractum
2442 2556 2653 2627 videtur
2673 2558 3081 2627 absolutumque
3109 2558 3256 2627 pacis
3278 2558 3570 2624 negotium,

1988 2623 2249 2677 redeunte
2269 2623 2473 2678 scilicet
2496 2626 2546 2679 in
2568 2623 2839 2682 Orientem
2865 2623 3032 2682 Paulo
3055 2623 3316 2681 Emeseno
3344 2623 3577 2681 Orientis

1987 2694 2184 2759 legato,
2216 2693 2307 2761 qui
2338 2694 2555 2749 ineunte
2581 2695 2836 2752 Januario
2864 2697 2914 2750 in
2944 2697 3183 2752 Ecclesia
3212 2696 3571 2751 Alexandrina

1987 2764 2302 2888 ﬁtipcliqnem
2337 2764 2553 2829 habuit,
2585 2768 2784 2836 quique
2823 2775 3099 2823 revertens
3148 2767 3352 2822 litteras
3390 2763 3574 2838 Cyrilli

2023 2851 2054 2888 e
2084 2851 2112 2885 υ
2141 2851 2152 2886 ι
2183 2872 2198 2886 .

2023 2841 2198 2888 etulit.

2057 2902 2218 2977 initio
2238 2902 2465 2977 formula
2490 2904 2609 2977 ﬁdei
2631 2907 2935 2977 conscripta
2956 2914 3057 2971 est,
3090 2907 3358 2976 missaque
3384 2904 3576 2959 Antio-

1989 2974 2162 3046 chiam
2194 2990 2310 3046 per,
2335 2975 2722 3030 Alexandrinos
2747 2974 2974 3032 clericos
3007 2995 3018 3029 :
3051 2974 3351 3046 cujusmodi
3394 2985 3578 3030 autem

1989 3044 2167 3107 fuerit,
2209 3044 2448 3098 divinare
2487 3061 2595 3099 non
2645 3046 2786 3108 licet,
2848 3063 2967 3102 cum
3007 3044 3129 3101 non‘
3155 3056 3349 3100 exstet.
3391 3045 3576 3114 Neque

296 3123 454 3170 esset
473 3116 705 3169 hominis
734 3114 1092 3180 inhabitator;
1118 3118 1279 3170 homo
1301 3117 1394 3169 Dei
1415 3125 1558 3171 esset
1581 3114 1837 3186 templum
1873 3134 1885 3168 :
1917 3116 1962 3178 C
1994 3115 2137 3169 enim
2158 3114 2261 3186 dici
2293 3122 2470 3185 potest
2490 3131 2612 3183 pars
2634 3116 2772 3169 illius
2799 3118 3025 3172 celebris
3052 3117 3310 3186 epistolae,
3341 3131 3460 3186 qua;
3481 3116 3577 3186 in-

295 3201 468 3255 quam
489 3186 750 3258 unitatem
773 3186 969 3258 idcirco
999 3189 1242 3258 σχέσεως
1272 3188 1514 3258 vocabat.
1559 3188 1890 3258 Quareitres

295 3256 578 3308 statuebat
599 3271 760 3309 voces
778 3255 1053 3323 utriusque
1063 3255 1102 3310 n
1125 3266 1270 3311 τίω-αξ
1284 3257 1682 3324 signiﬁcativas.
1702 3255 1889 3322 Filius,

294 3326 578 3386 Christus,
604 3325 880 3389 Dominus,
909 3341 1030 3393 quae
1059 3326 1199 3380 inter
1218 3327 1543 3394 loquendum
1569 3327 1634 3380 de
1655 3325 1890 3393 Christo,

296 3395 654 3465 prorationc
689 3395 951 3458 attributi,
995 3396 1156 3449 modo
1182 3397 1321 3450 hanc
1349 3397 1401 3450 in
1433 3405 1603 3462 recto,
1634 3403 1694 3450 ut
1721 3397 1892 3461 aiunt,

293 3464 721 3535 inodoialteram
745 3472 988 3518 naturam
1010 3465 1408 3532 signiﬁcarent:
1434 3467 1664 3535 exempli
1689 3469 1883 3533 gratia,

293 3549 435 3589 eum
467 3534 663 3587 dicitur
682 3533 925 3588 Christus
954 3551 1072 3589 esse
1097 3542 1357 3600 mortuus,
1389 3533 1662 3589 Christum
1704 3536 1894 3592 Nesto-

294 3607 426 3658 rius
456 3605 915 3672 interpretabatur
939 3606 1233 3669 hominem,
1258 3606 1309 3658 in
1333 3620 1440 3673 quo
1457 3615 1599 3660 esset
1613 3607 1890 3670 Dcus,etc.

295 3675 440 3728 Haec
464 3683 519 3728 et
547 3673 651 3727 alia
681 3674 1053 3732 demonstrant
1081 3683 1334 3743 quantam
1371 3684 1574 3742 tegeret
1602 3676 1684 3729 his
1727 3678 1896 3732 tribus

295 3745 540 3816 vocibus
589 3744 849 3816 fraudem,
901 3761 1001 3816 nec
1047 3746 1184 3800 hanc
1225 3746 1396 3816 ipsam
1428 3744 1668 3816 fraudem
1719 3746 1894 3814 detegi

295 3831 474 3886 posse
501 3815 618 3886 sine
639 3815 836 3883 regulis
861 3815 1182 3878 ἀντιδόσεως.
1203 3815 1579 3871 dissertatione
1605 3815 1629 3867 1
1657 3819 1849 3885 positis
1879 3837 1891 3871 :

296 3885 480 3958 atque
503 3885 574 3938 ita
605 3900 728 3939 eum
755 3886 844 3958 qui
868 3902 1028 3958 super
1053 3888 1154 3940 hac
1182 3887 1490 3958 quagstione
1511 3895 1743 3940 mentem
1765 3903 1896 3958 ape-

294 3957 418 4009 rire
451 3955 732 4017 detrectat,
763 3955 846 4010 vel
885 3957 1062 4026 reipsa
1109 3955 1229 4011 cum
1284 3955 1776 4024 Nestoriosentire,
1801 3955 1897 4014 ’vel

295 4026 694 4097 consensionis
707 4027 922 4081 nomine
941 4035 1246 4097 suspectum
1276 4027 1470 4080 merito
1498 4042 1617 4080 esse
1644 4043 1823 4097 posse.

380 4096 651 4150 Tertium.
684 4096 800 4150 Non
827 4097 944 4151 sine
970 4113 1128 4152 causa
1151 4096 1497 4150 Orientalium
1549 4096 1678 4152 ﬁdes
1733 4099 1898 4155 videri

289 4167 493 4236 potuit
538 4179 783 4234 suspecta
829 4167 1148 4222 doctissimis
1173 4165 1356 4237 Cyrilli
1387 4167 1591 4229 amicis,
1625 4176 1682 4221 ut
1709 4177 1763 4222 et
1791 4168 1898 4224 Ne-

291 4238 576 4307 διατίθης
614 4237 974 4292 Theodoreto.
1025 4238 1157 4291 Nam
1199 4238 1368 4307 prima
1408 4237 1748 4305 secundaque
1776 4255 1900 4307 pars

292 4305 581 4374 ejusmodi
609 4314 708 4367 est,
751 4314 810 4360 ut
836 4307 881 4361 si
905 4309 1022 4362 sola
1050 4305 1214 4362 verba
1243 4307 1603 4370 attenduntur,
1634 4309 1683 4361 ei
1708 4305 1899 4363 Nesto-

295 4378 425 4430 rius
459 4376 614 4430 facile
642 4377 758 4430 sine
782 4378 862 4431 sui
909 4377 1173 4445 dogmatis
1199 4377 1478 4445 dispendio
1518 4378 1895 4433 subscriberet.

289 4447 358 4502 id
392 4447 632 4514 quisque
661 4447 859 4514 liquido
879 4457 1082 4509 cernet,
1110 4448 1201 4515 qui
1227 4448 1456 4500 voluerit
1481 4449 1662 4514 prima:
1701 4447 1898 4503 disser-

289 4517 542 4571 tationis
565 4532 630 4570 ea
662 4517 778 4570 loca
808 4517 1067 4585 relegere,
1116 4519 1167 4571 in
1219 4518 1414 4585 quibus
1467 4517 1786 4582 Nestorium,
1811 4519 1899 4574 vel

287 4589 388 4642 sui
422 4588 645 4656 patroni
675 4586 986 4652 defendunt,
1017 4588 1102 4641 vel
1146 4603 1244 4642 nos
1272 4587 1601 4656 ostendimus
1647 4589 1902 4644 adversus

293 4655 567 4720 Arianos,
593 4656 1014 4726 Apollinaristas,
1048 4658 1351 4713 Marcellum
1387 4667 1442 4711 et
1480 4655 1764 4727 Leporium
1812 4675 1905 4712 ca-

293 4728 524 4782 tholice
551 4727 771 4798 sentire.
797 4727 940 4781 istud
960 4728 1189 4798 pervidit
1217 4728 1464 4798 Cyrillus,
1490 4737 1650 4797 atque
1681 4729 1900 4794 idcirco,

279 4815 433 4854 cum
487 4796 630 4865 apud
683 4796 932 4868 Acacium
961 4796 1285 4852 'Melitenum
1331 4815 1388 4851 se
1417 4796 1577 4868 atque
1605 4797 1903 4854 Orientales

281 4877 596 4940 purgaret,
639 4867 704 4920 ad
746 4865 862 4940 ﬁdei
893 4866 1404 4940 formulamaddidit
1429 4865 1718 4940 conciones
1746 4869 1905 4924 Eme~

285 4937 452 5002 Seni,
490 4937 650 5006 longe
678 4939 1066 4993 conformiores
1086 4938 1364 4992 catholicae
1391 4939 1621 4991 veritati.

377 5007 751 5062 Postremum.
776 5008 891 5062 Non
920 5016 1120 5062 temere
1140 5008 1258 5075 quis
1273 5007 1562 5072 coniecerit
1584 5005 1902 5062 Emesenum

285 5079 523 5133 idcirco
573 5079 626 5131 in
679 5077 1038 5132 Alexandrina
1092 5077 1330 5148 Ecclesia
1362 5076 1562 5148 Cyr-illo
1587 5079 1904 5147 praesidente

283 5163 625 5206 sermonem
649 5149 815 5202 semel
837 5156 999 5216 atque
1021 5148 1209 5202 iterum
1226 5147 1434 5212 fecisse,
1460 5156 1518 5202 ut
1538 5149 1678 5216 quod
1695 5148 1906 5202 deesset

283 5218 433 5274 ﬁdei
500 5219 775 5288 suppleret
821 5227 1048 5286 uterque
1095 5233 1293 5282 sermo,
1337 5226 1392 5272 et
1433 5220 1699 5287 posterior
1737 5218 1904 5288 priori

283 5291 496 5344 lucem
520 5288 753 5342 ali‘erret.
805 5288 978 5356 Atque
1008 5289 1121 5343 haec
1149 5304 1308 5342 causa
1336 5295 1418 5343 est
1439 5305 1534 5342 cur
1556 5290 1605 5342 in
1629 5289 1744 5358 ipso
1761 5289 1907 5357 prio-

287 5361 376 5416 ris
401 5359 572 5424 initio
612 5359 677 5412 ad
707 5358 998 5412 solemnem
1029 5359 1376 5427 quaestionem
1405 5360 1582 5413 verbis
1629 5359 1906 5428 conceptis

287 5428 676 5499 respondens,
724 5429 952 5483 adducto
966 5428 1126 5499 jsaize
1157 5430 1482 5493 testimonio,
1525 5430 1659 5484 dixit
1691 5447 1703 5481 :
1737 5428 1903 5483 Puur

288 5497 520 5562 ruber:
551 5499 646 5554 Der
675 5514 920 5554 omnem
965 5497 1351 5553 EDIMANL'ELEM.
1397 5501 1516 5566 Quo
1569 5501 1710 5555 dicto
1762 5501 1907 5553 visus

283 5579 387 5626 est
415 5570 629 5640 populo
655 5570 878 5638 idipsum
901 5584 1142 5624 asserere
1171 5570 1312 5639 quod
1336 5572 1510 5638 primo
1531 5571 1707 5640 capite
1734 5567 1908 5640 Cyril-

289 5644 410 5696 lus.
474 5638 675 5693 Verum
728 5639 898 5694 altero
926 5638 1198 5694 sermone
1221 5640 1572 5703 manifestius,
1601 5638 1666 5694 de
1694 5638 1905 5708 gemina

296 5711 481 5767 Verbi
535 5710 829 5774 nativitatc,
880 5727 983 5764 una
1039 5709 1259 5765 duarum
1311 5719 1621 5766 naturarum
1649 5724 1903 5779 persona,

1995 3185 2124 3254 cipit
2157 3202 2168 3236 :
2203 3183 2460 3238 Ltetentur
2489 3186 2600 3238 σωιὶ
2621 3196 2669 3238 et
2696 3188 2914 3240 exsultet
2945 3183 3100 3248 terra,
3125 3196 3229 3240 etc.
3263 3186 3392 3238 Nam
3424 3184 3576 3249 ﬁdes,

1994 3255 2061 3334 de
2087 3271 2193 3334 qua
2225 3271 2365 3309 nunc
2391 3271 2570 3334 sermo
2596 3265 2699 3334 est,
2729 3259 2998 3325 prmeessit
3026 3258 3230 3334 litteras
3262 3254 3579 3334 Joannis‘ad

1993 3324 2272 3394 Cyrillum,
2319 3326 2544 3394 epistola
2591 3324 2874 3380 subsecuta
2905 3334 2989 3382 est
3013 3345 3025 3378 :
3053 3326 3245 3381 deinde
3272 3341 3389 3394 qua:
3414 3325 3581 3379 refert

1996 3392 2367 3468 Theodoretus
2401 3394 2468 3449 de
2496 3396 2597 3450 hac
2623 3395 2746 3462 ﬁde,
2777 3396 2966 3464 majori
2995 3413 3063 3452 ex
3091 3404 3243 3468 parte
3272 3392 3324 3449 in
3353 3394 3582 3466 epistola

1993 3480 2102 3519 non
2133 3465 2398 3531 leguntur.

2066 3534 2248 3587 Fidem
2281 3535 2418 3606 hanc
2445 3536 2572 3604 legit
2605 3535 2974 3590 Theodoretus
3006 3546 3061 3591 et
3101 3546 3327 3606 cogente
3356 3536 3581 3590 veritate

1997 3605 2331 3680 approbavit.
2359 3605 2557 3680 Nullus
2570 3607 2721 3680 enim_
2733 3606 2916 3661 dubito
2937 3609 3063 3675 quin
3086 3609 3153 3663 de
3175 3611 3284 3680 ipsa
3301 3609 3576 3680 loquatur,

1996 3675 2252 3739 scribens,
2279 3683 2388 3746 tum
2418 3675 2485 3729 ad
2513 3676 2836 3739 Nestorium,
2878 3693 2998 3731 cum
3039 3679 3109 3732 ait
3141 3697 3152 3730 :
3195 3675 3386 3731 Nullus
3426 3677 3582 3746 igitur

1997 3753 2099 3798 tua:
2126 3745 2430 3817 persuadeat
2447 3747 2733 3817 sanctitati,
2764 3746 2900 3814 quod
2924 3763 3017 3816 ego
3044 3750 3232 3817 prtesul
3251 3745 3581 3817 essedesideo

1998 3830 2142 3878 rans,
2185 3815 2377 3868 clausis
2414 3816 2594 3878 oculis,
2643 3815 2775 3868 telut
2813 3815 2963 3868 recta
3000 3815 3274 3887 dogmata,
3326 3815 3580 3870 [Eorum

1999 3900 2215 3957 sentem
2263 3887 2596 3957 susceperim;
2627 3901 2766 3957 nam,
2792 3902 2883 3953 per
2901 3887 3067 3954 ipsam
3103 3890 3269 3957 fateor
3295 3888 3581 3957 ueritatem,

1997 3956 2184 4024 swpius
2206 3972 2266 4007 ea
2291 3956 2564 4026 revolutans,
2597 3963 2645 4007 et
2668 3955 2937 4026 diligenter
2962 3955 3263 4010 examinans
3283 3997 3295 4020 ,
3325 3955 3388 4008 ab
3417 3956 3583 4009 luere--

2001 4027 2101 4078 tica
2123 4027 2371 4098 pravitate
2396 4024 2554 4078 libera
2578 4024 2910 4098 deprehendi,
2945 4036 3003 4098 _et_
3029 4029 3252 4098 aliquam
3290 4027 3393 4080 illis
3414 4027 3584 4098 impo-

1998 4111 2122 4148 nere
2149 4097 2402 4149 maculam
2433 4096 2704 4218 {ormidavi
2719 4113 2734 4160 ;
2759 4103 2871 4148 tum
2897 4095 2960 4148 ad
2978 4095 3242 4150 Andream
3262 4096 3584 4149 monachum

2001 4165 2428 4218 Constantinono
2455 4168 2676 4218 itanum.
2704 4167 2754 4218 in
2783 4166 2898 4218 lucc
2920 4167 3081 4218 verba
3116 4186 3127 4218 :
3160 4166 3292 4218 Ecce
3312 4167 3468 4218 enim.
3501 4181 3584 4218 aut

2001 4165 2676 4235 Cmrstantinopolitanum,
2704 4167 2754 4219 in
2783 4166 2898 4219 lucc
2920 4167 3081 4220 verba
3116 4186 3127 4219 :
3160 4166 3292 4219 Ecce
3312 4167 3468 4228 enim,
3501 4181 3586 4235 qui

2004 4234 2290 4288 Saluatoris
2319 4235 2508 4288 Christi
2546 4247 2760 4288 naturas
2788 4237 2947 4305 impia
2985 4237 3377 4290 ratiocinatione
3404 4234 3588 4305 confu-

2001 4305 2204 4376 derunt,
2252 4315 2302 4356 et
2337 4322 2492 4358 unam
2523 4315 2762 4376 naturam
2809 4307 2919 4358 ausi
2949 4308 3154 4376 fuerant
3181 4307 3483 4376 pra'dicarc,
3524 4318 3587 4376 ac

1999 4375 2199 4428 Deitati
2238 4377 2500 4444 passiones
2530 4375 2842 4445 adiungere;
2883 4375 3150 4445 propterea
3189 4380 3343 4429 etiam
3369 4375 3590 4445 sanctis~

1931 4483 1980 4542 ο
2005 4447 2134 4498 simo
2156 4455 2206 4496 et
2225 4446 2525 4542 imperandi;
2539 4443 2736 4498 summo
2766 4443 2863 4498 Dei
2889 4443 3123 4542 pontiﬁci
3156 4445 3397 4542 Nestorio
3424 4443 3590 4542 inspi-

2011 4524 2180 4542 Ιηκι-κί
2227 4532 2284 4542 ..Α
2307 4526 2360 4542 ..ι
2395 4533 2487 4542 ...η
2534 4533 2608 4542 ι...-
2655 4532 2794 4542 ιιι-...Α
2821 4525 2863 4542 Α.
2903 4517 3028 4542 ἰιι-κ..
3074 4534 3238 4542 -.ι--.-.-
3258 4534 3342 4542 -..μ
3376 4532 3500 4542 --Ακ
3521 4531 3582 4542 ιιι.

2008 4524 2199 4578 tarant,
2227 4515 2360 4567 velut
2390 4519 2609 4586 quodam
2651 4532 2794 4568 como
2816 4525 2863 4568 et
2885 4517 3046 4584 freno.
3069 4517 3344 4570 secundum
3371 4515 3590 4586 prophe-

2007 4594 2131 4646 tam,
2157 4585 2631 4639 mttxillis’omnino
2670 4587 2947 4655 confractis
2990 4586 3171 4653 (Psal.
3205 4603 3347 4646 xxxx,
3373 4585 3456 4652 '9),
3487 4593 3536 4636 et
3557 4599 3591 4635 α

2005 4656 2176 4725 pravis
2198 4655 2266 4707 ad
2287 4666 2424 4708 recta
2445 4656 2832 4726 perductis,eeri
2840 4665 2989 4707 tatem
3011 4658 3195 4709 iterum
3211 4656 3587 4726 addidicerunt,

2004 4724 2201 4797 utentes
2229 4726 2338 4796 ejus
2369 4724 2650 4781 assertione
2670 4726 2753 4797 qui
2782 4741 2876 4797 pro
2914 4727 3122 4779 veritate
3168 4727 3299 4779 bella
3326 4724 3587 4797 sustinuit.

2008 4795 2116 4849 Pro
2140 4794 2260 4848 una
2294 4813 2512 4868 namque
2540 4794 2725 4849 natura.
2755 4794 2884 4848 ducs
2927 4797 3388 4865 imprwsentiarum
3429 4794 3586 4862 conﬁ-

2007 4874 2215 4928 tentur;
2264 4868 2758 4920 anathematizantes
2812 4883 2897 4936 eos
2936 4868 3021 4936 qui
3067 4869 3458 4936 permixtionem
3501 4873 3594 4916 aut

2007 4937 2359 5006 confusionem
2399 4936 2686 5006 praedicant
2713 4953 2730 4989 :
2775 4946 2824 4988 et
2852 4935 3104 4989 Deitatem
3134 4937 3323 4990 Christi
3354 4938 3594 5006 impassi-

2008 5004 2158 5058 bilem
2177 5004 2482 5059 venerantur
2511 5023 2528 5059 :
2559 5016 2607 5059 et
2648 5007 2818 5058 carnis
2844 5023 2952 5075 esse
2977 5007 3260 5060 edisseram
3282 5004 3542 5075 passiones
3573 5022 3592 5058 .'

2005 5085 2055 5129 et
2081 5077 2398 5148 eyangelicas
2421 5076 2823 5148 dividuntroces,
2848 5085 2896 5128 et
2915 5074 3109 5148 Deitati
3130 5074 3331 5148 quidem
3352 5077 3593 5148 sublimes

2007 5155 2057 5199 et
2099 5145 2204 5199 Deo
2233 5146 2419 5215 dignas
2449 5145 2727 5210 ascribunt,
2761 5145 3182 5217 ltumiles_atttent
3205 5150 3474 5217 assignant
3501 5147 3594 5198 hu-

2007 5217 2284 5288 manitati:
2311 5217 2436 5270 talia
2457 5233 2671 5288 namque
2695 5233 2831 5269 nunc
2858 5215 2922 5288 ali
2951 5215 3182 5288 Egypto
3203 5215 3394 5288 scriptu
3424 5217 3597 5270 delata

2007 5296 2144 5340 sunt.
2170 5285 2303 5341 Vide
2333 5296 2486 5342 notas
2506 5287 2573 5340 ad
2591 5285 2877 5354 utrumque
2907 5285 3100 5341 locum.

2084 5356 2242 5411 Lecta
2275 5364 2356 5410 est
2382 5359 2540 5412 etiam
2570 5354 2920 5410 Orientalium
2951 5356 3099 5420 ﬁdes,
3123 5373 3295 5425 eaque.
3325 5356 3391 5410 ab
3420 5355 3596 5409 homi-

2009 5427 2166 5480 nibus
2216 5427 2480 5482 charitate
2539 5428 2898 5491 ferventibus,
2947 5435 3003 5480 et
3049 5429 3326 5481 turbarunt
3371 5426 3596 5479 forsitan

2007 5498 2271 5568 ρει-ιιιξεί9,
2298 5498 2494 5554 bonam
2542 5499 2594 5553 in
2644 5508 2851 5569 partem
2889 5498 3120 5567 benigna
3153 5497 3596 5568 interpretatione

2007 5577 2177 5621 tracta
2209 5576 2308 5622 est.

2081 5637 2227 5692 lianc
2248 5640 2601 5694 mconomiam
2619 5653 2724 5692 non
2747 5651 2935 5690 omnes
2954 5639 3174 5692 aliarum
3204 5636 3596 5707 provinciarum

2011 5708 2270 5780 episcopi,
2305 5710 2468 5765 immo
2499 5723 2672 5779 neque
2711 5708 2809 5762 viri
2830 5709 3030 5774 salicti,
3059 5711 3199 5763 velut
3228 5707 3470 5762 isidortIs
3497 5707 3596 5761 Pe-
