4022 6182
449 271 586 334 19.Ιὸ

967 274 1060 331 ΑΙ)
1095 273 1464 332 SECUNDAM
1506 272 1785 330 PARTEM
1824 271 1895 330 Μ.
1937 270 2240 330 HERCAT.
2281 269 2569 330 APPEND.
2612 263 2914 328 DISSEM'.
2955 269 3020 338 ll,
3053 263 3175 328 sic.

3567 271 3701 327 12ιῦ

445 383 662 449 lusiota,
688 383 1192 454 probarunt.7Certe
1216 380 1447 454 Cyrillus
1489 383 1558 454 ab
1581 384 1764 438 amicis
1781 423 1797 448 ,
1825 391 1880 454 et
1908 383 2024 453 ipso
2050 386 2100 444 Α
2127 391 2329 454 portata
2350 382 2661 451 prastiterit,
2681 391 2730 435 et
2750 381 2940 436 idcirco
2961 382 3431 454 intelligendumest
3452 381 3578 454 quid
3598 382 3706 434 lau-

443 456 605 507 etiam
630 453 826 508 eximio
853 453 972 507 fidei
993 453 1274 508 defensore
1294 453 1490 507 Acacio
1511 453 1783 517 Meliteno,
1807 453 1894 506 vix
1915 468 2023 507 non

445 523 643 578 idcirco
673 525 1127 594 prmvaricationis
1153 524 1451 594 postulatus
1470 531 1571 585 est,
1588 531 1648 577 ut
1667 538 1803 594 opus
1829 524 2025 594 babae

446 594 512 650 rit
539 592 1100 664 apologiamscribere
1139 592 1487 664 adiAcacium
1514 607 1672 664 quem
1701 593 1829 656 dixi,
1861 592 2022 664 vale-

443 662 647 718 rianum
679 664 861 727 lconii,
897 663 1159 718 Donatum
1182 663 1516 731 Nicopoleos,
1549 662 1861 718 Successum
1893 663 2022 718 Dio-
2053 723 2056 726 ί

441 746 687 803 caesar-exe
727 735 1060 803 episcopum,
1093 741 1254 801 atque
1278 733 1439 786 etiam
1466 733 1534 787 ad
1568 732 1845 800 Eulogium
1873 748 2023 803 apo-

440 801 737 872 crisiarium
763 801 927 858 suum
948 804 1001 856 in
1031 803 1161 857 urbe
1191 804 1354 870 regia,
1385 817 1492 872 quo
1523 803 1708 856 aulicis
1731 802 2020 872 .proditam

440 887 469 924 a
517 871 731 994 (ἓνὲιῇ
759 873 915 994 ﬁdlem
961 873 1308 943 querentibus
1361 870 1699 928 satisfaceret
1739 870 1833 944 (ιιι
1860 870 2018 943 ’ραι-ε.

440 957 581 994 conc.
668 960 698 994 Π
736 960 806 994 (’8.
841 982 855 994 .

440 957 581 1012 conc.
618 957 656 994 lt
665 957 806 1012 pnes.
814 957 855 1012 ).
2027 1007 2030 1010 .

511 960 516 987 ν
569 982 581 993 .
795 983 806 995 .
841 982 855 997 .

511 949 952 1067 ἕειιιὲἒῗτῗθίηὰο
982 1013 1172 1067 littera:
1193 1013 1458 1078 synodico
1489 1021 1612 1078 tres,
1645 1021 1702 1066 ut
1721 1012 2017 1077 minimum,

439 1081 688 1135 nimirum
717 1083 1205 1138 communicatorizc
1218 1081 1408 1138 Joanni
1435 1084 1764 1137 Antiocheuo
1784 1101 1796 1145 ;
1815 1082 2022 1135 denun-

439 1151 685 1222 tiatoriae,
717 1151 872 1208 Sixto
900 1154 1167 1222 pontilici;
1200 1163 1272 1217 et,
1305 1163 1362 1207 ut
1405 1153 1660 1207 credibile
1700 1161 1813 1215 est,
1848 1150 2020 1204 Maxi-

440 1221 621 1275 miano
651 1222 808 1289 regia:
847 1221 992 1277 urbis
1020 1225 1273 1292 episcopo
1311 1223 1536 1292 :prinue
1583 1223 1649 1276 ad
1689 1238 1789 1292 nos
1829 1237 2020 1290 perve-

439 1300 676 1414 gerunt,
743 1291 1095 1348 secundarum
1149 1291 1244 1346 ‘lit-
1282 1291 1485 1347 mentio
1547 1293 1601 1346 in
1671 1291 2022 1361 responsione

482 1369 597 1414 ixti.

482 1361 597 1414 ixti.

511 1430 646 1495 Quid
679 1440 935 1500 praeterea
965 1441 1172 1500 gestum
1185 1431 1519 1486 Alexandrim
1533 1447 1654 1486 cum
1679 1431 1843 1483 Paulo
1867 1428 2023 1483 Eme-

441 1515 604 1574 seu_o,_
622 1499 748 1570 quid
767 1517 888 1574 cum
914 1499 1189 1574 Ai‘istolao
1209 1503 1440 1568 tribuno,
1471 1502 1669 1557 dictum
1698 1509 1781 1555 est
1809 1499 2021 1574 abunde

442 1571 572 1625 satis
594 1572 644 1624 in
672 1573 980 1627 nneliitione
1010 1573 1280 1627 historica.

514 1637 622 1694 Pax
671 1637 971 1711 huiusmodi
1018 1642 1215 1711 placuit
1259 1643 1472 1710 utrique
1499 1656 1717 1696 summm
1745 1638 2018 1705 potestati.

441 1707 594 1781 Sixto
615 1719 670 1781 et
693 1707 1034 1775 Theodosio,-
1048 1721 1268 1781 propter
1316 1707 1591 1765 turbarum
1637 1710 1881 1773 taedium,
1915 1725 2020 1762 non

443 1779 664 1849 perinde
687 1781 881 1850 placuit
912 1783 1030 1835 aliis
1049 1779 1440 1850 cujuscumque
1457 1781 1644 1850 partis.

513 1858 678 1912 Suum
725 1861 866 1914 enim
915 1861 1113 1929 quique
1163 1861 1456 1914 antistitem
1507 1859 1930 1914 criminabantur
1955 1857 2023 1929 de

442 1927 605 1981 nimia
634 1929 863 1995 quadam
889 1927 1218 1994 miconomia;
1248 1930 1507 1983 Joannem
1537 1929 1854 1992 Orientales,
1880 1927 2023 1994 quod

443 1997 839 2071 damnationem
861 2000 1096 2071 capitum
1120 2016 1224 2054 non
1255 2001 1550 2068 exegisset:
1575 2000 1825 2071 Cyrillum
1847 1999 2029 2071 catho-

445 2066 551 2131 lici,
581 2068 725 2136 quod
746 2069 877 2122 duas
907 2066 958 2123 in
984 2069 1198 2123 Christo
1228 2079 1348 2139 post
1365 2066 1655 2124 unitionem
1689 2078 1907 2139 naturas
1928 2069 2030 2120 las-

443 2152 537 2206 sus
564 2147 726 2200 esset,
758 2147 918 2206 atque
967 2140 1038 2192 ita
1067 2138 1339 2194 videretur
1377 2141 1676 2195 deseruisse
1713 2138 2027 2192 orthodoxa-3

446 2205 566 2279 lidei
604 2210 755 2276 quasi
785 2205 1025 2278 symbola
1055 2211 1168 2264 haéc
1205 2211 1329 2273 duo,
1362 2210 1506 2279 quod
1553 2219 1860 2263 naturarum
1900 2209 2036 2261 unio-

445 2277 516 2330 sit
552 2277 975 2353 audentior-uagi
999 2287 1284 2353 c_l_qwa’txr},
1311 2277 1561 2353 quodque
1584 2289 1705 2348 post
1731 2279 2026 2333 unitionem

446 2349 704 2402 manserit
733 2350 888 2404 unica
918 2349 1295 2404 Verbi'natura
1326 2349 1617 2405 incarnata.

516 2424 709 2480 Joanni
737 2427 1056 2482 calumniam
1097 2429 1223 2484 fecit
1264 2428 1653 2491 'l‘heodoretus,
1682 2427 2028 2495 pluribusque

448 2498 740 2565 persuasit;
770 2497 1024 2568 Cyrillum
1051 2499 1106 2552 in
1134 2499 1490 2568 suspicionem
1517 2499 1745 2558 vocavit,
1771 2512 1878 2550 non
1915 2498 2030 2565 epi-

447 2579 733 2634 scoporum
765 2575 988 2633 tantum,
1013 2576 1105 2621 aut
1131 2569 1446 2623 clericorum
1469 2568 1621 2630 ordo,
1646 2568 1739 2621 sed
1769 2569 1879 2636 ipsa
1895 2582 2030 2633 quo-

448 2648 554 2707 que
582 2637 738 2707 aulaL
758 2638 920 2692 immo
965 2646 1022 2693 et
1070 2639 1388 2692 sanctissimi
1429 2638 1696 2703 monachi,
1727 2653 1862 2707 quos
1892 2637 2032 2707 inter

451 2703 683 2779 Isidorus
712 2705 1001 2779 Pelusiota.
1023 2707 1216 2779 _(Hunc
1250 2708 1480 2779 Cyrillus
1520 2703 2030 2779 patrcmjvoeabat.)

453 2773 685 2847 onrtet,
710 2776 878 2844 inquit
909 2779 924 2847 (
949 2773 1062 2830 Lib.
1086 2794 1122 2841 ι,
1153 2773 1312 2847 epist:
1336 2779 1440 2831 523
1461 2777 1499 2847 ),
1522 2773 1596 2841 te.
1627 2795 1658 2830 ο
1685 2773 2029 2839 admirabilis,

450 2840 656 2910 ﬁrmum
680 2840 831 2917 atque
859 2840 1398 2917 constantem'semper
1437 2840 1643 2900 manere
1670 2863 1690 2900 :
1719 2848 1791 2898 sic
1831 2862 2028 2915 nempe,

449 2923 509 2986 ut
526 2930 617 2986 nec
638 2926 770 2986 metu
791 2918 1014 2970 carlestia
1035 2917 1244 2986 prodas,
1267 2933 1358 2970 nec
1382 2927 1542 2970 tecum
1570 2919 1680 2986 ipse
1699 2932 1929 2986 pugnare
1960 2917 2033 2968 ri-

453 2982 644 3058 dearis.
688 2983 829 3058 am
857 2988 901 3039 si
921 3001 1000 3049 ea,
1024 2982 1138 3058 qua:
1168 3003 1302 3040 nunc
1346 2987 1436 3040 abs
1457 2996 1504 3040 te
1529 2982 1722 3058 scripto
1749 2982 1886 3049 siml,
1919 3001 2033 3038 cum

454 3053 800 3126 superioribus
840 3053 1155 3126 perpendes,
1204 3065 1293 3110 aut
1332 3053 1900 3110 adulationi'obnoatius
1925 3071 2035 3108 esse

453 3110 719 3200 videberis,
742 3110 1075 3181 aut'ler'itatis
1091 3110 1343 3193 minister,
1360 3137 1416 3180 ut
1443 3128 1527 3200 qui
1546 3128 1692 3180 inani
1712 3127 1893 3199 gloria
1917 3141 2035 3180 suc-
2061 3110 2108 3173 Ο

452 3193 914 3339 ἶηῧξῖίῖἶ-Ιείᾱρῖο
950 3267 1179 3339 Cyrinus
1219 3266 1589 3339 responderit,
1640 3274 1879 3339 ignotum
1930 3274 2030 3339 est.

453 3331 588 3397 Quid
616 3335 738 3388 aliis
780 3337 969 3407 tribus,
996 3331 1240 3407 apertum
1268 3331 1336 3390 ei
1376 3337 1616 3407 epistolis
1647 3331 1767 3407 qua:
1795 3337 1848 3407 in
1877 3337 2035 3389 tertia

491 3409 609 3474 arte
637 3405 849 3474 concilii
880 3405 1133 3474 Ephesini
1177 3407 1445 3473 leguntur.
1477 3406 1675 3459 Verum
1699 3405 1766 3458 de
1801 3406 1884 3458 his
1910 3420 2036 3474 pro-

478 3472 615 3594 izrios
679 3472 733 3527 in
793 3472 1035 3530 auctario
1089 3472 1414 3530 Theodoreti
1495 3475 1882 3530 calumniarum
1914 3472 2037 3529 'au-

478 3556 643 3594 :ons.

458 3556 643 3596 ClOI‘lS.

1188 3639 1302 3700 XV.

455 3740 842 3816 SynoduAsrqua:
859 3754 1044 3816 quarta
1071 3744 1308 3816 Romana
1335 3745 1428 3799 sub
1458 3745 1610 3801 Sixto
1637 3762 1834 3816 summa
1863 3747 2038 3815 ponti-

526 3812 625 3881 ﬁce
652 3812 935 3868 Theodosio
955 3831 1043 3870 xlv
1062 3825 1110 3870 et
1128 3814 1364 3872 Maximo
1385 3833 1543 3881 coss.,
1568 3833 1692 3870 artu.
1711 3812 1898 3870 Christi
1912 3816 2036 3882 ‘55,

527 3883 612 3937 die
629 3882 698 3937 26
716 3885 926 3956 Aprilis.

529 4001 815 4075 Acceptisa
827 4003 1025 4077 Cyrillo
1045 4005 1237 4077 litteris
1263 4005 1330 4077 de
1356 4020 1488 4076 pace
1506 4003 1862 4077 Ecclesiarum
1887 4006 2036 4072 inita,

457 4074 656 4146 Sixtus,
675 4074 811 4146 cum
841 4074 1137 4130 incredibili
1160 4074 1690 4146 gaudio—exsultaret,
1721 4074 1922 4146 Cyrillo
1954 4094 2041 4132 re-

455 4144 674 4217 spondit
700 4145 752 4217 in
781 4145 894 4200 haec
917 4147 1081 4200 verba
1113 4147 1200 4216 (nl
1225 4155 1374 4217 part.
1405 4162 1550 4199 conc.
1575 4144 1710 4215 Eph.
1738 4144 1786 4217 o.
1821 4145 1911 4217 4i)
1944 4166 1956 4200 :
1993 4147 2038 4201 0

456 4216 638 4287 relatio
676 4216 833 4286 digna
881 4214 1143 4281 mittente,
1196 4214 1680 4287 dignaconventu!
1721 4214 1909 4271 Gaudii
1941 4235 2042 4272 ca:-

453 4285 594 4339 lestis
641 4284 887 4358 indicium
917 4287 1043 4341 tales
1080 4284 1273 4358 habere
1297 4284 1467 4340 debuit
1489 4287 1807 4356 cognitores;
1837 4297 1885 4340 et
1922 4291 2040 4358 quia

453 4372 536 4428 res
559 4365 607 4428 et
630 4372 787 4410 causa
808 4356 1052 4426 deposcit,
1069 4356 1236 4428 legum
1256 4373 1450 4428 quoque
1475 4359 1709 4428 convenit
1729 4374 1829 4411 non
1860 4356 2036 4413 taceri.

453 4425 537 4478 Ad
557 4425 765 4498 beatum
793 4425 1080 4498 apostolum
1109 4425 1319 4482 Petrum
1337 4425 1637 4498 fraternitas
1665 4428 1898 4481 universa
1915 4445 2039 4482 con-

453 4497 616 4569 venit;
637 4513 753 4569 ecce
764 4494 1074 4569 auditorium
1088 4494 1366 4569 congruens
1381 4497 1502 4550 audi
1509 4494 1718 4569 terimus,
1735 4500 2035 4553 conveniens

453 4567 745 4640 audiendis.
779 4565 1091 4640 Habuerunt
1103 4565 1389 4640 coepiscopi
1409 4567 1571 4640 nostri
1600 4567 2037 4640 illumrcongratu-

453 4636 660 4692 lationis
683 4647 876 4702 testem,
900 4657 1046 4710 quem
1072 4636 1312 4710 habemus
1336 4636 1546 4710 honoris
1578 4636 1879 4710 exordium;
1897 4637 2036 4710 Sane

452 4718 549 4781 cla:
575 4724 794 4781 namque
830 4719 879 4781 e_t
906 4707 1180 4762 uenerabili
1226 4707 1443 4776 synodo,
1485 4722 1658 4781 qu_am_
1683 4708 1874 4781 natalis
1908 4709 2034 4781 mihi

452 4778 560 4832 dies
581 4776 789 4858 favente
831 4777 1054 4858 Domino
1084 4784 1438 4858 congregorat,
1469 4776 1689 4858 qu‘ia‘sic
1727 4777 2034 4858 credendum

449 4859 544 4913 est,
576 4843 686 4920 ipse
707 4849 966 4920 praesedit,
993 4843 1402 4920 quandoquidem
1429 4843 1694 4920 probatur,
1717 4863 1808 4900 nec
1825 4849 2031 4920 spiritu,

451 4935 543 4973 nec
596 4916 808 4992 corpore
833 4916 1095 4992 defuisse.
1128 4916 1308 4988 Adfuit
1354 4916 1560 4985 palmaz,
1592 4917 1678 4987 qui
1724 4919 2034 4992 contentioni

447 5005 554 5043 non
576 4988 747 5061 defuit
774 5007 791 5044 :
809 4988 946 5061 juvi't
973 4990 1262 5043 animorum
1291 4996 1404 5061 rota
1434 4997 1745 5061 nostrorum,
1787 4989 1872 5061 qui
1900 4988 2033 5042 videt

447 5056 678 5128 symbolo
706 5056 925 5130 primum
959 5062 1093 5113 inter
1120 5057 1379 5130 apostolos
1409 5056 1898 5130 traditoderOgari;
1930 5075 2033 5130 non

448 5125 631 5197 passus
659 5125 736 5183 est
755 5131 1035 5254 nefandum
1056 5125 1207 5198 caput
1226 5125 1452 5197 gaudere
1472 5127 1690 5189 solatiis,
1715 5125 1808 5180 nec
1837 5127 2034 5182 turbari

448 5197 536 5250 diu
565 5200 677 5254 sivit
697 5200 804 5254 lutu
828 5209 945 5254 ento
967 5201 1169 5254 auraite
1201 5199 1357 5254 fontis
1388 5196 1526 5250 illius
1555 5198 1809 5254 perspicui
1831 5199 2034 5254 aurita-

447 5196 536 5250 diu
565 5200 677 5270 sivit
697 5196 945 5254 lutulento
966 5196 1169 5269 gurgite
1200 5196 1357 5270 fantis
1388 5196 1526 5270 illius
1555 5198 1809 5270 perspicui
1831 5199 2034 5270 purita-

449 5277 567 5322 tem.
594 5269 675 5322 Λα
694 5285 786 5323 nos
814 5267 999 5323 reversi
1021 5267 1226 5339 fratres,
1244 5267 1311 5320 ad
1327 5268 1782 5338 nos,inquam,qui
1802 5267 2034 5322 morbum

447 5341 704 5392 communi
749 5341 921 5411 studio
977 5347 1362 5411 persequentes,
1409 5339 1702 5411 animarum
1746 5341 2033 5411 curavimus

447 5411 790 5463 sanctitatem.
822 5409 888 5464 Et
915 5407 1101 5480 postea
1127 5407 1146 5461 ε’
1168 5407 1413 5480 Exsulta,
1439 5409 1599 5478 frater
1633 5409 1964 5480 charissim,
1983 5417 2032 5461 et

446 5480 518 5562 od
556 5496 650 5562 nos
675 5477 952 5534 recollectis
1001 5479 1249 5562 fratribus
1294 5477 1466 5560 pictor.
1491 5479 1721 5558 exsulta._
1759 5477 2032 5562 Qmorebat

447 5549 681 5622 Ecclesia
701 5568 825 5622 quos
847 5549 1034 5621 recepit
1063 5566 1080 5604 :
1111 5567 1232 5604 nam
1259 5550 1304 5603 si
1333 5549 1585 5622 neminem
1613 5549 1781 5622 perire
1802 5550 2029 5622 volumus

447 5621 511 5674 de
538 5619 757 5692 pusillis,
790 5619 977 5692 attento
1007 5621 1170 5691 magis
1209 5619 1532 5692 gaudendum
1562 5620 1708 5672 nobis
1736 5629 1810 5672 est
1943 5636 2031 5671 sa-

449 5689 607 5749 nitate
628 5693 910 5750 rectorum!
931 5689 1170 5758 Legimus
1195 5689 1297 5749 uno
1327 5691 1431 5748 oris
1472 5700 1712 5760 quantum
1737 5689 1912 5758 gaudii
1943 5706 2026 5744 rc-

2125 451 2206 505 dis
2236 452 2422 505 habeat
2443 462 2608 506 tantos
2630 469 2890 506 rerocasse
2909 451 3158 522 pastores.
3177 451 3363 522 Greges
3386 453 3709 522 aspiciuntur

2121 523 2175 604 in
2204 522 2440 603 singulis;
2461 539 2552 575 nec
2567 525 2716 604 unius
2736 523 2816 576 hic
2835 539 3000 604 'causa
3020 531 3288 604 tractotur,
3300 523 3514 604 quaties
3535 524 3705 592 agitur

2124 592 2188 646 de
2228 594 2453 645 sanitate
2476 593 2770 645 multorum.
2824 592 3086 647 Lietamur
3126 593 3207 645 hic
3237 592 3365 646 nihil
3403 593 3570 662 egisse
3612 609 3702 645 nos

2123 677 2466 744 prwcoquum,
2507 663 2711 744 quando
2741 665 2908 744 fructu
2936 673 3126 744 nostrce
3158 663 3425 716 sententia?
3452 663 3706 744 .gratula:

2123 747 2256 784 mur.
2290 732 2638 785 Sustinuimus
2683 735 2888 802 fratres,
2917 735 3056 802 certi
3100 749 3186 786 eos
3237 749 3340 785 non
3383 733 3582 800 spinas,
3615 733 3706 785 sed

2121 816 2245 855 uvas
2273 816 2381 854 esse
2426 801 2827 872 lecturost’Tum
2861 821 2872 855 :
2907 801 3277 872 Easpectamus
3319 804 3478 872 igitur
3513 818 3712 854 memo-

2123 872 2225 943 r_a'ti
2250 873 2429 943 fratris
2466 873 2630 924 nostri
2647 870 2877 943 Joannis
2905 870 3136 932 clericos,
3173 882 3222 925 et
3254 870 3488 943 optamus
3511 873 3701 924 renire.

2124 939 2340 1022 Scimus
2357 942 2424 1005 ei,
2438 951 2613 1022 ‘etlpro
2633 942 2824 1022 honore
2840 953 2889 995 et
2916 960 3010 1022 pro
3031 944 3206 1022 labore
3235 939 3318 996 tuo
3341 943 3467 994 dare
3488 954 3716 1022 re_span-‘

2122 1025 2254 1063 sum.
2280 1008 2347 1062 Et
2374 1011 2472 1064 sub
2502 1008 2658 1064 linem
2687 1030 2698 1064 :
2734 1012 2863 1065 Hmc
2883 1008 2952 1066 ad
2981 1014 3347 1066 uenerationem
3369 1023 3506 1063 tuum
3525 1008 3712 1080 frater-

2123 1081 2259 1153 nitoo
2288 1097 2487 1153 mecum
2501 1091 2680 1153 sancta
2705 1083 2900 1147 scribit,
2927 1084 3150 1153 probans
3173 1093 3286 1134 tuos
3321 1085 3376 1135 in
3405 1080 3636 1134 omnibus
3658 1090 3708 1132 et

2122 1151 2429 1218 conﬁrmans
2471 1150 2704 1214 labores;
2752 1155 2836 1222 qui
2867 1150 3033 1206 tamen
3063 1170 3239 1223 grares
3269 1163 3356 1204 aut
3403 1153 3568 1203 amori
3596 1167 3709 1223 esse

2123 1235 2223 1272 non
2247 1229 2536 1287 potuerunt,
2577 1223 2695 1291 quia
2725 1221 2842 1275 huic
2870 1221 3084 1291 impensi
3114 1233 3231 1276 sunt
3260 1223 3410 1290 cujus
3448 1238 3574 1273 onus
3602 1221 3710 1271 lere

2121 1299 2172 1360 et
2211 1291 2393 1359 jugnm
2424 1307 2578 1344 stt-are
2605 1301 2889 1360 portamus.
2928 1291 3113 1344 Datum
3166 1310 3233 1345 xv
3265 1293 3509 1344 kalendas
3549 1291 3709 1342 Octo-

2123 1357 2247 1421 bris,
2283 1360 2570 1414 Theodosio
2593 1357 2677 1414 xlv
2703 1372 2752 1414 et
2769 1361 3003 1416 Maximo
3031 1363 3342 1416 consulibus.

2193 1426 2271 1482 Ex
2300 1430 2571 1502 his_sancti
2601 1431 2867 1502 pontificis
2893 1433 3069 1502 verbis
3085 1433 3233 1502 plura
3267 1431 3562 1502 intelligere
3583 1445 3710 1502 pos-

2123 1511 2305 1552 sumus
2334 1517 2346 1550 :
2381 1499 2440 1550 1°
2465 1509 2661 1570 quanta
2696 1501 2874 1554 lmtitia
2904 1499 3151 1570 perfusus
3179 1502 3247 1554 sit
3272 1501 3602 1569 apmtolicus
3630 1501 3708 1551 si-

2125 1583 2223 1620 nus
2237 1570 2570 1640 successoris
2590 1568 2754 1632 Petri,
2779 1568 3190 1640 redintegratum
3214 1568 3570 1624 Ecclesianun
3587 1585 3714 1640 coti-

2122 1638 2361 1708 cordiam
2424 1641 2714 1704 cernentis,
2765 1638 3004 1708 quoque
3035 1641 3242 1694 Christi
3268 1642 3499 1693 vicarius
3548 1638 3716 1690 fuerit

2125 1707 2304 1761 animo
2347 1708 2398 1761 in
2429 1709 2730 1762 Nestorium
2759 1707 2956 1764 Christi
3005 1712 3250 1773 hostem;
3281 1711 3424 1764 unde
3449 1709 3716 1761 refellitur

2125 1777 2393 1849 calumnia
2420 1777 2876 1843 Nestorianorum,
2906 1781 2997 1849 qui
3025 1797 3122 1848 per
3147 1796 3408 1832 suuunam
3440 1777 3714 1847 impuden-

2127 1845 2254 1918 tiam
2285 1858 2593 1916 sparseraut
2614 1850 2664 1902 iu
2687 1850 2875 1917 vulgus
2897 1845 3104 1904 litteras
3122 1849 3366 1918 Philippi)
3392 1845 3566 1915 legato
3584 1863 3720 1918 ειψέ

2123 1917 2347 1988 positas,
2372 1918 2566 1983 quibus
2593 1919 2798 1973 Sixtum
2819 1935 2959 1988 :rgre
2982 1921 3166 1974 tulisse
3193 1917 3452 1974 scriberet
3479 1917 3723 1972 Nestori's

2125 1985 2499 2052 dejectionem.

2195 2055 2258 2108 2ο
2291 2056 2484 2111 Lectas
2523 2058 2683 2112 fuisse
2715 2059 2766 2112 in
2808 2059 3015 2129 synodo
3046 2058 3228 2114 Bonna!
3257 2057 3437 2127 Cyrilli
3469 2057 3711 2129 litteras;

2127 2141 2353 2193 eamque
2379 2129 2638 2197 synodum
2669 2125 2904 2182 habitam
2933 2128 3094 2183 fuisse
3135 2129 3274 2196 apud
3305 2125 3572 2181 Sanctum
3615 2125 3723 2178 l’e-

2127 2203 2268 2248 trum
2296 2213 2308 2248 :
2340 2213 2446 2268 non
2485 2198 2627 2266 quod
2675 2198 2972 2253 litterarum
3001 2199 3249 2268 acceptio
3272 2199 3430 2251 fuerit
3457 2197 3720 2268 cogendae

2127 2280 2319 2336 causa;
2352 2267 2444 2320 sed
2465 2268 2586 2335 quia
2607 2277 2971 2322 convenerant
2996 2269 3063 2322 de
3091 2267 3242 2322 more
3260 2269 3498 2336 episcopi
3521 2267 3586 2318 ad
3618 2282 3718 2318 ua-

2128 2335 2286 2407 talom
2307 2336 2472 2407 Sixti,
2504 2338 2554 2391 id
2575 2346 2676 2399 est,
2706 2339 2772 2392 ad
2801 2339 2940 2392 diem
2965 2335 3358 2407 assumptionis.

2201 2405 2262 2478 δέ
2291 2404 2404 2471 Qua
2434 2406 2521 2478 die
2543 2408 2809 2462 celebrata
2835 2409 2905 2462 sit
2922 2404 3175 2478 synodus,
3200 2409 3447 2462 nimirum
3466 2404 3537 2478 26
3560 2405 3720 2478 Apri-

2129 2476 2212 2538 lis,
2244 2474 2514 2548 hacenjmr
2537 2478 2650 2545 ipsa
2679 2478 2765 2532 die
2793 2474 3101 2548 assumptus
3113 2488 3193 2531 est
3215 2478 3424 2548 Sixtus,
3448 2474 3716 2548 siquidem

2132 2546 2392 2600 successit
2410 2545 2700 2602 C(elestino
2723 2548 2823 2616 (ad
2841 2545 3066 2618 superos
3087 2548 3220 2618 abiit
3240 2565 3326 2601 vui
3358 2547 3483 2618 idus;
3496 2547 3715 2618 Aprilis)
3765 2583 3768 2587 ι

2129 2630 2252 2669 eum
2279 2625 2523 2670 vacasset
2560 2618 2715 2672 sedes
2737 2616 2922 2684 viginti
2963 2619 3168 2672 diebus.
3193 2616 3520 2684 Corrigenda
3553 2617 3720 2681 igitur

2131 2694 2216 2768 est
2245 2687 2500 2768 temporis
2524 2695 2668 2749 nota,
2692 2703 2811 2768 qua:
2836 2688 2973 2768 apud
3002 2688 3285 2768 Baronium
3314 2695 3371 2768 et
3400 2686 3719 2768 in_co_neil_iis

2131 2755 2388 2826 habetur;
2421 2771 2594 2824 neque
2640 2755 2782 2811 enim
2835 2755 2947 2812 fieri
2976 2757 3150 2826 potuit
3179 2766 3238 2810 ut
3271 2755 3337 2809 ad
3369 2773 3433 2808 xv
3464 2756 3720 2808 kalendas

2132 2823 2386 2898 Octobris
2425 2823 2668 2898 epistola
2694 2827 2807 2881 haec
2844 2823 3099 2898 synodica
3138 2827 3460 2885 differretur,
3492 2841 3614 2898 cum
3664 2827 3717 2878 in

2136 2895 2248 2964 ipsa
2269 2895 2471 2964 scribat
2493 2895 2732 2964 pontifex
2769 2911 2828 2951 se
2857 2895 3094 2951 nondum
3143 2897 3413 2963 accepisse
3441 2896 3657 2948 nuntios
3687 2912 3717 2948 a

2133 2963 2340 3034 Joanne
2361 2963 2714 3030 Antiocheno,
2744 2966 2811 3020 ad
2830 2982 2989 3034 quem
3014 2977 3192 3020 tamen
3221 2966 3324 3020 alia
3339 2965 3718 3033 Sixtiepistola

2134 3033 2258 3088 data
2280 3033 2472 3089 dicitur
2499 3052 2568 3089 xv
2594 3033 2861 3090 kalendas,
2878 3035 3141 3091 Octobris.

2209 3103 2271 3178 §°
2304 3104 2594 3178 Epistolam
2643 3106 2781 3178 Sisti
2810 3107 2982 3176 reipsa
3010 3123 3129 3161 esse
3173 3107 3517 3178 synodicam;
3548 3107 3716 3178 ipsam

2139 3174 2281 3297 cuiq:
2309 3176 2504 3229 dicitur
2533 3177 2835 3246 fraternitas
2862 3174 3042 3230 saneta
3070 3174 3446 3247 cum'pneside
3466 3175 3718 3244 pontifice

2139 3259 2238 3297 scn
2277 3260 2390 3297 ere.

2135 3259 2238 3300 SCI'I
2245 3259 2369 3300 nere
2377 3284 2390 3298 .

2208 3311 2265 3386 5⁸
2296 3314 2395 3386 Qui
2424 3315 2659 3384 episcopi
2697 3316 2763 3370 ad
2802 3316 3063 3386 synodum
3112 3316 3391 3376 venerint,
3445 3316 3477 3368 ii
3519 3329 3716 3386 nempe

2137 3383 2227 3450 qui
2243 3383 2473 3438 natalem
2500 3383 2767 3450 pontiﬁcis
2790 3383 3036 3440 solebam
3057 3394 3324 3440 conventu
3355 3403 3454 3438 suo
3473 3385 3716 3439 celebra-

2137 3467 2198 3507 re
2228 3471 2240 3505 :
2273 3454 2325 3507 id
2347 3470 2476 3509 vero
2503 3454 2771 3510 habebant
2792 3457 2842 3510 in
2872 3472 3056 3519 more,
3085 3473 3192 3510 non
3231 3457 3525 3509 vicinarum
3556 3454 3719 3508 modo

2140 3523 2348 3605 urbium
2391 3525 2646 3605 episcopi2
2696 3526 2790 3580 sed
2817 3527 2989 3605 etiam
3018 3526 3337 3605 remotiores
3364 3527 3474 3584 alii.
3495 3524 3719 3605 _quibus

2139 3593 2255 3666 hac
2269 3593 2552 3666 occasione
2577 3593 2831 3666 placeret
2849 3597 3080 3651 natalem
3112 3595 3466 3650 Eeelesiarum
3490 3595 3717 3666 luntem.

2141 3671 2198 3716 ut
2242 3663 2478 3732 loquitur
2505 3663 2844 3720 Innocentius
2871 3666 2923 3729 ι,
2954 3675 3004 3720 et
3035 3667 3319 3721 ecclesiam
3347 3665 3718 3734 principalem,

2140 3742 2200 3786 ut
2218 3734 2292 3787 ait
2319 3734 2635 3806 Cyprianus,
2660 3736 2800 3790 unde
2847 3738 3026 3806 unitas
3063 3735 3414 3790 sacerdotalis
3453 3745 3571 3788 orta
3613 3744 3719 3796 est,

2140 3804 2544 3870 recognoscere.
2568 3805 2658 3874 Sic
2690 3807 2830 3860 enim
2854 3804 2963 3862 Leo
3003 3806 3223 3874 Magnus
3251 3806 3388 3860 Sisti
3418 3819 3721 3866 successor,

2177 3881 2261 3926 ost
2291 3874 2559 3930 laudatam
2577 3873 2720 3929 Petri
2745 3876 2796 3929 in
2825 3873 3134 3931 successore
3154 3876 3510 3930 univcrsalem
3537 3875 3726 3926 ovium

2185 3943 2335 3997 hristi
2360 3961 2543 4018 curam
2577 3963 2589 3998 :
2633 3944 2782 4000 Unde
2809 3947 3172 4018 uenerabilium
3197 3963 3394 4018 quoque
3427 3946 3648 4018 fratrum
3675 3954 3726 4018 et

2140 4015 2557 4088 consacerdotum
2580 4031 2805 4068 meorum
2831 4016 3122 4070 desiderata
3164 4017 3288 4088 mihi
3313 4015 3369 4069 ἐι
3415 4015 3725 4088 honoranda

2139 4085 2417 4157 promendo
2444 4086 2562 4157 hinc
2588 4088 2840 4157 sacratior
2865 4096 2942 4140 est
2969 4097 3118 4157 atque
3157 4087 3413 4148 devotior,
3457 4086 3503 4138 si
3530 4086 3728 4154 pietate

2140 4153 2293 4226 hujus
2320 4155 2491 4223 ofﬁcii,
2523 4157 2574 4209 in
2597 4171 2695 4226 quo
2716 4156 2894 4210 adesse
2912 4153 3109 4226 dignati
3134 4166 3270 4219 sunt,
3296 4159 3343 4209 ei
3365 4153 3729 4226 principaliter

2141 4222 2394 4298 deferunt,
2423 4241 2569 4298 quem
2589 4222 2692 4278 non
2720 4226 2887 4279 solum
2907 4222 3058 4298 hujus
3084 4227 3220 4280 sedis
3242 4222 3540 4298 pra’sulem,
3556 4225 3657 4298 fed
3675 4234 3729 4277 ct

2141 4293 2368 4366 omnium
2395 4293 2745 4365 episcoporum
2780 4293 3026 4350 noverunt
3061 4312 3170 4351 esse
3206 4293 3473 4366 primatem
3504 4294 3724 4365 (Serm.

2139 4361 2176 4415 2
2194 4363 2246 4437 in
2269 4363 2351 4437 die
2377 4361 2725 4437 anniversario
2755 4368 3118 4437 assumptionis
3145 4361 3294 4433 suie).

2210 4431 2272 4485 ϐο
2306 4431 2455 4488 Unde
2481 4443 2607 4490 nata
2644 4435 2708 4489 sit
2751 4431 3014 4491 calumnia
3054 4431 3521 4497 Nestorianorum,
3565 4449 3724 4488 men-

2064 4483 2113 4545 D
2137 4483 2607 4573 εξεέιιίιῐιῖέίῖίό
2644 4483 3014 4573 assistat;
3051 4483 3725 4570 audacissimus.

2135 4571 2338 4646 lfiempe
2379 4574 2572 4646 litteris
2601 4571 2756 4646 apud
2787 4575 2996 4646 Sixtum
3025 4576 3253 4646 Cyrillus
3281 4575 3549 4646 institerat
3583 4585 3644 4627 ut
3673 4577 3727 4629 in

2135 4639 2394 4715 Joannem
2451 4639 2840 4715 Antiochenam
2887 4639 3117 4700 Nestorii
3163 4653 3445 4715 patronum
3497 4643 3732 4698 ferretur

2137 4714 2430 4784 apostolica
2452 4714 2736 4784 sententia;
2754 4714 2847 4768 sed
2876 4731 2996 4769 eam
3020 4714 3255 4784 pontifex
3278 4716 3551 4774 sustinuit,
3586 4715 3731 4784 unde

2135 4781 2210 4834 ait
2239 4781 2405 4836 ltetari
2433 4798 2512 4846 se,
2535 4782 2680 4850 quod
2708 4784 2839 4838 nihil
2878 4781 3073 4853 egisset
3116 4801 3459 4853 prarcoquum
3485 4802 3500 4844 ;
3533 4793 3589 4838 et
3620 4783 3732 4838 fru-

2135 4802 2210 4834 au
2239 4802 2405 4836 lactari
2433 4802 2512 4846 se,
2535 4802 2680 4850 quoa
2708 4802 2839 4838 mnu
2878 4802 3073 4853 egisset
3155 4802 3459 4853 rarcoquum
3485 4802 3500 4844 ;
3533 4802 3589 4838 et
3620 4802 3732 4838 Iru-

2135 4859 2287 4933 ctum.
2309 4869 2418 4906 sua:
2442 4852 2738 4976 patientiae.
2755 4857 3098 4936 percepisset.
3116 4802 3415 4936 glenignam
3464 4855 3605 4908 hanc
3633 4871 3733 4936 pa-_

2138 4930 2378 4976 tientlam
2489 4931 2742 4976 estonam
2796 4940 2951 4976 suum
3013 4941 3067 4976 1n
3115 4941 3331 4976 sensum
3387 4932 3733 4976 interpretati

2138 4921 2378 5044 tienttiam
2442 4921 2768 4978 Nestoriani'
2796 4921 2951 4979 suum
3013 4925 3067 4979 in
3115 4921 3331 4980 sensum
3387 4921 3735 4993 interpretati

2138 5007 2236 5044 sun
2266 5031 2280 5044 .

2136 5007 2280 5047 sunt.

2209 5061 2550 5134 addequod,
2589 5070 2726 5134 teste
2753 5061 3032 5117 Gennadio
3064 5061 3203 5134 (Lib.
3248 5063 3311 5117 de
3340 5064 3538 5134 Script.
3579 5063 3730 5117 Eccl.

2136 5146 2184 5203 c_.
2215 5129 2325 5200 54),
2358 5132 2562 5203 litteras
2596 5133 2810 5202 ipsimet
2835 5129 3083 5188 Nestorio
3107 5133 3290 5188 Sixtus
3313 5129 3482 5195 dedit,
3508 5135 3731 5203 quibus,

2136 5201 2181 5258 si
2207 5217 2311 5270 qua
2338 5202 2544 5256 ratione
2573 5201 2774 5271 posset,
2813 5204 2968 5258 malis
2998 5203 3222 5258 fractum
3252 5212 3345 5257 aut
3373 5201 3562 5258 saltem
3595 5207 3730 5258 sub-

2137 5280 2316 5324 actum
2346 5281 2627 5326 revocaret
2657 5273 2723 5326 ad
2757 5273 2954 5328 bonam
2985 5283 3219 5328 mentem
3251 5292 3264 5326 :
3291 5273 3546 5328 Similiter
3567 5277 3735 5329 etiam

2139 5339 2322 5414 Sirtus
2359 5357 2621 5414 successor
2649 5341 2906 5414 Caelestini
2934 5361 3026 5414 pro
3055 5344 3233 5399 eadem
3273 5360 3346 5407 re,
3387 5355 3437 5397 et
3464 5345 3533 5396 ad
3554 5346 3735 5412 ipsum

2139 5408 2434 5484 Nestorem,
2451 5421 2516 5484 et
2540 5411 2609 5484 ad
2640 5411 2867 5467 Orientis
2895 5408 3182 5484 episcopos,
3208 5414 3478 5484 adversum
3497 5408 3736 5469 errore-ns

2134 5480 2247 5553 ojus
2284 5481 2644 5553 succidendum
2679 5480 2965 5553 sententias
3008 5480 3216 5538 direxit.
3249 5483 3304 5538 ld
3343 5485 3457 5553 ipse
3495 5492 3736 5540 testatur

2135 5549 2317 5604 Sixtus
2336 5551 2390 5604 in
2410 5551 2602 5606 litteris
2625 5552 2690 5606 ad
2711 5551 2975 5607 Joannem
3007 5549 3400 5609 Antiochenam
3428 5572 3440 5607 :
3467 5553 3632 5608 Credo
3652 5558 3735 5609 ad

2134 5620 2458 5692 dilectionem
2489 5631 2627 5675 tuam
2659 5639 2825 5675 rerum
2857 5641 3035 5678 cursus
3063 5636 3111 5679 et
3140 5625 3270 5679 ordo
3297 5625 3565 5692 pertulerit
3591 5643 3694 5679 ana

2133 5694 2247 5747 liter
2269 5693 2312 5747 ei
2338 5691 2628 5760 (Nestorio)
2654 5692 2900 5750 voluimus
2927 5706 3104 5751 nostra
3131 5691 3485 5750 admonitione
3515 5713 3736 5750 succur-
