4016 6154
367 308 558 313 -ο--ο-
871 310 1352 317 —-_.-—--.——.-——._—‘.-.——.
1371 311 1450 317 —_
1477 312 1560 317 —._._
1587 314 1592 316 μ
1613 312 1626 316 -
1741 311 1850 317 ...α-.-
1887 313 1892 316 .
1927 310 1977 317 -..-
2004 294 3536 316 ψ’---ι-“-ψ-η-Ω“-ῄ-Μό--“

399 335 1842 346 -οᾲ-ᾛ--ο-η--ᾏ---ῌ-...ιψορ
1875 337 2266 345 .v.-__-.._.___.._
2279 324 3484 344 _.-..-__--_———'—-‘—-——————t——————-‘-—-—~’.’

378 907 531 963 llune
557 905 814 961 eximium
853 902 919 958 de
951 902 1265 973 Virginitate
1299 902 1496 958 librum
1538 905 1831 959 Antiochia:
1856 919 1889 961 α

313 997 690 1068 Chrysostomo
718 994 919 1048 editum
965 991 1159 1057 fuisse,
1199 993 1313 1062 ipse
1357 993 1669 1048 testiﬁcatur
1699 994 1752 1047 in
1785 993 1891 1047 line

318 1087 552 1143 llomilite
578 1086 643 1140 19
665 1086 718 1139 in
752 1085 1040 1153 Epistolam
1071 1085 1095 1138 1
1130 1083 1196 1138 ad
1224 1082 1530 1139 Corinthios
1562 1085 1644 1139 his
1671 1084 1885 1138 verbis:

318 1178 375 1232 Si
399 1186 563 1230 autem
590 1174 923 1245 prceteriimus
952 1190 1009 1227 ea
1045 1188 1158 1242 qua:
1185 1174 1401 1235 dicenda
1434 1185 1594 1229 essent
1622 1174 1686 1228 de
1720 1173 1890 1245 Virgi-

315 1270 489 1334 nitate,
522 1284 666 1322 nemo
694 1283 783 1319 nos
810 1264 1124 1335 negligentia:
1149 1264 1386 1330 damnet;
1413 1267 1600 1334 integer
1617 1264 1750 1319 enim
1769 1265 1891 1317 liber

314 1358 367 1411 in
405 1359 537 1412 hunc
567 1355 736 1411 locum
762 1372 794 1408 a
826 1356 967 1409 nobis
995 1366 1067 1409 est
1095 1355 1257 1410 editus
1279 1372 1297 1410 :
1317 1367 1364 1410 et
1391 1373 1505 1413 cum
1541 1371 1692 1424 quam
1718 1356 1889 1425 potui-

313 1464 420 1500 mus
439 1446 814 1500 accuratissime
835 1455 881 1498 et
901 1432 1281 1515 diligentissime
1296 1446 1463 1499 omnia
1483 1444 1588 1499 illic
1609 1444 1891 1516 persequuti

312 1540 485 1606 simus,
512 1552 935 1606 supervacaneum
965 1552 1070 1590 esse
1095 1535 1332 1590 duximus
1357 1553 1415 1590 ea
1439 1550 1611 1590 rursus
1631 1536 1712 1590 hic
1732 1553 1889 1603 expo-

313 1646 447 1684 nere.
478 1630 674 1684 Locum
708 1643 867 1697 porro
896 1628 1063 1693 illum,
1094 1643 1250 1696 quem
1285 1626 1509 1681 Homilia
1541 1627 1606 1683 i9
1638 1629 1690 1681 in
1721 1628 1886 1697 Epist.

317 1723 338 1774 1
372 1720 437 1775 ad
459 1719 764 1775 Corinthios
784 1719 837 1771 in
859 1728 1227 1787 argumentum
1249 1719 1347 1772 sibi
1373 1720 1634 1788 proponit,
1652 1720 1886 1773 scilicet:

315 1812 513 1866 Bonum
541 1820 612 1864 est
642 1810 831 1862 homini
862 1809 1118 1862 mulierem
1145 1824 1245 1861 non
1275 1817 1512 1879 tangere,
1543 1818 1670 1871 elc.,
1709 1809 1761 1862 in
1793 1809 1892 1863 hoc

316 1906 384 1957 de
407 1901 724 1970 Virginitate
769 1900 903 1953 libro
940 1908 1194 1968 perpetuo
1225 1908 1400 1952 versat
1441 1910 1496 1953 et
1535 1899 1775 1964 discutit;
1820 1898 1891 1952 ita

320 2005 377 2045 ut
406 1989 626 2060 perinde
657 1998 861 2043 certum
898 1989 967 2041 sit
997 1992 1138 2041 hunc
1164 1987 1233 2042 de
1256 1987 1574 2059 Virginitate
1608 1988 1799 2042 librum
1835 1986 1890 2042 in

325 2081 552 2135 llomilia
591 2080 678 2132 illa
725 2077 1131 2131 commemorari
1152 2118 1167 2142 ,
1197 2086 1253 2130 ut
1278 2088 1478 2131 eertum
1508 2088 1589 2131 cst
1617 2078 1731 2147 ipso
1760 2087 1893 2132 teste

318 2172 703 2242 Chrysostomo
732 2170 984 2224 llomilias
1019 2170 1072 2222 in
1115 2169 1401 2237 Epistulam
1437 2170 1459 2223 1
1493 2169 1558 2223 ad
1585 2169 1891 2225 Corinthios

318 2263 616 2319 Antiochiae
642 2262 849 2315 habitas
876 2261 1057 2314 fuisse.
1078 2260 1374 2314 Antiochia:
1400 2261 1574 2329 igitur,
1601 2261 1684 2315 vel
1705 2267 1895 2316 tortas-

316 2354 394 2407 sis
420 2353 472 2406 in
499 2352 785 2406 solitudine
810 2351 895 2404 isti
924 2351 1037 2404 urbi
1068 2350 1235 2404 vicina
1269 2351 1459 2405 librum
1495 2350 1563 2405 de
1587 2351 1895 2421 Virginitate

316 2443 497 2496 emisit
520 2440 929 2512 Cbrysostomus
956 2457 970 2493 :
995 2449 1171 2494 utrum
1200 2443 1340 2494 enim
1368 2456 1490 2496 cum
1518 2441 1791 2510 presbyter
1809 2455 1895 2495 es-

320 2543 434 2597 set,
463 2548 529 2585 an
560 2547 679 2584 cum
708 2530 966 2584 diaconus
989 2571 1005 2595 ,
1033 2546 1098 2582 an
1130 2544 1256 2596 verp
1286 2539 1440 2583 antea
1482 2545 1601 2583 cum
1630 2530 1681 2582 in
1709 2530 1895 2585 solitu-

317 2624 442 2678 dine
471 2623 730 2693 degeret,
759 2637 866 2675 non
898 2623 966 2675 ita
995 2621 1339 2690 conspicuum
1363 2661 1380 2687 ,
1409 2631 1468 2675 ut
1495 2621 1625 2675 infra
1667 2622 1891 2677 dicetur.

384 2727 582 2782 Verum
611 2725 984 2780 Tillemontius
1014 2734 1212 2780 tantam
1251 2726 1373 2781 huic
1410 2728 1726 2783 enervanda:
1766 2742 1892 2783 sen—

309 2818 498 2873 tentia:
524 2816 884 2870 difﬁcultatem
922 2817 1149 2884 quodam
1178 2816 1230 2870 in
1264 2818 1379 2872 loco
1414 2818 1633 2888 hujusce
1670 2821 1736 2876 de
1770 2820 1891 2877 Vir-

304 2912 535 2979 ginitate
568 2909 684 2962 libri
715 2922 777 2964 se
801 2911 1063 2978 reperisse
1085 2919 1251 2977 putat,
1280 2919 1338 2961 ut
1362 2909 1450 2962 illa
1471 2910 1727 2964 adductus
1752 2912 1890 2967 hunc

304 3003 507 3054 librum
537 2999 589 3051 in
617 2999 975 3067 episcopatum
999 2999 1113 3067 ejus
1138 2999 1393 3059 conferat.
1418 2999 1720 3070 editumque
1749 3002 1890 3056 Con-

299 3090 657 3159 stantinopoli
685 3098 846 3159 putet.
873 3090 920 3143 ls
948 3090 1093 3144 locus
1114 3101 1194 3144 est
1212 3106 1360 3145 num.
1386 3091 1442 3154 9,
1462 3091 1548 3145 ubi
1566 3093 1642 3146 sic
1659 3095 1889 3161 loquitur

296 3181 730 3251 Chrysostomus
760 3197 772 3231 :
810 3179 1072 3246 Quomodo
1113 3181 1268 3250 igitur
1308 3182 1597 3251 conjugium
1635 3194 1771 3245 veto,
1801 3184 1890 3255 qui

296 3274 413 3339 conj
422 3287 554 3340 ages
579 3286 682 3324 non
706 3273 971 3324 accusem?
996 3271 1186 3339 Stupra
1228 3282 1334 3324 ueto
1372 3282 1421 3325 et
1459 3272 1708 3329 adulteria
1728 3322 1742 3339 ,
1772 3296 1885 3330 ma-

291 3362 601 3414 trimonium
639 3378 738 3414 non
770 3361 886 3414 item
911 3377 929 3414 :
947 3371 993 3413 et
1020 3360 1114 3414 illa
1137 3359 1380 3413 audentes
1406 3359 1594 3424 castigo
1611 3399 1624 3421 ,
1656 3368 1806 3427 atque
1826 3361 1891 3411 ab

292 3450 558 3505 Ect'iesia:
596 3461 726 3503 coetu
766 3451 1044 3519 proscribo.
1083 3449 1235 3511 llaec,
1279 3448 1448 3517 inquit
1484 3446 1887 3509 Tillemoutius,

287 3538 522 3594 noni-isi
568 3540 852 3607 episcopus
882 3538 1127 3607 proferre
1156 3552 1315 3608 posse
1345 3537 1569 3599 videtur,
1597 3535 1716 3604 quia
1746 3537 1892 3590 solus

283 3631 590 3699 episcopus
618 3629 684 3681 ab
712 3628 966 3682 Ecclesia:
1003 3637 1142 3682 etetu
1182 3626 1394 3680 arcendi
1440 3626 1748 3680 facultatem
1792 3626 1888 3679 ha-

284 3724 422 3795 bet;
470 3729 633 3790 atque
681 3722 765 3775 illa
816 3721 1008 3776 ductus
1051 3720 1258 3774 ratione
1300 3718 1737 3789 Chrysostonnnn
1780 3718 1891 3787 jam

290 3816 612 3882 episc0pum
645 3813 786 3869 hunc
814 3814 1055 3868 emisisse
1082 3813 1274 3867 lihrmn
1322 3812 1587 3880 opinatur.
1614 3811 1700 3866 Sic
1728 3812 1890 3867 letis-

295 3905 434 3957 sima
455 3901 547 3957 ille
571 3902 873 3972 conjectura
900 3912 1103 3957 certum
1134 3902 1593 3970 indubitatumque
1623 3902 1887 3974 Chrysos-

298 3993 431 4046 tomi
476 3993 836 4047 testimonium
888 3991 1210 4047 labefactare
1254 3993 1455 4046 nititur.
1484 3991 1706 4046 Etiamsi
1747 3993 1887 4047 enim

298 4082 717 4153 Chrysostomns
732 4082 832 4137 hoc
845 4083 962 4137 loco
978 4098 1041 4136 ex
1059 4097 1283 4152 persona
1302 4096 1393 4135 sua
1412 4082 1733 4150 loqueretur,
1747 4084 1888 4152 quod

323 4188 484 4225 amen
517 4187 618 4224 non
657 4174 937 4239 existimo,
967 4191 1070 4227 non
1116 4174 1308 4227 desunt
1347 4174 1587 4242 exempla
1619 4175 1703 4226 ubi
1736 4174 1886 4226 illum

374 4262 480 4315 huc
497 4262 858 4332 presbyterum
886 4264 1204 4332 imperiosius
1236 4263 1264 4315 l.
1289 4274 1507 4333 quntum
1532 4262 1889 4331 deprehendi-

288 4351 446 4423 ωῆις.
473 4353 562 4405 Sic
591 4351 722 4406 infra
751 4353 975 4407 llomilia
1004 4353 1076 4406 22
1104 4353 1169 4406 ad
1211 4354 1461 4423 populum
1496 4354 1885 4408 Antiochenam

296 4440 465 4514 qupm
481 4440 745 4496 homiham
761 4443 875 4497 sine
888 4443 1067 4509 dubio,
1086 4444 1305 4514 ipsoque
1320 4443 1515 4498 fatente
1527 4442 1886 4510 Tillcmontio,

305 4532 606 4586 Alitiochire
632 4535 902 4604 presbyter
930 4534 1130 4599 habuit,
1155 4550 1220 4588 ex
1246 4548 1472 4602 persona
1495 4550 1589 4588 sua
1611 4534 1689 4589 sic
1712 4534 1886 4602 loqui-

309 4631 397 4676 tur
433 4640 446 4675 :
484 4620 827 4692 Quadraginta
869 4624 975 4676 dies
1012 4623 1123 4693 jam
1163 4624 1507 4693 pra'terierunt
1539 4642 1560 4677 :
1599 4624 1644 4677 si
1688 4623 1888 4677 Pascha

304 4729 509 4783 quoque
547 4729 744 4767 sacrum
790 4716 1112 4784 pra'terierit,
1164 4717 1288 4768 ualli
1324 4716 1438 4785 jam
1478 4715 1657 4768 deinde
1696 4717 1888 4769 ueniam

306 4804 461 4865 dabo,
486 4820 584 4857 non
622 4804 1029 4872 admonitionem,
1057 4806 1143 4859 sed
1170 4807 1265 4859 vim
1287 4807 1482 4875 imperii
1508 4816 1554 4859 et
1579 4820 1887 4859 severitatem

307 4912 411 4948 non
463 4897 867 4950 contemnendam
917 4897 1180 4951 adhibebo.
1210 4896 1331 4949 Jam
1372 4897 1523 4966 igitur
1565 4896 1802 4950 denuntio
1842 4907 1886 4951 et

306 4994 578 5053 protestor,
610 4988 654 5041 si
681 4990 964 5043 conveniam
999 4989 1255 5060 singulos,
1300 4998 1343 5041 et
1372 4989 1765 5055 experimentum
1788 5005 1877 5053 su-

145 3735 263 4010 \

1908 765 1975 776 ι..

670 505 796 594 ΙΝ
898 505 1353 597 LIBRUM
1456 508 1605 595 DE
1708 505 2512 598 VIRGINITATE
2622 498 3241 594 MONITUM.

2002 916 2136 953 mam
2164 915 2183 954 :
2212 916 2328 955 nam
2358 903 2496 955 haud
2522 901 2671 957 dubie
2697 919 2931 969 sumam;
2954 905 3091 973 quod
3126 905 3170 957 si
3210 905 3578 973 deprehendam

2000 993 2195 1061 aliquos
2226 992 2331 1045 lucc
2356 994 2476 1046 vitia
2506 1010 2605 1047 non
2633 995 2930 1060 correxisse,
2955 1010 3154 1064 paznam
3175 995 3409 1065 irrogabo
3426 1036 3442 1059 ,
3472 997 3581 1050 edi—

2001 1100 2112 1136 cam
2138 1093 2192 1135 ut
2220 1085 2344 1154 foris
2381 1094 2524 1138 extra
2558 1101 2702 1139 sacra
2731 1087 2968 1155 mysteria
3007 1088 3302 1140 consistant.
3351 1088 3479 1151 llic,
3525 1099 3580 1141 ιιι

2000 1181 2166 1244 patet,
2193 1189 2256 1231 ex
2288 1189 2513 1242 persona
2537 1189 2632 1230 sua
2661 1176 2891 1246 loquitur
2913 1176 3324 1249 Chrysostomns
3357 1180 3578 1251 presby-

1996 1271 2100 1328 ter,
2142 1263 2391 1336 episcopo
2426 1266 2470 1319 si
2505 1280 2611 1322 non
2657 1278 2952 1336 praesente,
2984 1269 3173 1325 saltem
3217 1270 3269 1323 in
3310 1272 3440 1325 urbe
3468 1283 3576 1325 tum

1999 1352 2242 1427 degente.
2274 1356 2628 1425 Quamobrem
2669 1359 2988 1415 Tillemontii
3035 1373 3346 1431 argumento
3390 1378 3458 1419 ne
3495 1364 3575 1419 vel

1998 1447 2275 1501 minimum
2324 1448 2533 1517 quidem
2579 1450 2848 1518 impetitur
2884 1463 3085 1506 asserta
3134 1455 3298 1522 ipsius
3320 1455 3577 1525 Chrysos—

2002 1539 2128 1592 torni
2159 1541 2463 1594 testimonio
2492 1548 2774 1597 sententia.

2061 1618 2199 1684 Quid
2229 1621 2367 1688 quod
2396 1622 2445 1673 in
2477 1632 2772 1675 memorato
2797 1620 2864 1677 de
2892 1620 3204 1691 Virginitate
3230 1622 3348 1677 loco
3377 1639 3481 1677 non
3510 1638 3577 1679 ex

1990 1722 2105 1772 sua,
2130 1710 2227 1765 sed
2250 1725 2313 1767 ex
2339 1711 2485 1766 Pauli
2508 1726 2737 1785 persona
2763 1713 2904 1783 loqui
2934 1729 3151 1782 prorsus
3177 1714 3386 1768 videtur
3404 1715 3577 1785 Clu-y-

1992 1800 2456 1855 sostontus?Nam
2489 1811 2600 1855 toto
2629 1781 2785 1873 huj/us
2824 1781 2890 1859 de
2925 1781 3238 1874 Virginitate
3266 1804 3388 1858 libri
3428 1781 3577 1874 prin-

1989 1889 2131 1960 cipio
2186 1900 2369 1945 contra
2426 1893 2710 1948 haereticos
2760 1893 3101 1950 Marcionitas
3151 1904 3205 1950 et
3260 1895 3580 1951 Manichmos

1990 1982 2119 2053 agit,
2151 1984 2239 2051 qui
2269 1983 2665 2038 matrimonium
2687 1984 3011 2039 damnabant
3032 2004 3044 2038 :
3065 1986 3411 2057 adductisque
3429 1986 3577 2041 Pauli

1988 2068 2118 2124 locis
2138 2112 2153 2135 ,
2181 2062 2374 2141 quibus
2403 2072 2492 2126 ille
2518 2073 2583 2127 ad
2612 2073 2967 2144 virginitatem
3008 2075 3272 2137 hortatur,
3316 2085 3436 2146 post
3477 2078 3580 2131 ali-

1986 2173 2118 2232 quot
2140 2175 2452 2235 argumenta
2481 2166 2695 2221 demum
2738 2184 2885 2223 num.
2923 2169 2957 2225 9
2985 2170 3267 2225 haereticos
3294 2171 3410 2227 haec
3437 2172 3577 2242 obji-

1987 2254 2191 2309 eientes
2239 2256 2440 2311 inducit
2478 2276 2492 2313 :
2534 2257 2614 2312 Tu
2662 2274 2781 2313 vero
2825 2277 2928 2314 non
2984 2272 3127 2316 vetas
3178 2263 3575 2317 matrimonium.

1984 2346 2161 2418 Apage
2185 2347 2507 2418 (respondet
2532 2350 2762 2423 Paulus)
2787 2363 2840 2405 ut
2865 2363 3025 2408 tecum
3046 2370 3187 2426 neque
3209 2356 3483 2410 insaniam.
3511 2356 3577 2411 Et

1987 2455 2079 2492 cur
2104 2441 2121 2510 ζ
2128 2439 2295 2510 inquit
2323 2441 2626 2515 luereticus)
2655 2444 2872 2504 hortaris
2915 2447 3291 2501 matrimonium
3327 2465 3428 2503 non
3456 2466 3579 2503 con—

1989 2531 2226 2585 trahere?
2246 2532 2393 2598 Quod
2418 2535 2752 2605 virginitatem
2771 2536 2999 2606 (reponit
3030 2537 3242 2610 Paulus)
3257 2540 3577 2613 matrimonio

1988 2620 2136 2691 longe
2161 2625 2562 2693 prtcstantiorem
2599 2628 2827 2680 sentiant.
2856 2627 2953 2682 llic
2991 2638 3138 2683 certe
3167 2629 3388 2683 Paulum
3429 2630 3573 2701 loqui

1990 2712 2331 2770 manifestum
2370 2716 2614 2771 videtur:
2647 2732 2770 2773 nam
2820 2718 2912 2773 ille
2955 2729 3038 2773 est
3079 2720 3168 2789 qui
3215 2721 3460 2792 superius
3508 2721 3575 2776 ad
3636 2729 3641 2735 '

1985 2805 2341 2875 virginitatem
2383 2807 2673 2863 eohortans
2724 2810 2991 2865 inducitur
3037 2811 3121 2866 itis
3171 2813 3399 2869 verbis:
3448 2812 3575 2868 Volo

1983 2913 2154 2951 omnes
2196 2897 2423 2952 homines
2449 2915 2554 2954 esse
2573 2941 2588 2965 ,
2620 2912 2676 2953 ut
2705 2917 2795 2971 ego
2822 2918 2938 2955 sum
2957 2943 2972 2968 ,
3005 2904 3311 2957 continentes
3334 2920 3355 2969 ;
3380 2914 3434 2958 et
3452 2944 3468 2971 ,
3499 2903 3578 2959 De

1984 2987 2256 3057 virginibus
2283 2999 2590 3058 pra'ceptum
2619 2989 2826 3045 Domini
2855 3008 2956 3046 non
2983 2995 3161 3059 habeo,
3189 2995 3457 3049 consilium
3480 3012 3579 3050 au-

1984 3090 2083 3132 tem
2122 3079 2206 3132 do.
2242 3079 2445 3135 Deinde
2489 3095 2617 3135 vero
2660 3091 2940 3152 postquam
2993 3085 3265 3140 haereticis
3313 3098 3370 3141 ut
3414 3101 3575 3156 supra

1986 3171 2364 3239 responderat,
2398 3171 2580 3240 paucis
2609 3171 2937 3241 interpositis
2979 3191 3082 3229 una
3122 3177 3261 3239 serie
3306 3178 3530 3232 resumit
3560 3195 3573 3229 :

1986 3260 2065 3313 Ad
2108 3261 2213 3314 hinc
2249 3261 2336 3329 qui
2371 3266 2628 3326 cohortor,
2657 3279 2761 3315 rem
2795 3263 2815 3333 (
2842 3264 2876 3316 i.
2910 3279 2960 3318 e.
2995 3267 3436 3335 matrimonium)
3470 3283 3573 3320 non

1983 3344 2247 3413 improbo;
2270 3360 2364 3397 nec
2405 3344 2492 3416 qui
2530 3360 2583 3399 se
2607 3344 2777 3397 induci
2813 3361 2915 3398 non
2951 3344 3235 3413 patiantur,
3274 3360 3575 3402 περιθεῖσα...

1985 3434 2252 3499 Quomodo
2277 3435 2432 3505 igitur
2459 3436 2752 3505 conjugium
2774 3445 2901 3500 veto,
2927 3435 3014 3505 qui
3034 3437 3271 3507 conjuges
3297 3452 3396 3488 non
3423 3453 3576 3490 accn-

1981 3526 2129 3582 sem?
2150 3526 2343 3595 Stupra
2374 3537 2480 3581 veto
2509 3536 2556 3582 et
2580 3527 2851 3591 adulteria,
2877 3528 3255 3581 matrimonium
3279 3545 3379 3582 non
3411 3529 3527 3582 item
3559 3548 3576 3582 :

1980 3627 2027 3671 et
2056 3616 2147 3670 illa
2186 3618 2428 3672 audentes
2459 3620 2685 3689 castigo,
2717 3631 2866 3690 atque
2905 3620 2967 3673 ob
3008 3618 3252 3673 Ecclesia:
3288 3631 3415 3674 cwtn
3456 3639 3578 3691 pro-

1980 3710 2161 3763 scribo.
2186 3710 2313 3764 Hmc
2338 3726 2467 3766 sane
2493 3710 2635 3766 dicta
2667 3712 2813 3767 Pauli
2842 3720 2985 3776 sunt,
3015 3729 3107 3766 seu
3140 3713 3316 3782 potius
3340 3712 3577 3784 Chryso-

1983 3802 2141 3855 stomi
2189 3802 2412 3856 Paulum
2458 3802 2760 3872 loquentem
2795 3803 3092 3886 indugeutis
3121 3821 3132 3855 :
3162 3804 3251 3873 qui
3285 3812 3470 3871 trepus
3504 3803 3572 3855 ita

1980 3894 2365 3967 Chrysostomo
2396 3894 2670 3949 familiaris
2695 3906 2778 3950 est
2798 3937 2812 3959 ,
2837 3896 2975 3965 quod
3001 3896 3108 3965 jam
3139 3911 3282 3965 smpe
3309 3895 3569 3957 vidimus,

1981 3990 2151 4058 utqui
2200 3989 2327 4045 velit
2356 3989 2533 4045 Omnia
2564 4005 2684 4059 quae
2728 4005 2793 4043 ex
2840 3988 3066 4043 aliormn
3116 4004 3341 4058 persona
3375 3988 3574 4058 profert

1978 4080 2415 4151 Chrysostomus,
2445 4081 2597 4151 quasi
2628 4081 2792 4150 ipsius
2816 4080 2954 4135 dicta
2983 4080 3047 4132 ad
3078 4081 3283 4133 Iiteram
3306 4081 3570 4146 accipere,

1980 4187 2228 4241 magnam
2273 4173 2433 4226 rebus
2478 4172 2544 4225 ad
2588 4182 2830 4226 sanctum
2881 4170 3154 4224 doctorem
3206 4171 3571 4238 Spectantibus

1979 4264 2258 4333 caliginem
2288 4263 2503 4316 inducat
2534 4278 2752 4317 necesse
2778 4262 2866 4316 sit.

2053 4355 2235 4423 Itaque
2268 4354 2410 4408 hunc
2437 4353 2505 4407 de
2533 4353 2850 4423 Virginitatc
2878 4352 3073 4407 librum
3121 4352 3363 4408 emisisse
3391 4352 3568 4425 Chry-

1979 4452 2275 4499 sostomum
2303 4452 2428 4497 ante
2453 4457 2610 4512 quam
2636 4442 2919 4513 episcopus
2945 4451 3083 4498 esset
3114 4458 3178 4498 ex
3222 4444 3385 4512 ipsius
3412 4459 3572 4513 supra

1980 4534 2145 4588 allato
2173 4532 2480 4588 testimonio
2504 4533 2636 4588 satis
2666 4548 2934 4603 superque
2970 4534 3245 4604 probatur.
3269 4533 3404 4589 Nom
3445 4550 3574 4589 vero

1981 4626 2258 4698 presbyter
2287 4638 2395 4680 tum
2425 4635 2602 4691 esset,
2644 4641 2710 4681 an
2752 4626 3027 4694 diaconus,
3071 4642 3137 4680 an
3188 4627 3239 4681 in
3289 4627 3574 4682 militudine

1979 4717 2217 4788 degeret,
2243 4718 2443 4786 pariter
2465 4717 2723 4772 incertum
2748 4735 2761 4770 :
2786 4733 2851 4772 ex
2876 4718 3089 4789 scriptis
3118 4718 3262 4774 enim
3293 4718 3408 4787 ejus
3436 4718 3572 4773 nihil

1982 4808 2288 4878 hajusmodi
2321 4808 2583 4878 expiscari
2615 4823 2918 4878 possumus.
2953 4808 3176 4864 Joannis
3201 4808 3405 4864 Livinei
3429 4808 3573 4865 Gan-

1983 4900 2231 4955 davensis
2258 4900 2776 4971 interpretationem,
2791 4900 2972 4957 multis
2993 4900 3045 4957 in
3064 4901 3195 4957 locis
3210 4901 3569 4969 cmcndatam,

1983 4989 2318 5048 retinendam
2345 4990 2671 5046 censuimus.

1713 5383 2137 5409 .-ων-λοι...

651 5752 920 5811 l’sTnOL.
955 5749 1069 5811 Gn.
1107 5753 1371 5820 XL‘~'11L

1866 6048 1929 6100 3':

1866 6100 1949 6143 «δ’

2074 6047 2109 6141 ἶ
