  <div class='ocr_page' id='page_1' title='image "/cluster/home/n/w/nwhite01/storage/ocr_20150623/48/mdp.39015032114640/014.png"; bbox 0 0 4016 6154; ppageno 0'>
   <div class='ocr_carea' id='block_1_1' title="bbox 420 251 482 305">
    <p class='ocr_par' dir='ltr' id='par_1_1' title="bbox 420 251 482 305">
     <span class='ocr_line' id='line_1_1' title="bbox 420 251 482 305; baseline -0.048 0"><span class='ocrx_word' id='word_1_1' title='bbox 420 251 482 305; x_wconf 74' lang='grc'><strong>55</strong></span> 
     </span>
    </p>
   </div>
   <div class='ocr_carea' id='block_1_2' title="bbox 488 247 521 278">
    <p class='ocr_par' dir='ltr' id='par_1_2' title="bbox 488 247 521 278">
     <span class='ocr_line' id='line_1_2' title="bbox 488 247 521 264; baseline 0 0"><span class='ocrx_word' id='word_1_2' title='bbox 488 247 521 264; x_wconf 69' lang='grc' dir='ltr'><strong>ιν</strong></span> 
     </span>
     <span class='ocr_line' id='line_1_3' title="bbox 496 265 521 278; baseline 0 0"><span class='ocrx_word' id='word_1_3' title='bbox 496 265 521 278; x_wconf 57' lang='grc' dir='ltr'><strong>,ι</strong></span> 
     </span>
    </p>
   </div>
   <div class='ocr_carea' id='block_1_3' title="bbox 1758 231 2354 290">
    <p class='ocr_par' dir='ltr' id='par_1_3' title="bbox 1758 231 2354 290">
     <span class='ocr_line' id='line_1_4' title="bbox 1758 231 2354 290; baseline 0 0"><span class='ocrx_word' id='word_1_4' title='bbox 1758 235 1844 290; x_wconf 84' lang='lat' dir='ltr'><strong>DE</strong></span> <span class='ocrx_word' id='word_1_5' title='bbox 1884 231 2354 290; x_wconf 71' lang='lat' dir='ltr'><strong>VIRGINITATE.</strong></span> 
     </span>
    </p>
   </div>
   <div class='ocr_carea' id='block_1_4' title="bbox 1296 809 2797 994">
    <p class='ocr_par' dir='ltr' id='par_1_4' title="bbox 1296 809 2797 994">
     <span class='ocr_line' id='line_1_5' title="bbox 1296 809 2797 994; baseline -0.006 -42"><span class='ocrx_word' id='word_1_6' title='bbox 1296 861 1712 953; x_wconf 86' lang='lat' dir='ltr'><strong>SANCTI</strong></span> <span class='ocrx_word' id='word_1_7' title='bbox 1764 978 1773 994; x_wconf 18' lang='grc' dir='ltr'><em>κ</em></span> <span class='ocrx_word' id='word_1_8' title='bbox 1826 809 2253 948; x_wconf 78' lang='lat' dir='ltr'><strong>PATRIS</strong></span> <span class='ocrx_word' id='word_1_9' title='bbox 2359 851 2797 947; x_wconf 84' lang='lat' dir='ltr'><strong>NOSTBI</strong></span> 
     </span>
    </p>
   </div>
   <div class='ocr_carea' id='block_1_5' title="bbox 423 1292 3677 1520">
    <p class='ocr_par' dir='ltr' id='par_1_5' title="bbox 423 1292 3677 1520">
     <span class='ocr_line' id='line_1_6' title="bbox 423 1292 3677 1520; baseline -0.007 0"><span class='ocrx_word' id='word_1_10' title='bbox 423 1313 547 1520; x_wconf 92' lang='lat' dir='ltr'><strong>J</strong></span> <span class='ocrx_word' id='word_1_11' title='bbox 562 1305 1283 1517; x_wconf 84' lang='lat' dir='ltr'><strong>OANN</strong></span> <span class='ocrx_word' id='word_1_12' title='bbox 1303 1303 1550 1509; x_wconf 90' lang='lat' dir='ltr'><strong>IS</strong></span> <span class='ocrx_word' id='word_1_13' title='bbox 1740 1292 3677 1508; x_wconf 77' lang='lat' dir='ltr'><strong>CHRYSOSTOMI</strong></span> 
     </span>
    </p>
   </div>
   <div class='ocr_carea' id='block_1_6' title="bbox 1223 1851 2866 1924">
    <p class='ocr_par' dir='ltr' id='par_1_6' title="bbox 1223 1851 2866 1924">
     <span class='ocr_line' id='line_1_7' title="bbox 1223 1851 2866 1924; baseline -0.004 -8"><span class='ocrx_word' id='word_1_14' title='bbox 1223 1853 1821 1919; x_wconf 72' lang='lat' dir='ltr'><strong>ARCHIEPISCOPI</strong></span> <span class='ocrx_word' id='word_1_15' title='bbox 1897 1851 2866 1924; x_wconf 75' lang='lat' dir='ltr'><strong>CONSTANTINOPOLITANI,</strong></span> 
     </span>
    </p>
   </div>
   <div class='ocr_carea' id='block_1_7' title="bbox 1363 2299 2734 2432">
    <p class='ocr_par' dir='ltr' id='par_1_7' title="bbox 1363 2299 2734 2432">
     <span class='ocr_line' id='line_1_8' title="bbox 1363 2299 2734 2432; baseline -0.003 -6"><span class='ocrx_word' id='word_1_16' title='bbox 1363 2315 1544 2427; x_wconf 91' lang='lat' dir='ltr'><strong>DE</strong></span> <span class='ocrx_word' id='word_1_17' title='bbox 1647 2311 2596 2432; x_wconf 83' lang='lat' dir='ltr'><strong>VIRGINlTATE</strong></span> <span class='ocrx_word' id='word_1_18' title='bbox 2659 2299 2734 2422; x_wconf 86' lang='grc'><strong>¹.</strong></span> 
     </span>
    </p>
   </div>
   <div class='ocr_carea' id='block_1_8' title="bbox 488 3347 1998 3440">
    <p class='ocr_par' dir='ltr' id='par_1_8' title="bbox 488 3365 1998 3440">
     <span class='ocr_line' id='line_1_9' title="bbox 488 3365 1998 3440; baseline -0.009 -12"><span class='ocrx_word' id='word_1_19' title='bbox 488 3375 525 3428; x_wconf 93' lang='lat' dir='ltr'><strong>l.</strong></span> <span class='ocrx_word' id='word_1_20' title='bbox 565 3371 926 3426; x_wconf 72' lang='lat' dir='ltr'><strong>llwreticornm</strong></span> <span class='ocrx_word' id='word_1_21' title='bbox 950 3369 1284 3440; x_wconf 66' lang='lat' dir='ltr'><strong>virginitate»:</strong></span> <span class='ocrx_word' id='word_1_22' title='bbox 1309 3366 1570 3436; x_wconf 77' lang='lat' dir='ltr'><strong>prwmium</strong></span> <span class='ocrx_word' id='word_1_23' title='bbox 1600 3382 1698 3418; x_wconf 83' lang='lat' dir='ltr'><strong>non</strong></span> <span class='ocrx_word' id='word_1_24' title='bbox 1721 3365 1998 3419; x_wconf 78' lang='lat' dir='ltr'><strong>habere.—</strong></span> 
     </span>
    </p>
   </div>
   <div class='ocr_carea' id='block_1_9' title="bbox 415 3458 1998 3536">
    <p class='ocr_par' dir='ltr' id='par_1_9' title="bbox 415 3458 1998 3536">
     <span class='ocr_line' id='line_1_10' title="bbox 415 3458 1998 3536; baseline -0.006 -18"><span class='ocrx_word' id='word_1_25' title='bbox 415 3464 743 3536; x_wconf 74' lang='lat' dir='ltr'><strong>\&#39;irgimtatis</strong></span> <span class='ocrx_word' id='word_1_26' title='bbox 775 3462 982 3516; x_wconf 88' lang='lat' dir='ltr'><strong>laudem</strong></span> <span class='ocrx_word' id='word_1_27' title='bbox 1007 3460 1174 3515; x_wconf 70' lang='lat' dir='ltr'><strong>Jndzei</strong></span> <span class='ocrx_word' id='word_1_28' title='bbox 1205 3467 1519 3514; x_wconf 78' lang='lat' dir='ltr'><strong>aversantur</strong></span> <span class='ocrx_word' id='word_1_29' title='bbox 1545 3475 1557 3510; x_wconf 89' lang='lat'><strong>:</strong></span> <span class='ocrx_word' id='word_1_30' title='bbox 1583 3471 1754 3526; x_wconf 90' lang='lat' dir='ltr'><strong>neque</strong></span> <span class='ocrx_word' id='word_1_31' title='bbox 1781 3458 1998 3520; x_wconf 86' lang='lat' dir='ltr'><strong>mirum,</strong></span> 
     </span>
    </p>
   </div>
   <div class='ocr_carea' id='block_1_10' title="bbox 415 3547 2002 3627">
    <p class='ocr_par' dir='ltr' id='par_1_10' title="bbox 415 3547 2002 3627">
     <span class='ocr_line' id='line_1_11' title="bbox 415 3547 2002 3627; baseline -0.007 -17"><span class='ocrx_word' id='word_1_32' title='bbox 415 3559 503 3627; x_wconf 76' lang='lat' dir='ltr'><strong>qui</strong></span> <span class='ocrx_word' id='word_1_33' title='bbox 531 3557 702 3626; x_wconf 90' lang='lat' dir='ltr'><strong>ipsum</strong></span> <span class='ocrx_word' id='word_1_34' title='bbox 729 3567 940 3623; x_wconf 89' lang='lat' dir='ltr'><strong>quoque</strong></span> <span class='ocrx_word' id='word_1_35' title='bbox 966 3561 1150 3605; x_wconf 90' lang='lat' dir='ltr'><strong>natum</strong></span> <span class='ocrx_word' id='word_1_36' title='bbox 1194 3564 1258 3603; x_wconf 80' lang='lat' dir='ltr'><strong>ex</strong></span> <span class='ocrx_word' id='word_1_37' title='bbox 1300 3549 1507 3616; x_wconf 81' lang='lat' dir='ltr'><strong>virgine</strong></span> <span class='ocrx_word' id='word_1_38' title='bbox 1549 3547 1816 3602; x_wconf 84' lang='lat' dir='ltr'><strong>Christum</strong></span> <span class='ocrx_word' id='word_1_39' title='bbox 1851 3547 2002 3616; x_wconf 73' lang='lat' dir='ltr'><strong>igno-</strong></span> 
     </span>
    </p>
   </div>
   <div class='ocr_carea' id='block_1_11' title="bbox 415 3638 1998 3708">
    <p class='ocr_par' dir='ltr' id='par_1_11' title="bbox 415 3638 1998 3708">
     <span class='ocr_line' id='line_1_12' title="bbox 415 3638 1998 3708; baseline -0.008 -6"><span class='ocrx_word' id='word_1_40' title='bbox 415 3647 595 3703; x_wconf 84' lang='lat' dir='ltr'><strong>miniis</strong></span> <span class='ocrx_word' id='word_1_41' title='bbox 638 3644 911 3706; x_wconf 80' lang='lat' dir='ltr'><strong>affecerint</strong></span> <span class='ocrx_word' id='word_1_42' title='bbox 943 3661 954 3696; x_wconf 93' lang='lat'>:</span> <span class='ocrx_word' id='word_1_43' title='bbox 986 3641 1317 3696; x_wconf 88' lang='lat' dir='ltr'><strong>admirantur</strong></span> <span class='ocrx_word' id='word_1_44' title='bbox 1361 3655 1422 3694; x_wconf 87' lang='lat' dir='ltr'><strong>ac</strong></span> <span class='ocrx_word' id='word_1_45' title='bbox 1461 3638 1758 3708; x_wconf 89' lang='lat' dir='ltr'><strong>suspiciunt</strong></span> <span class='ocrx_word' id='word_1_46' title='bbox 1798 3638 1998 3704; x_wconf 77' lang='lat' dir='ltr'><strong>exteri,</strong></span> 
     </span>
    </p>
   </div>
   <div class='ocr_carea' id='block_1_12' title="bbox 415 3730 1999 3792">
    <p class='ocr_par' dir='ltr' id='par_1_12' title="bbox 415 3730 1999 3792">
     <span class='ocr_line' id='line_1_13' title="bbox 415 3730 1999 3792; baseline -0.006 0"><span class='ocrx_word' id='word_1_47' title='bbox 415 3739 529 3792; x_wconf 71' lang='lat' dir='ltr'><strong>sola</strong></span> <span class='ocrx_word' id='word_1_48' title='bbox 555 3746 730 3792; x_wconf 85' lang='lat' dir='ltr'><strong>autem</strong></span> <span class='ocrx_word' id='word_1_49' title='bbox 761 3735 888 3790; x_wconf 88' lang='lat' dir='ltr'><strong>colit</strong></span> <span class='ocrx_word' id='word_1_50' title='bbox 915 3733 1152 3787; x_wconf 81' lang='lat' dir='ltr'><strong>Ecclesia</strong></span> <span class='ocrx_word' id='word_1_51' title='bbox 1184 3732 1298 3786; x_wconf 87' lang='lat' dir='ltr'><strong>Dei.</strong></span> <span class='ocrx_word' id='word_1_52' title='bbox 1323 3730 1455 3785; x_wconf 88' lang='lat' dir='ltr'><strong>Nam</strong></span> <span class='ocrx_word' id='word_1_53' title='bbox 1489 3731 1859 3785; x_wconf 68' lang='lat' dir='ltr'><strong>haereticorum</strong></span> <span class='ocrx_word' id='word_1_54' title='bbox 1887 3730 1999 3783; x_wconf 86' lang='lat' dir='ltr'><strong>vir-</strong></span> 
     </span>
    </p>
   </div>
   <div class='ocr_carea' id='block_1_13' title="bbox 415 3823 2000 3900">
    <p class='ocr_par' dir='ltr' id='par_1_13' title="bbox 415 3823 2000 3900">
     <span class='ocr_line' id='line_1_14' title="bbox 415 3823 2000 3900; baseline -0.005 -16"><span class='ocrx_word' id='word_1_55' title='bbox 415 3832 569 3900; x_wconf 73' lang='lat' dir='ltr'><strong>gines</strong></span> <span class='ocrx_word' id='word_1_56' title='bbox 613 3844 712 3899; x_wconf 77' lang='lat' dir='ltr'><strong>ego</strong></span> <span class='ocrx_word' id='word_1_57' title='bbox 755 3827 984 3897; x_wconf 78' lang='lat' dir='ltr'><strong>virgines</strong></span> <span class='ocrx_word' id='word_1_58' title='bbox 1025 3840 1145 3880; x_wconf 90' lang='lat' dir='ltr'><strong>esse</strong></span> <span class='ocrx_word' id='word_1_59' title='bbox 1191 3825 1411 3879; x_wconf 89' lang='lat' dir='ltr'><strong>minime</strong></span> <span class='ocrx_word' id='word_1_60' title='bbox 1457 3823 1683 3877; x_wconf 79' lang='lat' dir='ltr'><strong>dixerim</strong></span> <span class='ocrx_word' id='word_1_61' title='bbox 1724 3840 1736 3872; x_wconf 87' lang='lat'>:</span> <span class='ocrx_word' id='word_1_62' title='bbox 1773 3823 2000 3891; x_wconf 92' lang='lat' dir='ltr'><strong>primum</strong></span> 
     </span>
    </p>
   </div>
   <div class='ocr_carea' id='block_1_14' title="bbox 413 3914 2002 3992">
    <p class='ocr_par' dir='ltr' id='par_1_14' title="bbox 413 3914 2002 3992">
     <span class='ocr_line' id='line_1_15' title="bbox 413 3914 2002 3992; baseline -0.005 -17"><span class='ocrx_word' id='word_1_63' title='bbox 413 3922 558 3992; x_wconf 73' lang='lat' dir='ltr'><strong>quod</strong></span> <span class='ocrx_word' id='word_1_64' title='bbox 588 3930 749 3975; x_wconf 65' lang='lat' dir='ltr'><strong>castae</strong></span> <span class='ocrx_word' id='word_1_65' title='bbox 778 3936 883 3974; x_wconf 90' lang='lat' dir='ltr'><strong>non</strong></span> <span class='ocrx_word' id='word_1_66' title='bbox 911 3919 1052 3973; x_wconf 91' lang='lat' dir='ltr'><strong>sint:</strong></span> <span class='ocrx_word' id='word_1_67' title='bbox 1084 3933 1256 3986; x_wconf 89' lang='lat' dir='ltr'><strong>neque</strong></span> <span class='ocrx_word' id='word_1_68' title='bbox 1283 3917 1427 3972; x_wconf 86' lang='lat' dir='ltr'><strong>enim</strong></span> <span class='ocrx_word' id='word_1_69' title='bbox 1457 3917 1546 3969; x_wconf 89' lang='lat' dir='ltr'><strong>uni</strong></span> <span class='ocrx_word' id='word_1_70' title='bbox 1586 3915 1698 3968; x_wconf 84' lang='lat' dir='ltr'><strong>viro</strong></span> <span class='ocrx_word' id='word_1_71' title='bbox 1719 3914 2002 3984; x_wconf 68' lang='lat' dir='ltr'><strong>desponsa:</strong></span> 
     </span>
    </p>
   </div>
   <div class='ocr_carea' id='block_1_15' title="bbox 416 4003 2001 4075">
    <p class='ocr_par' dir='ltr' id='par_1_15' title="bbox 416 4003 2001 4075">
     <span class='ocr_line' id='line_1_16' title="bbox 416 4003 2001 4075; baseline -0.006 -11"><span class='ocrx_word' id='word_1_72' title='bbox 416 4020 562 4075; x_wconf 80' lang='lat' dir='ltr'><strong>sunt,</strong></span> <span class='ocrx_word' id='word_1_73' title='bbox 593 4019 650 4063; x_wconf 92' lang='lat' dir='ltr'><strong>ut</strong></span> <span class='ocrx_word' id='word_1_74' title='bbox 679 4009 791 4063; x_wconf 87' lang='lat' dir='ltr'><strong>vult</strong></span> <span class='ocrx_word' id='word_1_75' title='bbox 817 4009 1004 4062; x_wconf 89' lang='lat' dir='ltr'><strong>beatus</strong></span> <span class='ocrx_word' id='word_1_76' title='bbox 1031 4007 1121 4060; x_wconf 92' lang='lat' dir='ltr'><strong>ille</strong></span> <span class='ocrx_word' id='word_1_77' title='bbox 1151 4006 1346 4060; x_wconf 87' lang='lat' dir='ltr'><strong>Christi</strong></span> <span class='ocrx_word' id='word_1_78' title='bbox 1380 4005 1688 4075; x_wconf 85' lang='lat' dir='ltr'><strong>pronubus:</strong></span> <span class='ocrx_word' id='word_1_79' title='bbox 1720 4003 2001 4073; x_wconf 83' lang='lat' dir='ltr'><strong>Despondi,</strong></span> 
     </span>
    </p>
   </div>
   <div class='ocr_carea' id='block_1_16' title="bbox 419 4093 2000 4170">
    <p class='ocr_par' dir='ltr' id='par_1_16' title="bbox 419 4093 2000 4170">
     <span class='ocr_line' id='line_1_17' title="bbox 419 4093 2000 4170; baseline -0.006 -15"><span class='ocrx_word' id='word_1_80' title='bbox 419 4101 608 4170; x_wconf 79' lang='lat' dir='ltr'><strong>inquit,</strong></span> <span class='ocrx_word' id='word_1_81' title='bbox 637 4115 722 4153; x_wconf 76' lang='lat' dir='ltr'><strong>vos</strong></span> <span class='ocrx_word' id='word_1_82' title='bbox 747 4101 835 4152; x_wconf 87' lang='lat' dir='ltr'><strong>uni</strong></span> <span class='ocrx_word' id='word_1_83' title='bbox 866 4099 970 4151; x_wconf 87' lang='lat' dir='ltr'><strong>viro</strong></span> <span class='ocrx_word' id='word_1_84' title='bbox 991 4097 1235 4168; x_wconf 76' lang='lat' dir='ltr'><strong>virginem</strong></span> <span class='ocrx_word' id='word_1_85' title='bbox 1258 4106 1450 4149; x_wconf 84' lang='lat' dir='ltr'><strong>castam</strong></span> <span class='ocrx_word' id='word_1_86' title='bbox 1479 4095 1676 4148; x_wconf 79' lang='lat' dir='ltr'><strong>Christo</strong></span> <span class='ocrx_word' id='word_1_87' title='bbox 1701 4093 2000 4146; x_wconf 84' lang='lat' dir='ltr'><strong>tradendmn</strong></span> 
     </span>
    </p>
   </div>
   <div class='ocr_carea' id='block_1_17' title="bbox 420 4186 2002 4261">
    <p class='ocr_par' dir='ltr' id='par_1_17' title="bbox 420 4186 2002 4261">
     <span class='ocr_line' id='line_1_18' title="bbox 420 4186 2002 4261; baseline -0.004 -16"><span class='ocrx_word' id='word_1_88' title='bbox 420 4191 517 4261; x_wconf 78' lang='grc'><strong>(2.</strong></span> <span class='ocrx_word' id='word_1_89' title='bbox 549 4190 666 4245; x_wconf 89' lang='lat' dir='ltr'><strong>Cor.</strong></span> <span class='ocrx_word' id='word_1_90' title='bbox 702 4191 787 4244; x_wconf 81' lang='lat' dir='ltr'><strong>ll.</strong></span> <span class='ocrx_word' id='word_1_91' title='bbox 814 4189 907 4260; x_wconf 72' lang='lat'><strong>2).</strong></span> <span class='ocrx_word' id='word_1_92' title='bbox 953 4189 1084 4243; x_wconf 84' lang='lat' dir='ltr'><strong>Nam</strong></span> <span class='ocrx_word' id='word_1_93' title='bbox 1123 4188 1171 4241; x_wconf 92' lang='lat' dir='ltr'><strong>id</strong></span> <span class='ocrx_word' id='word_1_94' title='bbox 1202 4189 1301 4242; x_wconf 87' lang='lat' dir='ltr'><strong>etsi</strong></span> <span class='ocrx_word' id='word_1_95' title='bbox 1329 4187 1394 4241; x_wconf 90' lang='lat' dir='ltr'><strong>de</strong></span> <span class='ocrx_word' id='word_1_96' title='bbox 1436 4196 1546 4239; x_wconf 90' lang='lat' dir='ltr'><strong>toto</strong></span> <span class='ocrx_word' id='word_1_97' title='bbox 1583 4186 1834 4240; x_wconf 70' lang='lat' dir='ltr'><strong>Ecclesiae</strong></span> <span class='ocrx_word' id='word_1_98' title='bbox 1860 4197 2002 4239; x_wconf 74' lang='lat' dir='ltr'><strong>canit</strong></span> 
     </span>
    </p>
   </div>
   <div class='ocr_carea' id='block_1_18' title="bbox 415 4279 2005 4349">
    <p class='ocr_par' dir='ltr' id='par_1_18' title="bbox 415 4279 2005 4349">
     <span class='ocr_line' id='line_1_19' title="bbox 415 4279 2005 4349; baseline -0.005 -11"><span class='ocrx_word' id='word_1_99' title='bbox 415 4282 617 4338; x_wconf 86' lang='lat' dir='ltr'><strong>dictum</strong></span> <span class='ocrx_word' id='word_1_100' title='bbox 662 4291 778 4348; x_wconf 91' lang='lat' dir='ltr'><strong>est,</strong></span> <span class='ocrx_word' id='word_1_101' title='bbox 828 4292 1005 4335; x_wconf 91' lang='lat' dir='ltr'><strong>tamen</strong></span> <span class='ocrx_word' id='word_1_102' title='bbox 1050 4281 1169 4334; x_wconf 88' lang='lat' dir='ltr'><strong>illas</strong></span> <span class='ocrx_word' id='word_1_103' title='bbox 1211 4294 1422 4349; x_wconf 91' lang='lat' dir='ltr'><strong>quoque</strong></span> <span class='ocrx_word' id='word_1_104' title='bbox 1474 4279 1588 4332; x_wconf 64' lang='lat' dir='ltr'><strong>haec</strong></span> <span class='ocrx_word' id='word_1_105' title='bbox 1635 4280 2005 4348; x_wconf 91' lang='lat' dir='ltr'><strong>complectitur</strong></span> 
     </span>
    </p>
   </div>
   <div class='ocr_carea' id='block_1_19' title="bbox 417 4372 2001 4441">
    <p class='ocr_par' dir='ltr' id='par_1_19' title="bbox 417 4372 2001 4441">
     <span class='ocr_line' id='line_1_20' title="bbox 417 4372 2001 4441; baseline -0.004 -12"><span class='ocrx_word' id='word_1_106' title='bbox 417 4374 612 4430; x_wconf 82' lang='lat' dir='ltr'><strong>oratio.</strong></span> <span class='ocrx_word' id='word_1_107' title='bbox 640 4373 920 4440; x_wconf 86' lang='lat' dir='ltr'><strong>Quomodo</strong></span> <span class='ocrx_word' id='word_1_108' title='bbox 949 4373 1106 4441; x_wconf 79' lang='lat' dir='ltr'><strong>igitur</strong></span> <span class='ocrx_word' id='word_1_109' title='bbox 1131 4388 1250 4441; x_wconf 76' lang='lat' dir='ltr'><strong>qua:</strong></span> <span class='ocrx_word' id='word_1_110' title='bbox 1290 4372 1404 4424; x_wconf 89' lang='lat' dir='ltr'><strong>viro</strong></span> <span class='ocrx_word' id='word_1_111' title='bbox 1434 4386 1540 4424; x_wconf 92' lang='lat' dir='ltr'><strong>uno</strong></span> <span class='ocrx_word' id='word_1_112' title='bbox 1567 4386 1671 4424; x_wconf 89' lang='lat' dir='ltr'><strong>non</strong></span> <span class='ocrx_word' id='word_1_113' title='bbox 1703 4380 2001 4435; x_wconf 67' lang='lat' dir='ltr'><strong>contentze,</strong></span> 
     </span>
    </p>
   </div>
   <div class='ocr_carea' id='block_1_20' title="bbox 417 4461 2005 4532">
    <p class='ocr_par' dir='ltr' id='par_1_20' title="bbox 417 4461 2005 4532">
     <span class='ocr_line' id='line_1_21' title="bbox 417 4461 2005 4532; baseline -0.003 -12"><span class='ocrx_word' id='word_1_114' title='bbox 417 4466 646 4521; x_wconf 79' lang='lat' dir='ltr'><strong>alterum</strong></span> <span class='ocrx_word' id='word_1_115' title='bbox 673 4466 760 4532; x_wconf 89' lang='lat' dir='ltr'><strong>qui</strong></span> <span class='ocrx_word' id='word_1_116' title='bbox 790 4479 892 4519; x_wconf 91' lang='lat' dir='ltr'><strong>non</strong></span> <span class='ocrx_word' id='word_1_117' title='bbox 921 4473 1002 4518; x_wconf 89' lang='lat' dir='ltr'><strong>est</strong></span> <span class='ocrx_word' id='word_1_118' title='bbox 1027 4463 1159 4517; x_wconf 85' lang='lat' dir='ltr'><strong>deus</strong></span> <span class='ocrx_word' id='word_1_119' title='bbox 1197 4461 1650 4532; x_wconf 89' lang='lat' dir='ltr'><strong>superiuducuut,</strong></span> <span class='ocrx_word' id='word_1_120' title='bbox 1677 4470 1838 4515; x_wconf 73' lang='lat' dir='ltr'><strong>casta:</strong></span> <span class='ocrx_word' id='word_1_121' title='bbox 1879 4477 2005 4516; x_wconf 87' lang='lat' dir='ltr'><strong>esse</strong></span> 
     </span>
    </p>
   </div>
   <div class='ocr_carea' id='block_1_21' title="bbox 329 4553 2006 4625">
    <p class='ocr_par' dir='ltr' id='par_1_21' title="bbox 329 4553 2006 4625">
     <span class='ocr_line' id='line_1_22' title="bbox 329 4553 2006 4625; baseline -0.001 -21"><span class='ocrx_word' id='word_1_122' title='bbox 329 4562 332 4565; x_wconf 85' lang='lat'>‘</span> <span class='ocrx_word' id='word_1_123' title='bbox 419 4554 687 4625; x_wconf 79' lang='lat' dir='ltr'><strong>possunt?</strong></span> <span class='ocrx_word' id='word_1_124' title='bbox 737 4554 916 4624; x_wconf 84' lang='lat' dir='ltr'><strong>Itaque</strong></span> <span class='ocrx_word' id='word_1_125' title='bbox 969 4556 1196 4623; x_wconf 90' lang='lat' dir='ltr'><strong>primum</strong></span> <span class='ocrx_word' id='word_1_126' title='bbox 1246 4553 1555 4608; x_wconf 86' lang='lat' dir='ltr'><strong>eamobrem</strong></span> <span class='ocrx_word' id='word_1_127' title='bbox 1613 4553 1844 4622; x_wconf 78' lang='lat' dir='ltr'><strong>virgines</strong></span> <span class='ocrx_word' id='word_1_128' title='bbox 1899 4565 2006 4602; x_wconf 91' lang='lat' dir='ltr'><strong>non</strong></span> 
     </span>
    </p>
   </div>
   <div class='ocr_carea' id='block_1_22' title="bbox 417 4640 2006 4715">
    <p class='ocr_par' dir='ltr' id='par_1_22' title="bbox 417 4640 2006 4715">
     <span class='ocr_line' id='line_1_23' title="bbox 417 4640 2006 4715; baseline -0.005 -14"><span class='ocrx_word' id='word_1_129' title='bbox 417 4655 580 4701; x_wconf 81' lang='lat' dir='ltr'><strong>sunt:</strong></span> <span class='ocrx_word' id='word_1_130' title='bbox 609 4645 800 4700; x_wconf 87' lang='lat' dir='ltr'><strong>deinde</strong></span> <span class='ocrx_word' id='word_1_131' title='bbox 827 4644 968 4715; x_wconf 89' lang='lat' dir='ltr'><strong>quod</strong></span> <span class='ocrx_word' id='word_1_132' title='bbox 1002 4643 1398 4698; x_wconf 86' lang='lat' dir='ltr'><strong>matrimonium</strong></span> <span class='ocrx_word' id='word_1_133' title='bbox 1423 4642 1723 4696; x_wconf 89' lang='lat' dir='ltr'><strong>damnando</strong></span> <span class='ocrx_word' id='word_1_134' title='bbox 1750 4643 1815 4696; x_wconf 88' lang='lat' dir='ltr'><strong>ad</strong></span> <span class='ocrx_word' id='word_1_135' title='bbox 1836 4640 2006 4697; x_wconf 91' lang='lat' dir='ltr'><strong>decli-</strong></span> 
     </span>
    </p>
   </div>
   <div class='ocr_carea' id='block_1_23' title="bbox 419 4735 2005 4806">
    <p class='ocr_par' dir='ltr' id='par_1_23' title="bbox 419 4735 2005 4806">
     <span class='ocr_line' id='line_1_24' title="bbox 419 4735 2005 4806; baseline -0.002 -14"><span class='ocrx_word' id='word_1_136' title='bbox 419 4738 622 4793; x_wconf 85' lang='lat' dir='ltr'><strong>nandas</strong></span> <span class='ocrx_word' id='word_1_137' title='bbox 653 4738 862 4806; x_wconf 86' lang='lat' dir='ltr'><strong>nuptias</strong></span> <span class='ocrx_word' id='word_1_138' title='bbox 884 4746 1006 4792; x_wconf 89' lang='lat' dir='ltr'><strong>sunt</strong></span> <span class='ocrx_word' id='word_1_139' title='bbox 1025 4751 1319 4806; x_wconf 78' lang='lat' dir='ltr'><strong>progressu:</strong></span> <span class='ocrx_word' id='word_1_140' title='bbox 1345 4753 1357 4788; x_wconf 91' lang='lat'>:</span> <span class='ocrx_word' id='word_1_141' title='bbox 1385 4751 1505 4788; x_wconf 90' lang='lat' dir='ltr'><strong>nam</strong></span> <span class='ocrx_word' id='word_1_142' title='bbox 1528 4751 1647 4789; x_wconf 92' lang='lat' dir='ltr'><strong>cum</strong></span> <span class='ocrx_word' id='word_1_143' title='bbox 1672 4750 1762 4788; x_wconf 90' lang='lat' dir='ltr'><strong>eas</strong></span> <span class='ocrx_word' id='word_1_144' title='bbox 1787 4735 2005 4789; x_wconf 89' lang='lat' dir='ltr'><strong>vitiosas</strong></span> 
     </span>
    </p>
   </div>
   <div class='ocr_carea' id='block_1_24' title="bbox 419 4828 2001 4898">
    <p class='ocr_par' dir='ltr' id='par_1_24' title="bbox 419 4828 2001 4898">
     <span class='ocr_line' id='line_1_25' title="bbox 419 4828 2001 4898; baseline -0.004 -14"><span class='ocrx_word' id='word_1_145' title='bbox 419 4845 540 4884; x_wconf 88' lang='lat' dir='ltr'><strong>esse</strong></span> <span class='ocrx_word' id='word_1_146' title='bbox 565 4830 859 4894; x_wconf 76' lang='lat' dir='ltr'><strong>sanxerint,</strong></span> <span class='ocrx_word' id='word_1_147' title='bbox 891 4831 1102 4898; x_wconf 72' lang='lat' dir='ltr'><strong>pnetnia</strong></span> <span class='ocrx_word' id='word_1_148' title='bbox 1132 4829 1231 4882; x_wconf 84' lang='lat' dir='ltr'><strong>sibi</strong></span> <span class='ocrx_word' id='word_1_149' title='bbox 1255 4828 1572 4898; x_wconf 83' lang='lat' dir='ltr'><strong>virginitatis</strong></span> <span class='ocrx_word' id='word_1_150' title='bbox 1595 4828 2001 4896; x_wconf 73' lang='lat' dir='ltr'><strong>prceripuerunt.</strong></span> 
     </span>
    </p>
   </div>
   <div class='ocr_carea' id='block_1_25' title="bbox 417 4918 2005 4995">
    <p class='ocr_par' dir='ltr' id='par_1_25' title="bbox 417 4918 2005 4995">
     <span class='ocr_line' id='line_1_26' title="bbox 417 4918 2005 4995; baseline -0.003 -19"><span class='ocrx_word' id='word_1_151' title='bbox 417 4918 536 4976; x_wconf 78' lang='lat' dir='ltr'><strong>Non</strong></span> <span class='ocrx_word' id='word_1_152' title='bbox 563 4923 702 4974; x_wconf 87' lang='lat' dir='ltr'><strong>enim</strong></span> <span class='ocrx_word' id='word_1_153' title='bbox 745 4921 834 4990; x_wconf 89' lang='lat' dir='ltr'><strong>qui</strong></span> <span class='ocrx_word' id='word_1_154' title='bbox 876 4921 1001 4974; x_wconf 87' lang='lat' dir='ltr'><strong>vitia</strong></span> <span class='ocrx_word' id='word_1_155' title='bbox 1045 4929 1236 4973; x_wconf 85' lang='lat' dir='ltr'><strong>cavent.</strong></span> <span class='ocrx_word' id='word_1_156' title='bbox 1275 4933 1472 4973; x_wconf 90' lang='lat' dir='ltr'><strong>corona</strong></span> <span class='ocrx_word' id='word_1_157' title='bbox 1523 4919 1746 4982; x_wconf 81' lang='lat' dir='ltr'><strong>donari,</strong></span> <span class='ocrx_word' id='word_1_158' title='bbox 1773 4919 1866 4995; x_wconf 74' lang='lat' dir='ltr'><strong>sed</strong></span> <span class='ocrx_word' id='word_1_159' title='bbox 1901 4934 2005 4972; x_wconf 89' lang='lat' dir='ltr'><strong>non</strong></span> 
     </span>
    </p>
   </div>
   <div class='ocr_carea' id='block_1_26' title="bbox 417 5010 2007 5084">
    <p class='ocr_par' dir='ltr' id='par_1_26' title="bbox 417 5010 2007 5084">
     <span class='ocr_line' id='line_1_27' title="bbox 417 5010 2007 5084; baseline 0 -20"><span class='ocrx_word' id='word_1_160' title='bbox 417 5012 582 5084; x_wconf 88' lang='lat' dir='ltr'><strong>plecti</strong></span> <span class='ocrx_word' id='word_1_161' title='bbox 604 5013 876 5067; x_wconf 84' lang='lat' dir='ltr'><strong>dumtaxat</strong></span> <span class='ocrx_word' id='word_1_162' title='bbox 903 5028 997 5082; x_wconf 85' lang='lat' dir='ltr'><strong>par</strong></span> <span class='ocrx_word' id='word_1_163' title='bbox 1024 5023 1125 5066; x_wconf 91' lang='lat' dir='ltr'><strong>est.</strong></span> <span class='ocrx_word' id='word_1_164' title='bbox 1160 5013 1330 5082; x_wconf 82' lang='lat' dir='ltr'><strong>Atque</strong></span> <span class='ocrx_word' id='word_1_165' title='bbox 1365 5010 1414 5065; x_wconf 91' lang='lat' dir='ltr'><strong>id</strong></span> <span class='ocrx_word' id='word_1_166' title='bbox 1442 5011 1655 5081; x_wconf 83' lang='lat' dir='ltr'><strong>quidem</strong></span> <span class='ocrx_word' id='word_1_167' title='bbox 1694 5011 1877 5064; x_wconf 78' lang='lat' dir='ltr'><strong>videre</strong></span> <span class='ocrx_word' id='word_1_168' title='bbox 1924 5021 2007 5064; x_wconf 88' lang='lat' dir='ltr'><strong>est</strong></span> 
     </span>
    </p>
   </div>
   <div class='ocr_carea' id='block_1_27' title="bbox 419 5101 2004 5172">
    <p class='ocr_par' dir='ltr' id='par_1_27' title="bbox 419 5101 2004 5172">
     <span class='ocr_line' id='line_1_28' title="bbox 419 5101 2004 5172; baseline -0.003 -14"><span class='ocrx_word' id='word_1_169' title='bbox 419 5120 528 5158; x_wconf 89' lang='lat' dir='ltr'><strong>non</strong></span> <span class='ocrx_word' id='word_1_170' title='bbox 578 5105 748 5160; x_wconf 88' lang='lat' dir='ltr'><strong>solum</strong></span> <span class='ocrx_word' id='word_1_171' title='bbox 799 5104 1029 5162; x_wconf 86' lang='lat' dir='ltr'><strong>nostris.</strong></span> <span class='ocrx_word' id='word_1_172' title='bbox 1073 5102 1169 5158; x_wconf 90' lang='lat' dir='ltr'><strong>sed</strong></span> <span class='ocrx_word' id='word_1_173' title='bbox 1217 5105 1454 5158; x_wconf 78' lang='lat' dir='ltr'><strong>externis</strong></span> <span class='ocrx_word' id='word_1_174' title='bbox 1497 5104 1656 5156; x_wconf 89' lang='lat' dir='ltr'><strong>etiam</strong></span> <span class='ocrx_word' id='word_1_175' title='bbox 1703 5102 1908 5172; x_wconf 78' lang='lat' dir='ltr'><strong>legibus</strong></span> <span class='ocrx_word' id='word_1_176' title='bbox 1936 5101 2004 5154; x_wconf 90' lang='lat' dir='ltr'><strong>ita</strong></span> 
     </span>
    </p>
   </div>
   <div class='ocr_carea' id='block_1_28' title="bbox 415 5196 2005 5265">
    <p class='ocr_par' dir='ltr' id='par_1_28' title="bbox 415 5196 2005 5265">
     <span class='ocr_line' id='line_1_29' title="bbox 415 5196 2005 5265; baseline -0.001 -13"><span class='ocrx_word' id='word_1_177' title='bbox 415 5197 767 5252; x_wconf 84' lang='lat' dir='ltr'><strong>constitutum</strong></span> <span class='ocrx_word' id='word_1_178' title='bbox 798 5214 810 5249; x_wconf 92' lang='lat'><strong>:</strong></span> <span class='ocrx_word' id='word_1_179' title='bbox 841 5197 938 5265; x_wconf 87' lang='lat' dir='ltr'><strong>Qui</strong></span> <span class='ocrx_word' id='word_1_180' title='bbox 970 5196 1169 5252; x_wconf 70' lang='lat' dir='ltr'><strong>emdem</strong></span> <span class='ocrx_word' id='word_1_181' title='bbox 1207 5196 1413 5261; x_wconf 78' lang='lat' dir='ltr'><strong>fecerit,</strong></span> <span class='ocrx_word' id='word_1_182' title='bbox 1446 5197 1634 5265; x_wconf 89' lang='lat' dir='ltr'><strong>inquit,</strong></span> <span class='ocrx_word' id='word_1_183' title='bbox 1667 5206 1922 5259; x_wconf 82' lang='lat' dir='ltr'><strong>necatur;</strong></span> <span class='ocrx_word' id='word_1_184' title='bbox 1953 5205 2005 5250; x_wconf 91' lang='lat' dir='ltr'><strong>at</strong></span> 
     </span>
    </p>
   </div>
   <div class='ocr_carea' id='block_1_29' title="bbox 417 5285 2006 5357">
    <p class='ocr_par' dir='ltr' id='par_1_29' title="bbox 417 5285 2006 5357">
     <span class='ocr_line' id='line_1_30' title="bbox 417 5285 2006 5357; baseline -0.001 -14"><span class='ocrx_word' id='word_1_185' title='bbox 417 5302 528 5344; x_wconf 77' lang='lat' dir='ltr'><strong>mn</strong></span> <span class='ocrx_word' id='word_1_186' title='bbox 573 5290 734 5344; x_wconf 88' lang='lat' dir='ltr'><strong>etiam</strong></span> <span class='ocrx_word' id='word_1_187' title='bbox 778 5289 1012 5351; x_wconf 87' lang='lat' dir='ltr'><strong>additur,</strong></span> <span class='ocrx_word' id='word_1_188' title='bbox 1051 5288 1152 5357; x_wconf 90' lang='lat' dir='ltr'><strong>Qui</strong></span> <span class='ocrx_word' id='word_1_189' title='bbox 1195 5288 1396 5343; x_wconf 67' lang='lat' dir='ltr'><strong>etedem</strong></span> <span class='ocrx_word' id='word_1_190' title='bbox 1424 5303 1530 5342; x_wconf 94' lang='lat' dir='ltr'><strong>non</strong></span> <span class='ocrx_word' id='word_1_191' title='bbox 1559 5285 1768 5352; x_wconf 81' lang='lat' dir='ltr'><strong>fecerit,</strong></span> <span class='ocrx_word' id='word_1_192' title='bbox 1803 5286 2006 5342; x_wconf 88' lang='lat' dir='ltr'><strong>honore</strong></span> 
     </span>
    </p>
   </div>
   <div class='ocr_carea' id='block_1_30' title="bbox 416 5379 2006 5450">
    <p class='ocr_par' dir='ltr' id='par_1_30' title="bbox 416 5379 2006 5450">
     <span class='ocr_line' id='line_1_31' title="bbox 416 5379 2006 5450; baseline -0.003 -14"><span class='ocrx_word' id='word_1_193' title='bbox 416 5379 816 5437; x_wconf 79' lang='lat' dir='ltr'><strong>allicitorzFur</strong></span> <span class='ocrx_word' id='word_1_194' title='bbox 867 5382 1141 5450; x_wconf 87' lang='lat' dir='ltr'><strong>plectitor;</strong></span> <span class='ocrx_word' id='word_1_195' title='bbox 1189 5389 1244 5436; x_wconf 84' lang='lat' dir='ltr'><strong>at</strong></span> <span class='ocrx_word' id='word_1_196' title='bbox 1295 5396 1571 5435; x_wconf 90' lang='lat' dir='ltr'><strong>uou.eum</strong></span> <span class='ocrx_word' id='word_1_197' title='bbox 1624 5395 1873 5450; x_wconf 90' lang='lat' dir='ltr'><strong>quoque,</strong></span> <span class='ocrx_word' id='word_1_198' title='bbox 1916 5380 2006 5449; x_wconf 90' lang='lat' dir='ltr'><strong>qui</strong></span> 
     </span>
    </p>
   </div>
   <div class='ocr_carea' id='block_1_31' title="bbox 417 5471 2009 5542">
    <p class='ocr_par' dir='ltr' id='par_1_31' title="bbox 417 5471 2009 5542">
     <span class='ocr_line' id='line_1_32' title="bbox 417 5471 2009 5542; baseline -0.001 -16"><span class='ocrx_word' id='word_1_199' title='bbox 417 5473 593 5527; x_wconf 83' lang='lat' dir='ltr'><strong>aliena</strong></span> <span class='ocrx_word' id='word_1_200' title='bbox 621 5488 727 5526; x_wconf 86' lang='lat' dir='ltr'><strong>non</strong></span> <span class='ocrx_word' id='word_1_201' title='bbox 759 5473 1013 5542; x_wconf 84' lang='lat' dir='ltr'><strong>rapuerit,</strong></span> <span class='ocrx_word' id='word_1_202' title='bbox 1047 5471 1248 5527; x_wconf 91' lang='lat' dir='ltr'><strong>donum</strong></span> <span class='ocrx_word' id='word_1_203' title='bbox 1274 5487 1466 5542; x_wconf 81' lang='lat' dir='ltr'><strong>capere</strong></span> <span class='ocrx_word' id='word_1_204' title='bbox 1491 5471 1769 5541; x_wconf 79' lang='lat' dir='ltr'><strong>jusserunt</strong></span> <span class='ocrx_word' id='word_1_205' title='bbox 1793 5489 1805 5524; x_wconf 93' lang='lat'>:</span> <span class='ocrx_word' id='word_1_206' title='bbox 1835 5485 2009 5540; x_wconf 89' lang='lat' dir='ltr'><strong>neque</strong></span> 
     </span>
    </p>
   </div>
   <div class='ocr_carea' id='block_1_32' title="bbox 484 5604 2004 5662">
    <p class='ocr_par' dir='ltr' id='par_1_32' title="bbox 484 5604 2004 5662">
     <span class='ocr_line' id='line_1_33' title="bbox 484 5604 2004 5662; baseline -0.001 -9"><span class='ocrx_word' id='word_1_207' title='bbox 484 5606 499 5635; x_wconf 86' lang='grc'>¹</span> <span class='ocrx_word' id='word_1_208' title='bbox 536 5604 768 5657; x_wconf 72' lang='lat' dir='ltr'><strong>Collatum</strong></span> <span class='ocrx_word' id='word_1_209' title='bbox 800 5617 910 5656; x_wconf 84' lang='lat' dir='ltr'><strong>cum</strong></span> <span class='ocrx_word' id='word_1_210' title='bbox 931 5605 1052 5656; x_wconf 63' lang='lat' dir='ltr'><strong>ﬁdit.</strong></span> <span class='ocrx_word' id='word_1_211' title='bbox 1078 5605 1368 5656; x_wconf 73' lang='lat' dir='ltr'><strong>Flaminiana</strong></span> <span class='ocrx_word' id='word_1_212' title='bbox 1392 5617 1518 5654; x_wconf 85' lang='lat' dir='ltr'><strong>anno</strong></span> <span class='ocrx_word' id='word_1_213' title='bbox 1555 5605 1694 5662; x_wconf 78' lang='lat'><strong>1575,</strong></span> <span class='ocrx_word' id='word_1_214' title='bbox 1727 5617 1835 5653; x_wconf 87' lang='lat' dir='ltr'><strong>cum</strong></span> <span class='ocrx_word' id='word_1_215' title='bbox 1863 5604 2004 5654; x_wconf 80' lang='lat' dir='ltr'><strong>Savil.</strong></span> 
     </span>
    </p>
   </div>
   <div class='ocr_carea' id='block_1_33' title="bbox 411 5666 2006 5731">
    <p class='ocr_par' dir='ltr' id='par_1_33' title="bbox 411 5666 2006 5731">
     <span class='ocr_line' id='line_1_34' title="bbox 411 5666 2006 5731; baseline -0.005 -9"><span class='ocrx_word' id='word_1_216' title='bbox 411 5681 469 5722; x_wconf 87' lang='lat' dir='ltr'><strong>et</strong></span> <span class='ocrx_word' id='word_1_217' title='bbox 497 5681 607 5718; x_wconf 83' lang='lat' dir='ltr'><strong>cum</strong></span> <span class='ocrx_word' id='word_1_218' title='bbox 639 5669 747 5717; x_wconf 72' lang='lat' dir='ltr'><strong>Cod.</strong></span> <span class='ocrx_word' id='word_1_219' title='bbox 775 5675 891 5730; x_wconf 71' lang='lat' dir='ltr'><strong>Reg.</strong></span> <span class='ocrx_word' id='word_1_220' title='bbox 920 5666 1056 5731; x_wconf 68' lang='lat'><strong>1974,</strong></span> <span class='ocrx_word' id='word_1_221' title='bbox 1091 5669 1174 5730; x_wconf 85' lang='lat' dir='ltr'><strong>qui</strong></span> <span class='ocrx_word' id='word_1_222' title='bbox 1215 5666 1376 5718; x_wconf 82' lang='lat' dir='ltr'><strong>multis</strong></span> <span class='ocrx_word' id='word_1_223' title='bbox 1398 5667 1587 5718; x_wconf 77' lang='lat' dir='ltr'><strong>mendis</strong></span> <span class='ocrx_word' id='word_1_224' title='bbox 1619 5679 1875 5730; x_wconf 67' lang='lat' dir='ltr'><strong>respersus</strong></span> <span class='ocrx_word' id='word_1_225' title='bbox 1911 5675 2006 5717; x_wconf 74' lang='lat' dir='ltr'><strong>est.</strong></span> 
     </span>
    </p>
   </div>
   <div class='ocr_carea' id='block_1_34' title="bbox 2111 3361 3692 3433">
    <p class='ocr_par' dir='ltr' id='par_1_34' title="bbox 2111 3361 3692 3433">
     <span class='ocr_line' id='line_1_35' title="bbox 2111 3361 3692 3433; baseline 0.006 -17"><span class='ocrx_word' id='word_1_226' title='bbox 2111 3362 2411 3416; x_wconf 85' lang='lat' dir='ltr'><strong>adulterum</strong></span> <span class='ocrx_word' id='word_1_227' title='bbox 2444 3361 2780 3425; x_wconf 86' lang='lat' dir='ltr'><strong>occidentes,</strong></span> <span class='ocrx_word' id='word_1_228' title='bbox 2813 3363 2862 3416; x_wconf 90' lang='lat' dir='ltr'><strong>ei</strong></span> <span class='ocrx_word' id='word_1_229' title='bbox 2890 3364 2976 3433; x_wconf 90' lang='lat' dir='ltr'><strong>qui</strong></span> <span class='ocrx_word' id='word_1_230' title='bbox 3019 3363 3240 3420; x_wconf 86' lang='lat' dir='ltr'><strong>alterius</strong></span> <span class='ocrx_word' id='word_1_231' title='bbox 3269 3367 3445 3424; x_wconf 88' lang='lat' dir='ltr'><strong>cubile</strong></span> <span class='ocrx_word' id='word_1_232' title='bbox 3485 3384 3586 3424; x_wconf 91' lang='lat' dir='ltr'><strong>nou</strong></span> <span class='ocrx_word' id='word_1_233' title='bbox 3621 3371 3692 3427; x_wconf 73' lang='lat' dir='ltr'><strong>el-</strong></span> 
     </span>
    </p>
   </div>
   <div class='ocr_carea' id='block_1_35' title="bbox 2107 3455 3697 3525">
    <p class='ocr_par' dir='ltr' id='par_1_35' title="bbox 2107 3455 3697 3525">
     <span class='ocr_line' id='line_1_36' title="bbox 2107 3455 3697 3525; baseline 0.006 -17"><span class='ocrx_word' id='word_1_234' title='bbox 2107 3455 2334 3525; x_wconf 82' lang='lat' dir='ltr'><strong>lringat,</strong></span> <span class='ocrx_word' id='word_1_235' title='bbox 2387 3455 2646 3508; x_wconf 83' lang='lat' dir='ltr'><strong>honorem</strong></span> <span class='ocrx_word' id='word_1_236' title='bbox 2685 3455 2976 3510; x_wconf 86' lang='lat' dir='ltr'><strong>sciverunt.</strong></span> <span class='ocrx_word' id='word_1_237' title='bbox 3023 3457 3088 3512; x_wconf 88' lang='lat' dir='ltr'><strong>Et</strong></span> <span class='ocrx_word' id='word_1_238' title='bbox 3135 3460 3326 3514; x_wconf 91' lang='lat' dir='ltr'><strong>merito</strong></span> <span class='ocrx_word' id='word_1_239' title='bbox 3373 3477 3502 3518; x_wconf 90' lang='lat' dir='ltr'><strong>sane</strong></span> <span class='ocrx_word' id='word_1_240' title='bbox 3531 3482 3543 3516; x_wconf 91' lang='lat'>:</span> <span class='ocrx_word' id='word_1_241' title='bbox 3577 3481 3697 3518; x_wconf 90' lang='lat' dir='ltr'><strong>nam</strong></span> 
     </span>
    </p>
   </div>
   <div class='ocr_carea' id='block_1_36' title="bbox 2107 3545 3695 3622">
    <p class='ocr_par' dir='ltr' id='par_1_36' title="bbox 2107 3545 3695 3622">
     <span class='ocr_line' id='line_1_37' title="bbox 2107 3545 3695 3622; baseline 0.006 -23"><span class='ocrx_word' id='word_1_242' title='bbox 2107 3546 2317 3600; x_wconf 91' lang='lat' dir='ltr'><strong>laudem</strong></span> <span class='ocrx_word' id='word_1_243' title='bbox 2347 3553 2400 3599; x_wconf 90' lang='lat' dir='ltr'><strong>et</strong></span> <span class='ocrx_word' id='word_1_244' title='bbox 2427 3545 2830 3601; x_wconf 88' lang='lat' dir='ltr'><strong>admirationem</strong></span> <span class='ocrx_word' id='word_1_245' title='bbox 2863 3547 3056 3603; x_wconf 89' lang='lat' dir='ltr'><strong>habere</strong></span> <span class='ocrx_word' id='word_1_246' title='bbox 3086 3563 3270 3604; x_wconf 90' lang='lat' dir='ltr'><strong>eorum</strong></span> <span class='ocrx_word' id='word_1_247' title='bbox 3302 3561 3415 3618; x_wconf 89' lang='lat' dir='ltr'><strong>est,</strong></span> <span class='ocrx_word' id='word_1_248' title='bbox 3450 3554 3538 3622; x_wconf 90' lang='lat' dir='ltr'><strong>qui</strong></span> <span class='ocrx_word' id='word_1_249' title='bbox 3563 3556 3695 3608; x_wconf 77' lang='lat' dir='ltr'><strong>vir-</strong></span> 
     </span>
    </p>
   </div>
   <div class='ocr_carea' id='block_1_37' title="bbox 2110 3635 3702 3709">
    <p class='ocr_par' dir='ltr' id='par_1_37' title="bbox 2110 3635 3702 3709">
     <span class='ocr_line' id='line_1_38' title="bbox 2110 3635 3702 3709; baseline 0.006 -19"><span class='ocrx_word' id='word_1_250' title='bbox 2110 3647 2220 3691; x_wconf 90' lang='lat' dir='ltr'><strong>tute</strong></span> <span class='ocrx_word' id='word_1_251' title='bbox 2265 3635 2666 3706; x_wconf 82' lang='lat' dir='ltr'><strong>perfungantur,</strong></span> <span class='ocrx_word' id='word_1_252' title='bbox 2713 3653 2818 3692; x_wconf 91' lang='lat' dir='ltr'><strong>non</strong></span> <span class='ocrx_word' id='word_1_253' title='bbox 2860 3640 2949 3709; x_wconf 87' lang='lat' dir='ltr'><strong>qui</strong></span> <span class='ocrx_word' id='word_1_254' title='bbox 2994 3639 3117 3694; x_wconf 84' lang='lat' dir='ltr'><strong>vitia</strong></span> <span class='ocrx_word' id='word_1_255' title='bbox 3159 3639 3470 3696; x_wconf 90' lang='lat' dir='ltr'><strong>declinent:</strong></span> <span class='ocrx_word' id='word_1_256' title='bbox 3503 3660 3623 3698; x_wconf 90' lang='lat' dir='ltr'><strong>nam</strong></span> <span class='ocrx_word' id='word_1_257' title='bbox 3655 3645 3702 3700; x_wconf 81' lang='lat' dir='ltr'><strong>is</strong></span> 
     </span>
    </p>
   </div>
   <div class='ocr_carea' id='block_1_38' title="bbox 2109 3727 3703 3804">
    <p class='ocr_par' dir='ltr' id='par_1_38' title="bbox 2109 3727 3703 3804">
     <span class='ocr_line' id='line_1_39' title="bbox 2109 3727 3703 3804; baseline 0.004 -23"><span class='ocrx_word' id='word_1_258' title='bbox 2109 3727 2188 3781; x_wconf 92' lang='lat' dir='ltr'><strong>eis</strong></span> <span class='ocrx_word' id='word_1_259' title='bbox 2219 3727 2388 3782; x_wconf 92' lang='lat' dir='ltr'><strong>honor</strong></span> <span class='ocrx_word' id='word_1_260' title='bbox 2415 3729 2545 3782; x_wconf 87' lang='lat' dir='ltr'><strong>satis</strong></span> <span class='ocrx_word' id='word_1_261' title='bbox 2570 3737 2672 3792; x_wconf 90' lang='lat' dir='ltr'><strong>est,</strong></span> <span class='ocrx_word' id='word_1_262' title='bbox 2701 3729 2746 3782; x_wconf 88' lang='lat' dir='ltr'><strong>si</strong></span> <span class='ocrx_word' id='word_1_263' title='bbox 2776 3745 2984 3798; x_wconf 74' lang='lat' dir='ltr'><strong>pmnam</strong></span> <span class='ocrx_word' id='word_1_264' title='bbox 3017 3731 3214 3785; x_wconf 90' lang='lat' dir='ltr'><strong>nullam</strong></span> <span class='ocrx_word' id='word_1_265' title='bbox 3247 3733 3496 3787; x_wconf 86' lang='lat' dir='ltr'><strong>sentiant.</strong></span> <span class='ocrx_word' id='word_1_266' title='bbox 3524 3733 3703 3804; x_wconf 88' lang='lat' dir='ltr'><strong>Itaque</strong></span> 
     </span>
    </p>
   </div>
   <div class='ocr_carea' id='block_1_39' title="bbox 2111 3819 3701 3892">
    <p class='ocr_par' dir='ltr' id='par_1_39' title="bbox 2111 3819 3701 3892">
     <span class='ocr_line' id='line_1_40' title="bbox 2111 3819 3701 3892; baseline 0.005 -21"><span class='ocrx_word' id='word_1_267' title='bbox 2111 3819 2364 3872; x_wconf 88' lang='lat' dir='ltr'><strong>Dominus</strong></span> <span class='ocrx_word' id='word_1_268' title='bbox 2391 3827 2572 3872; x_wconf 90' lang='lat' dir='ltr'><strong>noster</strong></span> <span class='ocrx_word' id='word_1_269' title='bbox 2600 3819 2818 3890; x_wconf 82' lang='lat' dir='ltr'><strong>(Matth.</strong></span> <span class='ocrx_word' id='word_1_270' title='bbox 2848 3821 2900 3875; x_wconf 83' lang='lat'><strong>5.</strong></span> <span class='ocrx_word' id='word_1_271' title='bbox 2928 3821 2998 3874; x_wconf 71' lang='lat'><strong>22</strong></span> <span class='ocrx_word' id='word_1_272' title='bbox 3016 3819 3056 3886; x_wconf 82' lang='lat'><strong>),</strong></span> <span class='ocrx_word' id='word_1_273' title='bbox 3087 3823 3179 3892; x_wconf 91' lang='lat' dir='ltr'><strong>qui</strong></span> <span class='ocrx_word' id='word_1_274' title='bbox 3207 3831 3406 3878; x_wconf 85' lang='lat' dir='ltr'><strong>temere</strong></span> <span class='ocrx_word' id='word_1_275' title='bbox 3435 3833 3488 3879; x_wconf 89' lang='lat' dir='ltr'><strong>et</strong></span> <span class='ocrx_word' id='word_1_276' title='bbox 3511 3825 3701 3879; x_wconf 89' lang='lat' dir='ltr'><strong>imme-</strong></span> 
     </span>
    </p>
   </div>
   <div class='ocr_carea' id='block_1_40' title="bbox 2107 3909 3699 3986">
    <p class='ocr_par' dir='ltr' id='par_1_40' title="bbox 2107 3909 3699 3986">
     <span class='ocr_line' id='line_1_41' title="bbox 2107 3909 3699 3986; baseline 0.006 -23"><span class='ocrx_word' id='word_1_277' title='bbox 2107 3911 2210 3964; x_wconf 88' lang='lat' dir='ltr'><strong>rito</strong></span> <span class='ocrx_word' id='word_1_278' title='bbox 2227 3909 2373 3964; x_wconf 80' lang='lat' dir='ltr'><strong>fratri</strong></span> <span class='ocrx_word' id='word_1_279' title='bbox 2403 3926 2500 3964; x_wconf 92' lang='lat' dir='ltr'><strong>suo</strong></span> <span class='ocrx_word' id='word_1_280' title='bbox 2529 3911 2786 3966; x_wconf 81' lang='lat' dir='ltr'><strong>irascatur</strong></span> <span class='ocrx_word' id='word_1_281' title='bbox 2811 3927 2874 3967; x_wconf 91' lang='lat' dir='ltr'><strong>ac</strong></span> <span class='ocrx_word' id='word_1_282' title='bbox 2900 3912 3099 3968; x_wconf 82' lang='lat' dir='ltr'><strong>fatuum</strong></span> <span class='ocrx_word' id='word_1_283' title='bbox 3129 3924 3298 3981; x_wconf 77' lang='lat' dir='ltr'><strong>vocet,</strong></span> <span class='ocrx_word' id='word_1_284' title='bbox 3326 3917 3372 3970; x_wconf 91' lang='lat' dir='ltr'><strong>ei</strong></span> <span class='ocrx_word' id='word_1_285' title='bbox 3398 3916 3699 3986; x_wconf 79' lang='lat' dir='ltr'><strong>gehennam</strong></span> 
     </span>
    </p>
   </div>
   <div class='ocr_carea' id='block_1_41' title="bbox 2108 4005 3699 4078">
    <p class='ocr_par' dir='ltr' id='par_1_41' title="bbox 2108 4005 3699 4078">
     <span class='ocr_line' id='line_1_42' title="bbox 2108 4005 3699 4078; baseline 0.002 -18"><span class='ocrx_word' id='word_1_286' title='bbox 2108 4015 2190 4060; x_wconf 90' lang='lat' dir='ltr'><strong>est</strong></span> <span class='ocrx_word' id='word_1_287' title='bbox 2218 4005 2574 4060; x_wconf 87' lang='lat' dir='ltr'><strong>comminatus</strong></span> <span class='ocrx_word' id='word_1_288' title='bbox 2601 4022 2614 4058; x_wconf 91' lang='lat'><strong>:</strong></span> <span class='ocrx_word' id='word_1_289' title='bbox 2648 4021 2752 4059; x_wconf 93' lang='lat' dir='ltr'><strong>non</strong></span> <span class='ocrx_word' id='word_1_290' title='bbox 2780 4007 3047 4073; x_wconf 59' lang='lat' dir='ltr'><strong>etiamﬁis,</strong></span> <span class='ocrx_word' id='word_1_291' title='bbox 3069 4009 3158 4078; x_wconf 92' lang='lat' dir='ltr'><strong>qui</strong></span> <span class='ocrx_word' id='word_1_292' title='bbox 3185 4023 3282 4063; x_wconf 88' lang='lat' dir='ltr'><strong>nec</strong></span> <span class='ocrx_word' id='word_1_293' title='bbox 3303 4010 3568 4065; x_wconf 89' lang='lat' dir='ltr'><strong>immerito</strong></span> <span class='ocrx_word' id='word_1_294' title='bbox 3590 4011 3699 4064; x_wconf 86' lang='lat' dir='ltr'><strong>ira-</strong></span> 
     </span>
    </p>
   </div>
   <div class='ocr_carea' id='block_1_42' title="bbox 2107 4096 3701 4169">
    <p class='ocr_par' dir='ltr' id='par_1_42' title="bbox 2107 4096 3701 4169">
     <span class='ocr_line' id='line_1_43' title="bbox 2107 4096 3701 4169; baseline 0.002 -19"><span class='ocrx_word' id='word_1_295' title='bbox 2107 4103 2344 4161; x_wconf 87' lang='lat' dir='ltr'><strong>scantur,</strong></span> <span class='ocrx_word' id='word_1_296' title='bbox 2384 4104 2438 4150; x_wconf 87' lang='lat' dir='ltr'><strong>et</strong></span> <span class='ocrx_word' id='word_1_297' title='bbox 2476 4112 2506 4148; x_wconf 89' lang='lat' dir='ltr'><strong>a</strong></span> <span class='ocrx_word' id='word_1_298' title='bbox 2545 4096 2801 4151; x_wconf 89' lang='lat' dir='ltr'><strong>conviciis</strong></span> <span class='ocrx_word' id='word_1_299' title='bbox 2845 4097 3179 4160; x_wconf 82' lang='lat' dir='ltr'><strong>abstineant,</strong></span> <span class='ocrx_word' id='word_1_300' title='bbox 3222 4099 3436 4153; x_wconf 66' lang='lat' dir='ltr'><strong>caeleste</strong></span> <span class='ocrx_word' id='word_1_301' title='bbox 3479 4115 3701 4169; x_wconf 82' lang='lat' dir='ltr'><strong>regnum</strong></span> 
     </span>
    </p>
   </div>
   <div class='ocr_carea' id='block_1_43' title="bbox 2111 4185 3699 4257">
    <p class='ocr_par' dir='ltr' id='par_1_43' title="bbox 2111 4185 3699 4257">
     <span class='ocr_line' id='line_1_44' title="bbox 2111 4185 3699 4257; baseline 0.002 -18"><span class='ocrx_word' id='word_1_302' title='bbox 2111 4185 2391 4255; x_wconf 82' lang='lat' dir='ltr'><strong>promisit:</strong></span> <span class='ocrx_word' id='word_1_303' title='bbox 2421 4185 2514 4240; x_wconf 90' lang='lat' dir='ltr'><strong>sed</strong></span> <span class='ocrx_word' id='word_1_304' title='bbox 2548 4187 2666 4254; x_wconf 90' lang='lat' dir='ltr'><strong>plus</strong></span> <span class='ocrx_word' id='word_1_305' title='bbox 2692 4201 2757 4242; x_wconf 91' lang='lat' dir='ltr'><strong>eo</strong></span> <span class='ocrx_word' id='word_1_306' title='bbox 2784 4186 3035 4256; x_wconf 91' lang='lat' dir='ltr'><strong>quiddam</strong></span> <span class='ocrx_word' id='word_1_307' title='bbox 3081 4186 3355 4257; x_wconf 86' lang='lat' dir='ltr'><strong>majusque</strong></span> <span class='ocrx_word' id='word_1_308' title='bbox 3385 4189 3699 4257; x_wconf 86' lang='lat' dir='ltr'><strong>requisivit,</strong></span> 
     </span>
    </p>
   </div>
   <div class='ocr_carea' id='block_1_44' title="bbox 2111 4276 3704 4352">
    <p class='ocr_par' dir='ltr' id='par_1_44' title="bbox 2111 4276 3704 4352">
     <span class='ocr_line' id='line_1_45' title="bbox 2111 4276 3704 4352; baseline 0.004 -22"><span class='ocrx_word' id='word_1_309' title='bbox 2111 4276 2336 4348; x_wconf 82' lang='lat' dir='ltr'><strong>Diligite,</strong></span> <span class='ocrx_word' id='word_1_310' title='bbox 2357 4279 2620 4347; x_wconf 89' lang='lat' dir='ltr'><strong>inquiens,</strong></span> <span class='ocrx_word' id='word_1_311' title='bbox 2648 4279 2880 4332; x_wconf 82' lang='lat' dir='ltr'><strong>inimicos</strong></span> <span class='ocrx_word' id='word_1_312' title='bbox 2896 4289 3081 4332; x_wconf 77' lang='lat' dir='ltr'><strong>vestros</strong></span> <span class='ocrx_word' id='word_1_313' title='bbox 3104 4278 3316 4349; x_wconf 75' lang='lat' dir='ltr'><strong>(Manli.</strong></span> <span class='ocrx_word' id='word_1_314' title='bbox 3337 4281 3388 4335; x_wconf 81' lang='lat'><strong>5.</strong></span> <span class='ocrx_word' id='word_1_315' title='bbox 3408 4281 3519 4352; x_wconf 66' lang='grc'><strong>44).</strong></span> <span class='ocrx_word' id='word_1_316' title='bbox 3543 4281 3704 4337; x_wconf 82' lang='lat' dir='ltr'><strong>Cum-</strong></span> 
     </span>
    </p>
   </div>
   <div class='ocr_carea' id='block_1_45' title="bbox 2108 4368 3718 4442">
    <p class='ocr_par' dir='ltr' id='par_1_45' title="bbox 2108 4368 3718 4442">
     <span class='ocr_line' id='line_1_46' title="bbox 2108 4368 3718 4442; baseline 0.004 -21"><span class='ocrx_word' id='word_1_317' title='bbox 2108 4384 2212 4437; x_wconf 89' lang='lat' dir='ltr'><strong>que</strong></span> <span class='ocrx_word' id='word_1_318' title='bbox 2242 4369 2399 4422; x_wconf 86' lang='lat' dir='ltr'><strong>vellet</strong></span> <span class='ocrx_word' id='word_1_319' title='bbox 2426 4368 2742 4430; x_wconf 87' lang='lat' dir='ltr'><strong>ostendere,</strong></span> <span class='ocrx_word' id='word_1_320' title='bbox 2776 4369 3120 4438; x_wconf 81' lang='lat' dir='ltr'><strong>perexiguum</strong></span> <span class='ocrx_word' id='word_1_321' title='bbox 3150 4379 3205 4424; x_wconf 85' lang='lat' dir='ltr'><strong>et</strong></span> <span class='ocrx_word' id='word_1_322' title='bbox 3233 4370 3338 4424; x_wconf 80' lang='lat' dir='ltr'><strong>vile</strong></span> <span class='ocrx_word' id='word_1_323' title='bbox 3364 4381 3525 4442; x_wconf 88' lang='lat' dir='ltr'><strong>atque</strong></span> <span class='ocrx_word' id='word_1_324' title='bbox 3566 4375 3718 4435; x_wconf 74' lang='lat' dir='ltr'><strong>indi-,</strong></span> 
     </span>
    </p>
   </div>
   <div class='ocr_carea' id='block_1_46' title="bbox 2108 4459 3702 4532">
    <p class='ocr_par' dir='ltr' id='par_1_46' title="bbox 2108 4459 3702 4532">
     <span class='ocr_line' id='line_1_47' title="bbox 2108 4459 3702 4532; baseline 0.003 -19"><span class='ocrx_word' id='word_1_325' title='bbox 2108 4475 2268 4530; x_wconf 75' lang='lat' dir='ltr'><strong>gnum</strong></span> <span class='ocrx_word' id='word_1_326' title='bbox 2302 4461 2524 4529; x_wconf 72' lang='lat' dir='ltr'><strong>prmmio</strong></span> <span class='ocrx_word' id='word_1_327' title='bbox 2553 4476 2693 4526; x_wconf 85' lang='lat' dir='ltr'><strong>esse,</strong></span> <span class='ocrx_word' id='word_1_328' title='bbox 2725 4459 2914 4515; x_wconf 81' lang='lat' dir='ltr'><strong>fratres</strong></span> <span class='ocrx_word' id='word_1_329' title='bbox 2942 4476 3046 4514; x_wconf 90' lang='lat' dir='ltr'><strong>non</strong></span> <span class='ocrx_word' id='word_1_330' title='bbox 3092 4461 3270 4518; x_wconf 91' lang='lat' dir='ltr'><strong>odisse</strong></span> <span class='ocrx_word' id='word_1_331' title='bbox 3290 4504 3305 4528; x_wconf 91' lang='lat'><strong>,</strong></span> <span class='ocrx_word' id='word_1_332' title='bbox 3337 4465 3609 4532; x_wconf 86' lang='lat' dir='ltr'><strong>proposito</strong></span> <span class='ocrx_word' id='word_1_333' title='bbox 3637 4482 3702 4522; x_wconf 87' lang='lat' dir='ltr'><strong>eo</strong></span> 
     </span>
    </p>
   </div>
   <div class='ocr_carea' id='block_1_47' title="bbox 2109 4551 3701 4624">
    <p class='ocr_par' dir='ltr' id='par_1_47' title="bbox 2109 4551 3701 4624">
     <span class='ocr_line' id='line_1_48' title="bbox 2109 4551 3701 4624; baseline 0.006 -21"><span class='ocrx_word' id='word_1_334' title='bbox 2109 4551 2249 4621; x_wconf 90' lang='lat' dir='ltr'><strong>quod</strong></span> <span class='ocrx_word' id='word_1_335' title='bbox 2281 4551 2446 4605; x_wconf 91' lang='lat' dir='ltr'><strong>multo</strong></span> <span class='ocrx_word' id='word_1_336' title='bbox 2474 4551 2646 4620; x_wconf 87' lang='lat' dir='ltr'><strong>majus</strong></span> <span class='ocrx_word' id='word_1_337' title='bbox 2672 4560 2785 4616; x_wconf 89' lang='lat' dir='ltr'><strong>est,</strong></span> <span class='ocrx_word' id='word_1_338' title='bbox 2817 4567 2938 4606; x_wconf 91' lang='lat' dir='ltr'><strong>eum</strong></span> <span class='ocrx_word' id='word_1_339' title='bbox 2965 4552 3188 4624; x_wconf 81' lang='lat' dir='ltr'><strong>diligere</strong></span> <span class='ocrx_word' id='word_1_340' title='bbox 3218 4562 3273 4609; x_wconf 91' lang='lat' dir='ltr'><strong>et</strong></span> <span class='ocrx_word' id='word_1_341' title='bbox 3303 4569 3485 4611; x_wconf 86' lang='lat' dir='ltr'><strong>amare</strong></span> <span class='ocrx_word' id='word_1_342' title='bbox 3509 4597 3522 4622; x_wconf 93' lang='lat'><strong>,</strong></span> <span class='ocrx_word' id='word_1_343' title='bbox 3553 4573 3620 4612; x_wconf 90' lang='lat' dir='ltr'><strong>ne</strong></span> <span class='ocrx_word' id='word_1_344' title='bbox 3649 4558 3701 4612; x_wconf 90' lang='lat' dir='ltr'><strong>id</strong></span> 
     </span>
    </p>
   </div>
   <div class='ocr_carea' id='block_1_48' title="bbox 2111 4648 3701 4719">
    <p class='ocr_par' dir='ltr' id='par_1_48' title="bbox 2111 4648 3701 4719">
     <span class='ocr_line' id='line_1_49' title="bbox 2111 4648 3701 4719; baseline 0.005 -20"><span class='ocrx_word' id='word_1_345' title='bbox 2111 4648 2327 4719; x_wconf 80' lang='lat' dir='ltr'><strong>quidem</strong></span> <span class='ocrx_word' id='word_1_346' title='bbox 2355 4649 2507 4702; x_wconf 91' lang='lat' dir='ltr'><strong>nobis</strong></span> <span class='ocrx_word' id='word_1_347' title='bbox 2535 4648 2779 4703; x_wconf 78' lang='lat' dir='ltr'><strong>sullicere</strong></span> <span class='ocrx_word' id='word_1_348' title='bbox 2810 4648 2904 4714; x_wconf 92' lang='lat' dir='ltr'><strong>ait,</strong></span> <span class='ocrx_word' id='word_1_349' title='bbox 2940 4658 2996 4703; x_wconf 91' lang='lat' dir='ltr'><strong>ut</strong></span> <span class='ocrx_word' id='word_1_350' title='bbox 3023 4648 3280 4704; x_wconf 89' lang='lat' dir='ltr'><strong>honorem</strong></span> <span class='ocrx_word' id='word_1_351' title='bbox 3314 4651 3479 4706; x_wconf 79' lang='lat' dir='ltr'><strong>ullum</strong></span> <span class='ocrx_word' id='word_1_352' title='bbox 3508 4667 3701 4706; x_wconf 85' lang='lat' dir='ltr'><strong>conse-</strong></span> 
     </span>
    </p>
   </div>
   <div class='ocr_carea' id='block_1_49' title="bbox 2109 4739 3701 4809">
    <p class='ocr_par' dir='ltr' id='par_1_49' title="bbox 2109 4739 3701 4809">
     <span class='ocr_line' id='line_1_50' title="bbox 2109 4739 3701 4809; baseline 0.001 -17"><span class='ocrx_word' id='word_1_353' title='bbox 2109 4755 2336 4809; x_wconf 84' lang='lat' dir='ltr'><strong>quamur</strong></span> <span class='ocrx_word' id='word_1_354' title='bbox 2361 4758 2374 4794; x_wconf 92' lang='lat'>:</span> <span class='ocrx_word' id='word_1_355' title='bbox 2397 4739 2519 4808; x_wconf 88' lang='lat' dir='ltr'><strong>quid</strong></span> <span class='ocrx_word' id='word_1_356' title='bbox 2548 4740 2715 4803; x_wconf 87' lang='lat' dir='ltr'><strong>enim,</strong></span> <span class='ocrx_word' id='word_1_357' title='bbox 2743 4739 2784 4793; x_wconf 91' lang='lat' dir='ltr'><strong>si</strong></span> <span class='ocrx_word' id='word_1_358' title='bbox 2807 4753 2866 4793; x_wconf 90' lang='lat' dir='ltr'><strong>ea</strong></span> <span class='ocrx_word' id='word_1_359' title='bbox 2895 4754 2951 4792; x_wconf 89' lang='lat' dir='ltr'><strong>re</strong></span> <span class='ocrx_word' id='word_1_360' title='bbox 2979 4740 3107 4792; x_wconf 87' lang='lat' dir='ltr'><strong>nihil</strong></span> <span class='ocrx_word' id='word_1_361' title='bbox 3131 4741 3326 4794; x_wconf 79' lang='lat' dir='ltr'><strong>exteris</strong></span> <span class='ocrx_word' id='word_1_362' title='bbox 3352 4740 3701 4808; x_wconf 74' lang='lat' dir='ltr'><strong>praestamus?</strong></span> 
     </span>
    </p>
   </div>
   <div class='ocr_carea' id='block_1_50' title="bbox 2112 4830 3700 4902">
    <p class='ocr_par' dir='ltr' id='par_1_50' title="bbox 2112 4830 3700 4902">
     <span class='ocr_line' id='line_1_51' title="bbox 2112 4830 3700 4902; baseline 0.001 -18"><span class='ocrx_word' id='word_1_363' title='bbox 2112 4830 2291 4899; x_wconf 90' lang='lat' dir='ltr'><strong>Itaque</strong></span> <span class='ocrx_word' id='word_1_364' title='bbox 2321 4831 2421 4883; x_wconf 88' lang='lat' dir='ltr'><strong>alia</strong></span> <span class='ocrx_word' id='word_1_365' title='bbox 2456 4830 2608 4884; x_wconf 86' lang='lat' dir='ltr'><strong>nobis</strong></span> <span class='ocrx_word' id='word_1_366' title='bbox 2636 4845 2770 4900; x_wconf 89' lang='lat' dir='ltr'><strong>opus</strong></span> <span class='ocrx_word' id='word_1_367' title='bbox 2798 4838 2880 4886; x_wconf 89' lang='lat' dir='ltr'><strong>est</strong></span> <span class='ocrx_word' id='word_1_368' title='bbox 2909 4831 3145 4884; x_wconf 89' lang='lat' dir='ltr'><strong>accessio</strong></span> <span class='ocrx_word' id='word_1_369' title='bbox 3175 4831 3343 4884; x_wconf 83' lang='lat' dir='ltr'><strong>multo</strong></span> <span class='ocrx_word' id='word_1_370' title='bbox 3383 4832 3481 4886; x_wconf 81' lang='lat' dir='ltr'><strong>hac</strong></span> <span class='ocrx_word' id='word_1_371' title='bbox 3509 4832 3700 4902; x_wconf 76' lang='lat' dir='ltr'><strong>major,</strong></span> 
     </span>
    </p>
   </div>
   <div class='ocr_carea' id='block_1_51' title="bbox 2111 4921 3700 4992">
    <p class='ocr_par' dir='ltr' id='par_1_51' title="bbox 2111 4921 3700 4992">
     <span class='ocr_line' id='line_1_52' title="bbox 2111 4921 3700 4992; baseline 0.001 -16"><span class='ocrx_word' id='word_1_372' title='bbox 2111 4923 2153 4976; x_wconf 92' lang='lat' dir='ltr'><strong>si</strong></span> <span class='ocrx_word' id='word_1_373' title='bbox 2185 4922 2398 4992; x_wconf 86' lang='lat' dir='ltr'><strong>quidem</strong></span> <span class='ocrx_word' id='word_1_374' title='bbox 2428 4922 2730 4976; x_wconf 89' lang='lat' dir='ltr'><strong>mercedem</strong></span> <span class='ocrx_word' id='word_1_375' title='bbox 2757 4921 3079 4992; x_wconf 83' lang='lat' dir='ltr'><strong>ﬂagitamus.</strong></span> <span class='ocrx_word' id='word_1_376' title='bbox 3103 4921 3282 4991; x_wconf 82' lang='lat' dir='ltr'><strong>Neque</strong></span> <span class='ocrx_word' id='word_1_377' title='bbox 3311 4923 3450 4976; x_wconf 88' lang='lat' dir='ltr'><strong>enim</strong></span> <span class='ocrx_word' id='word_1_378' title='bbox 3482 4924 3602 4992; x_wconf 88' lang='lat' dir='ltr'><strong>quia</strong></span> <span class='ocrx_word' id='word_1_379' title='bbox 3627 4934 3700 4990; x_wconf 89' lang='lat' dir='ltr'><strong>te,</strong></span> 
     </span>
    </p>
   </div>
   <div class='ocr_carea' id='block_1_52' title="bbox 2113 5013 3702 5084">
    <p class='ocr_par' dir='ltr' id='par_1_52' title="bbox 2113 5013 3702 5084">
     <span class='ocr_line' id='line_1_53' title="bbox 2113 5013 3702 5084; baseline 0.002 -17"><span class='ocrx_word' id='word_1_380' title='bbox 2113 5015 2302 5083; x_wconf 88' lang='lat' dir='ltr'><strong>inquit,</strong></span> <span class='ocrx_word' id='word_1_381' title='bbox 2331 5013 2590 5082; x_wconf 73' lang='lat' dir='ltr'><strong>gehennre</strong></span> <span class='ocrx_word' id='word_1_382' title='bbox 2621 5029 2723 5068; x_wconf 92' lang='lat' dir='ltr'><strong>non</strong></span> <span class='ocrx_word' id='word_1_383' title='bbox 2749 5015 2964 5077; x_wconf 91' lang='lat' dir='ltr'><strong>damno,</strong></span> <span class='ocrx_word' id='word_1_384' title='bbox 2997 5015 3084 5084; x_wconf 91' lang='lat' dir='ltr'><strong>qui</strong></span> <span class='ocrx_word' id='word_1_385' title='bbox 3114 5014 3410 5069; x_wconf 88' lang='lat' dir='ltr'><strong>maledictis</strong></span> <span class='ocrx_word' id='word_1_386' title='bbox 3430 5024 3589 5084; x_wconf 91' lang='lat' dir='ltr'><strong>atque</strong></span> <span class='ocrx_word' id='word_1_387' title='bbox 3621 5015 3702 5071; x_wconf 80' lang='lat' dir='ltr'><strong>ira</strong></span> 
     </span>
    </p>
   </div>
   <div class='ocr_carea' id='block_1_53' title="bbox 2113 5105 3703 5175">
    <p class='ocr_par' dir='ltr' id='par_1_53' title="bbox 2113 5105 3703 5175">
     <span class='ocr_line' id='line_1_54' title="bbox 2113 5105 3703 5175; baseline 0.001 -17"><span class='ocrx_word' id='word_1_388' title='bbox 2113 5106 2164 5160; x_wconf 92' lang='lat' dir='ltr'><strong>in</strong></span> <span class='ocrx_word' id='word_1_389' title='bbox 2201 5107 2416 5158; x_wconf 76' lang='lat' dir='ltr'><strong>fratrem</strong></span> <span class='ocrx_word' id='word_1_390' title='bbox 2447 5105 2716 5160; x_wconf 67' lang='lat' dir='ltr'><strong>abstineas</strong></span> <span class='ocrx_word' id='word_1_391' title='bbox 2737 5147 2750 5170; x_wconf 94' lang='lat'><strong>,</strong></span> <span class='ocrx_word' id='word_1_392' title='bbox 2793 5117 3071 5175; x_wconf 87' lang='lat' dir='ltr'><strong>propterea</strong></span> <span class='ocrx_word' id='word_1_393' title='bbox 3111 5115 3160 5161; x_wconf 90' lang='lat' dir='ltr'><strong>te</strong></span> <span class='ocrx_word' id='word_1_394' title='bbox 3191 5120 3385 5159; x_wconf 89' lang='lat' dir='ltr'><strong>corona</strong></span> <span class='ocrx_word' id='word_1_395' title='bbox 3430 5105 3590 5160; x_wconf 86' lang='lat' dir='ltr'><strong>etiam</strong></span> <span class='ocrx_word' id='word_1_396' title='bbox 3621 5106 3703 5160; x_wconf 81' lang='lat' dir='ltr'><strong>di-</strong></span> 
     </span>
    </p>
   </div>
   <div class='ocr_carea' id='block_1_54' title="bbox 2111 5196 3704 5270">
    <p class='ocr_par' dir='ltr' id='par_1_54' title="bbox 2111 5196 3704 5270">
     <span class='ocr_line' id='line_1_55' title="bbox 2111 5196 3704 5270; baseline 0 -18"><span class='ocrx_word' id='word_1_397' title='bbox 2111 5216 2271 5270; x_wconf 80' lang='lat' dir='ltr'><strong>gnum</strong></span> <span class='ocrx_word' id='word_1_398' title='bbox 2301 5200 2566 5254; x_wconf 82' lang='lat' dir='ltr'><strong>existima.</strong></span> <span class='ocrx_word' id='word_1_399' title='bbox 2595 5198 2708 5252; x_wconf 89' lang='lat' dir='ltr'><strong>Non</strong></span> <span class='ocrx_word' id='word_1_400' title='bbox 2748 5199 2890 5252; x_wconf 90' lang='lat' dir='ltr'><strong>enim</strong></span> <span class='ocrx_word' id='word_1_401' title='bbox 2937 5197 3201 5252; x_wconf 85' lang='lat' dir='ltr'><strong>tantillum</strong></span> <span class='ocrx_word' id='word_1_402' title='bbox 3244 5196 3585 5252; x_wconf 80' lang='lat' dir='ltr'><strong>humanitatis</strong></span> <span class='ocrx_word' id='word_1_403' title='bbox 3615 5213 3704 5253; x_wconf 61' lang='lat' dir='ltr'><strong>so.</strong></span> 
     </span>
    </p>
   </div>
   <div class='ocr_carea' id='block_1_55' title="bbox 2112 5283 3704 5354">
    <p class='ocr_par' dir='ltr' id='par_1_55' title="bbox 2112 5283 3704 5354">
     <span class='ocr_line' id='line_1_56' title="bbox 2112 5283 3704 5354; baseline -0.001 -10"><span class='ocrx_word' id='word_1_404' title='bbox 2112 5290 2219 5344; x_wconf 92' lang='lat' dir='ltr'><strong>lum</strong></span> <span class='ocrx_word' id='word_1_405' title='bbox 2249 5290 2530 5354; x_wconf 87' lang='lat' dir='ltr'><strong>desidero;</strong></span> <span class='ocrx_word' id='word_1_406' title='bbox 2568 5289 2663 5344; x_wconf 91' lang='lat' dir='ltr'><strong>sed</strong></span> <span class='ocrx_word' id='word_1_407' title='bbox 2707 5283 2915 5343; x_wconf 88' lang='lat' dir='ltr'><strong>etiamsi</strong></span> <span class='ocrx_word' id='word_1_408' title='bbox 2958 5302 3058 5342; x_wconf 90' lang='lat' dir='ltr'><strong>nec</strong></span> <span class='ocrx_word' id='word_1_409' title='bbox 3099 5285 3398 5341; x_wconf 89' lang='lat' dir='ltr'><strong>convicium</strong></span> <span class='ocrx_word' id='word_1_410' title='bbox 3428 5285 3623 5353; x_wconf 80' lang='lat' dir='ltr'><strong>facias,</strong></span> <span class='ocrx_word' id='word_1_411' title='bbox 3647 5296 3704 5342; x_wconf 79' lang='lat' dir='ltr'><strong>et</strong></span> 
     </span>
    </p>
   </div>
   <div class='ocr_carea' id='block_1_56' title="bbox 2113 5378 3703 5445">
    <p class='ocr_par' dir='ltr' id='par_1_56' title="bbox 2113 5378 3703 5445">
     <span class='ocr_line' id='line_1_57' title="bbox 2113 5378 3703 5445; baseline 0.001 -8"><span class='ocrx_word' id='word_1_412' title='bbox 2113 5398 2234 5437; x_wconf 89' lang='lat' dir='ltr'><strong>eum</strong></span> <span class='ocrx_word' id='word_1_413' title='bbox 2284 5397 2465 5438; x_wconf 89' lang='lat' dir='ltr'><strong>amare</strong></span> <span class='ocrx_word' id='word_1_414' title='bbox 2511 5383 2670 5438; x_wconf 88' lang='lat' dir='ltr'><strong>etiam</strong></span> <span class='ocrx_word' id='word_1_415' title='bbox 2721 5382 2902 5445; x_wconf 88' lang='lat' dir='ltr'><strong>dicas,</strong></span> <span class='ocrx_word' id='word_1_416' title='bbox 2951 5380 3127 5434; x_wconf 89' lang='lat' dir='ltr'><strong>adhuc</strong></span> <span class='ocrx_word' id='word_1_417' title='bbox 3172 5378 3310 5434; x_wconf 81' lang='lat' dir='ltr'><strong>inira</strong></span> <span class='ocrx_word' id='word_1_418' title='bbox 3349 5378 3542 5445; x_wconf 65' lang='lat' dir='ltr'><strong>haeres,</strong></span> <span class='ocrx_word' id='word_1_419' title='bbox 3571 5391 3625 5436; x_wconf 91' lang='lat' dir='ltr'><strong>et</strong></span> <span class='ocrx_word' id='word_1_420' title='bbox 3651 5396 3703 5438; x_wconf 82' lang='lat' dir='ltr'><strong>te</strong></span> 
     </span>
    </p>
   </div>
   <div class='ocr_carea' id='block_1_57' title="bbox 2112 5465 3703 5546">
    <p class='ocr_par' dir='ltr' id='par_1_57' title="bbox 2112 5465 3703 5546">
     <span class='ocr_line' id='line_1_58' title="bbox 2112 5465 3703 5546; baseline -0.003 -17"><span class='ocrx_word' id='word_1_421' title='bbox 2112 5465 2250 5546; x_wconf 73' lang='lat' dir='ltr'><strong>ap&#39;ud</strong></span> <span class='ocrx_word' id='word_1_422' title='bbox 2282 5475 2590 5546; x_wconf 89' lang='lat' dir='ltr'><strong>publicanos</strong></span> <span class='ocrx_word' id='word_1_423' title='bbox 2620 5475 2873 5530; x_wconf 87' lang='lat' dir='ltr'><strong>collocas.</strong></span> <span class='ocrx_word' id='word_1_424' title='bbox 2903 5472 3054 5538; x_wconf 86' lang='lat' dir='ltr'><strong>Quod</strong></span> <span class='ocrx_word' id='word_1_425' title='bbox 3098 5472 3142 5526; x_wconf 92' lang='lat' dir='ltr'><strong>si</strong></span> <span class='ocrx_word' id='word_1_426' title='bbox 3188 5472 3454 5543; x_wconf 80' lang='lat' dir='ltr'><strong>perlectus</strong></span> <span class='ocrx_word' id='word_1_427' title='bbox 3483 5489 3545 5528; x_wconf 86' lang='lat' dir='ltr'><strong>ac</strong></span> <span class='ocrx_word' id='word_1_428' title='bbox 3569 5475 3703 5528; x_wconf 77' lang='lat' dir='ltr'><strong>caelo</strong></span> 
     </span>
    </p>
   </div>
   <div class='ocr_carea' id='block_1_58' title="bbox 2111 5564 3702 5636">
    <p class='ocr_par' dir='ltr' id='par_1_58' title="bbox 2111 5564 3702 5636">
     <span class='ocr_line' id='line_1_59' title="bbox 2111 5564 3702 5636; baseline 0.001 -16"><span class='ocrx_word' id='word_1_429' title='bbox 2111 5564 2303 5636; x_wconf 76' lang='lat' dir='ltr'><strong>dignus</strong></span> <span class='ocrx_word' id='word_1_430' title='bbox 2331 5582 2451 5622; x_wconf 89' lang='lat' dir='ltr'><strong>esse</strong></span> <span class='ocrx_word' id='word_1_431' title='bbox 2476 5567 2590 5634; x_wconf 88' lang='lat' dir='ltr'><strong>vis,</strong></span> <span class='ocrx_word' id='word_1_432' title='bbox 2620 5567 2739 5620; x_wconf 88' lang='lat' dir='ltr'><strong>istic</strong></span> <span class='ocrx_word' id='word_1_433' title='bbox 2781 5564 2940 5619; x_wconf 80' lang='lat' dir='ltr'><strong>modo</strong></span> <span class='ocrx_word' id='word_1_434' title='bbox 2985 5580 3053 5618; x_wconf 90' lang='lat' dir='ltr'><strong>nc</strong></span> <span class='ocrx_word' id='word_1_435' title='bbox 3099 5565 3365 5626; x_wconf 85' lang='lat' dir='ltr'><strong>consiste.</strong></span> <span class='ocrx_word' id='word_1_436' title='bbox 3407 5564 3500 5620; x_wconf 83' lang='lat' dir='ltr'><strong>sed</strong></span> <span class='ocrx_word' id='word_1_437' title='bbox 3545 5564 3702 5621; x_wconf 62' lang='lat' dir='ltr'><strong>altius</strong></span> 
     </span>
    </p>
   </div>
   <div class='ocr_carea' id='block_1_59' title="bbox 2111 5655 3699 5730">
    <p class='ocr_par' dir='ltr' id='par_1_59' title="bbox 2111 5655 3699 5730">
     <span class='ocr_line' id='line_1_60' title="bbox 2111 5655 3699 5730; baseline -0.003 -17"><span class='ocrx_word' id='word_1_438' title='bbox 2111 5658 2430 5729; x_wconf 83' lang='lat' dir='ltr'><strong>conscende,</strong></span> <span class='ocrx_word' id='word_1_439' title='bbox 2464 5669 2516 5715; x_wconf 89' lang='lat' dir='ltr'><strong>et</strong></span> <span class='ocrx_word' id='word_1_440' title='bbox 2546 5668 2732 5714; x_wconf 87' lang='lat' dir='ltr'><strong>natura</strong></span> <span class='ocrx_word' id='word_1_441' title='bbox 2763 5655 2875 5730; x_wconf 86' lang='lat' dir='ltr'><strong>ipsa</strong></span> <span class='ocrx_word' id='word_1_442' title='bbox 2928 5655 3292 5714; x_wconf 85' lang='lat' dir='ltr'><strong>sublimiorem</strong></span> <span class='ocrx_word' id='word_1_443' title='bbox 3324 5656 3699 5728; x_wconf 68' lang='lat' dir='ltr'><strong>cogitationem</strong></span> 
     </span>
    </p>
   </div>
  </div>
