4016 6154
341 233 448 290 555

349 367 559 423 suscipe
589 372 604 406 :
635 352 685 406 id
716 358 891 405 autem
921 356 1004 405 est
1044 348 1290 403 inimicos
1336 347 1577 416 diligere.
1607 345 1738 399 Cum
1782 345 1938 413 igitur

353 446 584 514 undique
612 444 714 497 hoc
737 441 893 497 nobis
922 449 1130 494 constet
1148 480 1163 504 ,
1190 438 1452 494 desistant
1479 437 1711 492 hmretici
1744 436 1940 494 frustra

302 514 325 523 ἱ
352 552 410 593 se
435 535 707 605 alﬂigere;
735 532 931 588 nullam
971 546 1113 586 erum
1160 527 1464 584 mercedem
1505 528 1763 596 accipient
1794 542 1807 578 :
1833 539 1939 577 non

351 628 471 698 quia
499 628 565 682 sit
597 625 825 696 injustas
854 623 1127 680 Dominus.
1157 620 1432 689 apagesis;
1462 616 1555 672 sed
1584 616 1727 687 quod
1769 616 1939 682 impe-

350 721 433 775 riti
479 718 580 789 ipsi
615 726 669 771 et
724 714 967 785 improbi.
1014 712 1152 780 Quid
1194 713 1265 765 ita
1290 710 1342 764 '?
1387 710 1818 765 Demonstratum
1858 714 1940 759 est

349 812 487 882 iuga:
533 820 736 866 tantum
779 825 809 864 a
855 808 997 862 vitiis
1038 807 1239 860 nullum
1286 804 1616 874 propositum
1654 816 1773 857 esse
1797 817 1938 873 pne-

348 907 513 959 mium
546 921 557 958 :
590 904 689 974 ipsi
717 912 893 957 autem
933 899 1076 971 quod
1120 897 1517 953 matrimonium
1558 895 1808 950 vitiosum
1834 894 1939 950 du-

347 1005 551 1062 cerent,
574 1011 640 1051 eo
660 996 1056 1051 abstinuerunt.
1080 990 1196 1060 Quo
1220 1000 1374 1060 pacto
1401 989 1559 1056 igitur
1586 988 1654 1043 ob
1686 988 1935 1041 vitiorum

344 1088 520 1159 fugam
554 1085 855 1142 mercedem
884 1083 1144 1154 poscent?
1172 1081 1307 1137 Nam
1335 1091 1391 1135 ut
1423 1095 1522 1135 nos
1543 1081 1630 1150 qui
1656 1093 1760 1133 non
1789 1077 1939 1131 adul-

347 1194 583 1237 teremus
612 1180 757 1252 digni
788 1195 894 1233 non
925 1177 1127 1233 erimus
1160 1176 1248 1246 qui
1280 1190 1622 1241 coronemur,
1655 1174 1731 1228 sic
1766 1188 1938 1243 neque

344 1274 421 1328 illi
444 1275 537 1343 qui
567 1286 787 1329 uxorem
816 1285 926 1325 non
956 1269 1178 1325 ducant.
1214 1267 1288 1321 Ita
1330 1267 1473 1327 enim
1500 1282 1594 1321 eos
1621 1266 1708 1320 illa
1738 1264 1826 1320 die
1852 1264 1936 1321 al-

345 1368 612 1439 loquetur,
641 1366 730 1435 qui
761 1365 815 1419 in
854 1378 955 1418 nos
995 1362 1316 1417 sententiam
1346 1360 1602 1447 'dicturus
1650 1367 1733 1414 est
1768 1376 1781 1411 :
1816 1356 1933 1413 Non

344 1459 591 1529 equidem
623 1455 687 1511 iis
717 1454 954 1511 honores
992 1453 1279 1520 constitui,
1318 1452 1407 1522 qui
1445 1468 1476 1507 a
1506 1451 1648 1506 vitiis
1673 1450 1847 1506 solum
1876 1462 1937 1504 se

342 1553 689 1606 contineant:
718 1564 837 1603 nam
884 1548 936 1603 id
979 1546 1119 1618 apud
1166 1560 1253 1601 me
1290 1546 1538 1616 exiguum
1570 1554 1683 1609 est;
1713 1542 1807 1597 sed
1845 1543 1938 1613 qui

345 1645 594 1697 virtutem
642 1656 855 1697 onmem
900 1639 1206 1711 persequuti
1250 1638 1389 1702 sint,
1433 1652 1526 1692 eos
1564 1652 1615 1690 m
1649 1650 1935 1705 perennem

345 1734 598 1787 cmlorum
626 1731 994 1786 lnereditatem
1026 1728 1326 1784 introduco.
1351 1726 1630 1796 Quomodo
1661 1726 1820 1797 igitur
1847 1725 1936 1794 qui

346 1823 745 1878 matrimonium
774 1821 975 1879 foedum
1004 1835 1066 1875 ac
1096 1819 1411 1890 ﬂagitiosum
1435 1817 1702 1883 credatis,
1744 1814 1813 1870 ob
1843 1816 1939 1871 lla.-

345 1918 597 1988 gitiorum
626 1916 822 1985 fugam,
852 1914 1069 1985 praemia
1097 1913 1161 1966 iis
1193 1912 1460 1982 proposita
1485 1952 1501 1978 ,
1531 1910 1621 1980 qui
1652 1907 1936 1979 prteclaras

344 2022 428 2062 res
456 2006 739 2076 gesserint,
764 2002 1079 2073 postulatis?
1101 2001 1181 2057 0b
1204 2001 1257 2057 id
1284 2001 1426 2056 enim
1453 2009 1508 2055 et
1532 2013 1698 2071 agnos
1717 1996 1937 2054 dextros

340 2098 569 2154 Collncal
594 2095 613 2168 (
638 2095 823 2150 Matth.
845 2094 937 2150 25.
963 2095 1033 2149 '53
1052 2091 1095 2163 ),
1139 2100 1194 2147 et
1220 2090 1526 2156 collaudat,
1555 2097 1611 2143 et
1635 2090 1687 2143 in
1715 2100 1934 2158 regnum

341 2189 607 2255 admittit,
639 2203 744 2243 non
790 2185 934 2258 quod
977 2185 1152 2240 aliena
1195 2200 1300 2238 non
1341 2181 1635 2253 rapuerint,
1667 2179 1761 2235 sed
1794 2177 1934 2249 quod

342 2282 502 2337 etiam
533 2293 627 2333 sua
666 2278 784 2332 aliis
827 2274 1079 2345 impertiti
1126 2274 1234 2328 sint
1265 2290 1281 2327 :
1307 2281 1363 2328 et
1404 2287 1527 2327 eum
1568 2270 1655 2326 cui
1703 2269 1939 2339 quinque

344 2374 542 2427 talenta
572 2369 887 2426 credidisset
911 2366 1272 2432 commendat,
1303 2380 1409 2427 non
1439 2362 1585 2434 quod
1614 2375 1720 2418 non
1750 2362 1931 2419 immi-

348 2464 553 2520 nuisset
572 2503 588 2529 ,
621 2460 714 2515 sed
754 2458 893 2530 quod
923 2458 1185 2513 creditum
1215 2456 1488 2521 auxisset,
1518 2470 1581 2509 ac
1611 2453 1936 2523 duplicatum

342 2554 642 2625 depositura
684 2551 951 2607 redderet.
991 2548 1279 2618 Quousque
1310 2546 1470 2615 igitur
1515 2558 1621 2599 non
1668 2542 1938 2599 desistetis

344 2648 539 2703 frustra
568 2660 787 2700 currere
806 2685 820 2711 ,
852 2642 1205 2713 nequicquam
1235 2640 1478 2695 laborare
1499 2678 1514 2705 ,
1558 2647 1761 2693 temere
1786 2637 1936 2707 pugi-

344 2740 456 2792 latu
480 2745 710 2799 certare,
737 2749 917 2790 aerem
945 2733 1234 2787 verberare
1262 2729 1521 2801 (Philipp.
1544 2728 1599 2782 2.
1630 2729 1724 2795 16;
1756 2729 1780 2782 1
1818 2728 1935 2782 Cor.

343 2829 397 2884 9.
420 2827 552 2898 26)?
573 2828 748 2897 Atque
774 2825 977 2880 utinam
1005 2822 1203 2878 frustra
1233 2820 1392 2877 modo
1416 2840 1429 2875 :
1454 2823 1554 2877 etsi
1581 2837 1688 2878 non
1721 2820 1924 2876 rnedio-

343 2920 450 2974 cris
492 2918 673 2988 utique
712 2930 868 2986 pinna
912 2923 1029 2982 est,
1075 2914 1164 2985 qui
1193 2913 1430 2985 graviter
1473 2912 1854 2978 laboraverint,
1882 2922 1937 2969 et

348 3009 624 3080 prmmium
665 3015 884 3078 sperent
928 3004 1199 3060 laboribus
1245 3004 1447 3073 majus,
1483 3018 1643 3075 quem
1669 3003 1809 3059 diem
1836 3003 1937 3059 sibi

346 3102 635 3172 gloriosum
668 3099 783 3156 fore
806 3099 1020 3165 ducant,
1051 3112 1117 3153 eo
1147 3098 1286 3152 inter
1312 3097 1571 3168 inglorios
1599 3096 1804 3153 haberi.

419 3193 484 3249 ll.
536 3191 815 3248 Haereticos
855 3190 1153 3263 virginitatis
1195 3190 1346 3244 etiam
1380 3205 1553 3260 poenas
1599 3190 1835 3260 pendens.
1867 3219 1937 3229 —

350 3285 501 3341 Nune
526 3299 632 3340 non
658 3284 709 3339 id
736 3283 908 3339 solum
934 3282 1129 3336 malum
1160 3289 1268 3344 est,
1298 3295 1470 3350 neque
1506 3281 1551 3334 is
1578 3280 1694 3350 ejus
1715 3281 1939 3351 jactura:

350 3376 578 3442 modus,
627 3386 687 3431 ut
726 3373 957 3429 fructum
997 3360 1202 3426 nullum
1247 3369 1478 3433 faciant,
1523 3369 1617 3424 sed
1672 3370 1940 3441 excipient

346 3469 447 3522 alia
477 3467 644 3522 muito
666 3464 730 3519 iis
748 3463 1014 3534 graviora,
1045 3462 1182 3531 ignis
1210 3460 1580 3526 inexstinctus,
1606 3461 1805 3514 vermis
1834 3461 1937 3514 im-

352 3558 611 3622 mortalis,
666 3555 903 3610 teuebrte
952 3552 1286 3619 exteriores,
1326 3567 1598 3617 aerumna;
1645 3550 1935 3606 amictatio.

350 3652 531 3720 itaque
578 3655 792 3703 centum
838 3643 996 3700 nobis
1042 3643 1233 3715 linguis
1273 3650 1330 3699 et
1370 3643 1606 3713 angelica
1631 3643 1858 3713 quadam
1888 3643 1939 3698 vi

348 3756 484 3811 opus
510 3740 618 3805 sit,
650 3747 709 3792 ut
750 3736 863 3792 Deo
891 3751 989 3806 pro
1030 3734 1146 3804 ejus
1183 3734 1236 3789 in
1277 3746 1375 3789 nos
1403 3748 1531 3788 cura
1563 3733 1753 3803 dignas
1781 3748 1940 3803 agere

348 3833 545 3904 gratias
573 3831 865 3901 possimus;
907 3843 971 3883 ae
999 3842 1068 3883 ne
1111 3827 1190 3882 sic
1232 3818 1445 3897 quoque
1486 3828 1756 3896 possimus
1788 3843 1801 3879 :
1833 3842 1940 3897 quo

350 3935 506 3996 pacto
532 3922 717 3980 enim?
757 3919 1088 3991 Virginitatis
1122 3917 1275 3974 labor
1312 3927 1365 3973 et
1397 3918 1551 3974 nobis
1578 3927 1636 3973 et
1674 3917 1941 3973 hrercticis

351 4033 447 4089 par
473 4023 588 4082 est;
614 4025 773 4085 atque
798 4012 903 4069 illis
930 4012 1155 4067 fortasse
1178 4010 1345 4065 multo
1365 4011 1528 4066 etiam
1551 4009 1723 4079 major
1751 4026 1765 4064 :
1793 4009 1941 4065 labo-

350 4126 468 4167 rum
497 4109 699 4165 fruetus
725 4108 896 4177 impar
923 4104 1017 4160 sed
1043 4103 1164 4159 illos
1192 4111 1248 4160 et
1274 4103 1502 4171 vincula,
1535 4113 1590 4159 et
1619 4104 1866 4175 lacrymze
1887 4112 1943 4158 ct

351 4202 589 4273 ploratus
619 4208 676 4257 et
705 4197 1032 4254 immortales
1061 4204 1277 4250 manent
1304 4195 1606 4261 cruciatus;
1649 4210 1747 4249 nos
1775 4209 1939 4266 ange-

354 4306 524 4350 torum
555 4303 749 4358 sortes,
786 4287 1079 4359 Splendida:
1110 4287 1374 4351 lucernae,
1408 4296 1464 4341 et
1504 4285 1646 4357 quod
1677 4286 1939 4342 bonorum

344 4385 588 4443 omnium
628 4391 785 4452 caput
813 4390 933 4447 cst,
970 4380 1152 4451 sponsi
1177 4376 1527 4434 consuetudo.
1555 4377 1660 4435 Sed
1681 4378 1940 4448 quamob-

352 4493 465 4534 rem
511 4473 822 4531 eorumdem
873 4473 1114 4528 laborum
1179 4471 1443 4527 contraria
1495 4473 1716 4542 prtemia
1782 4471 1942 4527 sunt?

351 4567 504 4638 Quod
534 4568 608 4622 illi
635 4565 925 4621 sanciendo
963 4564 1131 4634 legem
1159 4562 1350 4618 divinae
1384 4562 1745 4617 adversariam
1774 4563 1939 4632 virgi-

354 4663 574 4720 nitatem
600 4672 723 4717 sunt
751 4658 979 4730 amplexi
1015 4674 1029 4710 :
1073 4671 1171 4711 nos
1206 4663 1264 4709 ut
1292 4654 1410 4725 ejus
1434 4654 1758 4710 voluntatem
1788 4669 1943 4710 exse-

352 4754 597 4828 quamur,
628 4752 953 4808 id'facimus.
985 4751 1149 4805 Deum
1186 4763 1413 4817 namque
1450 4746 1587 4802 velle
1626 4761 1813 4804 onmes
1841 4746 1940 4802 ho-

353 4850 525 4905 mines
543 4863 572 4902 a
597 4845 844 4916 conjugio
868 4842 1158 4905 abstinere,
1181 4840 1224 4893 is
1248 4838 1398 4893 testis
1424 4846 1526 4904 est,
1553 4841 1640 4910 qni
1670 4840 1939 4895 Christum

355 4944 409 4998 in
439 4957 497 4997 se
526 4940 830 5010 loquentem
861 4935 1020 4991 habet
1047 4949 1062 4986 :
1100 4932 1228 4987 Volo
1246 4932 1411 4996 enim,
1442 4931 1629 5002 inquit,
1654 4949 1823 4987 omnes
1843 4934 1939 4987 ho-

352 5035 510 5089 mines
533 5033 605 5087 sic
629 5045 738 5085 esse
756 5070 772 5097 ,
803 5037 858 5081 ut
886 5043 976 5098 ego
1001 5042 1145 5092 sum,
1165 5024 1501 5080 continentes
1527 5024 1606 5091 (Ι.
1633 5022 1752 5079 Cor.
1776 5023 1831 5078 7.
1861 5024 1938 5096 7).

352 5125 460 5177 Sed
491 5122 736 5177 salvator
764 5121 925 5176 nobis
952 5135 1204 5191 parcens,
1237 5128 1291 5199 et
1323 5119 1573 5190 spiritum
1601 5128 1936 5191 promptum,

353 5229 571 5269 carnem
603 5212 875 5268 infirmam
910 5228 1033 5268 esse
1061 5212 1242 5268 sciens
1262 5210 1592 5295 .(Matth.26.
1615 5212 1728 5285 41),
1760 5211 1815 5266 id
1837 5210 1942 5266 sub

352 5296 604 5370 przeeepti
643 5296 1013 5350 necessitatem
1038 5309 1144 5349 non
1175 5295 1467 5361 conclusit,
1496 5297 1589 5351 sed
1615 5297 1732 5367 ejus
1761 5298 1938 5367 optio-

351 5407 474 5447 nem
497 5387 690 5443 animis
718 5385 915 5442 nostris
939 5385 1198 5456 permisit.
1219 5383 1354 5440 Nam
1380 5386 1424 5440 si
1456 5382 1823 5458 praescriptum
1849 5403 1942 5446 cs-

350 5492 432 5539 set
458 5489 618 5551 atque
641 5479 725 5536 lex
743 5521 759 5547 ,
783 5479 873 5549 qui
904 5477 958 5533 id
990 5476 1357 5548 perfecissent,
1388 5476 1645 5535 honorem
1670 5496 1777 5537 non
1808 5469 1941 5538 coit-

349 5581 723 5644 scquerentur,
748 5571 845 5629 sed
884 5570 1018 5628 illud
1044 5571 1319 5639 audirent,
1350 5572 1575 5633 Fecistis
1598 5576 1739 5647 quod
1766 5575 1941 5635 facere

412 5690 438 5724 ⁸
470 5692 642 5751 Vocet»,
664 5685 788 5753 Quid
810 5686 879 5741 ita
899 5684 925 5740 .’
944 5689 995 5740 in
1015 5695 1129 5754 Reg.
1150 5687 1348 5741 desunt.

1054 228 1111 286 S.
1153 226 1432 286 JOANNIS
1459 224 1937 284 CHRYSOSTOMI
1980 224 2307 288 ARCHIEP.
2349 231 2890 294 CONSTANTINOP.

3530 246 3630 303 536

2056 349 2313 407 debuistis
2353 352 2370 415 (
2392 352 2517 408 Lac.
2553 355 2641 424 i7,
2693 354 2797 430 10)
2839 372 2852 409 :
2907 342 3079 429 neque
3111 360 3176 415 iis
3199 361 3285 430 qui
3328 377 3431 414 non
3458 373 3637 418 essent

2051 446 2318 513 assequuti
2357 445 2743 516 ignosceretur,
2775 448 2868 503 sed
2909 451 3154 520 exlegum
3196 466 3381 521 pmnas
3410 453 3633 506 luerent.

2049 535 2200 591 Nunc
2246 552 2366 591 eum
2399 540 2609 606 dixerit,
2645 541 2744 609 Qui
2791 553 2951 612 potest
2979 560 3173 615 capere,
3207 540 3375 617 cipiat
3423 548 3633 619 (Matth.

2051 628 2137 684 19.
2171 629 2308 701 19.),
2347 630 2438 701 qui
2495 646 2599 687 non
2629 644 2848 703 possent
2875 635 3012 691 hami
3048 636 3318 693 damnavit
3349 656 3360 690 :
3394 644 3483 708 qui
3515 654 3631 709 pos-

2049 729 2188 786 sent,
2215 723 2277 775 iis
2302 737 2463 792 grave
2491 734 2650 794 atque
2679 725 2864 795 ingens
2889 737 3163 783 certamen
3210 732 3502 798 proposuit.
3534 730 3623 782 Ita-

2046 828 2149 881 que
2171 822 2224 868 et
2244 813 2459 878 Paulus,
2499 815 2733 886 Magistri
2758 818 2993 886 vchgiis
3024 818 3295 883 insi~tens,
3328 819 3402 875 De
3425 822 3635 890 virgini-

2048 903 2137 955 bats
2163 904 2180 933 ί
2206 944 2220 967 ,
2256 903 2455 974 inquit,
2491 916 2799 975 pra'ceptttm
2816 906 3021 963 Domini
3040 926 3141 965 non
3169 911 3349 979 habeo,
3370 913 3637 967 consilium

2048 1005 2216 1049 autem
2236 996 2301 1051 do
2332 995 2407 1067 (1.
2431 996 2547 1051 Cor.
2581 999 2633 1053 7.
2661 998 2774 1070 ΞΒ).

2116 1084 2203 1140 ΠΙ.
2245 1085 2559 1142 Matrimonii
2598 1089 2976 1145 detestationem
3016 1093 3259 1148 satanica:
3308 1094 3638 1148 immanitatis

2045 1193 2172 1233 esse.
2203 1208 2273 1219 —
2302 1180 2371 1233 At
2396 1194 2525 1234 Vero
2556 1196 2728 1250 neque
2766 1181 3037 1249 Marcion,
3070 1200 3240 1255 neque
3288 1185 3595 1241 Valentinus
3615 1229 3632 1251 ,

2047 1284 2219 1340 neque
2255 1270 2435 1325 Manes
2463 1286 2582 1329 eam
2630 1272 3050 1338 moderationem
3092 1285 3377 1335 tenuerunt
3417 1295 3430 1331 :
3465 1293 3633 1348 imque

2043 1361 2187 1416 enim
2231 1361 2513 1437 Christum
2535 1364 2586 1418 in
2629 1378 2689 1420 se
2727 1365 3030 1435 loquentem
3072 1364 3372 1431 habebant,
3409 1369 3635 1439 quieri-

2044 1453 2144 1510 bus
2174 1456 2288 1511 Suis
2328 1456 2530 1524 parcit,
2571 1464 2623 1511 et
2654 1472 2748 1526 pro
2775 1456 2840 1511 iis
2879 1457 3039 1512 vitam
3072 1458 3365 1526 impendit.
3397 1459 3490 1513 sed
3532 1457 3635 1511 hir-

2050 1541 2305 1595 micidam
2336 1541 2793 1605 illum,mendacii
2819 1551 3098 1611 parentem
3125 1540 3308 1613 (Joan.
3343 1541 3430 1597 10.
3463 1543 3551 1608 ii;
3575 1545 3630 1597 8..

2051 1632 2164 1703 44).
2185 1634 2366 1703 Itaque
2393 1634 2485 1702 qui
2516 1650 2574 1688 se
2606 1634 2877 1700 audirent,
2912 1649 3102 1688 omnes
3130 1633 3506 1702 perdiderunt,
3534 1649 3634 1688 eos

2053 1726 2141 1781 hic
2169 1726 2453 1781 inutilibus
2480 1736 2641 1794 atque
2670 1727 3027 1783 intolerandis
3061 1727 3346 1782 laboribus
3378 1742 3630 1796 premen-

2052 1824 2152 1880 tes,
2182 1816 2294 1871 illic
2315 1816 2368 1870 in
2388 1824 2634 1886 paratum
2654 1816 2759 1870 sibi
2782 1816 2959 1885 ignem
2988 1832 3095 1871 una
3118 1832 3302 1873 secum
3331 1817 3626 1870 trahentes.

2113 1909 2203 1964 IV.
2260 1907 2536 1964 ereticos
2587 1909 2805 1979 virgines
2862 1910 3013 1963 etiam
3059 1910 3285 1981 gentibus
3352 1910 3637 1965 miseriores

2041 2017 2166 2055 esse.
2191 2030 2265 2042 —
2283 1998 2327 2056 Ο
2357 2015 2453 2055 vos
2481 2000 2638 2055 etiam
2668 1999 2916 2070 gentibus
2938 2000 3274 2056 miseriores!
3301 2017 3420 2055 nam
3445 2010 3637 2071 gentes

2041 2090 2254 2161 quidem
2284 2089 2388 2144 etsi
2406 2089 2665 2160 gebenna:
2690 2090 2946 2161 supplicia
2974 2099 3310 2160 exspectant,
3338 2100 3392 2146 at
3414 2092 3498 2147 hic
3519 2091 3630 2147 sal-

2043 2190 2148 2236 tem
2179 2180 2497 2251 voluptatem
2526 2181 2722 2250 nuptiis
2749 2179 3148 2251 frequentandis
3169 2224 3184 2247 ,
3219 2183 3438 2261 pecunia
3466 2192 3629 2237 carto-

2042 2271 2223 2340 risque
2245 2271 2365 2326 vitm
2390 2272 2740 2331 suavitatibus
2766 2273 3076 2339 tractandis,
3102 2274 3318 2344 capiunt
3349 2293 3363 2329 :
3396 2291 3490 2330 vos
3518 2285 3631 2329 tor-

2042 2372 2222 2419 menta
2263 2372 2319 2419 et
2362 2378 2628 2419 mrumnas
2673 2364 2972 2433 utrobique,
3003 2375 3057 2418 et
3087 2364 3173 2419 hic
3200 2374 3410 2435 sponte,
3442 2375 3493 2421 et
3527 2366 3636 2420 illic

2042 2455 2191 2511 inviti
2238 2455 2530 2510 sustinetis.
2562 2454 2668 2510 illis
2720 2471 2818 2527 pro
2840 2455 3046 2527 jejunio
3093 2465 3147 2511 et
3189 2457 3489 2527 virginitate
3534 2472 3633 2513 nec

2042 2545 2345 2601 mercedem
2369 2546 2561 2601 tribuat
2581 2547 2885 2617 quisquam,
2917 2562 3017 2603 nec
3042 2547 3362 2618 supplicium
3390 2549 3588 2619 irroget
3611 2567 3625 2603 :

2044 2652 2138 2693 vos
2159 2653 2384 2709 quorum
2423 2640 2639 2695 nomine
2667 2640 2954 2695 immensas
2980 2640 3162 2696 laudes
3195 2642 3441 2712 speratis,
3469 2642 3538 2697 ob
3565 2656 3631 2696 ea

2042 2740 2309 2785 extremas
2340 2745 2525 2799 poenas
2554 2731 2734 2796 luetis,
2779 2741 2835 2786 et
2862 2746 2983 2786 cum
3012 2732 3129 2787 aliis
3159 2731 3417 2800 audietis,
3452 2732 3600 2787 Disce
3628 2764 3629 2767 η

2042 2821 2147 2874 dite
2173 2836 2204 2873 a
2228 2837 2308 2873 me
2324 2821 2378 2874 in
2397 2820 2563 2891 ignem
2591 2830 2847 2886 (uernum,
2882 2832 3119 2892 paratam
3138 2823 3340 2877 diabolo
3361 2834 3408 2877 et
3436 2823 3631 2894 angelis

2043 2912 2153 2983 ejus
2182 2909 2392 2982 (Matth.
2418 2911 2510 2969 25.
2541 2911 2655 2984 bl),
2686 2927 2806 2968 cum
2834 2913 2935 2969 hoc
2964 2923 3141 2969 vestro
3166 2914 3369 2986 jejunio
3397 2925 3446 2970 et
3470 2914 3630 2982 virgi.‘

2043 3003 2229 3059 nitate.
2251 3002 2383 3058 Nam
2414 3019 2512 3059 nec
2529 3004 2786 3075 jejunium
2807 3046 2824 3072 ,
2848 3021 2961 3063 .nec
2986 3006 3260 3076 virginitas
3290 3022 3385 3076 per
3411 3023 3471 3063 se
3490 3007 3631 3061 bona

2042 3097 2126 3152 vel
2158 3097 2296 3151 mala
2327 3106 2472 3161 sunt,
2501 3098 2595 3153 sed
2621 3113 2687 3153 ex
2715 3113 2898 3153 eorum
2927 3100 3014 3166 qui
3049 3115 3111 3155 ea
3142 3110 3395 3155 exercent
3434 3115 3633 3168 prepo-

2044 3191 2148 3247 sito
2177 3191 2493 3246 alterutrum
2526 3190 2681 3246 ﬁunt.
2710 3192 2775 3245 Et
2800 3192 3047 3261 gentibus
3081 3192 3403 3248 infructuosa
3431 3208 3494 3248 ea
3519 3194 3630 3247 vir-

2044 3294 2127 3340 tus
2155 3295 2238 3341 est
2262 3301 2275 3338 :
2309 3300 2416 3339 non
2446 3284 2647 3339 habent
2675 3285 2815 3340 enim
2838 3300 2986 3340 suam
3011 3286 3333 3352 mercedem,
3355 3285 3496 3355 quod
3524 3300 3628 3339 non

2046 3376 2137 3432 Dei
2180 3384 2324 3431 metu
2362 3390 2479 3430 eam
2511 3374 2741 3430 obierint
2770 3393 2783 3428 :
2823 3389 2920 3429 vos
2947 3376 3034 3445 qui
3073 3376 3211 3431 bello
3252 3392 3372 3430 eum
3405 3376 3513 3430 Deo
3540 3390 3634 3445 ge-

2043 3469 2230 3536 rendo,
2261 3478 2419 3539 atque
2439 3469 2554 3538 ejus
2582 3467 2833 3538 cperibus
2858 3468 3204 3525 criminandis
3227 3485 3344 3524 eam
3368 3469 3630 3543 obieritis,

2045 3574 2149 3615 non
2179 3559 2341 3614 modo
2384 3558 2686 3613 mercedem
2726 3568 2956 3613 vestram
3004 3574 3110 3613 non
3163 3559 3403 3625 habetis,
3453 3557 3544 3614 sed
3574 3566 3632 3613 et

2045 3651 2347 3721 plectemiui
2382 3668 2396 3703 :
2428 3666 2491 3705 ac
2531 3650 2671 3722 quod
2716 3651 2907 3706 attinet
2947 3649 3013 3705 ad
3056 3651 3338 3721 dogmata,
3369 3666 3489 3705 cum
3529 3651 3638 3704 illis

2044 3741 2416 3809 censebimini,
2442 3741 2530 3811 qui
2563 3742 2784 3823 per-‘inde
2808 3751 2966 3813 atque
2990 3741 3233 3811 gentiles,
3258 3757 3385 3797 vero
3412 3741 3521 3795 Deo
3543 3755 3632 3796 re-

2039 3835 2203 3905 jccto,
2233 3836 2452 3891 deorum
2485 3835 2873 3890 multitudinem
2904 3834 3211 3889 invexeritis
3241 3851 3253 3887 :
3290 3833 3430 3903 quod
3455 3833 3521 3889 ad
3549 3833 3634 3887 vi-

2047 3934 2154 3981 tam
2180 3935 2380 3991 autem,
2414 3926 2603 3981 melius
2623 3942 2744 3981 cum
2773 3926 2880 3981 illis
2910 3940 3068 3995 quam
3097 3924 3369 3980 vobiscum
3395 3933 3583 3995 agetur
3611 3942 3631 3980 :

2045 4031 2169 4071 nam
2196 4017 2300 4071 illis
2329 4017 2430 4072 hoc
2459 4018 2629 4072 solum
2657 4017 2836 4072 damni
2864 4027 2975 4083 est,
3016 4016 3145 4070 nihil
3179 4017 3303 4073 boni
3343 4018 3629 4085 consequi,

2045 4107 2197 4162 vobis
2223 4108 2381 4162 etiam
2405 4108 2658 4178 supplicia
2694 4113 2799 4178 pati
2822 4124 2838 4161 :
2865 4117 3024 4178 atque
3052 4109 3154 4163 illis
3180 4108 3232 4164 in
3262 4109 3359 4164 hac
3385 4110 3487 4163 vita
3516 4124 3633 4162 om-

2047 4199 2203 4254 nibus
2230 4200 2329 4255 frui
2371 4200 2538 4263 licuit,
2568 4215 2664 4254 vos
2690 4199 2928 4270 ntri°que
2965 4201 3180 4255 caretis.
3216 4203 3297 4255 An
3345 4217 3497 4271 poma
3528 4201 3633 4256 ulla

2046 4293 2258 4363 gravior
2285 4306 2402 4347 esse
2433 4301 2622 4361 potest,
2645 4306 2803 4361 quam
2834 4291 3086 4360 supplicia
3111 4291 3351 4347 labormn
3383 4307 3445 4346 ae
3467 4291 3634 4345 sudo-

2047 4400 2165 4439 rum
2193 4385 2466 4452 pra‘mium
2493 4383 2720 4451 capere?
2747 4371 2987 4448 Adulzer,
3011 4382 3373 4448 defraudator,
3395 4399 3483 4454 qui
3506 4385 3636 4437 alic-

2048 4490 2113 4533 na
2155 4478 2389 4534 suaviter
2411 4475 2722 4546 abliguriat,
2759 4485 2814 4530 et
2854 4475 3080 4545 proximi
3109 4476 3244 4530 bona
3273 4478 3459 4545 rapiat,
3490 4475 3633 4530 sola-

2049 4569 2178 4624 timn
2201 4566 2415 4638 aliquod
2445 4566 2661 4633 habent,
2691 4567 2850 4622 breve
2880 4565 2931 4619 id
2956 4566 3191 4636 quidem,
3215 4565 3307 4621 sed
3336 4565 3529 4619 habent
3554 4575 3634 4619 ta-

2049 4678 2169 4720 men
2197 4705 2211 4731 ,
2259 4661 2400 4733 quod
2429 4676 2612 4716 eorum
2643 4661 2858 4715 nomine
2907 4660 3226 4731 plectantur,
3275 4674 3497 4727 quorum
3551 4659 3637 4712 hic

2049 4757 2276 4813 fructum
2319 4754 2638 4809 habuerunt.
2670 4754 2853 4823 Atqui
2885 4761 3244 4822 paupertatem
3289 4762 3479 4820 sponte
3516 4752 3631 4817 init,

2048 4861 2108 4907 ut
2137 4850 2242 4905 illic
2282 4848 2654 4918 locupletetur,
2691 4847 2781 4915 qui
2824 4844 3141 4916 virginitatis
3169 4843 3410 4910 labores,
3442 4851 3499 4897 ttt
3528 4844 3636 4898 illic

2049 4956 2169 4998 cum
2200 4942 2403 5013 angelis
2444 4940 2670 4996 choreas
2697 4939 2890 4993 ducat:
2930 4939 2975 4992 is
3012 4938 3054 4991 si
3100 4930 3317 5007 repente
3343 4952 3405 4991 ac
3446 4945 3638 5006 przrter

2049 5048 2263 5090 omnem
2293 5032 2745 5102 exspectationem
2768 5030 2837 5085 ob
2863 5045 2923 5083 ca
2955 5043 3143 5098 pronas
3165 5028 3275 5094 det,
3308 5027 3377 5081 ob
3399 5043 3516 5098 quae
3550 5026 3635 5082 in-

2048 5140 2179 5198 gens
2203 5126 2478 5195 prarmium
2512 5132 2816 5192 speraverat
2835 5164 2850 5186 ,
2881 5121 3149 5175 infandum
3181 5131 3435 5190 quantum
3463 5136 3526 5176 ex
3557 5120 3638 5173 in-

2049 5228 2263 5291 sperato
2295 5228 2485 5274 eventu
2525 5216 2767 5272 dolorem
2796 5216 2991 5286 capiat.
3037 5214 3146 5286 Ego
3172 5214 3315 5269 enim
3353 5230 3474 5270 eum
3503 5228 3636 5268 con-

2048 5310 2270 5368 scientia
2297 5325 2448 5380 :cque
2481 5320 2641 5379 atque
2679 5307 2889 5362 llatuma
2919 5308 3207 5363 cruciatum
3250 5306 3313 5362 iri
3350 5305 3635 5372 existimo,

2049 5420 2169 5461 cum
2198 5406 2256 5459 in
2285 5413 2516 5458 mentem
2540 5402 2734 5468 veniet,
2757 5400 2848 5473 qui
2874 5416 3052 5472 parem
3075 5415 3255 5454 secum
3284 5397 3520 5451 laborem
3551 5410 3641 5450 ce-

2050 5497 2248 5569 perint,
2276 5503 2395 5551 cnm
2438 5495 2652 5552 Christo
2692 5494 2885 5567 degere
2916 5512 2928 5549 :
2962 5509 3019 5549 se
3066 5502 3243 5547 autem
3267 5532 3282 5556 ,
3310 5487 3380 5544 ob
3408 5504 3526 5558 qua:
3568 5488 3637 5542 illi

2116 5634 2132 5664 ι
2169 5626 2385 5689 ιιως,’άα
2409 5624 2690 5687 virginibus,
2728 5620 2905 5678 desunt
2951 5628 2995 5676 in
3022 5622 3185 5675 Morel.
3222 5631 3271 5673 et
3301 5614 3524 5682 Piautin.,
3549 5620 3637 5670 sed

2054 5696 2295 5747 habentur
2318 5693 2367 5742 iu
2389 5691 2525 5741 savii.
2556 5691 2676 5741 etin
2700 5696 2815 5752 tteg.
