4016 6154
350 500 454 558 555

349 616 407 671 δέ
431 617 550 668 ἐστι
590 610 654 666 τὸ
683 610 811 675 τοὺς
837 606 1064 680 ἐχθροὺς
1086 606 1327 678 ἀγαπᾷν.
1363 590 1516 658 Ἐπεὶ
1542 598 1637 661 οὖν
1662 599 1930 656 πάντοθεν

350 703 482 772 ἡμῖν
515 696 675 751 τοῦτο
705 692 1177 764 συνωμολόγηται,
1226 687 1632 744 παυσάσθωσαν
1670 688 1848 772 μάτην
1879 686 1927 739 οἱ

352 770 624 855 ινίρετικοὶ
669 780 962 840 κόπτοντες
1002 775 1259 839 ἑαυτούς·
1306 775 1497 829 οὐδένα
1530 773 1640 843 γὰρ
1665 770 1927 855 λήψονται

355 850 567 936 μισθόν·
580 864 680 917 οὑκ
695 861 881 933 ἐπειδὴ
901 863 929 914 6
944 859 1149 931 Κύριος
1165 859 1368 924 ἄδικος,
1388 858 1590 929 ἀπαγε,
1610 855 1725 910 ἀλλ’
1743 850 1931 922 ἐπειδὴ

352 950 509 1006 αὑτοὶ
554 946 869 1018 ἀγνώμονες
904 945 999 999 καὶ
1038 940 1287 1015 πονηροί.
1328 945 1481 1008 Πῶς;
1532 939 1932 994 Ἀποδέδεικται

359 1033 631 1105 μηδεμίαν
658 1030 870 1085 κεῖσθαι
892 1028 1101 1100 δωρεὰν
1133 1029 1271 1102 μόνῃ
1290 1031 1357 1099 τῇ
1370 1026 1481 1080 τῶν
1504 1025 1723 1096 φαύλων
1744 1023 1892 1105 φυγῇ
1914 1037 1928 1051 ⁸

355 1103 449 1170 τὸν
502 1116 558 1169 δὲ
596 1115 778 1185 γάμον
821 1111 978 1166 αὐτοὶ
1015 1109 1219 1180 φαῦλον
1251 1110 1572 1181 νομίσαντες
1609 1106 1781 1169 οὑτως
1805 1103 1934 1172 ἐφυ-

357 1216 487 1268 γον*
527 1198 644 1263 πῶς
679 1192 774 1251 οὖν
804 1196 947 1268 ὑπὲρ
973 1196 1075 1265 τῆς
1114 1194 1224 1249 τῶν
1270 1191 1491 1262 φαύλων
1532 1189 1935 1261 ἀναχωρήσεως

356 1285 674 1357 δυνήσονται
707 1280 898 1352 μισθὸν
928 1279 1215 1342 ἀπαιτεῖν;
1243 1276 1455 1346 Ὥσπερ
1478 1273 1768 1357 γάρὴμεῖς
1794 1268 1935 1357 ὑπέρ

357 1367 451 1424 τοῦ
473 1352 562 1439 μὴ
599 1364 872 1439 μοιχεύειν
904 1360 1299 1434 στεφανοῦσθαι
1344 1361 1444 1413 οὑκ
1480 1356 1807 1427 ἀξιώσομεν,
1841 1352 1935 1408 οὖ-

358 1470 467 1517 τως
490 1437 618 1506 θοὺδὲ
645 1451 784 1522 ὑπὲρ
800 1447 894 1502 τοῦ
923 1449 997 1520 μὴ
1016 1449 1216 1518 γαμεῖν
1247 1446 1464 1498 ἐκεῖνοι.
1506 1443 1652 1508 Ἐρεῖ
1671 1439 1780 1511 γάρ
1800 1437 1939 1522 πρὸς

360 1538 559 1600 αὐτοὺς
574 1538 602 1588 6
616 1537 736 1588 κατ’
754 1532 968 1604 ἐκείνην
985 1531 1083 1603 τὴν
1113 1534 1143 1600 ᾖ
1154 1529 1328 1601 μέραν
1348 1527 1548 1598 κρίνων
1568 1525 1716 1596 ἡμᾶς
1731 1537 1777 1565 δ’
1799 1521 1939 1590 Ἐγὼ

361 1621 469 1683 τὰς
491 1617 657 1689 τιμὰς
697 1614 848 1686 [270]
871 1615 931 1668 οὑ
961 1617 1075 1678 τοῖς
1106 1613 1216 1667 τῶν
1260 1609 1509 1683 πονηρῶν
1536 1606 1940 1689 ἀπεσχημένοις

361 1688 583 1758 τέθεικα
608 1702 767 1772 μόνον
799 1700 816 1755 ί
824 1697 1020 1770 μικρὸν
1042 1696 1152 1769 γάρ
1176 1698 1305 1768 παρ’
1324 1695 1447 1765 €9.01
1463 1691 1623 1746 τοῦτο
1647 1690 1708 1745 τὸ
1730 1688 1939 1761 μέρος),

362 1787 499 1842 ἀλλά
516 1786 645 1848 τοὺς
663 1784 883 1839 ἀπασαν
898 1781 1221 1843 ἐπελθόντας
1242 1778 1467 1849 ἀρετὴν,
1493 1775 1719 1837 τούτους
1736 1777 1814 1836 είς
1842 1772 1943 1842 τὴν

364 1872 561 1940 ἀγήρω
604 1867 714 1921 τῶν
741 1864 987 1937 οὐρανῶν
1021 1862 1228 1931 εἰσάγω
1269 1859 1657 1940 κληρονομίαν.
1699 1856 1826 1920 Πῶς
1849 1851 1944 1910 οὖν

367 1937 523 2024 ὑμεῖς
553 1953 789 2023 πρᾶγμα
810 1948 1119 2019 ἀκάθαρτον
1149 1949 1247 2000 καὶ
1275 1944 1466 2013 ἐναγὲς
1488 1937 1628 1996 εἶναι
1650 1941 1743 1995 τὸν
1766 1941 1944 2010 γάμον

367 2036 711 2105 νομίσαντες,
742 2033 842 2102 τῆς
868 2031 978 2084 τῶν
1017 2030 1230 2098 ἐναγῶν
1262 2027 1581 2095 ἀπαλλαγῆς
1618 2024 1691 2079 τὰ
1716 2024 1947 2095 κείμενα

365 2121 487 2181 τοῖς·
521 2117 782 2188 ἐργάταις
811 2113 920 2168 τῶν
968 2112 1190 2182 ἀγαθῶν
1227 2112 1511 2166 ἀπαιτεῖτε
1557 2106 1802 2173 ἑπαθλας
1848 2105 1949 2159 Διά

365 2200 529 2254 τοῦτο
548 2200 656 2270 γὰρ
677 2199 771 2252 καὶ
798 2198 925 2259 τοὺς
949 2196 1119 2268 ἀρνας
1143 2202 1211 2252 ὲκ
1236 2194 1425 2260 δεξιῶν
1446 2193 1475 2234 δ
1502 2193 1704 2264 ἵστησι,
1739 2190 1834 2244 καὶ
1858 2189 1951 2243 εὑ-

366 2286 541 2353 λογεῖ,
587 2284 684 2336 καὶ
726 2282 809 2346 εἰς
846 2279 944 2352 τὴν
979 2277 1256 2351 βασιλείαν
1316 2280 1546 2348 είσάγει,
1580 2276 1679 2347 οὑχ
1724 2275 1808 2329 ὅτι
1851 2272 1950 2343 οὑχ

367 2369 628 2438 ἥρπασαν
650 2365 720 2418 τὰ
752 2363 1026 2435 ἀλλότρια,
1050 2362 1261 2416 ἀλληότι
1293 2363 1387 2415 καὶ
1402 2361 1473 2415 τὰ
1502 2360 1710 2413 ἑαυτῶν
1740 2357 1951 2429 ἑτέροις

369 2451 669 2521 διένειμαν.
691 2449 801 2502 Καὶ
823 2447 916 2500 τὸν
934 2446 1003 2500 τά
1028 2446 1190 2499 πέντε
1210 2445 1446 2500 τάλαντα
1464 2442 1520 2496 δὲ
1540 2439 1952 2514 ἐγχειρισθέντα

376 2532 723 2603 ἀποδέχεται,
754 2531 854 2601 οὐχ
879 2530 961 2584 δτι
983 2530 1083 2583 οὑκ
1105 2526 1393 2600 ἐμείωσεν,
1414 2526 1530 2579 ἀλλ’
1550 2528 1631 2580 ὅτι
1659 2523 1948 2577 ἐπλεόνασε

380 2617 439 2670 τδ
470 2615 643 2683 δοθὲν,
674 2615 770 2669 καὶ⁵
812 2613 1008 2684 διπλῆν
1040 2612 1140 2685 τὴν
1169 2609 1641 2682 παρακαταθήκην
1681 2606 1950 2662 ἀπέδωκε.

379 2692 556 2772 Μέχρι
592 2699 738 2763 τίνος
780 2694 873 2750 οὖν
917 2698 977 2750 οὐ
1010 2695 1274 2767 στήσεσθε
1324 2694 1610 2767 τρέχοντες
1655 2694 1735 2756 είς
1775 2690 1952 2754 κενὸν,

377 2787 469 2838 καὶ
516 2783 818 2847 κοπιῶντες
872 2779 1073 2852 μάτην,
1125 2780 1219 2833 καὶ
1273 2779 1399 2849 είκῆ
1439 2776 1821 2841 πυκτεύοντες,
1862 2774 1957 2829 καὶ

375 2869 469 2922 τὸν
496 2868 632 2940 ἀέρα
664 2866 944 2938 δέροντες;
992 2864 1103 2918 Καὶ
1132 2863 1244 2919 είθε
1271 2863 1430 2934 μόνον
1460 2862 1611 2931 εικῆ,
1630 2860 1805 2914 καίτοι
1835 2856 1957 2911 οὑδέ

377 2952 536 3007 τοῦτο
562 2951 758 3025 μικρὸν
777 2951 857 3013 είς
888 2949 1165 3011 κολάσεως
1184 2947 1343 3017 λόγον
1362 2945 1424 3001 τὸ
1452 2945 1622 2999 πολλά
1654 2941 1954 3025 καμόντας,

383 3038 481 3091 καὶ
516 3035 737 3107 μείζονα
772 3033 885 3087 τῶν
930 3033 1110 3087 πόνων
1174 3030 1657 3102 προσδοκήσαντας
1719 3024 1956 3088 ἔπαθλα,

381 3121 522 3175 κατά
537 3116 630 3173 τὸν
661 3116 851 3190 καιρὸν
877 3127 899 3154 ο
916 3115 1017 3185 τῆς
1033 3117 1200 3186 τιμῆς
1222 3116 1281 3167 ἐν
1302 3115 1415 3178 τοῖς
1442 3112 1658 3181 ἀτίμοις
1677 3107 1957 3190 τετάχθαι.

452 3204 525 3257 B‘.
545 3202 572 3238 ά
589 3202 743 3256 Ἐστι
764 3188 827 3253 δὲ
855 3199 950 3253 νῦν
978 3198 1040 3251 οὑ
1060 3197 1217 3251 τοῦτο
1245 3196 1407 3267 μόνον
1425 3195 1487 3249 τὸ
1512 3194 1705 3258 δεινὸν,
1728 3190 1849 3246 οὑδέ
1873 3188 1962 3261 μέ-

382 3305 475 3360 χρι
491 3286 587 3340 τοῦ
612 3286 688 3356 μὴ
717 3282 977 3354 κερδᾶναι
992 3282 1061 3334 τά
1077 3281 1177 3351 τῆς
1193 3281 1258 3350 ζη
1269 3279 1397 3350 μίας
1423 3275 1768 3360 αὑτοῖς,ῖάλλ’
1796 3274 1964 3360 ἐτερα

382 3358 564 3441 πολλῷ
588 3367 793 3423 τούτων
816 3364 1091 3431 ἐκδέξεται
1113 3363 1492 3435 χαλεπώτερα,
1511 3362 1571 3415 τὸ
1591 3358 1701 3431 πῦρ
1721 3360 1783 3413 τὸ
1799 3358 1963 3414 6065-

385 3472 530 3522 στον,
567 3454 597 3507 6
630 3451 846 3523 σκώληξ
884 3452 912 3504 6
953 3447 1333 3519 ἀτελεύτητος,
1365 3446 1426 3499 τὸ
1455 3445 1646 3510 σκότος
1677 3445 1737 3498 τὸ
1768 3442 1964 3508 ἐξώτε-

386 3557 498 3610 ρον,
528 3542 562 3608 ἡ
599 3535 807 3606 θλῖψις,
843 3536 877 3605 ἡ
913 3533 1266 3603 στενοχωρία.
1295 3530 1457 3582 Ὥστε
1488 3529 1698 3602 μυρίων
1726 3529 1858 3600 ἡμῖν
1885 3527 1966 3580 δεῖ

386 3620 671 3691 στομάτων
696 3617 787 3671 καὶ
813 3617 915 3686 τῆς
942 3615 1190 3684 ἀγγέλων
1209 3612 1511 3682 δυνάμεως,
1533 3612 1620 3664 ῖνα
1646 3610 1966 3681 δυνηθῶμεν

385 3704 484 3775 τῆς
513 3705 595 3766 είς
619 3704 769 3773 ἡμᾶς
793 3698 1122 3771 κηδεμονίας
1156 3694 1508 3767 εὐχαριστίαν
1551 3693 1842 3747 ἀποδοῦναι
1887 3692 1966 3763 τῷ

385 3786 507 3858 Θεῷ
554 3785 650 3857 τὴν
702 3783 889 3849 ἀξίαψ
923 3781 1123 3854 μᾶλλον
1153 3780 1210 3833 δέ
1234 3779 1356 3833 οὑδέ
1385 3778 1528 3831 οὑτω
1556 3777 1798 3831 δυνατόν.
1839 3775 1967 3854 Ιζῶς

389 3871 532 3941 γάρ;
572 3870 631 3922 ’0
660 3869 758 3939 μὲν
788 3868 949 3931 πόνος
978 3877 1002 3905 θ
1033 3864 1175 3937 ὑπὲρ
1222 3864 1321 3934 τῆς
1353 3861 1651 3935 παρθενίας
1695 3862 1827 3931 ἡμῖν
1872 3861 1967 3914 καὶ

387 3957 501 4017 τοῖς
532 3954 826 4024 αίρετικοῖς
850 3950 984 4014 ἴσος,
1012 3948 1153 4020 τάχα
1183 3946 1239 4000 δέ
1259 3946 1354 4000 καὶ
1376 3944 1555 4016 πολλῷ
1589 3944 1789 3998 πλείων
1819 3942 1966 3997 ἐκεί-

390 4054 502 4100 νοις
522 4053 535 4066 ·
560 4038 589 4090 ὁ
608 4035 666 4089 δὲ
711 4033 925 4104 καρπὸς
950 4031 1057 4085 τῶν
1090 4030 1267 4085 πόνων
1293 4029 1392 4082 οὐκ
1428 4028 1562 4093 ίσος,
1595 4026 1708 4080 ἀλλ’
1737 4027 1968 4089 ἐκείνοις

396 4120 494 4190 μέν
515 4117 690 4189 δεσμά
712 4118 805 4171 καὶ
823 4117 1033 4187 δάκρυα
1055 4115 1150 4168 καὶ
1177 4112 1415 4184 οἰμωγαὶ
1438 4113 1528 4165 καὶ
1555 4110 1616 4164 τὸ
1642 4108 1969 4174 κολάζεσθαι

393 4203 656 4267 ἀθάνατα,
681 4203 812 4272 ἡμῖν
828 4198 885 4254 δὲ
912 4201 968 4254 αἱ
999 4197 1107 4253 τῶν
1134 4197 1381 4267 ἀγγέλων
1401 4196 1603 4267 λήξεις,
1634 4195 1727 4248 καὶ
1755 4196 1811 4249 αἱ
1840 4212 1967 4264 φαι-

392 4288 515 4360 δραὶ
542 4286 849 4358 λαμπάδες,
872 4286 964 4338 καὶ
986 4283 1046 4338 τὸ
1071 4282 1286 4337 πάντων
1312 4277 1605 4349 κεφάλαιον
1620 4277 1725 4360 τῶν
1748 4277 1967 4346 ἀγαθῶν

394 4357 437 4439 ή
467 4370 606 4440 μετά
622 4357 723 4421 τοῦ
755 4367 991 4440 νυμφίου
1015 4365 1281 4439 διαγωγή.
1313 4364 1379 4416 Τί
1401 4363 1598 4433 δήποτε
1623 4357 1715 4416 οὖν
1736 4361 1843 4415 τῶν
1872 4360 1969 4414 αὑ-

394 4452 502 4506 τῶν
546 4452 724 4505 πόνων
768 4451 984 4504 ἐναντία
1019 4448 1089 4503 τά
1127 4449 1411 4519 ἐπίχειρα;
1443 4446 1567 4498 Ὅτι
1604 4446 1801 4498 ἐκεῖνοι
1849 4444 1968 4515 μὲν,

396 4538 484 4591 ἴνα
510 4535 1038 4606 ἀντινομοθετήσωσι
1053 4534 1131 4604 τῷ
1152 4532 1403 4604 Θεῷ,τὴν
1420 4530 1719 4602 παρθενίαν
1742 4529 1968 4593 εἵλοντο,

397 4625 557 4692 ἡμεῖς
583 4621 641 4679 δὲ
669 4620 757 4675 ἴνα
777 4620 1064 4689 ἀνύσωμεν
1078 4616 1244 4672 αὑτοῦ
1274 4617 1335 4670 τὸ
1357 4615 1593 4686 θέλημα,
1611 4614 1769 4668 τοῦτο
1798 4614 1972 4683 πράτ-

396 4722 580 4775 τομεν.
612 4706 734 4758 Ὀτι
776 4704 887 4776 γὰρ
917 4705 946 4756 6
970 4703 1101 4766 Θεὸς
1135 4702 1383 4773 βούλεται
1411 4699 1622 4762 πάντας
1653 4697 1973 4771 ἀνθρώπους

400 4790 704 4862 ἀπέχεσθαι
730 4789 934 4861 γάμου,
967 4790 1061 4842 καὶ
1097 4787 1305 4858 μάρτυς
1333 4785 1469 4838 ότὸν
1494 4782 1728 4856 Χριστὸν
1757 4782 1895 4854 ἔχων
1917 4785 1974 4836 ἐν

401 4874 577 4946 ἑαυτῷ
608 4873 874 4929 λαλοῦντα
893 4889 906 4903 ·
932 4873 1234 4942 Βούλομαι
1261 4870 1392 4942 γὰρ,
1430 4870 1585 4938 φησὶ,
1611 4866 1843 4933 πάντας
1870 4866 1977 4919 ἀν-

400 4958 670 5026 θρώπους
693 4956 847 5013 εἶναι
880 4959 957 5024 ὠς
985 4958 1085 5011 καί
1109 4957 1387 5026 ἐμαυτὸν,
1415 4956 1473 5008 ἐν
1506 4951 1821 5024 ἐγκρατείᾳ.
1854 4951 1979 5003 Φει-

401 5044 622 5115 δόμενος
668 5042 687 5082 ί
723 5043 782 5097 δὲ
831 5044 990 5115 ήμῶν
1029 5044 1057 5097 6
1096 5041 1288 5114 Σωτὴρ
1319 5041 1368 5105 ε,
1430 5040 1526 5092 καὶ
1571 5035 1728 5100 εἰδὼς
1791 5036 1874 5088 ὅτι
1915 5035 1977 5088 τὸ

406 5128 501 5198 μὲν
533 5127 749 5191 πνεῦμα
786 5127 1087 5201 πρόθυμον,
1131 5128 1165 5197 ή
1202 5126 1259 5179 δὲ
1294 5124 1431 5195 σὰρξ
1471 5121 1724 5192 ἀσθενὴς,
1759 5120 1858 5173 οὑκ
1899 5121 1979 5183 είς

403 5210 618 5281 ἐντολῆς
651 5212 896 5282 ἀνάγκην
931 5210 993 5264 τὸ
1045 5210 1278 5280 πρᾶγμα
1321 5205 1692 5267 κατέκλεισεν,
1734 5202 1847 5256 ἀλλ’
1882 5203 1978 5256 ἐπ-

404 5295 626 5363 έτρεψεν
658 5294 824 5347 αὑτοῦ
842 5293 938 5364 τὴν
968 5293 1178 5363 αἵρεσιν
1207 5293 1324 5353 ταῖς
1352 5289 1649 5360 ἡμετέραις
1669 5288 1887 5358 ψυχαῖς.
1918 5286 1977 5338 El

406 5377 509 5448 γὰρ
530 5373 596 5448 ἦν
620 5378 903 5447 ἐπίταγμα
929 5377 1022 5429 καὶ
1043 5374 1228 5445 νόμος,
1259 5374 1357 5427 οὐκ
1376 5374 1439 5427 ἂν
1455 5375 1504 5426 oi
1532 5370 1980 5443 κατορθώσαντες

410 5461 565 5531 τιμῆς
614 5461 958 5531 ἀπήλαυσαν,
1007 5459 1120 5513 ἀλλ’
1181 5458 1421 5528 ἤκουσαν
1481 5456 1570 5520 ἂν,
1615 5458 1683 5509 Ἃ
1721 5453 1980 5524 ὠφείλετε

465 5603 490 5665 f'
518 5601 671 5664 Ἣμᾱς
688 5603 830 5652 dces!
856 5604 905 5651 In
932 5602 1057 5665 Reg.

469 5657 752 5728 "_l£ég.jxa}
793 5665 854 5712 τὰ
892 5657 1110 5728 πρόϐατα
1138 5663 1193 5712 ἐκ
1222 5663 1397 5718 δεξιῶν.
1435 5658 1563 5710 Infra
1587 5660 1638 5708 δέ
1683 5662 1795 5722 post
1812 5657 1984 5706 τάλαν-

411 5738 465 5770 τα
486 5726 627 5774 deest
648 5727 696 5776 in
722 5727 846 5787 Reg.

472 5790 493 5850 ἦ
518 5788 637 5850 ﬂvg,
661 5783 1003 5850 εοΙιιέἑπαθλα
1022 5785 1249 5850 ἐνστάντα
1262 5784 1349 5850 ,τὸν
1366 5783 1546 5847 καιρόν.

469 5846 493 5886 ἀ
514 5840 619 5899 Hi;
626 5848 676 5898 in
703 5851 926 5911 margine
950 5848 1142 5911 Beg.rel
1160 5848 1309 5911 Saxjil.
1335 5840 1677 5911 argumentum
1699 5840 1986 5905 legilur,6n

414 5913 486 5957 καὶ
508 5913 783 5967 κολάζονται
807 5904 853 5958 ὄί
873 5904 1098 5973 αίρετικοὶ
1116 5909 1195 5958 διὰ
1210 5909 1265 5956 τὸ
1287 5904 1614 5971 παρθενεῦσαι.

469 5973 494 6035 ξ
517 5975 633 6035 Heg.
663 5976 690 6021 6
715 5974 801 6035 μὲν
823 5987 913 6034 γαρ
930 5972 1091 6035 πόνος.

475 6030 495 6073 ί
523 6030 637 6097 ηεξ.
667 6030 989 6097 ἐν’ἐγκρατείᾳ
1013 6032 1246 6097 δηλονότιΪ
1271 6032 1403 6097 Φειδ.

470 6097 496 6139 ε
517 6094 650 6148 81ῦό
677 6094 862 6146 Ξαγίιῐο
878 6108 891 6154 ;
919 6094 1085 6145 aberat
1118 6095 1299 6154 Σωτήρ.
1323 6094 1454 6150 Enn.
1477 6119 1481 6124 -

1602 501 1616 515 '
1650 487 1743 543 DE
1774 476 2239 543 VIRGINITATE.

3501 479 3611 536 556.

2036 594 2282 665 ποιῆσαι,
2337 597 2698 667 πεποιήκατε,
2728 594 2852 649 οὔτε
2894 596 2945 648 οί
2993 558 3452 664 διαμαρτάνοντες
3476 612 3610 665 συγ-

2035 678 2260 750 γνώμης
2312 676 2521 749 ἑτυχον,
2577 679 2714 734 ἀλλά
2754 678 2854 751 τὴν
2888 677 2996 732 τῶν
3042 676 3505 749 παρανομούντων
3546 680 3614 733 ἀν

2035 764 2349 833 ὑπέστησαν
2376 763 2534 834 δίκην
2555 780 2568 795 ο
2597 764 2695 818 νῦν
2722 763 2780 817 δὲ
2809 761 3002 821 εἰπὼν.
3046 762 3109 816 '0
3136 761 3474 832 δυνάμενος
3500 781 3615 832 χωρ

2027 846 2158 911 ρεῒν·
2201 847 2481 914 χωρείτω,
2523 848 2651 911 τοὺς
2712 847 2813 918 μὲν
2864 845 2939 917 μὴ
2988 842 3322 916 δυναμένους
3361 845 3422 899 οὑ
3481 862 3615 899 κατι·

2036 928 2238 1001 έκρινε,
2265 928 2372 983 τῶν
2417 929 2475 982 δέ
2503 930 2816 1009 δυναμένων
2846 928 3013 983 πολὺν
3050 930 3146 983 καὶ
3184 928 3491 1000 ὑπέρογκον
3524 927 3619 982 τὸν

2032 1013 2221 1081 ἀγῶνα
2258 1013 2529 1080 ἀπέδειξε.
2570 1011 2670 1066 Διά
2701 1012 2860 1066 τοῦτο
2880 1014 2973 1067 καὶ
3007 1016 3036 1066 6
3066 1011 3277 1075 Παῦλος
3318 1013 3441 1066 κατ’
3473 1012 3617 1083 ίχνος

2038 1096 2233 1167 βαίνων
2257 1097 2350 1150 τοῦ
2372 1096 2725 1162 Διδασκάλου,
2748 1089 2888 1160 Περὶ
2903 1088 2971 1143 δὲ
2986 1090 3106 1147 τῶν
3120 1095 3432 1164 παρθένων
3445 1097 3475 1138 ιι
3492 1098 3618 1151 ἐπι-

2036 1179 2228 1249 ταγὴν
2248 1180 2490 1248 Κυρίου,
2523 1181 2709 1252 φησὶν,
2737 1182 2850 1235 οὐκ
2876 1178 3017 1250 ἔχω,
3043 1178 3284 1251 γνώμην
3299 1180 3368 1234 δὲ
3386 1180 3613 1251 δίδωμι.

2107 1276 2183 1332 Γ’.
2201 1275 2338 1329 Ἀλλ’
2353 1276 2472 1330 οὑδὲ
2484 1275 2766 1348 Μαρκίων,
2780 1276 2902 1331 οὑδέ
2913 1276 3282 1343 Οὑαλεντῖνος,
3296 1277 3416 1330 οὑδέ
3427 1276 3618 1349 Μάνης

2037 1361 2241 1433 ταύτης
2264 1361 2522 1432 ἠνέσχετο
2548 1363 2645 1432 τῆς
2667 1360 3028 1434 συμμετρίας.
3055 1361 3132 1414 Οὑ
3156 1361 3266 1433 γάρ
3295 1357 3440 1432 είχον
3466 1360 3618 1433 [271]

2040 1447 2099 1499 ἐν
2124 1448 2337 1515 ἑαυτοῖς
2362 1445 2626 1501 λαλοῦντα
2652 1446 2743 1499 τὸν
2770 1444 3032 1517 Χριστὸν,
3064 1445 3159 1498 τὸν
3182 1446 3293 1499 τῶν
3321 1446 3463 1500 ίδίων
3489 1463 3623 1519 προ⁴

2042 1529 2222 1583 ϐάτων
2246 1529 2584 1600 φειδόμενον,
2608 1528 2702 1583 καὶ
2721 1529 2819 1601 τὴν
2841 1528 3018 1601 ψυχὴν
3039 1528 3205 1582 αὑτοῦ
3230 1528 3449 1583 τιθέντα
3483 1530 3622 1600 ὑπὲρ

2042 1614 2242 1678 αὐτῶν,
2270 1612 2407 1666 ἀλλά
2437 1613 2528 1667 τὸν
2556 1611 3000 1684 ἀνθρωποκτόνον
3025 1611 3117 1665 τὸν
3148 1611 3243 1665 τοῦ
3272 1610 3502 1681 ψεύδους
3527 1630 3626 1666 πα-

2040 1697 2196 1768 τέρα.
2219 1696 2319 1751 Διά
2345 1713 2429 1750 τοι
2449 1695 2607 1750 τοῦτο
2636 1697 2731 1750 καὶ
2751 1696 2878 1759 τοὺς
2907 1693 3262 1765 πειθομένους
3284 1695 3466 1759 αὐτοῖς
3495 1697 3628 1751 πάν-

2043 1798 2142 1845 τας
2176 1780 2485 1843 ἀπώλεσαν,
2533 1779 2771 1835 ἑνταῦθα
2821 1780 2921 1850 μὲν
2962 1777 3162 1840 αὐτοὺς
3204 1779 3485 1851 ἀνονήτοις
3532 1782 3627 1836 καὶ

2045 1865 2340 1937 ἀφορήτοις
2364 1862 2688 1935 βαρύνοντες
2721 1863 2925 1926 πόνοις,
2962 1864 3081 1917 ἐκεῖ
3115 1864 3173 1919 δέ
3202 1865 3283 1927 είς
3313 1864 3374 1918 τὸ
3399 1866 3627 1937 ἡτοιμα-

2049 1949 2245 2020 σμένον
2276 1947 2507 2010 ἐκείνοις
2537 1947 2652 2020 πῦρ
2683 1947 3238 2017 συγκατασπάσαντες
3265 1949 3497 2013 ἑαυτοῖς.

2117 2029 2197 2099 A'.‘
2226 2025 2298 2083 Ὦ
2312 2030 2408 2084 καὶ
2433 2028 2700 2101 Ἑλλήνων
2718 2030 2876 2100 ὑμεῖς
2889 2029 3226 2101 ἀθλιώτεροι·
3244 2031 3510 2103 Ἕλληνας
3530 2034 3629 2105 μὲν

2050 2114 2160 2187 γὰρ
2187 2116 2236 2168 εί
2260 2116 2354 2168 καὶ
2378 2114 2446 2168 τὰ
2473 2114 2572 2185 τῆς
2594 2112 2819 2185 γεέννης
2847 2113 3125 2185 ἐκδέχεται
3146 2114 3314 2181 δεινὰ,
3343 2116 3458 2170 ἀλλ’
3481 2117 3629 2188 ὅμως

2048 2198 2110 2253 τὸ
2140 2198 2270 2268 γοῦν
2309 2197 2544 2253 ἐνταῦθα
2587 2196 2926 2269 καρποῦνται
2971 2198 3090 2269 ἡδὺ,
3135 2198 3335 2270 γάμοις
3377 2200 3630 2270 ὁμιλοῦν-

2050 2300 2162 2349 τες,
2205 2282 2299 2337 καὶ
2328 2281 2628 2355 χρημάτων
2658 2280 3042 2345 ἀπολαύοντες,
3072 2283 3164 2335 καὶ
3194 2282 3294 2352 τῆς
3346 2274 3513 2353 ἀλλης
3539 2286 3634 2338 ἀν·-

2051 2370 2221 2431 έσεως
2259 2369 2361 2439 τῆς
2400 2364 2686 2436 βιωτικῆς·
2718 2366 2847 2436 ὑμῖν
2892 2365 2950 2419 δὲ
2995 2367 3055 2419 τὸ
3104 2366 3493 2436 βασανίζεσθαι
3539 2369 3634 2423 καὶ

2050 2449 2517 2522 ταλαιπωρεῖσθαι
2560 2448 2921 2522 ἑκατέρωθεν,
2968 2448 3203 2505 ἐνταῦθα
3255 2452 3352 2522 μὲν
3391 2451 3631 2517 ἑκοῦσιν,

2054 2536 2173 2589 ἐκεῖ
2205 2534 2262 2589 δέ
2297 2536 2372 2605 μὴ
2406 2532 2766 2604 βουλομένοις.
2804 2534 2916 2587 Καὶ
2945 2533 3173 2604 Ἕλλησι
3208 2533 3308 2605 μὲν
3354 2535 3495 2607 ὑπὲρ
3537 2553 3635 2607 νη-

2057 2619 2237 2683 στείας
2404 2602 2703 2688 παρθενίας
2743 2613 2866 2669 οὗτε
2925 2602 3116 2686 μισθὸν
3157 2602 3319 2677 δώσει
3365 2602 3474 2684 τις,
3512 2602 3645 2671 οὔτε.

2056 2701 2275 2764 κόλασις
2293 2699 2642 2754 ἀποκείσεται
2660 2713 2675 2728 °
2701 2690 2857 2770 ὑμεῖς
2878 2698 2934 2752 δὲ
2963 2697 3104 2770 ὑπὲρ
3125 2692 3199 2753 ὧν
3219 2700 3445 2772 μυρίους
3470 2718 3638 2775 προσ-

2058 2787 2348 2857 εδοκήσατε
2388 2785 2664 2848 ἐπαίνους,
2701 2783 2842 2853 ὑπὲρ
2889 2782 3090 2837 τούτων
3132 2784 3231 2855 τὴν
3276 2772 3525 2857 ἐσχάτην
3543 2772 3647 2840 δώέ

2060 2872 2215 2925 σετεί
2238 2870 2417 2938 δίκην,
2450 2869 2546 2921 καὶ
2572 2865 2711 2939 μετά
2730 2866 2839 2921 τῶν
2868 2866 3042 2922 ἀλλων
3072 2866 3393 2935 ἀκούσεσθε,
3436 2870 3642 2923 Ἀπέλς

2059 2956 2190 3007 Oete
2225 2954 2326 3007 ἀπ’
2372 2951 2521 3020 ἐμοῦ
2559 2953 2648 3017 εἰς
2675 2940 2741 3005 τὸ
2765 2950 2886 3018 πῦρ
2926 2951 2994 3004 τὸ
3034 2951 3275 3005 αἰώνιον
3303 2950 3371 3005 τὸ
3400 2953 3642 3022 ήτοιμαέ

2060 3036 2291 3106 σμένον
2318 3033 2397 3101 τῷ
2427 3033 2686 3097 διαϐόλῳ
2722 3034 2820 3087 καί
2853 3032 2980 3099 τοῖς
3007 3033 3284 3103 ἀγγέλοις
3314 3034 3524 3097 αὑτοῦ,
3558 3036 3642 3090 ὅτι

2059 3119 2444 3193 ἐνηστεύσατε,
2474 3117 2558 3172 ὅτι
2578 3115 3038 3186 ἐπαρθενβύσατε.
3077 3117 3140 3170 Ἡ
3170 3116 3279 3189 γὰρ
3303 3117 3524 3188 νηστεία
3548 3119 3644 3171 καὶ

2060 3210 2093 3279 ἡ
2137 3202 2405 3276 παρθενία
2447 3202 2569 3256 οὔτε
2602 3199 2767 3257 καλὸν
2791 3199 2913 3256 καθ’
2945 3199 3122 3264 ἑαυτό,
3154 3199 3277 3253 οὔτε
3308 3201 3499 3267 κακὸν,
3526 3202 3644 3255 ἀλλ’

2063 3291 2172 3346 ἀπὸ
2201 3291 2298 3361 τῆς
2324 3289 2434 3342 τῶν
2466 3287 2758 3355 μετιόντων
2799 3283 3172 3359 προαιρέσεως
3204 3284 3467 3354 ἑκάτερον
3498 3286 3643 3354 γίνε-

2064 3391 2172 3428 ται.
2202 3374 2310 3426 Καὶ
2338 3370 2563 3444 Ἕλλησι
2592 3371 2689 3443 μὲν
2718 3370 2965 3442 ἄκαρπος
2994 3372 3027 3442 ἡ
3054 3370 3276 3443 τοιαύτη
3302 3368 3504 3445 ἀρετή·
3547 3375 3646 3429 ἀπ-

2066 3461 2251 3533 έχουσι
2283 3458 2391 3530 γὰρ
2434 3458 2614 3513 αὐτῶν
2659 3456 2750 3512 τὸν
2786 3455 2997 3527 μισθὸν,
3046 3455 3127 3510 ὅτι
3169 3456 3245 3527 μὴ
3290 3456 3378 3510 διὰ
3420 3458 3511 3511 τὸν
3549 3458 3645 3512 τοῦ

2064 3547 2201 3600 Θεοῦ
2249 3545 2412 3615 φόϐον
2455 3539 2718 3613 μετῆλθον
2765 3541 2970 3612 αὑτήνο
3014 3539 3172 3611 ὑμεῖς
3205 3538 3259 3592 δὲ
3298 3540 3380 3593 ὅτι
3425 3539 3501 3611 τῷ
3529 3540 3645 3612 Θεῷ

2069 3630 2365 3702 μαχόμενοι
2408 3627 2501 3682 καὶ
2536 3624 2916 3688 διαϐάλλοντες
2949 3623 3114 3678 αὑτοῦ
3147 3623 3217 3677 τά
3254 3624 3549 3696 κσίσματα,
3584 3626 3644 3679 οὑ

2069 3716 2229 3788 μόνον
2260 3712 2493 3783 ἀπέχετε
2521 3709 2612 3763 τὸν
2657 3709 2846 3782 μισθὸν
2877 3708 3051 3780 ὑμῶν,
3080 3706 3215 3762 ἀλλά
3247 3707 3343 3761 καὶ
3377 3707 3646 3780 κολασθή-

2069 3798 2248 3857 σεσθε.
2274 3797 2369 3851 καὶ
2388 3793 2673 3866 δογμάτων
2701 3795 2798 3865 μὲν
2825 3792 3012 3847 ἕνεκεν
3043 3793 3165 3864 μετ’
3192 3792 3415 3847 ἐκείνων
3436 3793 3648 3858 τετάξε-

2068 3882 2182 3946 σθε,
2218 3882 2300 3934 ὅτι
2343 3879 2544 3951 ὁμοίιος
2588 3878 2775 3941 αὑτοῖς
2818 3875 2909 3930 τὸν
2954 3874 3084 3929 ὄντα
3121 3874 3252 3928 Θεὸν
3285 3876 3650 3949 ἀθετήσαντες

2071 3966 2359 4021 πολυθεῒαν
2421 3962 2782 4035 είσηγάγετε·
2839 3960 2943 4030 τῆς
2993 3960 3051 4013 δὲ
3113 3959 3388 4024 πολιτείας
3439 3960 3647 4025 ἕνεκεν,

2069 4051 2292 4122 ἄμεινον
2329 4048 2483 4119 ὑμῶν
2504 4049 2705 4101 ἐκεῖνοι
2728 4044 3015 4116 πράξουσι.
3047 4045 3173 4108 Τοῖς
3205 4043 3304 4114 μὲν
3336 4045 3446 4115 γὰρ
3484 4046 3516 4115 ἡ
3551 4045 3649 4116 ςη-

2073 4136 2169 4207 μία
2206 4133 2367 4204 μέχρι
2393 4130 2489 4185 τοῦ
2525 4128 2690 4201 μηδὲν
2725 4128 2911 4181 λαϐεῖν
2943 4126 3168 4195 ἀγαθὸν,
3202 4127 3330 4196 ὑμῖν
3356 4127 3412 4180 δὲ
3437 4126 3651 4181 καὶτοῦ

2071 4219 2218 4272 κακὰ
2252 4214 2579 4288 προσλαϐεῖν
2599 4229 2615 4244 ο
2663 4212 2758 4266 καὶ
2796 4214 2911 4276 τοῖς
2957 4211 3056 4277 μὲν
3096 4209 3239 4263 κατά
3284 4209 3375 4263 τὸν
3408 4210 3652 4279 παρόντα

2075 4300 2185 4371 βίον
2204 4294 2510 4353 ἀπολαῦσαι
2534 4295 2751 4349 πάντων
2771 4290 3032 4371 ὑπῆρξεν,
3062 4291 3223 4371 ὑμεῖς
3238 4289 3294 4343 δὲ
3327 4290 3654 4371 ἀμφοτέρων

2071 4369 2387 4448 ἐστέρησθε.
2439 4372 2590 4446 *Αρά
2633 4373 2719 4437 τίς
2759 4374 2876 4424 ἐστι
2906 4370 3110 4441 ταύτης
3148 4369 3370 4434 κόλασις
3401 4370 3652 4441 χαλεπω-

2071 4459 2227 4529 τέρα,
2272 4456 2451 4509 πόνων
2500 4454 2596 4507 καὶ
2641 4450 2881 4523 ἱδρώτων
2930 4449 3200 4520 τιμωρίας
3244 4449 3655 4520 ἀπολαμϐάνειν

2072 4538 2172 4600 τάς
2192 4535 2457 4607 690166;;
2497 4533 2555 4586 '0
2582 4531 2789 4603 μοιχὸς,
2821 4529 2915 4584 καὶ
2946 4531 2973 4583 6
2996 4528 3345 4599 πλεονέκτης,
3376 4532 3470 4584 καὶ
3493 4531 3520 4583 6
3542 4534 3655 4595 τοῖς

2074 4617 2375 4688 ἀλλοτρίοις
2408 4613 2710 4684 ἐντρυφῶν,
2758 4611 2854 4664 καὶ
2883 4608 2950 4663 τὰ
2977 4608 3072 4662 τοῦ
3112 4608 3340 4680 πλησίον
3371 4610 3654 4681 ἁρπάζων,

2075 4696 2258 4767 ἔχουσί
2309 4711 2431 4748 τινα
2473 4689 2850 4765 παραμυθίαν,
2906 4688 3167 4760 βραχεῖαν
3209 4690 3340 4767 μὲν,
3374 4690 3556 4761 ἔχουσι
3597 4690 3656 4745 δὲ

2073 4763 2245 4848 ὅμως,
2279 4776 2341 4829 τὸ
2369 4775 2509 4844 ὑπὲρ
2533 4763 2739 4827 τούτων
2778 4769 3104 4834 κολάζεσθαι
3131 4769 3269 4843 ὑπὲρ
3304 4763 3380 4825 ὧν
3420 4769 3657 4823 ἐνταῦθα

2078 4856 2426 4911 ἀπέλαυσαν
2467 4856 2496 4907 6
2525 4853 2583 4906 δέ
2624 4850 2814 4905 πενίαν
2855 4850 2952 4919 μὲν
2991 4848 3240 4904 ἑκούσιον
3274 4849 3536 4916 ὑποστάς,
3572 4850 3660 4903 ῖνα

2081 4940 2197 4992 ἐκεῖ
2231 4935 2457 5005 πλουτῇ,
2507 4932 2602 4985 καὶ
2651 4931 2778 4994 τοὺς
2823 4930 2921 4999 τῆς
2967 4927 3267 5005 παρθενίας
3317 4928 3530 4994 πόνους,
3572 4930 3659 4982 ἶνα

2078 5018 2195 5071 ἐκεῖ
2227 5013 2364 5085 μετὰ
2395 5004 2641 5081 ἀγγέλων
2685 5008 2909 5081 χορεύῃ,
2938 5004 3058 5062 εἶτα
3090 5006 3349 5077 ἐξαίφνης
3383 5009 3477 5061 καὶ
3508 5009 3660 5079 παρά

2080 5084 2262 5150 πᾶσαν
2306 5091 2635 5165 προσδοκίαν
2678 5090 2819 5160 ὑπὲρ
2847 5087 3054 5141 τούτων
3093 5084 3476 5157 κολαζόμενος,
3517 5089 3661 5160 ὑπὲρ

2078 5169 2153 5229 ὧν
2189 5172 2398 5245 μυρίων
2425 5171 2652 5241 ήλπισεν
2688 5165 3093 5222 ἀπολαύσεσθαι
3120 5166 3324 5230 καλῶν,
3356 5166 3478 5218 οὐδὲ
3516 5165 3663 5222 ἔστιν

2081 5243 2256 5308 εἰπεῖν
2273 5243 2414 5322 ὅσην
2441 5249 2732 5320 ὑφίσταται
2753 5247 2852 5318 τὴν
2883 5244 3152 5315 ἀλγηδόνα
3182 5244 3262 5316 τῷ
3281 5246 3411 5314 παρ’
3441 5243 3664 5310 ἐλπίδας

2081 5335 2259 5388 ταῦτα
2284 5332 2495 5386 παθεῖν.
2550 5328 2695 5397 Ἐγὼ
2735 5327 2843 5399 γὰρ
2870 5326 2930 5390 ἐξ
2960 5324 3082 5395 ἴσης
3111 5323 3208 5377 τοῦ
3232 5323 3402 5396 πυρὸς
3436 5324 3542 5377 ὑπὸ
3568 5326 3663 5380 τοῦ

2085 5413 2385 5475 συνειδότος
2430 5409 2593 5463 αὑτὸν
2626 5404 2782 5478 οἶμαι
2833 5404 3206 5477 μαστίξεσθαι,
3257 5404 3388 5458 ὅταν
3435 5406 3667 5478 ἐννοήσῃ

2083 5495 2209 5557 τοὺς
2230 5492 2328 5564 μὲν
2353 5489 2424 5544 τά
2448 5489 2589 5543 αὑτά
2616 5487 2765 5558 αὑτῷ
2793 5484 3171 5564 πεπονηκότας
3192 5482 3272 5553 τῷ
3295 5484 3516 5556 Χριστῷ
3537 5503 3668 5541 συν-

2085 5561 2264 5639 ὄντας,
2322 5571 2484 5626 αὑτὸν
2530 5570 2587 5623 δὲ
2630 5570 2771 5639 ὑπὲρ
2807 5561 2882 5620 ὧν
2929 5567 3125 5620 ἐκεῖνοι
3177 5564 3288 5618 τῶν
3334 5566 3667 5638 ἀπορρήτων

2086 5653 2455 5731 ἀπολαύουσιν
2498 5648 2740 5731 ἀγαθῶν,
2771 5645 3158 5731 ὑπὲριτούτων
3189 5645 3300 5731 τήν.
3318 5645 3556 5731 ἐσχάτην
3583 5644 3666 5731 τὶί-

2090 5742 2246 5780 νοντα
2285 5723 2461 5791 δίκην,
2497 5715 2592 5773 καὶ
2641 5718 2748 5771 τῶν
2775 5715 3089 5772 ἀκολάστων
3120 5721 3213 5772 καὶ
3242 5715 3457 5786 λάγνων
3481 5715 3571 5771 τὸν
3607 5715 3666 5767 ἐν

2093 5805 2383 5875 σεμνότητι
2407 5799 2736 5868 διαγαγόντα
2765 5797 3123 5868 χαλεπώτερα
3144 5796 3442 5866 πάσχοντα.

2153 5895 2179 5935 ΙΙ
2203 5893 2465 5960 Πίσᾳᾲπερὶ
2491 5891 2543 5941 δὲ
2565 5892 2661 5960 τῶν
2679 5891 2942 5960 παρθένων,
2968 5890 3148 5960 dgsunl
3166 5889 3219 5937 in
3239 5886 3413 5938 Morel.
3443 5888 3497 5934 el
3520 5882 3669 5933 Plan-

2092 5963 2204 6015 um,
2226 5958 2314 6005 sed
2340 5952 2584 6004 habemur
2607 5952 2654 6000 in
2677 5952 2827 6015 εει-ῆι.
2854 5961 2905 6000 et
2930 5955 2977 6015 in
3007 5952 3125 6015 Reg.

2160 6007 2358 6067 i'Savil.
2395 6019 2455 6080 in‘
2470 6020 2629 6080 [ειμι.
2657 6014 2830 6064 Morel.
2873 6021 2924 6064 el
2950 6007 3165 6064 Plautia.
3204 6010 3433 6069 δώσεσθε,
3456 6007 3582 6071 Reg.
3621 6013 3673 6060 et

2098 6083 2249 6134 Savil.
2271 6082 2321 6130 in
2345 6077 2495 6143 marg.
2524 6077 2720 6127 δώσετε.
2978 6110 2983 6115 .
