4016 6154
423 415 522 470 537

417 531 627 586 arcanis
665 527 816 586 b0uis
847 530 1101 598 fruamur,
1131 529 1202 587 ob
1227 546 1291 587 ea
1319 539 1584 587 extremas
1613 545 1800 600 pmnas
1826 531 1995 598 luere,

418 631 474 677 et
499 623 589 692 qui
621 623 782 678 vitam
815 623 980 694 egerit
1013 638 1254 679 severam
1275 665 1289 690 ,
1313 624 1527 696 gravius
1555 621 1798 679 mulctari
1841 637 2000 692 quam

415 713 704 769 dissolutos
733 729 794 769 ac
821 714 944 768 luxu
973 715 1234 786 perditos.

490 804 554 858 V.
591 803 958 860 Hcreticorum
986 807 1326 878 uirginitatem
1351 805 1427 860 uel
1462 805 1711 860 adulterio
1744 803 2003 876 [meliorem

417 914 543 952 esse.
573 929 640 938 —
656 899 858 952 Etenim
883 899 1254 954 haereticorum
1276 901 1598 954 continentia
1617 900 1764 954 omni
1783 908 1865 953 est
1882 898 2001 956 libi-

414 990 541 1046 dine
571 991 734 1060 pejor.
781 989 908 1045 Hzec
951 1006 1180 1061 namque
1221 991 1467 1060 injuriam
1495 990 1800 1045 hominibus
1825 990 1998 1044 solum

415 1083 592 1144 infert,
620 1083 705 1137 illa
727 1097 847 1137 cum
882 1083 990 1137 Deo
1015 1091 1232 1153 pugnat,
1261 1091 1422 1154 atque
1455 1083 1712 1137 infinitam
1743 1083 1886 1136 illam
1909 1098 2000 1136 sa-

415 1175 668 1243 pientiam
699 1175 842 1229 lmdit
866 1192 879 1228 :
909 1175 1169 1244 ejusmodi
1198 1177 1414 1246 laqueos
1440 1176 1552 1230 suis
1570 1175 1860 1230 cultoribus
1886 1174 2002 1229 dia-

414 1267 567 1322 bolus
600 1267 786 1320 tendit.
831 1267 960 1320 Nam
990 1267 1361 1322 hmreticorum
1390 1267 1743 1337 virginitatem
1773 1265 1998 1321 vafritiei

413 1357 527 1426 ejus
563 1357 749 1427 procul
770 1356 931 1411 dubio
954 1356 1227 1412 inventum
1257 1372 1398 1424 esse,
1431 1373 1536 1411 non
1561 1372 1679 1427 ego,
1711 1357 1804 1412 sed
1829 1357 1872 1411 is
1897 1372 1996 1410 au-

412 1457 528 1502 ctor
553 1455 656 1513 est,
685 1448 774 1517 qui
797 1448 912 1517 ejus
945 1447 1166 1502 consilia
1197 1463 1302 1503 non
1335 1449 1557 1518 ignorat.
1581 1448 1720 1515 Qttid
1765 1449 1922 1518 igitur
1952 1449 1997 1502 is

411 1542 483 1594 ait
499 1542 524 1592 'l
547 1541 774 1610 Spiritus
799 1542 1063 1612 manifeste
1095 1541 1238 1606 dicit,
1268 1543 1385 1611 quia
1411 1539 1774 1594 in’novissimis
1799 1549 1995 1610 tempo-

412 1629 547 1684 ribus
573 1631 826 1685 discedent
854 1631 1061 1701 quidam
1090 1647 1122 1683 a
1144 1631 1264 1700 ﬁde,
1291 1631 1598 1686 attendentes
1624 1629 1882 1700 spiritibus
1911 1646 1994 1683 er-

413 1723 562 1788 roris,
586 1732 632 1776 et
660 1723 902 1776 doctrinis
923 1723 1307 1790 daemoniorum,
1329 1724 1381 1776 in
1400 1723 1656 1794 hypocrisi
1690 1724 1996 1793 loquentium

412 1814 728 1868 mendacium
752 1857 767 1881 ,
799 1823 847 1868 et
887 1814 1214 1869 cauteriotam
1253 1813 1543 1868 habentium
1567 1830 1711 1868 suam
1737 1813 1997 1868 conscien-

408 1906 552 1970 tiam,
582 1905 950 1973 prohibentium
979 1905 1180 1973 nubere,
1213 1905 1460 1960 abstinere
1484 1923 1516 1959 a
1539 1907 1662 1961 cibis
1703 1921 1827 1976 quos
1855 1904 1994 1960 Deus

409 1996 596 2049 creauit
625 1995 702 2065 (1.
735 1994 864 2048 Tim.
894 1996 949 2050 4.
979 1997 1119 2066 1-5).
1151 1996 1250 2063 Qtti
1279 1996 1434 2066 igitur
1459 1997 1606 2066 virgo
1633 1995 1793 2052 fuerit
1818 2012 1935 2066 quae
1960 2010 1993 2050 a

409 2083 517 2139 ﬁde
537 2083 733 2152 deﬁcit,
756 2101 874 2155 quae
896 2085 1080 2156 planos
1101 2085 1266 2153 audit,
1299 2103 1414 2155 qua:
1434 2087 1764 2142 daemonibus
1787 2087 1994 2142 obtem-

410 2185 585 2245 perat,
616 2192 734 2246 quze
768 2177 1102 2232 mendacium
1127 2178 1294 2232 colit?
1328 2179 1537 2248 ecquid,
1578 2179 1813 2250 inquam,
1844 2181 1993 2249 virgo

407 2276 513 2334 est,
538 2283 656 2338 qua:
683 2269 920 2323 cauterio
957 2269 1186 2324 inustam
1215 2269 1372 2324 habet
1405 2255 1825 2326 conscientiam?
1857 2271 1991 2326 Nam

407 2360 557 2430 virgo
604 2374 708 2414 non
740 2360 911 2415 solum
941 2375 1200 2430 corpore,
1229 2359 1322 2415 sed
1347 2362 1507 2415 etiam
1538 2362 1718 2416 animo
1755 2377 1884 2431 pura
1924 2362 1994 2417 sit

405 2462 639 2522 oportet,
668 2469 790 2523 quae
819 2462 1060 2508 sanctum
1101 2454 1247 2509 illum
1275 2468 1528 2524 sponsum
1560 2463 1843 2524 exceptura
1865 2464 1947 2509 est
1975 2472 1988 2508 :

407 2545 523 2600 luce
544 2554 621 2600 tot
646 2545 836 2600 inustis
864 2546 1005 2600 notis
1033 2547 1122 2616 qui
1143 2545 1356 2600 tandem
1376 2561 1505 2615 pura
1529 2545 1636 2599 sit?
1655 2544 1784 2599 Nam
1811 2545 1858 2599 si
1886 2555 1993 2600 ter-

406 2652 563 2693 renas
589 2637 747 2692 etiam
772 2652 930 2692 curas
955 2638 1022 2693 ab
1046 2636 1148 2692 hoc
1173 2637 1406 2691 thalamo
1430 2645 1609 2692 arceat
1637 2651 1861 2692 necesse
1885 2645 1989 2702 est,

407 2738 463 2783 ut
487 2745 604 2800 qua:
624 2743 746 2784 cum
777 2729 846 2783 iis
875 2737 1060 2783 ornata
1087 2743 1207 2784 esse
1234 2724 1480 2798 nequeat,
1502 2729 1772 2799 quomodo
1791 2728 1990 2799 cogita-

409 2824 553 2877 tione
581 2823 840 2892 sacrilega
872 2823 1015 2877 intus
1037 2821 1358 2877 observante
1397 2820 1712 2892 virginitatis
1741 2819 1994 2891 splendo-

407 2928 520 2968 rem
544 2912 788 2968 tueatur?

480 3003 568 3058 Vl.
604 3002 881 3058 Haereticos
906 3003 1124 3075 virgines
1151 3019 1254 3058 non
1280 3003 1477 3057 animas
1504 3003 1696 3069 solum,
1730 3003 1818 3057 sed
1839 3003 1991 3056 etiam

407 3115 623 3170 corpora
651 3097 895 3169 polluere.
926 3127 997 3138 —
1034 3096 1167 3152 Nam
1193 3097 1291 3152 etsi
1317 3097 1366 3151 ei
1404 3111 1600 3166 corpus
1637 3096 1839 3151 salvum
1870 3104 1988 3162 est,

405 3189 568 3244 animi
597 3198 792 3253 tamen,
821 3205 941 3258 qtue
969 3204 1090 3257 pars
1116 3197 1200 3243 est
1222 3189 1418 3258 potior,
1447 3197 1571 3243 sunt
1590 3196 1837 3257 corrupta
1862 3201 1991 3241 con-

404 3280 542 3336 silia.
565 3279 702 3349 Quid
728 3289 904 3334 autem
933 3280 1091 3335 refert
1113 3278 1338 3348 disjecto
1360 3278 1558 3349 templo
1585 3285 1733 3348 septa
1762 3277 1990 3333 restare?

405 3379 500 3424 aut
522 3371 706 3440 quanti
736 3371 958 3426 interest
982 3385 1173 3440 purum
1198 3384 1318 3424 esse
1339 3369 1458 3423 solii
1483 3370 1679 3436 locum,
1711 3368 1846 3423 solio
1875 3383 1994 3423 sor-

405 3461 562 3517 dibus
607 3460 922 3532 inquinato?
971 3460 1302 3530 Quamquam
1341 3473 1442 3514 nec
1487 3461 1640 3513 abest
1667 3473 1695 3512 a
1734 3459 1987 3528 piaculo:

405 3552 731 3623 blasphemia
776 3553 917 3608 enim
946 3561 1105 3622 atque
1151 3551 1328 3621 impia:
1357 3565 1516 3606 voces
1553 3566 1673 3605 cum
1705 3554 1846 3605 intus
1877 3551 1982 3605 fnr-

406 3653 651 3710 mentur,
694 3643 837 3698 intus
862 3644 914 3698 in
943 3643 1126 3697 animo
1152 3657 1256 3696 non
1289 3651 1524 3705 manent,
1557 3641 1652 3696 sed
1678 3649 1732 3696 et
1755 3642 1986 3712 linguam

405 3750 500 3791 ore
529 3736 748 3805 prolatae
776 3742 832 3790 et
859 3749 1014 3790 aures
1035 3748 1154 3804 qum
1174 3733 1465 3802 suscipiant
1488 3733 1747 3803 polluunt,
1774 3740 1829 3788 et
1847 3733 1990 3787 velut

406 3825 677 3881 mortifera
707 3840 906 3881 venena
941 3824 996 3879 in
1026 3823 1261 3878 animum
1302 3824 1508 3894 illapsa,
1536 3822 1768 3878 radicem
1799 3837 1986 3877 corro-

406 3920 537 3974 dunt
562 3920 747 3990 quavis
777 3919 915 3972 tinea
944 3919 1174 3988 gravius,
1201 3931 1320 3971 cum
1347 3930 1515 3985 eaque
1540 3915 1797 3984 reliquum
1829 3928 1988 3969 omne

406 4024 598 4081 corpus
633 4009 878 4078 perdunt.
910 4008 1087 4076 Quare
1126 4008 1170 4062 si
1198 4007 1512 4076 virginitatis
1536 4003 1774 4060 definitio
1803 4013 1904 4070 est,
1935 4013 1990 4058 et

407 4101 583 4155 animo
608 4109 662 4156 et
695 4114 920 4169 corpore
964 4105 1201 4153 sanctam
1232 4111 1389 4152 esse:
1420 4096 1535 4151 lucc
1562 4111 1679 4166 quae
1709 4105 1989 4165 utramque

407 4191 460 4244 in
492 4198 695 4260 partem
725 4189 943 4260 profana
973 4198 1026 4244 et
1060 4188 1318 4244 scelerata
1341 4187 1438 4249 sit,
1466 4186 1556 4257 qui
1597 4186 1808 4241 tandem
1841 4187 1988 4257 virgo

406 4281 596 4336 fuerit?
631 4283 696 4334 At
726 4283 868 4336 enim
899 4279 1028 4333 mihi
1057 4287 1111 4334 et
1138 4294 1201 4334 os
1235 4277 1520 4348 pallidum,
1558 4285 1613 4331 et
1643 4277 1870 4347 graciles
1895 4293 1985 4332 ar-

406 4382 511 4438 tus,
534 4382 586 4428 et
629 4373 787 4426 vilem
819 4371 1070 4427 amictum
1101 4378 1156 4426 et
1186 4379 1456 4440 aspectum
1488 4368 1705 4438 praefert
1734 4384 1986 4425 mansue-

407 4473 537 4517 tum.
563 4462 629 4517 Et
647 4463 772 4533 quid
795 4472 904 4516 tum
927 4472 1130 4531 postea,
1154 4461 1199 4515 si
1222 4459 1500 4531 impudens
1521 4468 1604 4514 est
1625 4460 1844 4515 interior
1862 4475 1991 4514 ocu-

405 4555 519 4610 lus?
546 4554 684 4622 Quid
713 4555 856 4609 enim
886 4569 953 4609 eo
981 4561 1200 4622 aspectu
1242 4551 1601 4622 impudentius
1645 4560 1745 4617 est,
1775 4550 1865 4622 qui
1893 4567 1989 4606 ex-

407 4646 628 4701 teriores
677 4644 860 4700 oculos
911 4643 1160 4709 inducat,
1212 4657 1300 4697 res
1351 4657 1380 4695 a
1438 4642 1546 4697 Deo
1596 4651 1803 4696 creatas
1844 4642 1987 4698 velut

403 4740 619 4794 vitiosas
646 4738 942 4808 usurpare?
975 4737 1153 4792 Omnis
1179 4737 1342 4808 gloria
1367 4737 1488 4806 ﬁlia:
1513 4736 1643 4807 regis
1669 4746 1742 4792 est
1779 4738 1988 4792 interior

405 4831 526 4900 (Ps.
553 4833 642 4887 44.
670 4832 776 4906 11)
805 4848 819 4885 :
852 4831 968 4886 haec
995 4830 1250 4885 orationis
1283 4829 1476 4886 seriem
1517 4829 1750 4895 invertit,
1779 4839 1830 4884 et
1856 4829 1987 4885 furis

403 4922 570 4992 gloria
595 4925 787 4977 amlcta
813 4921 956 4975 omni
984 4921 1127 4975 intus
1152 4919 1390 4976 fteditate
1418 4919 1643 4974 laborat.
1669 4920 1802 4974 Illud
1830 4937 1983 4975 nam-

401 5029 509 5085 que
535 5014 803 5084 indignum
826 5013 1032 5068 facinus
1057 5022 1158 5091 est,
1181 5027 1300 5083 qua:
1325 5013 1637 5067 modestiam
1661 5027 1785 5082 erga
1808 5011 1984 5067 homi-

402 5121 500 5160 nes
531 5120 791 5160 summam
817 5112 1054 5176 praestet,
1086 5119 1203 5159 eam
1235 5104 1284 5156 in
1318 5104 1482 5158 Deum
1511 5111 1804 5158 creatorem
1830 5117 1984 5158 suum

398 5209 642 5252 extrema
661 5197 861 5251 insania
883 5197 996 5262 uti;
1019 5204 1073 5251 et
1090 5212 1209 5266 quae
1226 5196 1394 5250 virum
1417 5196 1498 5250 vel
1523 5195 1716 5270 intueri
1740 5211 1843 5250 non
1866 5212 1984 5251 sus-

399 5289 590 5354 tineat,
623 5288 668 5341 si
689 5303 807 5357 qua:
831 5297 1006 5343 tamen
1031 5288 1082 5342 in
1110 5288 1176 5342 iis
1211 5288 1342 5343 tales
1371 5295 1516 5354 sunt,
1540 5288 1841 5342 mortalium
1877 5289 1983 5342 Do-

396 5379 604 5434 minum
632 5376 1025 5448 impudentibus
1053 5378 1218 5434 oculis
1246 5387 1520 5448 spectare,
1561 5388 1853 5450 contraque
1887 5395 1985 5434 ex-

395 5473 604 5528 celsum
642 5470 841 5526 nefaria
866 5472 1010 5542 loqui
1046 5471 1257 5527 :buxea
1279 5471 1344 5527 iis
1368 5471 1530 5528 facies
1559 5480 1662 5537 est,
1687 5473 1986 5542 mortuique

393 5562 612 5618 similis.
635 5562 715 5617 0b
737 5562 788 5618 id
813 5563 955 5618 enim
978 5563 1158 5618 multis
1186 5563 1434 5634 lacrymis
1454 5578 1516 5618 ac
1544 5564 1790 5619 lamentis
1812 5563 1985 5634 digna:

392 5662 548 5720 sunt,
580 5652 722 5725 quod
751 5670 857 5710 non
885 5655 1056 5709 solum
1085 5654 1301 5721 frustra,
1333 5653 1426 5710 sed
1452 5655 1612 5710 etiam
1645 5656 1696 5709 iu
1728 5654 1808 5709 sui
1841 5656 1986 5724 capi-

392 5747 468 5803 tis
493 5747 780 5814 perniciem
806 5755 1007 5801 tantum
1031 5761 1386 5802 aerumnarum
1417 5746 1769 5818 susceperint.
1849 5781 1853 5790 -

477 5834 585 5893 VII.
639 5835 892 5911 Virginem
937 5853 1033 5894 non
1075 5837 1283 5906 vestitu,
1314 5836 1399 5892 scd
1446 5837 1612 5893 animo
1657 5835 1983 5908 spectandam

1765 415 1862 471 DE‘
1890 414 2346 472 VIRGINITATE.
3586 413 3689 474 538

2116 546 2239 585 esse.
2269 561 2339 572 -—
2369 530 2500 586 Vilis
2527 537 2607 587 est
2627 532 2850 588 amictus
2884 549 2896 586 :
2929 541 2983 588 at
3013 548 3116 588 non
3149 535 3202 590 in
3229 536 3460 592 vestibus
3489 548 3578 592 aut
3600 554 3692 592 co-

2111 620 2244 689 lore,
2272 623 2364 676 sed
2396 622 2448 675 in
2473 623 2652 678 animo
2687 633 2847 694 atque
2871 639 3094 696 corpore
3125 627 3396 695 virginitas
3425 638 3523 683 est.
3558 628 3689 684 Nam

2109 728 2230 766 cum
2259 727 2358 768 nec
2384 712 2755 783 phil050phnm
2781 729 2934 770 coma
2953 757 2968 782 ,
2995 725 3088 771 aut
3111 715 3300 771 baculo
3319 759 3332 781 ,
3367 727 3457 772 aut
3485 718 3687 784 abolla,

2108 803 2203 858 sed
2229 804 2468 858 moribus
2487 812 2540 858 et
2563 805 2744 858 animo
2765 805 3076 872 metiamur;
3107 823 3202 862 nec
3224 808 3444 862 militem
3477 809 3692 877 paluda-

2107 907 2311 963 mento,
2339 905 2432 951 aut
2460 897 2658 964 balteo,
2691 896 2786 952 sed
2812 899 3004 953 robore
3026 909 3079 954 et
3114 900 3548 970 magnanimitate
3579 917 3591 952 :
3622 916 3689 955 au

2108 1005 2211 1045 non
2237 990 2523 1044 absurdum
2551 990 2620 1045 sit
2657 989 2882 1060 virgini,
2911 991 2989 1045 rei
3013 1001 3118 1046 tam
3158 993 3459 1062 praeclarae,
3493 1001 3545 1047 et
3573 1010 3692 1064 qua:

2108 1081 2341 1134 humana
2369 1081 2548 1135 omnia
2574 1089 2816 1150 superet,
2843 1081 3020 1152 capilli
3042 1083 3362 1152 squalorem,
3394 1084 3572 1138 vultus
3596 1083 3692 1140 de-

2106 1173 2433 1239 missionem,
2463 1188 2526 1228 ac
2549 1173 2745 1243 pullam
2772 1182 2997 1241 vestem,
3027 1183 3230 1230 temere
3257 1191 3384 1230 sane
3409 1190 3470 1230 ac
3498 1177 3688 1245 supina

2104 1265 2283 1319 virtuti
2309 1264 2527 1332 ducere,
2556 1281 2655 1321 nec
2681 1265 2799 1335 ejus
2828 1265 3008 1320 animo
3034 1265 3300 1320 denudato
3319 1308 3334 1332 ,
3365 1266 3489 1321 inde
3515 1267 3687 1321 studia

2103 1356 2220 1424 ejus
2243 1365 2490 1411 accurate
2528 1358 2846 1429 explorare?
2877 1361 2944 1412 At
2971 1373 3076 1412 non
3109 1359 3157 1412 id
3187 1361 3464 1430 permittit,
3491 1361 3579 1430 qui
3601 1361 3688 1415 lu-

2102 1455 2202 1501 cta:
2231 1448 2388 1515 hujus
2408 1448 2550 1518 leges
2592 1450 2766 1504 sanxit
2799 1467 2812 1501 :
2847 1465 3018 1520 neque
3055 1451 3196 1505 enim
3227 1466 3342 1518 eos,
3383 1451 3474 1522 qui
3504 1451 3556 1506 in
3587 1451 3689 1507 hoc

2103 1545 2372 1593 certamen
2417 1553 2476 1594 se
2519 1540 2830 1610 conjiciunt,
2879 1543 3094 1608 vestitu,
3145 1542 3240 1597 sed
3279 1542 3610 1613 dogmatibus
3634 1552 3690 1599 et

2101 1628 2281 1682 animo
2308 1631 2535 1699 spectari
2555 1631 2725 1698 jubet.
2763 1632 2864 1699 Qui
2888 1633 3019 1686 enim
3045 1643 3236 1699 certat,
3270 1636 3458 1706 inquit,
3490 1635 3551 1689 ab
3577 1653 3689 1692 om-

2101 1720 2246 1774 nibus
2261 1736 2314 1774 se
2351 1722 2564 1775 continet
2590 1722 2664 1792 (l.
2687 1721 2804 1778 Cor.
2828 1723 2881 1778 9.
2903 1724 3021 1796 25),
3056 1725 3258 1781 scilicet
3283 1743 3401 1797 qua:
3425 1728 3586 1782 animi
3604 1745 3689 1783 sa-

2100 1810 2317 1864 nitatem
2363 1811 2647 1868 infestent:
2677 1824 2751 1876 et,
2802 1813 2968 1868 Nemo
2994 1825 3280 1882 coronatur,
3331 1817 3429 1870 nisi
3471 1818 3690 1888 legitime

2100 1901 2357 1953 certauerit
2386 1899 2462 1973 (2.
2491 1900 2625 1954 Tim.
2649 1901 2703 1955 2.
2735 1903 2808 1974 5).
2855 1903 2984 1970 Qua:
3011 1915 3135 1958 sunt
3162 1905 3320 1976 igitur
3348 1905 3501 1961 luctu:
3531 1908 3689 1976 hujus

2098 1989 2281 2058 leges?
2302 1991 2438 2044 Audi
2465 1992 2713 2046 eumdem
2739 1993 3024 2058 dicentem,
3053 1996 3134 2049 vel
3162 1997 3338 2065 potius
3365 1997 3417 2050 in
3445 2012 3510 2052 eo
3531 1998 3686 2053 Chri-

2099 2090 2240 2135 stum
2284 2083 2595 2136 certaminis
2637 2093 2908 2138 auctorem
2943 2101 2957 2138 :
2990 2083 3302 2140 Honorabile
3329 2096 3403 2140 est
3429 2089 3688 2143 matrimo-

2099 2173 2240 2224 nium
2267 2182 2313 2225 et
2339 2181 2477 2226 torus
2505 2173 2856 2228 immaculatus
2888 2173 3044 2248 (Ileb.
3078 2176 3163 2231 15.
3192 2174 3269 2248 4).

2173 2263 2304 2318 VIII.
2351 2259 2541 2335 Virgini
2577 2282 2694 2335 erga
2738 2268 2976 2338 conjuges
3007 2273 3196 2338 fastum
3233 2269 3532 2324 detrimento
3558 2288 3683 2327 esse.

2097 2385 2167 2395 —
2195 2356 2330 2423 Quid
2363 2373 2490 2412 vero
2530 2356 2634 2413 hoc
2659 2357 2725 2413 ad
2757 2374 2872 2425 me,
2906 2360 3110 2430 inquit,
3157 2377 3277 2433 qua:
3305 2365 3547 2418 nuntium
3574 2381 3686 2420 ma-

2099 2447 2349 2503 trimonio
2375 2449 2594 2504 remisi?
2616 2449 2670 2504 ld
2697 2450 2861 2515 enim,
2886 2452 3100 2518 misera,
3127 2452 3176 2507 id
3204 2463 3254 2508 te
3275 2454 3518 2524 perdidit,
3544 2457 3684 2526 quod

2097 2539 2227 2594 nihil
2252 2540 2346 2595 tibi
2367 2555 2485 2594 cum
2514 2555 2581 2596 eo
2607 2541 2855 2612 dogmate
2881 2557 3165 2598 commune
3187 2545 3480 2600 existimas.
3505 2546 3686 2618 Itaque

2098 2649 2210 2690 rem
2225 2649 2340 2690 eam
2357 2643 2597 2691 extremo
2616 2643 2923 2704 contemptu
2943 2646 3284 2708 prosequuta,
3299 2649 3354 2692 et
3367 2637 3458 2693 Dci
3475 2640 3685 2709 sapien-

2095 2725 2183 2780 tiae
2225 2713 2600 2781 contumeliam
2650 2725 2838 2793 fecisti,
2869 2732 2928 2782 ct'
2969 2738 3211 2783 naturam
3240 2746 3416 2785 rerum
3464 2746 3679 2786 onmem

2094 2816 2372 2872 criminata
2393 2831 2472 2872 es.
2495 2815 2627 2871 Nam
2651 2818 2695 2871 si
2723 2818 2988 2888 impurum
3013 2819 3412 2875 matrimonium
3440 2830 3542 2888 est,
3565 2821 3680 2875 ani-

2095 2916 2305 2962 mantes
2342 2909 2502 2962 etiam
2542 2924 2611 2962 ex
2643 2924 2708 2963 eo
2747 2918 3008 2980 suscepta:
3050 2911 3271 2981 impura:
3299 2926 3488 2967 omnes
3517 2925 3680 2981 sunt,

2094 3007 2255 3068 atque
2282 2997 2417 3052 adeo
2439 3007 2492 3053 et
2519 3013 2616 3052 vos
2641 3017 2654 3053 :
2679 3014 2850 3068 neque
2876 3000 3016 3054 enim
3041 3000 3264 3056 dixerim
3293 3001 3564 3058 hominum
3589 3019 3683 3058 na-

2094 3097 2289 3144 turam.
2317 3089 2598 3155 Quomodo
2628 3089 2786 3159 igitur
2807 3090 2956 3161 virgo
2982 3100 3096 3156 est;
3129 3109 3247 3163 quae
3276 3093 3524 3164 impura?
3548 3094 3680 3149 Nam

2095 3181 2259 3236 altera
2293 3181 2407 3235 lucc
2427 3223 2442 3248 ,
2484 3180 2592 3236 imo
2619 3191 2673 3236 et
2701 3182 2854 3236 tertia
2886 3185 3180 3253 excogitata
3217 3187 3364 3241 vobis
3389 3187 3600 3243 foeditas
3628 3201 3683 3244 ct

2095 3271 2372 3342 impuritas
2398 3280 2511 3336 est;
2534 3287 2596 3326 ac
2624 3287 2742 3343 qum
2769 3273 3164 3328 matrimonium
3198 3275 3342 3330 velut
3361 3277 3682 3347 ﬂagitiosum

2094 3363 2387 3434 refugistis,
2420 3379 2485 3419 eo
2512 3363 2629 3433 ipso
2657 3363 2797 3434 quod
2828 3365 3118 3436 rcfugistis,
3163 3365 3400 3423 omnium
3423 3371 3552 3426 estis
3583 3373 3681 3427 lla-

2093 3454 2478 3524 gitiosissimac,
2501 3455 2805 3526 virginitate
2825 3465 3010 3526 stupro
3029 3457 3251 3514 foediore
3277 3459 3508 3517 inventa.
3533 3463 3682 3532 Quo-

2095 3559 2216 3598 nam
2249 3545 2407 3614 igitur
2437 3545 2555 3600 loco
2585 3561 2683 3601 vos
2720 3547 3024 3616 ponemus?
3048 3563 3168 3604 cum
3197 3549 3432 3607 Iudaeis?
3465 3555 3533 3608 At
3574 3572 3681 3612 non

2093 3635 2430 3691 sustinebunt
2465 3653 2477 3688 :
2520 3651 2641 3690 nam
2689 3645 2743 3691 et
2788 3639 3186 3694 matrimonium
3226 3641 3446 3711 colunt,
3498 3654 3552 3700 et
3585 3647 3681 3702 Dei

2093 3727 2416 3782 creationem
2448 3729 2765 3799 suspiciunt.
2814 3733 2894 3784 An
2929 3731 3242 3787 nobiscum?
3290 3735 3360 3789 At
3405 3736 3676 3794 Christum

2095 3834 2190 3889 per
2213 3819 2432 3874 Paulum
2464 3820 2728 3877 dicentem
2756 3821 2941 3879 audire
2969 3825 3234 3894 noluistis,
3262 3825 3576 3885 Ilonorabile
3605 3841 3681 3886 est

2093 3911 2465 3965 matrimonium
2491 3920 2539 3965 et
2577 3922 2716 3968 torus
2753 3913 3104 3971 immaculatus
3125 3916 3278 3988 (Heb.
3313 3920 3398 3974 15.
3429 3920 3505 3992 4).
3535 3921 3682 3976 Reli-

2091 4018 2253 4072 quum
2284 4011 2368 4058 est
2389 4003 2545 4074 igitur
2568 4014 2624 4060 ut
2655 4021 2774 4061 cum
2808 4008 3054 4078 gentibus
3074 4025 3234 4080 porro
3263 4013 3586 4068 consistatis.
3609 4015 3679 4069 At

2094 4093 2197 4147 illae
2218 4093 2377 4149 etiam
2406 4110 2502 4150 vos
2530 4103 2584 4149 ut
2609 4111 2669 4151 se
2695 4099 2862 4166 magis
2888 4099 3078 4169 impios
3105 4101 3383 4170 repellent.
3405 4101 3536 4157 Nam
3556 4104 3680 4159 Pla-

2093 4183 2231 4240 tonis
2261 4186 2522 4240 sententia
2550 4195 2633 4241 est
2663 4185 2750 4254 (In
2775 4187 3009 4259 Timaeo),
3040 4189 3242 4244 Bonum
3273 4191 3433 4247 fuisse
3450 4194 3538 4264 qui
3569 4194 3672 4251 hoc

2093 4292 2252 4332 omne
2281 4276 2496 4331 molitus
2524 4286 2625 4341 est,
2665 4286 2751 4342 et,
2781 4279 2988 4334 Bonum
3014 4281 3209 4336 nullius
3240 4283 3314 4337 rei
3343 4299 3466 4355 erga
3494 4302 3681 4357 quem-

2092 4382 2250 4436 quam
2277 4367 2470 4422 invidia
2498 4367 2660 4437 tangi.
2682 4367 2760 4422 Tu
2785 4369 2984 4424 malum
3012 4371 3182 4441 ipsum
3210 4374 3464 4444 appellas,
3487 4389 3540 4432 et
3565 4395 3679 4432 ma-

2094 4457 2263 4512 larum
2295 4473 2472 4513 rerum
2493 4467 2812 4515 creatorem.
2840 4459 3037 4516 Verum
3063 4478 3130 4518 ne
3155 4466 3442 4522 extimesco
3469 4485 3482 4522 :
3512 4467 3678 4525 habes

2093 4549 2348 4604 doctrina:
2389 4559 2667 4604 consortes
2711 4549 2980 4606 diabolum
3008 4553 3229 4624 ejusque
3270 4559 3524 4627 angelos;
3570 4560 3681 4616 imo

2092 4659 2192 4698 nec
2219 4659 2312 4699 eos
2336 4643 2548 4714 quidem
2582 4660 2596 4696 :
2628 4659 2800 4714 neque
2832 4646 2974 4700 enim
3003 4648 3092 4717 qui
3125 4657 3176 4703 te
3206 4647 3258 4702 in
3294 4665 3416 4704 eum
3445 4652 3677 4709 furorem

2093 4735 2419 4799 iuduxerint,
2444 4735 2583 4790 idem
2610 4735 2768 4790 etiam
2789 4737 2987 4792 sentire
3014 4739 3350 4796 existimandi
3377 4751 3520 4798 sunt.
3543 4743 3676 4798 Nam

2091 4826 2230 4881 scire
2256 4840 2350 4881 eos
2378 4826 2542 4882 Deum
2571 4825 2769 4882 bonum
2813 4843 2952 4892 esse,
3003 4829 3125 4884 audi
3167 4830 3480 4900 clamantes,
3512 4851 3677 4903 nunc,

2095 4915 2298 4970 Scimus
2336 4925 2380 4968 te
2408 4917 2494 4985 qui
2525 4916 2594 4970 sis
2615 4959 2628 4978 .
2669 4916 2885 4972 Sanctus
2913 4917 3010 4973 Dei
3034 4919 3227 4990 (Marc.
3257 4923 3308 4976 1.
3341 4922 3465 4994 24);
3499 4939 3673 4993 nunc,

2081 5005 2164 5060 ,1Ιί
2191 5006 2414 5060 homines
2439 5007 2568 5060 servi
2589 5006 2685 5061 Dei
2708 5007 2890 5062 excelsi
2909 5020 3043 5076 sunt,
3072 5013 3156 5082 qui
3185 5012 3319 5067 vobis
3339 5015 3472 5068 viam
3496 5015 3677 5071 salutis

2093 5099 2328 5152 nuntiant
2363 5098 2495 5170 (Act.
2527 5099 2611 5154 16.
2650 5100 2758 5170 17).
2789 5101 2856 5155 Et
2878 5101 3052 5158 adhuc
3075 5105 3426 5175 virginitatem
3451 5107 3670 5177 jactnbi-

2094 5191 2182 5256 tis,
2213 5190 2280 5246 de
2310 5206 2478 5260 eaque
2505 5191 2878 5261 gloriabimini,
2930 5207 2997 5250 ac
3033 5211 3136 5250 non
3192 5197 3369 5267 potius
3417 5200 3670 5258 abeuntes

2094 5291 2324 5338 vestram
2364 5282 2712 5352 deplorabitis
2736 5299 2799 5340 ac
2829 5284 3072 5355 lugebitis
3113 5289 3420 5356 amentiam,
3447 5306 3550 5362 qua
3580 5308 3671 5349 vos

2093 5377 2336 5432 diabolus
2386 5375 2533 5430 velut
2575 5392 2734 5431 manu
2781 5387 2966 5448 captos
3019 5379 3293 5450 colligatos
3323 5382 3374 5437 in
3414 5384 3671 5454 gehennae

2095 5470 2268 5539 ignem
2314 5465 2514 5521 trahit?
2556 5465 2949 5522 Matrimonium
3001 5484 3104 5522 non
3155 5471 3358 5528 iniisti?
3386 5484 3441 5530 at
3489 5491 3593 5532 non
3622 5478 3672 5533 id

2094 5561 2368 5631 virginitas
2401 5567 2484 5614 est
2513 5575 2526 5612 :
2557 5574 2678 5612 nam
2709 5574 2827 5628 quas
2852 5574 2971 5615 cum
3002 5561 3263 5633 integrum
3304 5576 3446 5623 esset
3473 5569 3669 5626 nubere

2093 5651 2485 5717 dctrectaverit,
2514 5666 2631 5704 eam
2670 5664 2768 5720 ego
2793 5650 3048 5722 virginem
3083 5654 3308 5712 dixerim
3338 5676 3351 5713 :
3379 5669 3432 5715 at
3457 5675 3578 5716 cum
3612 5680 3675 5717 eo

2094 5743 2431 5799 interdictum
2462 5742 2628 5808 dicas,
2653 5757 2758 5795 non
2784 5741 2894 5809 jam
2930 5743 2979 5799 id
3010 5755 3154 5802 recte
3183 5747 3379 5806 factum
3414 5753 3517 5808 tuis
3545 5768 3674 5815 eon-

2093 5835 2245 5904 siliis,
2294 5833 2386 5890 sed
2436 5833 2567 5904 legis
2619 5832 2920 5891 necessitati
2967 5837 3314 5897 tribuendum»
3351 5853 3449 5898 est.
3502 5845 3676 5910 Quare
