4016 6154
318 400 425 454 539

321 512 508 566 Persas
541 508 637 578 'qni
687 512 886 561 matres
932 521 1131 560 uxores
1175 522 1279 559 non
1311 506 1509 560 ducunt
1553 505 1898 566 admiramur,

321 604 588 656 Romanos
617 617 720 655 non
756 601 882 654 item
913 617 926 652 ε
961 599 1045 652 hic
1071 613 1302 667 namque
1337 597 1404 651 ad
1440 613 1604 650 unum
1649 596 1899 649 omnibus

320 693 368 746 id
398 691 784 746 exsecrandum
816 691 1041 754 videtur,
1075 689 1181 744 illic
1209 688 1497 759 impunitas
1525 704 1586 741 ea
1617 688 1902 756 designan-

320 785 369 840 di
395 783 597 843 effecit,
629 793 686 837 ut
713 783 801 853 qui
837 782 905 836 ab
944 796 1008 836 eo
1031 781 1316 835 concubitu
1360 780 1691 834 abstinerent
1717 777 1902 832 lauda-

319 888 521 932 rentur.
558 875 637 930 Ad
684 874 929 930 eunnlcm
975 873 1188 926 modum
1231 881 1284 926 et
1323 871 1391 925 de
1430 869 1768 924 matrimonio
1807 867 1902 922 lia-

321 969 488 1022 benda
520 967 742 1037 quaestio
771 975 870 1020 est.
911 963 1021 1018 Nos
1054 963 1222 1026 enim,
1249 961 1387 1030 apud
1415 975 1550 1030 quos
1579 958 1631 1013 id
1654 957 1902 1012 omnibus

323 1059 635 1128 permissum
663 1056 752 1122 sit,
781 1056 970 1110 merito
999 1069 1093 1109 eos
1113 1054 1200 1122 qui
1225 1051 1621 1106 matrimonium
1648 1062 1754 1104 non
1774 1063 1902 1104 con-

323 1154 531 1204 trahant
563 1148 818 1203 miramur
872 1164 886 1200 :
940 1159 1035 1198 vos
1063 1144 1152 1213 qui
1189 1143 1240 1196 id
1290 1142 1343 1196 in
1373 1142 1638 1196 malorum
1677 1140 1900 1196 classem

323 1239 635 1310 rejeccritis,
663 1236 794 1290 nihil
821 1244 903 1290 est
935 1234 1079 1304 quod
1110 1231 1320 1287 laudem
1352 1248 1417 1286 ex
1442 1231 1544 1286 bac
1574 1246 1634 1285 re
1653 1230 1899 1300 captetis.

321 1333 452 1385 Nam
483 1329 665 1384 vetitis
703 1328 976 1382 abstinere
996 1366 1012 1392 ,
1049 1325 1098 1379 id
1129 1340 1256 1378 vero
1279 1340 1384 1378 non
1413 1332 1494 1378 est
1515 1323 1674 1377 animi
1704 1321 1902 1377 excelsi

321 1434 477 1492 atque
499 1420 703 1475 strenui
728 1437 740 1472 :
775 1417 1024 1487 perfecta:
1048 1416 1188 1472 enim
1209 1416 1419 1470 virtutis
1447 1424 1549 1482 est,
1577 1429 1681 1468 non
1711 1429 1773 1468 ea
1797 1429 1902 1468 non

321 1537 333 1558 ι
352 1514 675 1575 mumittere,
705 1525 824 1580 qum
842 1509 885 1562 si
917 1509 1311 1561 committamus
1333 1505 1469 1576 apud
1497 1518 1683 1559 omnes
1708 1505 1906 1573 impro-

322 1605 372 1658 bi
406 1603 718 1666 habeamur,
773 1599 868 1653 sed
899 1599 964 1652 iis
1003 1597 1286 1662 excellere,
1329 1611 1447 1666 qua:
1478 1611 1650 1664 neque
1679 1609 1773 1648 eos
1814 1594 1904 1663 qui

321 1697 640 1758 detrectent,
667 1708 732 1748 eo
765 1692 981 1746 nomine
1007 1689 1205 1759 culpari
1239 1690 1524 1757 patiantur,
1549 1695 1603 1740 et
1630 1686 1718 1756 qui
1739 1685 1906 1740 susci-

324 1793 469 1856 piant
494 1803 556 1844 ac
583 1787 986 1858 perfungantur,
1015 1798 1122 1837 non
1153 1781 1406 1850 opinione
1437 1779 1790 1848 improbitatis
1817 1793 1906 1832 so-

325 1884 430 1936 lum
462 1880 708 1944 liberent,
740 1877 834 1932 sed
861 1877 1019 1930 etiam
1044 1873 1196 1928 bonis
1221 1881 1554 1927 accenscant.
1581 1871 1709 1925 Nam
1734 1880 1788 1923 ut
1814 1885 1909 1924 eu-

323 1974 525 2027 nuchos
552 1972 620 2025 de
657 1969 955 2040 virginitate
986 1965 1165 2019 laudet
1187 1979 1364 2028 nemo,
1389 1963 1479 2034 qui
1503 1961 1901 2016 matrimonium

328 2084 427 2121 non
469 2063 807 2134 contrahant,
850 2061 929 2114 sic
956 2073 1051 2113 nec
1079 2072 1175 2112 vos
1203 2074 1215 2110 :
1254 2072 1375 2110 cum
1404 2056 1545 2124 quod
1574 2055 1679 2109 illis
1704 2061 1909 2108 naturzn

320 2156 640 2219 necessitas,
671 2152 722 2207 id
751 2151 901 2205 vobis
926 2150 995 2203 sit
1030 2155 1295 2215 corrupta:
1337 2145 1684 2200 conscientiae
1723 2143 1910 2198 antici-

322 2248 466 2316 patio
503 2263 515 2299 :
559 2259 622 2299 ac
666 2239 1114 2311 quemadmodum
1145 2236 1422 2292 eunuchos
1451 2234 1696 2303 corporis
1726 2234 1908 2288 vitium

322 2341 502 2407 ejuscc
527 2337 604 2391 rei
635 2333 801 2406 gloria
826 2331 1020 2400 dejecit
1037 2372 1052 2391 ,
1081 2330 1152 2384 ita
1174 2345 1269 2383 vos
1292 2327 1535 2381 diabolus
1558 2368 1574 2390 ,
1602 2335 1788 2378 natura
1815 2339 1910 2378 vo-

323 2432 406 2486 bis
428 2431 572 2485 salva
619 2433 987 2496 permanente,
1013 2422 1156 2476 sanis
1183 2421 1422 2476 consiliis
1464 2419 1688 2474 resectis
1709 2459 1725 2482 ,
1752 2427 1914 2486 atque

324 2525 378 2576 in
409 2517 780 2574 necessitatem
829 2512 1103 2582 coniectos
1147 2511 1439 2574 cat-libatus,
1473 2525 1594 2564 cum
1639 2508 1913 2563 laboribus

326 2620 499 2681 urget,
552 2619 662 2663 tum
713 2605 914 2661 laudari
957 2621 1063 2658 non
1113 2603 1257 2656 sinit.
1291 2601 1686 2655 Matrimonium
1729 2600 1913 2656 vetas?

325 2699 627 2756 eamobrem
658 2705 712 2752 et
735 2696 1010 2750 caelibatus
1034 2693 1336 2748 mercedem
1369 2707 1474 2745 non
1503 2691 1754 2762 accipies,
1789 2693 1896 2746 imo

326 2805 512 2862 poenas
535 2791 693 2844 etiam
724 2802 787 2842 ac
816 2786 1134 2856 supplicium
1164 2785 1299 2838 lues.

399 2881 488 2936 IX.
511 2880 591 2934 Ad
619 2879 950 2948 virginitatem
976 2875 1189 2943 hortari,
1213 2890 1530 2947 nequaquam
1557 2875 1666 2945 ejus
1697 2889 1803 2927 esse
1827 2874 1915 2943 qui

329 2971 700 3026 matrimonium
740 2977 886 3022 vetet.
922 2995 991 3006 --
1033 2966 1109 3021 Tu
1140 2982 1266 3021 vero
1287 3007 1303 3033 ,
1338 2967 1538 3036 inquit,
1583 2981 1686 3018 non
1720 2965 1914 3018 vetas?

330 3067 508 3135 Apage
533 3071 589 3116 ut
618 3072 790 3116 tecum
819 3073 967 3130 atque
991 3058 1273 3113 insaniam.
1307 3058 1376 3112 Et
1404 3059 1493 3128 qui
1519 3099 1534 3124 ,
1565 3059 1762 3127 inquit,
1793 3057 1915 3110 hor-

333 3157 459 3212 taris
489 3152 881 3208 matrimonium
913 3165 1018 3204 non
1056 3149 1412 3203 contrahere?
1453 3148 1603 3216 Quod
1633 3147 1914 3217 virginita—

331 3262 438 3305 tem
479 3244 820 3302 matrimonio
861 3243 1016 3318 longe
1049 3241 1475 3313 praestantiorem
1507 3242 1732 3296 sentiam
1769 3259 1780 3296 :
1812 3256 1913 3297 nec

330 3357 456 3396 vero
487 3348 765 3409 propterea
793 3334 1187 3390 matrimonium
1219 3333 1271 3385 in
1300 3332 1454 3386 malis
1484 3347 1642 3400 pono,
1671 3333 1796 3402 quin
1826 3348 1915 3386 ve-

334 3433 606 3487 hementer
634 3429 793 3484 etiam
825 3426 1012 3492 laudo;
1057 3435 1140 3480 est
1168 3425 1308 3480 enim
1343 3425 1406 3478 iis
1433 3424 1520 3493 qui
1565 3433 1707 3478 recte
1735 3439 1802 3478 eo
1841 3423 1916 3477 uti

330 3523 494 3576 velint
521 3519 862 3574 continentia:
894 3526 1111 3586 portus,
1143 3524 1384 3569 naturam
1416 3514 1625 3568 etl'erari
1653 3530 1756 3567 non
1785 3530 1906 3582 per-

333 3616 568 3667 mittens.
613 3610 744 3664 Nam
773 3608 1009 3678 legitimo
1037 3605 1210 3670 coitu,
1242 3604 1392 3672 quasi
1429 3603 1662 3673 scopulis
1689 3604 1915 3672 quibus-

332 3705 452 3758 dam
480 3701 703 3768 objectis
733 3698 808 3751 ad
837 3695 1178 3764 excipiendos
1207 3692 1439 3747 libidinis
1467 3693 1690 3755 fluctus,
1739 3706 1836 3745 nos
1863 3692 1914 3746 in

331 3810 537 3850 summa
578 3789 962 3858 tranquillitate
993 3785 1219 3839 collocat
1245 3798 1307 3836 ac
1341 3791 1535 3836 tuetur.
1569 3781 1762 3836 Verum
1795 3792 1917 3836 sunt

332 3886 526 3954 quibus
558 3882 687 3936 nihil
717 3894 851 3946 opus
881 3877 949 3930 sit
978 3890 1042 3931 eo
1073 3873 1339 3943 prmsidio,
1373 3873 1464 3926 scd
1497 3871 1612 3940 ejus
1639 3871 1756 3924 loco
1777 3871 1917 3941 jeju-

341 3976 463 4038 niis,
487 3970 698 4040 vigiliis,
723 3965 1070 4027 cbameuniis,
1099 3972 1153 4017 et
1179 3963 1376 4031 reliqua
1402 3961 1452 4016 id
1475 3975 1644 4031 genus
1665 3960 1914 4025 duritale,

340 4075 538 4120 natura‘
567 4061 795 4115 furorem
823 4056 1062 4111 cicurcnt
1092 4072 1104 4107 :
1131 4054 1228 4107 hos
1249 4054 1501 4106 cohortor
1521 4052 1915 4106 matrimonium

339 4172 442 4211 non
469 4149 788 4209 contrahere
807 4189 824 4215 ,
850 4162 949 4201 nec
974 4144 1366 4199 matrimonium
1397 4152 1537 4197 veto.
1571 4142 1792 4196 lnterest
1818 4159 1910 4195 au-

338 4263 442 4305 tem
475 4249 614 4302 inter
645 4246 747 4298 hoc
787 4249 841 4296 et
881 4237 1012 4294 illud
1059 4236 1338 4306 plurimum
1362 4276 1376 4299 ,
1422 4246 1676 4304 quantum
1716 4235 1919 4289 scilicet

302 4325 623 4396 discrimen
668 4342 750 4390 est
793 4333 931 4386 inter
974 4329 1346 4384 necessitatem
1389 4335 1440 4381 et
1484 4327 1774 4395 optionem.
1817 4327 1916 4394 Qui

340 4434 482 4487 enim
513 4428 760 4490 consulit,
791 4425 1017 4479 liberum
1051 4421 1301 4490 relinquit
1327 4419 1550 4473 auditori
1577 4434 1694 4488 qua:
1723 4433 1916 4472 consu-

338 4526 413 4578 lat
438 4519 589 4588 sequi
618 4536 631 4570 :
660 4516 747 4586 qui
791 4523 953 4574 vetat,
987 4513 1030 4567 is
1071 4513 1116 4566 ci
1161 4511 1460 4564 facultatem
1501 4525 1617 4563 eam
1659 4510 1914 4578 praeripit.

281 4598 284 4600 Ὺ
336 4611 418 4668 Ad
450 4610 563 4663 haec
592 4607 679 4676 qui
711 4605 992 4667 cohortor,
1021 4617 1131 4654 rem
1163 4615 1267 4653 non
1306 4599 1584 4668 improbo;
1617 4615 1714 4653 nec
1743 4600 1830 4668 qui
1858 4615 1917 4655 se

337 4699 512 4756 induci
542 4713 646 4752 non
685 4696 913 4765 patiatur
941 4707 1135 4747 πριιςο
1161 4707 1173 4742 :
1211 4700 1263 4744 tn
1295 4691 1381 4760 qui
1415 4691 1464 4744 id
1494 4690 1714 4744 damnes
1747 4705 1809 4745 ac
1834 4691 1914 4744 vi-

337 4795 528 4848 tiosum
552 4789 735 4852 ducas,
759 4797 812 4840 et
832 4783 1168 4854 legislatoris,
1193 4797 1296 4835 non
1321 4781 1604 4835 consiliarii
1631 4795 1911 4850 personam

332 4884 592 4953 arripias,
619 4880 812 4936 merito
847 4891 941 4931 eos
963 4876 1051 4945 qui
1081 4890 1185 4928 non
1217 4874 1467 4928 obediant
1492 4874 1650 4928 odisti
1682 4891 1696 4940 ;
1728 4883 1783 4927 at
1809 4890 1911 4927 non

337 4992 461 5046 ego,
490 4973 582 5028 sed
609 4986 728 5026 cum
759 4982 854 5022 eos
881 4967 1115 5020 admiror
1154 4965 1239 5034 qui
1269 4964 1333 5018 ad
1364 4964 1465 5018 hoc
1493 4975 1762 5018 certamen
1813 4980 1911 5017 no-

338 5069 477 5122 mina
507 5061 773 5127 dederint,
806 5071 915 5112 tum
944 5057 1030 5126 qui
1072 5068 1220 5110 extra
1247 5063 1532 5116 maneant,
1563 5068 1668 5108 non
1699 5068 1911 5106 accuso.

335 5160 466 5214 Nam
496 5151 765 5208 accusatio
802 5148 1013 5203 demum
1041 5148 1180 5217 jnsta
1223 5147 1325 5211 sit,
1373 5146 1418 5199 si
1461 5145 1580 5213 quis
1607 5143 1746 5212 quod
1779 5142 1913 5196 haud

333 5249 493 5304 dubie
519 5245 765 5298 vitiosum
794 5243 882 5305 sit,
909 5247 1260 5309 prosequatur
1289 5254 1300 5289 :
1334 5246 1388 5289 at
1411 5236 1499 5306 qui
1529 5234 1786 5287 minorem
1811 5234 1914 5285 vir-

333 5351 501 5396 tutem
534 5344 747 5398 nactus,
786 5334 1042 5404 majorem
1090 5348 1192 5385 non
1239 5330 1434 5391 adeat,
1479 5329 1524 5382 is
1552 5327 1764 5397 quidem
1809 5339 1911 5377 non

335 5447 456 5485 cum
491 5428 692 5482 fortiori
715 5425 1010 5480 laudandus
1039 5434 1090 5478 et
1116 5421 1458 5475 admirandus
1479 5427 1581 5485 est,
1615 5431 1713 5471 nec
1737 5424 1912 5469 tamen

337 5523 455 5576 ideo
499 5517 813 5588 culpandus.
857 5514 1056 5584 Ecquid
1097 5513 1255 5581 igitur
1292 5510 1592 5579 eonjuginm
1621 5517 1781 5572 veto,
1827 5505 1912 5574 qui

335 5614 591 5683 eonjuges
639 5628 743 5666 non
788 5607 1077 5663 accusem?
1125 5604 1317 5672 Stupra
1361 5613 1486 5656 veto
1530 5610 1584 5655 et
1631 5597 1911 5660 adulteria,

335 5704 729 5759 matriutonium
777 5716 880 5753 non
927 5697 1053 5751 item
1101 5713 1112 5748 :
1157 5705 1209 5748 et
1259 5695 1344 5746 illa
1393 5694 1648 5745 audentes
1686 5689 1909 5757 castigo,

334 5804 492 5866 atque
539 5795 606 5850 ab
655 5791 903 5848 Ecclesia:
955 5795 1096 5840 etctu
1148 5783 1458 5853 proscribo;
1506 5781 1603 5834 boc
1651 5794 1774 5832 vero
1821 5777 1910 5848 qui

1015 396 1073 452 S.
1113 394 1390 451 JOANNlS
1429 391 1904 451 CHRYSOSTOMI
1943 389 2260 448 ARCHIEP.
2302 393 2842 451 CONSTANTINOP.

3472 388 3574 443 5w

2008 508 2221 573 faciant,
2246 508 2370 562 dum
2393 508 2650 576 modeste,
2675 508 2886 562 assidue
2905 507 3063 562 etiam
3083 505 3255 560 lauda.
3283 497 3355 558 lta
3381 505 3575 574 duplex

2005 598 2208 653 lucrum
2241 599 2299 652 ιιι
2333 616 2345 652 :
2377 614 2536 652 unum
2558 639 2574 665 ,
2612 597 2750 669 quod
2784 598 2874 652 Dei
2905 597 3170 666 opificium
3211 612 3315 648 non
3355 595 3578 649 damne-

2007 703 2157 750 mus;
2186 689 2446 754 alterum,
2474 689 2614 758 quod
2665 705 2768 742 non
2809 689 2983 742 solum
3021 688 3293 757 virginitas
3322 686 3578 756 dignitate

2006 793 2102 834 sua
2127 789 2230 833 non
2256 777 2592 849 dispolietur,
2624 779 2719 834 sed
2746 779 2913 834 multo
2935 780 3091 834 etiam
3121 778 3378 832 illustrior
3401 777 3573 831 decla-

2007 879 2170 924 retur.

2076 959 2144 1013 X.
2173 960 2270 1027 Qui
2297 960 2672 1014 matrimonium
2695 961 2918 1027 damnet,
2941 951 3054 1015 eu‘m
3075 959 3403 1029 virginitate»:
3428 959 3580 1013 etiam

2006 1050 2206 1104 (indere.
2237 1080 2309 1093 σο-
2343 1052 2550 1108 Etenim
2577 1053 2667 1124 qui
2699 1052 3089 1106 matrimonium
3127 1052 3373 1116 damnat,
3405 1051 3450 1105 is
3472 1051 3580 1102 vir—

2005 1143 2244 1212 ginitatis
2279 1144 2438 1200 etiam
2470 1145 2690 1216 gloriam
2710 1144 2919 1214 carpit;
2949 1144 3037 1213 qui
3063 1143 3262 1208 laudat,
3293 1143 3336 1196 is
3363 1142 3579 1212 virgini-

2009 1244 2168 1289 tatem
2209 1235 2658 1292 admirabiliorem
2701 1235 3168 1304 augustioremque
3211 1233 3404 1288 reddit.
3451 1232 3582 1286 Nam

2007 1326 2144 1395 quod
2167 1325 2448 1382 deterioris
2477 1315 2875 1395 comparatione
2894 1325 3090 1379 bonum
3113 1324 3340 1387 videtur,
3369 1322 3419 1376 id
3443 1321 3601 1376 haud.

2008 1433 2138 1472 sane
2163 1417 2448 1471 admodum
2477 1418 2672 1472 bonum
2697 1428 2812 1482 est;
2842 1417 2980 1486 quod
3002 1426 3178 1470 autem
3201 1416 3436 1470 omnium
3463 1429 3586 1469 sen-

2010 1509 2172 1562 tentia
2201 1509 2353 1563 bonis
2382 1509 2603 1572 melius,
2644 1509 2694 1564 id
2724 1509 2990 1564 excellens
3031 1509 3225 1562 bonum
3260 1517 3381 1563 est:
3408 1507 3587 1576 cujus-

2011 1601 2153 1653 modi
2196 1613 2294 1654 nos
2317 1599 2674 1670 virginitatem
2715 1615 2834 1654 esse
2873 1600 3148 1654 docemus.
3185 1599 3363 1664 Quare
3395 1608 3450 1652 ut
3491 1599 3584 1668 qui

2010 1689 2404 1743 matrimonium
2462 1691 2746 1755 damnant,
2800 1690 2956 1758 hujus
3005 1690 3264 1745 encbmiis
3311 1689 3584 1744 fraudandi

2011 1789 2155 1846 sunt,
2186 1781 2256 1834 ita
2283 1781 2372 1850 qui
2401 1780 2453 1835 id
2480 1795 2510 1834 a
2538 1781 2764 1836 crimine
2801 1781 3009 1845 liberat,
3042 1795 3144 1836 non
3173 1789 3278 1835 tam
3312 1780 3362 1840 id
3383 1823 3398 1846 ,
3429 1796 3586 1851 quam

2012 1872 2368 1942 virginitatem
2401 1873 2596 1928 laudat.
2629 1872 2761 1927 Nam
2787 1881 2841 1928 et
2866 1883 3118 1942 corpora,
3149 1888 3255 1927 non
3284 1889 3404 1942 quae
3430 1875 3588 1927 muti-

2013 1964 2080 2018 lis
2102 2005 2117 2028 ,
2149 1963 2242 2017 sed
2270 1979 2388 2032 qua:
2417 1965 2634 2032 integris
2661 1973 2716 2020 et
2740 1965 2867 2018 vitio
2898 1964 3046 2018 nullo
3085 1964 3388 2032 prmpeditis
3413 1965 3591 2019 excel-

2014 2056 2154 2120 lant,
2186 2071 2246 2111 ea
2289 2056 2510 2126 pulchra
2536 2057 2784 2111 dicimus.
2817 2057 3019 2110 Bonum
3045 2067 3126 2110 est
3157 2055 3586 2121 matrimonium;

2015 2156 2292 2217 propterea
2322 2147 2628 2202 admiranda
2655 2149 2930 2218 virginitas
2956 2154 3060 2215 est,
3090 2164 3209 2218 qua:
3235 2149 3376 2204 bono
3402 2149 3591 2203 melior

2015 2239 2106 2302 sit,
2133 2252 2304 2306 eoque
2330 2239 2537 2302 melior,
2567 2255 2673 2307 quo
2696 2241 2870 2292 nautis
2887 2240 3231 2308 gubernator,
3254 2249 3308 2293 et
3335 2239 3591 2293 militibus

2015 2327 2140 2381 dux.
2172 2328 2274 2383 Sed
2302 2329 2747 2397 quemadmodum
2777 2329 3051 2384 subductis
3077 2345 3108 2383 e
3147 2330 3265 2383 navi
3308 2330 3592 2399 remigibus

2018 2421 2190 2474 navim
2223 2420 2530 2490 demergas,
2565 2431 2618 2477 et
2641 2423 2893 2477 militibus
2919 2437 2982 2476 ex
3008 2422 3122 2476 acie
3147 2423 3372 2477 semotis
3401 2422 3590 2476 ducem

2019 2510 2261 2565 hostibus
2287 2513 2518 2566 vinctum
2553 2513 2730 2566 tradas
2763 2530 2777 2566 :
2806 2513 2875 2566 ita
2903 2522 2956 2568 et
2981 2512 3096 2577 hic,
3125 2513 3170 2566 si
3197 2513 3589 2568 matrimonium

2016 2601 2082 2657 de
2111 2616 2319 2657 summo
2341 2603 2509 2672 gradu
2536 2603 2773 2671 dejicias,
2798 2603 3337 2674 virginitatislaudem
3374 2605 3591 2674 prodas,

2016 2703 2174 2764 atque
2201 2693 2268 2748 ad
2296 2703 2591 2748 extremum
2614 2695 2810 2749 malum
2835 2695 3068 2765 redigas.
3098 2696 3299 2751 Bonum
3328 2705 3412 2752 est
3434 2698 3593 2767 virgi.

2018 2788 2190 2853 nitas;
2219 2796 2273 2843 et
2292 2801 2392 2856 ego
2412 2787 2726 2851 consentio;
2756 2802 2820 2843 ac
2843 2788 3183 2843 matrimonio
3203 2789 3361 2844 etiam
3384 2789 3588 2853 melior,

2018 2885 2072 2932 et
2101 2877 2199 2932 hoc
2228 2877 2506 2932 confiteor.
2549 2875 2618 2930 Et
2651 2878 2693 2931 si
2732 2877 2941 2946 placet,
2983 2887 3179 2948 quanto
3208 2880 3366 2933 etiam
3401 2879 3592 2933 melior

2018 2968 2086 3022 sit
2124 2967 2314 3020 addam
2343 2985 2354 3020 :
2385 2976 2585 3037 quanto
2623 2967 2815 3022 coelum
2858 2977 2998 3023 terra
3020 3010 3036 3035 ,
3067 2980 3265 3039 quanto
3295 2969 3594 3023 hominibus

2019 3061 2210 3129 angeli.
2245 3059 2356 3114 lmo
2382 3070 2436 3114 ut
2479 3059 2667 3114 fortius
2693 3060 2892 3130 aliquid
2920 3060 3091 3115 dicam
3114 3101 3132 3128 ,
3161 3061 3318 3116 ctiam
3345 3061 3592 3130 amplius.

2020 3149 2152 3204 Nam
2181 3149 2353 3219 angeli
2393 3150 2491 3204 etsi
2526 3164 2623 3204 nec
2663 3149 2864 3205 ducunt
2901 3164 3130 3215 uxores,
3172 3165 3270 3205 nec
3309 3150 3594 3215 ducuntur,

2020 3249 2075 3293 at
2103 3256 2208 3294 non
2247 3250 2371 3294 sunt
2410 3255 2574 3295 carne
2610 3249 2666 3296 et
2703 3241 2958 3310 sanguine
2992 3242 3380 3311 coagmentati,
3411 3257 3513 3295 non
3543 3242 3594 3297 in

2023 3333 2177 3387 terris
2216 3343 2651 3397 commorantur,
2695 3349 2798 3388 non
2830 3333 3105 3388 libidinum
3135 3343 3296 3388 a‘stus
3337 3333 3593 3398 sentiunt,

2022 3442 2126 3480 non
2151 3425 2252 3480 cibi
2281 3434 2370 3479 aut
2399 3435 2554 3493 potus
2584 3425 2838 3495 indigent,
2870 3440 2974 3479 non
3003 3426 3148 3479 suavi
3177 3436 3334 3479 cantu
3361 3425 3593 3487 deliniri,

2022 3532 2125 3571 non
2167 3517 2368 3571 liberali
2400 3517 2602 3582 forma,
2632 3526 2724 3571 aut
2767 3519 2872 3570 alio
2914 3517 3029 3586 ejus
3057 3520 3268 3586 generis
3309 3517 3418 3572 ullo
3458 3515 3595 3571 flecti

2022 3617 2278 3678 possunt;
2325 3607 2418 3662 sed
2461 3609 2598 3662 sicut
2648 3624 2858 3664 summo
2902 3609 3125 3664 meridie
3169 3609 3358 3663 cadum
3385 3652 3400 3674 ,
3452 3609 3594 3662 nulla

2021 3701 2267 3754 allectum
2297 3699 2436 3755 nube
2463 3716 2652 3769 pnrmu
2698 3709 2987 3767 Spectatur,
3020 3701 3088 3753 ita
3119 3709 3174 3754 et
3201 3701 3411 3754 illorum
3439 3711 3596 3753 natu-

2023 3806 2116 3854 rae,
2143 3807 2172 3844 a
2197 3792 2414 3846 libidine
2440 3792 2652 3861 quietae,
2688 3792 2923 3846 illustres
2952 3807 3013 3846 ac
3043 3791 3328 3860 perlucidae
3350 3799 3597 3846 maneant

2021 3893 2248 3952 oportet.

2090 3974 2182 4028 Xl.
2219 3973 2562 4044 Virginitatem
2611 3989 2694 4027 eos
2721 4014 2737 4036 ,
2763 3972 2850 4042 qui
2878 3970 3018 4024 illam
3048 3986 3159 4024 vere
3186 3980 3550 4040 persequuntur
3577 4015 3594 4038 ,

2021 4065 2227 4136 angelos
2275 4082 2338 4118 ea:
2397 4064 2680 4118 hominibus
2726 4064 2803 4132 om
2833 4079 2932 4116 ere.
2964 4092 3037 4101 —
3077 4062 3375 4116 Humanum
3417 4073 3595 4118 autem

2020 4172 2188 4227 genus
2232 4166 2416 4211 natura
2471 4157 2638 4210 beatis
2687 4156 2702 4186 ¹
2749 4155 2853 4208 illis
2892 4154 3226 4218 concedens,
3279 4155 3421 4209 vires
3473 4168 3598 4208 suas

2023 4256 2207 4317 urget,
2249 4261 2368 4301 cum
2402 4247 2571 4314 iisque
2602 4259 2699 4313 pro
2724 4244 2860 4299 virili
2892 4243 3088 4312 aequari
3111 4258 3316 4298 summa
3343 4258 3444 4312 ope
3468 4244 3597 4297 niti—

2023 4348 2125 4392 tur.
2149 4337 2264 4404 Quo
2295 4337 2480 4406 pacto?
2505 4336 2614 4391 Nec
2650 4335 2851 4390 ducunt
2893 4349 3086 4389 uxores
3118 4335 3291 4404 angeli
3322 4375 3338 4400 ,
3367 4350 3463 4389 nec
3492 4334 3594 4388 du-

2021 4439 2230 4484 cuntur.
2256 4430 2324 4482 At
2348 4443 2445 4483 nec
2470 4429 2638 4496 virgo.
2657 4427 2923 4481 Assistunt
2942 4436 3194 4494 perpetuo
3211 4441 3272 4480 ac
3297 4425 3596 4479 ministrant

2023 4522 2154 4576 Deo.
2181 4520 2366 4574 ltidem
2394 4527 2448 4572 et
2473 4518 2639 4587 virgo.
2665 4518 2836 4584 Quare
2852 4518 3009 4571 etiam
3029 4517 3223 4572 Paulus
3249 4529 3340 4570 eas
3358 4515 3426 4568 ab
3450 4513 3593 4567 omni

2033 4615 2402 4671 sollicitudine
2431 4626 2602 4679 arcet,
2634 4627 2694 4670 ut
2728 4618 2963 4672 assidua:
2981 4618 3094 4671 sint
3119 4625 3174 4670 et
3202 4615 3584 4685 indivulsaeu.

2022 4704 2220 4759 Cui-.7.
2251 4705 2362 4774 ⁸54).
2393 4704 2549 4770 Quod
2577 4707 2623 4761 si
2649 4715 2708 4760 ut
2728 4707 2808 4760 illi
2835 4708 2890 4761 in
2917 4709 3117 4762 emtum
3144 4707 3272 4760 hinc
3287 4705 3590 4760 ascendere

2033 4812 2142 4851 non
2181 4807 2436 4867 possunt,
2458 4813 2622 4854 carne
2644 4815 2739 4854 eas
2769 4799 3132 4869 deprimente,
3175 4806 3229 4851 at
3254 4799 3341 4852 hic
3371 4813 3590 4866 quoque

2024 4889 2296 4958 insignem
2332 4889 2997 4955 habentconsolationem,
3017 4905 3138 4958 quae
3155 4890 3330 4958 ipsum
3349 4890 3472 4943 cadi
3491 4888 3592 4942 Do-

2024 4977 2233 5030 minum
2256 4977 2553 5045 excipiant,
2579 4977 2624 5032 si
2653 4976 2873 5046 quidem
2894 4977 3008 5031 sint
3033 4991 3266 5045 corpore
3291 4986 3454 5046 atque
3477 4977 3592 5045 spi-

2023 5069 2132 5122 ritu
2166 5078 2389 5125 sanctaa.
2409 5069 2602 5126 Viden’
2620 5071 2952 5140 virginitatis
2984 5071 3191 5125 decus?
3213 5085 3402 5126 eorum
3422 5072 3513 5140 qui
3537 5073 3590 5124 in

2029 5159 2194 5214 terris
2211 5159 2415 5224 degunt
2432 5176 2556 5216 cum
2573 5163 2849 5216 cmlitibus
2867 5163 2990 5214 vita:
3003 5161 3416 5216 similitudinem
3435 5164 3591 5215 moli-

2031 5259 2142 5314 tur,
2169 5265 2402 5320 corpore
2419 5253 2650 5308 vestitos
2674 5254 2816 5307 vinci
2834 5253 2903 5307 ab
2920 5253 3259 5322 ineorporeis
3282 5252 3592 5306 Virtutibus

2027 5356 2134 5395 non
2163 5343 2448 5411 permittit,
2474 5344 2734 5398 mortales
2765 5345 3082 5415 angelorum
3129 5345 3360 5399 aemulos
3393 5344 3589 5397 reddit.

2031 5431 2138 5487 Sed
2159 5434 2296 5488 nihil
2317 5433 2419 5488 hoc
2436 5435 2502 5488 ad
2523 5451 2638 5496 vos,
2653 5436 2745 5504 qui
2765 5443 2820 5490 et
2842 5451 2954 5490 rem
2976 5443 3186 5490 tantam
3205 5433 3588 5502 corrumpatis,

2026 5533 2080 5578 et
2107 5525 2396 5578 Dominum
2416 5527 2672 5595 culpetis,
2706 5527 3017 5597 malumque
3037 5526 3332 5581 nominetis
3352 5543 3366 5578 :
3387 5525 3588 5578 ctenim

2029 5632 2127 5671 vos
2152 5617 2384 5685 improbi
2419 5619 2560 5672 servi
2593 5618 2922 5689 supplicium
2943 5615 3414 5673 manet.Ecclesia:
3431 5613 3591 5684 virgi-

2086 5782 2099 5814 ι
2141 5788 2273 5841 urg,
2301 5780 2446 5863 gratis
2467 5775 2663 5842 angelis.
