  <div class='ocr_page' id='page_1' title='image "/cluster/home/n/w/nwhite01/storage/ocr_20150623/48/mdp.39015032114640/020.png"; bbox 0 0 4016 6154; ppageno 0'>
   <div class='ocr_carea' id='block_1_1' title="bbox 480 368 637 500">
    <p class='ocr_par' dir='ltr' id='par_1_1' title="bbox 480 368 637 500">
     <span class='ocr_line' id='line_1_1' title="bbox 480 368 637 500; baseline -0.006 -32"><span class='ocrx_word' id='word_1_1' title='bbox 480 410 581 500; x_wconf 54' lang='lat'><strong>519</strong></span> <span class='ocrx_word' id='word_1_2' title='bbox 632 368 637 375; x_wconf 70' lang='grc'><em>’</em></span> 
     </span>
    </p>
   </div>
   <div class='ocr_carea' id='block_1_2' title="bbox 476 598 2060 674">
    <p class='ocr_par' dir='ltr' id='par_1_2' title="bbox 476 598 2060 674">
     <span class='ocr_line' id='line_1_2' title="bbox 476 598 2060 674; baseline -0.003 -17"><span class='ocrx_word' id='word_1_3' title='bbox 476 603 808 674; x_wconf 85' lang='grc' dir='ltr'>κατόρθωμα</span> <span class='ocrx_word' id='word_1_4' title='bbox 833 603 1062 670; x_wconf 84' lang='grc' dir='ltr'>γίνεται,</span> <span class='ocrx_word' id='word_1_5' title='bbox 1080 599 1215 653; x_wconf 81' lang='grc' dir='ltr'>ἀλλά</span> <span class='ocrx_word' id='word_1_6' title='bbox 1246 600 1346 666; x_wconf 88' lang='grc' dir='ltr'>τῆς</span> <span class='ocrx_word' id='word_1_7' title='bbox 1367 599 1612 669; x_wconf 78' lang='grc' dir='ltr'>ἀνάγκης</span> <span class='ocrx_word' id='word_1_8' title='bbox 1637 598 1731 651; x_wconf 82' lang='grc' dir='ltr'>τοῦ</span> <span class='ocrx_word' id='word_1_9' title='bbox 1750 599 1940 669; x_wconf 87' lang='grc' dir='ltr'>νόμου.</span> <span class='ocrx_word' id='word_1_10' title='bbox 1961 600 2060 652; x_wconf 90' lang='grc' dir='ltr'>Διά</span> 
     </span>
    </p>
   </div>
   <div class='ocr_carea' id='block_1_3' title="bbox 473 681 2055 755">
    <p class='ocr_par' dir='ltr' id='par_1_3' title="bbox 473 681 2055 755">
     <span class='ocr_line' id='line_1_3' title="bbox 473 681 2055 755; baseline -0.004 -15"><span class='ocrx_word' id='word_1_11' title='bbox 473 685 633 740; x_wconf 79' lang='grc' dir='ltr'>τοῦτο</span> <span class='ocrx_word' id='word_1_12' title='bbox 670 685 882 755; x_wconf 76' lang='grc' dir='ltr'>Πέρσας</span> <span class='ocrx_word' id='word_1_13' title='bbox 915 684 1011 755; x_wconf 78' lang='grc' dir='ltr'>μὲν</span> <span class='ocrx_word' id='word_1_14' title='bbox 1052 686 1125 754; x_wconf 79' lang='grc' dir='ltr'>μὴ</span> <span class='ocrx_word' id='word_1_15' title='bbox 1160 681 1648 754; x_wconf 81' lang='grc' dir='ltr'>μητρογαμοῦντας</span> <span class='ocrx_word' id='word_1_16' title='bbox 1684 681 2055 752; x_wconf 86' lang='grc' dir='ltr'>θαυμάζομεν,</span> 
     </span>
    </p>
   </div>
   <div class='ocr_carea' id='block_1_4' title="bbox 488 763 2059 837">
    <p class='ocr_par' dir='ltr' id='par_1_4' title="bbox 488 763 2059 837">
     <span class='ocr_line' id='line_1_4' title="bbox 488 763 2059 837; baseline -0.003 -15"><span class='ocrx_word' id='word_1_17' title='bbox 488 768 793 837; x_wconf 76' lang='grc' dir='ltr'>Ῥωμαίους</span> <span class='ocrx_word' id='word_1_18' title='bbox 852 767 908 819; x_wconf 81' lang='grc' dir='ltr'>δὲ</span> <span class='ocrx_word' id='word_1_19' title='bbox 967 766 1180 819; x_wconf 72' lang='grc' dir='ltr'>οὐκέτι*</span> <span class='ocrx_word' id='word_1_20' title='bbox 1238 763 1473 818; x_wconf 81' lang='grc' dir='ltr'>ἐνταῦθα</span> <span class='ocrx_word' id='word_1_21' title='bbox 1530 765 1630 835; x_wconf 85' lang='grc' dir='ltr'>μὲν</span> <span class='ocrx_word' id='word_1_22' title='bbox 1686 763 1796 835; x_wconf 86' lang='grc' dir='ltr'>γάρ</span> <span class='ocrx_word' id='word_1_23' title='bbox 1854 764 2059 818; x_wconf 79' lang='grc' dir='ltr'>ἅπασιν</span> 
     </span>
    </p>
   </div>
   <div class='ocr_carea' id='block_1_5' title="bbox 477 843 2059 921">
    <p class='ocr_par' dir='ltr' id='par_1_5' title="bbox 477 843 2059 921">
     <span class='ocr_line' id='line_1_5' title="bbox 477 843 2059 921; baseline -0.002 -18"><span class='ocrx_word' id='word_1_24' title='bbox 477 851 677 920; x_wconf 63' lang='grc' dir='ltr'>ἐφεξῆς</span> <span class='ocrx_word' id='word_1_25' title='bbox 704 851 762 904; x_wconf 75' lang='grc' dir='ltr'>τὸ</span> <span class='ocrx_word' id='word_1_26' title='bbox 806 851 1035 921; x_wconf 78' lang='grc' dir='ltr'>πρᾶγμα</span> <span class='ocrx_word' id='word_1_27' title='bbox 1086 848 1339 919; x_wconf 72' lang='grc' dir='ltr'>βδελυρὸν</span> <span class='ocrx_word' id='word_1_28' title='bbox 1384 843 1524 900; x_wconf 82' lang='grc' dir='ltr'>εἶναι</span> <span class='ocrx_word' id='word_1_29' title='bbox 1563 848 1728 913; x_wconf 85' lang='grc' dir='ltr'>δοκεῖ,</span> <span class='ocrx_word' id='word_1_30' title='bbox 1772 849 1889 900; x_wconf 84' lang='grc' dir='ltr'>ἐκεῖ</span> <span class='ocrx_word' id='word_1_31' title='bbox 1925 847 1982 900; x_wconf 80' lang='grc' dir='ltr'>δὲ</span> <span class='ocrx_word' id='word_1_32' title='bbox 2023 849 2059 917; x_wconf 76' lang='grc' dir='ltr'><strong>ἡ</strong></span> 
     </span>
    </p>
   </div>
   <div class='ocr_carea' id='block_1_6' title="bbox 476 930 2060 1005">
    <p class='ocr_par' dir='ltr' id='par_1_6' title="bbox 476 930 2060 1005">
     <span class='ocr_line' id='line_1_6' title="bbox 476 930 2060 1005; baseline -0.003 -18"><span class='ocrx_word' id='word_1_33' title='bbox 476 934 584 988; x_wconf 88' lang='grc' dir='ltr'>τῶν</span> <span class='ocrx_word' id='word_1_34' title='bbox 613 933 783 987; x_wconf 82' lang='grc' dir='ltr'>ταῦτα</span> <span class='ocrx_word' id='word_1_35' title='bbox 811 932 1132 1005; x_wconf 74' lang='grc' dir='ltr'>τολμιῖιντων</span> <span class='ocrx_word' id='word_1_36' title='bbox 1163 932 1315 986; x_wconf 76' lang='grc' dir='ltr'>ἄδεια</span> <span class='ocrx_word' id='word_1_37' title='bbox 1349 931 1476 995; x_wconf 78' lang='grc' dir='ltr'>τοὺς</span> <span class='ocrx_word' id='word_1_38' title='bbox 1511 930 1621 984; x_wconf 90' lang='grc' dir='ltr'>τῶν</span> <span class='ocrx_word' id='word_1_39' title='bbox 1664 930 1921 984; x_wconf 77' lang='grc' dir='ltr'>τοιούτων</span> <span class='ocrx_word' id='word_1_40' title='bbox 1951 931 2060 984; x_wconf 85' lang='grc' dir='ltr'>ἀπ-</span> 
     </span>
    </p>
   </div>
   <div class='ocr_carea' id='block_1_7' title="bbox 474 1013 2062 1089">
    <p class='ocr_par' dir='ltr' id='par_1_7' title="bbox 474 1013 2062 1089">
     <span class='ocr_line' id='line_1_7' title="bbox 474 1013 2062 1089; baseline -0.002 -19"><span class='ocrx_word' id='word_1_41' title='bbox 474 1018 762 1089; x_wconf 83' lang='grc' dir='ltr'>εχομένους</span> <span class='ocrx_word' id='word_1_42' title='bbox 791 1017 992 1087; x_wconf 82' lang='grc' dir='ltr'>μίξεων</span> <span class='ocrx_word' id='word_1_43' title='bbox 1010 1015 1345 1069; x_wconf 79' lang='grc' dir='ltr'>ἐπαινεῖσθαι</span> <span class='ocrx_word' id='word_1_44' title='bbox 1372 1014 1665 1084; x_wconf 85' lang='grc' dir='ltr'>πεποίηκε.</span> <span class='ocrx_word' id='word_1_45' title='bbox 1681 1013 1840 1068; x_wconf 83' lang='grc' dir='ltr'>Κατὰ</span> <span class='ocrx_word' id='word_1_46' title='bbox 1862 1013 1952 1066; x_wconf 79' lang='grc' dir='ltr'>τὸν</span> <span class='ocrx_word' id='word_1_47' title='bbox 1971 1014 2062 1067; x_wconf 74' lang='grc' dir='ltr'>αὐο</span> 
     </span>
    </p>
   </div>
   <div class='ocr_carea' id='block_1_8' title="bbox 472 1096 2060 1170">
    <p class='ocr_par' dir='ltr' id='par_1_8' title="bbox 472 1096 2060 1170">
     <span class='ocr_line' id='line_1_8' title="bbox 472 1096 2060 1170; baseline -0.001 -18"><span class='ocrx_word' id='word_1_48' title='bbox 472 1100 565 1152; x_wconf 78' lang='grc' dir='ltr'>τὸν</span> <span class='ocrx_word' id='word_1_49' title='bbox 593 1099 655 1170; x_wconf 78' lang='grc' dir='ltr'>δὴ</span> <span class='ocrx_word' id='word_1_50' title='bbox 688 1099 846 1167; x_wconf 86' lang='grc' dir='ltr'>λόγον</span> <span class='ocrx_word' id='word_1_51' title='bbox 890 1099 984 1151; x_wconf 75' lang='grc' dir='ltr'>καὶ</span> <span class='ocrx_word' id='word_1_52' title='bbox 1018 1099 1111 1151; x_wconf 81' lang='grc' dir='ltr'>ἐπὶ</span> <span class='ocrx_word' id='word_1_53' title='bbox 1149 1098 1245 1151; x_wconf 74' lang='grc' dir='ltr'>τοῦ</span> <span class='ocrx_word' id='word_1_54' title='bbox 1276 1096 1459 1169; x_wconf 83' lang='grc' dir='ltr'>γάμου</span> <span class='ocrx_word' id='word_1_55' title='bbox 1488 1098 1589 1168; x_wconf 80' lang='grc' dir='ltr'>τὴν</span> <span class='ocrx_word' id='word_1_56' title='bbox 1627 1097 1871 1162; x_wconf 76' lang='grc' dir='ltr'>ἐξέτασιν</span> <span class='ocrx_word' id='word_1_57' title='bbox 1902 1098 2060 1168; x_wconf 87' lang='grc' dir='ltr'>ποιή-</span> 
     </span>
    </p>
   </div>
   <div class='ocr_carea' id='block_1_9' title="bbox 474 1179 2060 1254">
    <p class='ocr_par' dir='ltr' id='par_1_9' title="bbox 474 1179 2060 1254">
     <span class='ocr_line' id='line_1_9' title="bbox 474 1179 2060 1254; baseline -0.002 -19"><span class='ocrx_word' id='word_1_58' title='bbox 474 1183 669 1236; x_wconf 84' lang='grc' dir='ltr'>σασθαι</span> <span class='ocrx_word' id='word_1_59' title='bbox 705 1184 836 1254; x_wconf 83' lang='grc' dir='ltr'>χρή.</span> <span class='ocrx_word' id='word_1_60' title='bbox 877 1182 1071 1253; x_wconf 77' lang='grc' dir='ltr'>Ἡμεῖς</span> <span class='ocrx_word' id='word_1_61' title='bbox 1101 1182 1200 1252; x_wconf 84' lang='grc' dir='ltr'>μὲν</span> <span class='ocrx_word' id='word_1_62' title='bbox 1235 1182 1345 1251; x_wconf 89' lang='grc' dir='ltr'>γὰρ</span> <span class='ocrx_word' id='word_1_63' title='bbox 1371 1179 1559 1251; x_wconf 72' lang='grc' dir='ltr'>ἐπειδὴ</span> <span class='ocrx_word' id='word_1_64' title='bbox 1597 1180 1658 1233; x_wconf 84' lang='grc' dir='ltr'>τὸ</span> <span class='ocrx_word' id='word_1_65' title='bbox 1687 1182 1920 1251; x_wconf 78' lang='grc' dir='ltr'>πρᾶγμα</span> <span class='ocrx_word' id='word_1_66' title='bbox 1950 1181 2060 1233; x_wconf 73' lang='grc' dir='ltr'>πᾶ-</span> 
     </span>
    </p>
   </div>
   <div class='ocr_carea' id='block_1_10' title="bbox 475 1262 2060 1336">
    <p class='ocr_par' dir='ltr' id='par_1_10' title="bbox 475 1262 2060 1336">
     <span class='ocr_line' id='line_1_10' title="bbox 475 1262 2060 1336; baseline -0.001 -18"><span class='ocrx_word' id='word_1_67' title='bbox 475 1283 556 1319; x_wconf 92' lang='grc' dir='ltr'>σιν</span> <span class='ocrx_word' id='word_1_68' title='bbox 595 1266 805 1336; x_wconf 83' lang='grc' dir='ltr'>ἐφεῖται</span> <span class='ocrx_word' id='word_1_69' title='bbox 846 1266 976 1335; x_wconf 83' lang='grc' dir='ltr'>παρ’</span> <span class='ocrx_word' id='word_1_70' title='bbox 1006 1265 1160 1336; x_wconf 84' lang='grc' dir='ltr'>ἡμῖν,</span> <span class='ocrx_word' id='word_1_71' title='bbox 1205 1263 1433 1327; x_wconf 80' lang='grc' dir='ltr'>εἰκότως</span> <span class='ocrx_word' id='word_1_72' title='bbox 1473 1263 1601 1327; x_wconf 80' lang='grc' dir='ltr'>τοὺς</span> <span class='ocrx_word' id='word_1_73' title='bbox 1640 1262 1714 1334; x_wconf 82' lang='grc' dir='ltr'>μὴ</span> <span class='ocrx_word' id='word_1_74' title='bbox 1744 1262 2060 1333; x_wconf 80' lang='grc' dir='ltr'>γαμοῦντας</span> 
     </span>
    </p>
   </div>
   <div class='ocr_carea' id='block_1_11' title="bbox 473 1346 2061 1420">
    <p class='ocr_par' dir='ltr' id='par_1_11' title="bbox 473 1346 2061 1420">
     <span class='ocr_line' id='line_1_11' title="bbox 473 1346 2061 1420; baseline -0.002 -17"><span class='ocrx_word' id='word_1_75' title='bbox 473 1348 845 1420; x_wconf 76' lang='grc' dir='ltr'>θαυμάζομενο</span> <span class='ocrx_word' id='word_1_76' title='bbox 871 1349 1027 1419; x_wconf 82' lang='grc' dir='ltr'>ὑμεῖς</span> <span class='ocrx_word' id='word_1_77' title='bbox 1044 1349 1099 1402; x_wconf 85' lang='grc' dir='ltr'>δὲ</span> <span class='ocrx_word' id='word_1_78' title='bbox 1119 1351 1198 1411; x_wconf 84' lang='grc' dir='ltr'>είς</span> <span class='ocrx_word' id='word_1_79' title='bbox 1221 1348 1321 1419; x_wconf 75' lang='grc' dir='ltr'>τὴν</span> <span class='ocrx_word' id='word_1_80' title='bbox 1342 1347 1453 1400; x_wconf 89' lang='grc' dir='ltr'>τῶν</span> <span class='ocrx_word' id='word_1_81' title='bbox 1477 1346 1737 1418; x_wconf 76' lang='grc' dir='ltr'>χειρόνων</span> <span class='ocrx_word' id='word_1_82' title='bbox 1760 1347 1890 1401; x_wconf 82' lang='grc' dir='ltr'>αύτδ</span> <span class='ocrx_word' id='word_1_83' title='bbox 1904 1346 2061 1411; x_wconf 82' lang='grc' dir='ltr'><strong>τάξιν</strong></span> 
     </span>
    </p>
   </div>
   <div class='ocr_carea' id='block_1_12' title="bbox 471 1431 2057 1502">
    <p class='ocr_par' dir='ltr' id='par_1_12' title="bbox 471 1431 2057 1502">
     <span class='ocr_line' id='line_1_12' title="bbox 471 1431 2057 1502; baseline -0.003 -15"><span class='ocrx_word' id='word_1_84' title='bbox 471 1434 726 1499; x_wconf 70' lang='grc' dir='ltr'>ὤσαντες,</span> <span class='ocrx_word' id='word_1_85' title='bbox 761 1435 940 1488; x_wconf 74' lang='grc' dir='ltr'>οὐκέτ’</span> <span class='ocrx_word' id='word_1_86' title='bbox 967 1434 1035 1488; x_wconf 81' lang='grc' dir='ltr'>ἂν</span> <span class='ocrx_word' id='word_1_87' title='bbox 1061 1433 1315 1488; x_wconf 73' lang='grc' dir='ltr'>δύναισθε</span> <span class='ocrx_word' id='word_1_88' title='bbox 1341 1431 1452 1485; x_wconf 90' lang='grc' dir='ltr'>τῶν</span> <span class='ocrx_word' id='word_1_89' title='bbox 1478 1432 1586 1485; x_wconf 85' lang='grc' dir='ltr'>ἀπὸ</span> <span class='ocrx_word' id='word_1_90' title='bbox 1613 1431 1709 1483; x_wconf 81' lang='grc' dir='ltr'>τοῦ</span> <span class='ocrx_word' id='word_1_91' title='bbox 1733 1431 2057 1502; x_wconf 89' lang='grc' dir='ltr'>πράγματος</span> 
     </span>
    </p>
   </div>
   <div class='ocr_carea' id='block_1_13' title="bbox 469 1514 2095 1587">
    <p class='ocr_par' dir='ltr' id='par_1_13' title="bbox 469 1514 2095 1587">
     <span class='ocr_line' id='line_1_13' title="bbox 469 1514 2095 1587; baseline -0.003 -15"><span class='ocrx_word' id='word_1_92' title='bbox 469 1519 867 1572; x_wconf 87' lang='grc' dir='ltr'>ἀντιποιεῖσθαι</span> <span class='ocrx_word' id='word_1_93' title='bbox 897 1517 1159 1572; x_wconf 75' lang='grc' dir='ltr'>ἐπαίνων.</span> <span class='ocrx_word' id='word_1_94' title='bbox 1196 1515 1272 1568; x_wconf 81' lang='grc' dir='ltr'>Τὸ</span> <span class='ocrx_word' id='word_1_95' title='bbox 1305 1515 1415 1587; x_wconf 91' lang='grc' dir='ltr'>γάρ</span> <span class='ocrx_word' id='word_1_96' title='bbox 1448 1514 1556 1567; x_wconf 88' lang='grc' dir='ltr'>τῶν</span> <span class='ocrx_word' id='word_1_97' title='bbox 1591 1514 2060 1586; x_wconf 75' lang='grc' dir='ltr'>ἀπηγορευμένων</span> <span class='ocrx_word' id='word_1_98' title='bbox 2094 1538 2095 1541; x_wconf 52' lang='grc' dir='ltr'>η</span> 
     </span>
    </p>
   </div>
   <div class='ocr_carea' id='block_1_14' title="bbox 468 1596 2060 1672">
    <p class='ocr_par' dir='ltr' id='par_1_14' title="bbox 468 1596 2060 1672">
     <span class='ocr_line' id='line_1_14' title="bbox 468 1596 2060 1672; baseline -0.003 -17"><span class='ocrx_word' id='word_1_99' title='bbox 468 1601 792 1672; x_wconf 80' lang='grc' dir='ltr'>ἀπέχεσθαι,</span> <span class='ocrx_word' id='word_1_100' title='bbox 825 1600 977 1654; x_wconf 82' lang='grc' dir='ltr'>ούπω</span> <span class='ocrx_word' id='word_1_101' title='bbox 1007 1598 1263 1668; x_wconf 79' lang='grc' dir='ltr'>γενναίας</span> <span class='ocrx_word' id='word_1_102' title='bbox 1296 1596 1391 1651; x_wconf 73' lang='grc' dir='ltr'>καὶ</span> <span class='ocrx_word' id='word_1_103' title='bbox 1429 1598 1685 1668; x_wconf 83' lang='grc' dir='ltr'>νεανικῆς</span> <span class='ocrx_word' id='word_1_104' title='bbox 1716 1598 1916 1669; x_wconf 76' lang='grc' dir='ltr'>ψυχῆς.</span> <span class='ocrx_word' id='word_1_105' title='bbox 1957 1598 2060 1650; x_wconf 85' lang='grc' dir='ltr'>Τε-</span> 
     </span>
    </p>
   </div>
   <div class='ocr_carea' id='block_1_15' title="bbox 467 1680 2061 1756">
    <p class='ocr_par' dir='ltr' id='par_1_15' title="bbox 467 1680 2061 1756">
     <span class='ocr_line' id='line_1_15' title="bbox 467 1680 2061 1756; baseline -0.002 -20"><span class='ocrx_word' id='word_1_106' title='bbox 467 1685 618 1750; x_wconf 87' lang='grc' dir='ltr'>λείας</span> <span class='ocrx_word' id='word_1_107' title='bbox 653 1686 762 1755; x_wconf 75' lang='grc' dir='ltr'>γὰρ</span> <span class='ocrx_word' id='word_1_108' title='bbox 800 1685 1002 1756; x_wconf 86' lang='grc' dir='ltr'>ἀρετῆς</span> <span class='ocrx_word' id='word_1_109' title='bbox 1039 1683 1101 1735; x_wconf 89' lang='grc' dir='ltr'><strong>οὐ</strong></span> <span class='ocrx_word' id='word_1_110' title='bbox 1132 1683 1192 1735; x_wconf 84' lang='grc' dir='ltr'>τὸ</span> <span class='ocrx_word' id='word_1_111' title='bbox 1219 1681 1394 1735; x_wconf 72' lang='grc' dir='ltr'>ταῦτα</span> <span class='ocrx_word' id='word_1_112' title='bbox 1429 1680 1503 1753; x_wconf 77' lang='grc' dir='ltr'>μὴ</span> <span class='ocrx_word' id='word_1_113' title='bbox 1539 1680 1804 1751; x_wconf 81' lang='grc' dir='ltr'>πράττειν</span> <span class='ocrx_word' id='word_1_114' title='bbox 1841 1681 1878 1734; x_wconf 76' lang='grc' dir='ltr'>ἃ</span> <span class='ocrx_word' id='word_1_115' title='bbox 1917 1680 2061 1752; x_wconf 88' lang='grc' dir='ltr'>πρά-</span> 
     </span>
    </p>
   </div>
   <div class='ocr_carea' id='block_1_16' title="bbox 469 1761 2061 1839">
    <p class='ocr_par' dir='ltr' id='par_1_16' title="bbox 469 1761 2061 1839">
     <span class='ocr_line' id='line_1_16' title="bbox 469 1761 2061 1839; baseline -0.002 -18"><span class='ocrx_word' id='word_1_116' title='bbox 469 1767 661 1834; x_wconf 82' lang='grc' dir='ltr'>ξαντες</span> <span class='ocrx_word' id='word_1_117' title='bbox 694 1766 847 1839; x_wconf 85' lang='grc' dir='ltr'>παρά</span> <span class='ocrx_word' id='word_1_118' title='bbox 887 1768 1055 1821; x_wconf 75' lang='grc' dir='ltr'>πᾶσιν</span> <span class='ocrx_word' id='word_1_119' title='bbox 1087 1761 1228 1819; x_wconf 81' lang='grc' dir='ltr'>εἶναι</span> <span class='ocrx_word' id='word_1_120' title='bbox 1269 1764 1493 1835; x_wconf 81' lang='grc' dir='ltr'>δόξομεν</span> <span class='ocrx_word' id='word_1_121' title='bbox 1525 1763 1707 1828; x_wconf 72' lang='grc' dir='ltr'>κακοὶ,</span> <span class='ocrx_word' id='word_1_122' title='bbox 1738 1762 1876 1816; x_wconf 83' lang='grc' dir='ltr'>ἀλλά</span> <span class='ocrx_word' id='word_1_123' title='bbox 1907 1763 1969 1816; x_wconf 84' lang='grc' dir='ltr'>τὸ</span> <span class='ocrx_word' id='word_1_124' title='bbox 2000 1763 2061 1818; x_wconf 82' lang='grc' dir='ltr'>ἐν</span> 
     </span>
    </p>
   </div>
   <div class='ocr_carea' id='block_1_17' title="bbox 466 1847 2060 1922">
    <p class='ocr_par' dir='ltr' id='par_1_17' title="bbox 466 1847 2060 1922">
     <span class='ocr_line' id='line_1_17' title="bbox 466 1847 2060 1922; baseline -0.002 -17"><span class='ocrx_word' id='word_1_125' title='bbox 466 1850 679 1915; x_wconf 78' lang='grc' dir='ltr'><strong>τούτοις</strong></span> <span class='ocrx_word' id='word_1_126' title='bbox 708 1847 848 1904; x_wconf 76' lang='grc' dir='ltr'>εἶναι</span> <span class='ocrx_word' id='word_1_127' title='bbox 882 1850 1198 1922; x_wconf 76' lang='grc' dir='ltr'>λαμπροὺς,</span> <span class='ocrx_word' id='word_1_128' title='bbox 1232 1848 1268 1903; x_wconf 80' lang='grc' dir='ltr'>ἀ</span> <span class='ocrx_word' id='word_1_129' title='bbox 1300 1849 1440 1920; x_wconf 82' lang='grc' dir='ltr'>μήτε</span> <span class='ocrx_word' id='word_1_130' title='bbox 1468 1850 1596 1912; x_wconf 70' lang='grc' dir='ltr'>τοὺς</span> <span class='ocrx_word' id='word_1_131' title='bbox 1640 1847 1715 1918; x_wconf 79' lang='grc' dir='ltr'>μὴ</span> <span class='ocrx_word' id='word_1_132' title='bbox 1770 1847 2060 1918; x_wconf 74' lang='grc' dir='ltr'>ἑλομένους</span> 
     </span>
    </p>
   </div>
   <div class='ocr_carea' id='block_1_18' title="bbox 466 1932 2060 2005">
    <p class='ocr_par' dir='ltr' id='par_1_18' title="bbox 466 1932 2060 2005">
     <span class='ocr_line' id='line_1_18' title="bbox 466 1932 2060 2005; baseline -0.001 -16"><span class='ocrx_word' id='word_1_133' title='bbox 466 1934 664 2005; x_wconf 85' lang='grc' dir='ltr'>ἀφίησι</span> <span class='ocrx_word' id='word_1_134' title='bbox 692 1947 718 1975; x_wconf 77' lang='grc' dir='ltr'>ει</span> <span class='ocrx_word' id='word_1_135' title='bbox 742 1934 832 1987; x_wconf 81' lang='grc' dir='ltr'>διὰ</span> <span class='ocrx_word' id='word_1_136' title='bbox 858 1934 1016 1988; x_wconf 80' lang='grc' dir='ltr'>τοῦτο</span> <span class='ocrx_word' id='word_1_137' title='bbox 1031 1933 1378 1997; x_wconf 79' lang='grc' dir='ltr'>κακίζεσθαι,</span> <span class='ocrx_word' id='word_1_138' title='bbox 1410 1932 1538 1996; x_wconf 88' lang='grc' dir='ltr'>τούς</span> <span class='ocrx_word' id='word_1_139' title='bbox 1560 1949 1620 1984; x_wconf 86' lang='grc' dir='ltr'>τε</span> <span class='ocrx_word' id='word_1_140' title='bbox 1652 1932 1944 2003; x_wconf 75' lang='grc' dir='ltr'>ἑλομένους</span> <span class='ocrx_word' id='word_1_141' title='bbox 1964 1933 2060 1987; x_wconf 78' lang='grc' dir='ltr'>καὶ</span> 
     </span>
    </p>
   </div>
   <div class='ocr_carea' id='block_1_19' title="bbox 470 2014 2058 2089">
    <p class='ocr_par' dir='ltr' id='par_1_19' title="bbox 470 2014 2058 2089">
     <span class='ocr_line' id='line_1_19' title="bbox 470 2014 2058 2089; baseline -0.001 -18"><span class='ocrx_word' id='word_1_142' title='bbox 470 2017 924 2089; x_wconf 77' lang='grc' dir='ltr'>κατορθώσαντας</span> <span class='ocrx_word' id='word_1_143' title='bbox 947 2019 1007 2071; x_wconf 82' lang='grc' dir='ltr'><strong>οὐ</strong></span> <span class='ocrx_word' id='word_1_144' title='bbox 1035 2017 1194 2088; x_wconf 80' lang='grc' dir='ltr'>μόνον</span> <span class='ocrx_word' id='word_1_145' title='bbox 1222 2016 1324 2085; x_wconf 87' lang='grc' dir='ltr'>τῆς</span> <span class='ocrx_word' id='word_1_146' title='bbox 1351 2016 1459 2070; x_wconf 90' lang='grc' dir='ltr'>τῶν</span> <span class='ocrx_word' id='word_1_147' title='bbox 1480 2014 1701 2085; x_wconf 80' lang='grc' dir='ltr'>φαύλων</span> <span class='ocrx_word' id='word_1_148' title='bbox 1729 2015 2058 2071; x_wconf 84' lang='grc' dir='ltr'>ἀπαλλάττει</span> 
     </span>
    </p>
   </div>
   <div class='ocr_carea' id='block_1_20' title="bbox 467 2097 2054 2171">
    <p class='ocr_par' dir='ltr' id='par_1_20' title="bbox 467 2097 2054 2171">
     <span class='ocr_line' id='line_1_20' title="bbox 467 2097 2054 2171; baseline 0.001 -18"><span class='ocrx_word' id='word_1_149' title='bbox 467 2100 630 2171; x_wconf 74' lang='grc' dir='ltr'>δόξης</span> <span class='ocrx_word' id='word_1_150' title='bbox 648 2142 662 2165; x_wconf 89' lang='grc'>,</span> <span class='ocrx_word' id='word_1_151' title='bbox 698 2101 835 2155; x_wconf 82' lang='grc' dir='ltr'>ἀλλὰ</span> <span class='ocrx_word' id='word_1_152' title='bbox 862 2101 961 2156; x_wconf 75' lang='grc' dir='ltr'>καὶ</span> <span class='ocrx_word' id='word_1_153' title='bbox 988 2103 1069 2166; x_wconf 82' lang='grc' dir='ltr'>εἰς</span> <span class='ocrx_word' id='word_1_154' title='bbox 1095 2099 1194 2171; x_wconf 82' lang='grc' dir='ltr'>τὴν</span> <span class='ocrx_word' id='word_1_155' title='bbox 1227 2099 1336 2152; x_wconf 88' lang='grc' dir='ltr'>τῶν</span> <span class='ocrx_word' id='word_1_156' title='bbox 1366 2098 1587 2166; x_wconf 81' lang='grc' dir='ltr'>ἀγαθῶν</span> <span class='ocrx_word' id='word_1_157' title='bbox 1613 2099 1854 2169; x_wconf 78' lang='grc' dir='ltr'>ἐγκρίνει</span> <span class='ocrx_word' id='word_1_158' title='bbox 1882 2097 2054 2165; x_wconf 79' lang='grc' dir='ltr'>τάξιν.</span> 
     </span>
    </p>
   </div>
   <div class='ocr_carea' id='block_1_21' title="bbox 470 2182 2059 2256">
    <p class='ocr_par' dir='ltr' id='par_1_21' title="bbox 470 2182 2059 2256">
     <span class='ocr_line' id='line_1_21' title="bbox 470 2182 2059 2256; baseline 0 -20"><span class='ocrx_word' id='word_1_159' title='bbox 470 2184 686 2253; x_wconf 77' lang='grc' dir='ltr'>’Ὠσπερ</span> <span class='ocrx_word' id='word_1_160' title='bbox 718 2184 827 2256; x_wconf 84' lang='grc' dir='ltr'>γάρ</span> <span class='ocrx_word' id='word_1_161' title='bbox 856 2183 980 2248; x_wconf 81' lang='grc' dir='ltr'>τοὺς</span> <span class='ocrx_word' id='word_1_162' title='bbox 1009 2183 1297 2255; x_wconf 80' lang='grc' dir='ltr'>εὐνούχους</span> <span class='ocrx_word' id='word_1_163' title='bbox 1324 2183 1498 2246; x_wconf 69' lang='grc' dir='ltr'>οὐδεὶς</span> <span class='ocrx_word' id='word_1_164' title='bbox 1525 2182 1592 2237; x_wconf 82' lang='grc' dir='ltr'>ἂν</span> <span class='ocrx_word' id='word_1_165' title='bbox 1615 2183 1955 2238; x_wconf 79' lang='grc' dir='ltr'>ἐπαινέσειεν</span> <span class='ocrx_word' id='word_1_166' title='bbox 1978 2182 2059 2248; x_wconf 89' lang='grc' dir='ltr'>είς</span> 
     </span>
    </p>
   </div>
   <div class='ocr_carea' id='block_1_22' title="bbox 466 2264 2054 2339">
    <p class='ocr_par' dir='ltr' id='par_1_22' title="bbox 466 2264 2054 2339">
     <span class='ocr_line' id='line_1_22' title="bbox 466 2264 2054 2339; baseline 0.001 -21"><span class='ocrx_word' id='word_1_167' title='bbox 466 2267 767 2338; x_wconf 78' lang='grc' dir='ltr'>παρθενίας</span> <span class='ocrx_word' id='word_1_168' title='bbox 788 2267 965 2336; x_wconf 86' lang='grc' dir='ltr'>λόγον,</span> <span class='ocrx_word' id='word_1_169' title='bbox 994 2269 1077 2322; x_wconf 82' lang='grc' dir='ltr'>ὅτι</span> <span class='ocrx_word' id='word_1_170' title='bbox 1112 2268 1185 2339; x_wconf 84' lang='grc' dir='ltr'>μὴ</span> <span class='ocrx_word' id='word_1_171' title='bbox 1217 2266 1506 2337; x_wconf 74' lang='grc' dir='ltr'>γαμοῦσιν,</span> <span class='ocrx_word' id='word_1_172' title='bbox 1540 2264 1718 2331; x_wconf 75' lang='grc' dir='ltr'>οὕτως</span> <span class='ocrx_word' id='word_1_173' title='bbox 1747 2266 1869 2320; x_wconf 79' lang='grc' dir='ltr'>οὐδὲ</span> <span class='ocrx_word' id='word_1_174' title='bbox 1889 2268 2054 2337; x_wconf 82' lang='grc' dir='ltr'>ὑμᾶς.</span> 
     </span>
    </p>
   </div>
   <div class='ocr_carea' id='block_1_23' title="bbox 472 2349 2053 2423">
    <p class='ocr_par' dir='ltr' id='par_1_23' title="bbox 472 2349 2053 2423">
     <span class='ocr_line' id='line_1_23' title="bbox 472 2349 2053 2423; baseline -0.001 -18"><span class='ocrx_word' id='word_1_175' title='bbox 472 2353 538 2405; x_wconf 74' lang='grc' dir='ltr'><strong>Ὀ</strong></span> <span class='ocrx_word' id='word_1_176' title='bbox 566 2351 673 2422; x_wconf 77' lang='grc' dir='ltr'>γὰρ</span> <span class='ocrx_word' id='word_1_177' title='bbox 694 2352 922 2415; x_wconf 76' lang='grc' dir='ltr'>ἐκείνοις</span> <span class='ocrx_word' id='word_1_178' title='bbox 949 2352 982 2423; x_wconf 81' lang='grc' dir='ltr'><strong>ἡ</strong></span> <span class='ocrx_word' id='word_1_179' title='bbox 1016 2352 1117 2421; x_wconf 90' lang='grc' dir='ltr'>τῆς</span> <span class='ocrx_word' id='word_1_180' title='bbox 1150 2350 1366 2421; x_wconf 84' lang='grc' dir='ltr'>φύσεως</span> <span class='ocrx_word' id='word_1_181' title='bbox 1400 2350 1638 2421; x_wconf 90' lang='grc' dir='ltr'>ἀνάγκη,</span> <span class='ocrx_word' id='word_1_182' title='bbox 1670 2349 1990 2423; x_wconf 74' lang='grc' dir='ltr'>τοῦτσύμῖν</span> <span class='ocrx_word' id='word_1_183' title='bbox 2018 2352 2053 2421; x_wconf 84' lang='grc' dir='ltr'><strong>ἡ</strong></span> 
     </span>
    </p>
   </div>
   <div class='ocr_carea' id='block_1_24' title="bbox 463 2422 2056 2508">
    <p class='ocr_par' dir='ltr' id='par_1_24' title="bbox 463 2422 2056 2508">
     <span class='ocr_line' id='line_1_24' title="bbox 463 2422 2056 2508; baseline 0.001 -21"><span class='ocrx_word' id='word_1_184' title='bbox 463 2434 567 2503; x_wconf 86' lang='grc' dir='ltr'>τῆς</span> <span class='ocrx_word' id='word_1_185' title='bbox 586 2436 831 2506; x_wconf 78' lang='grc' dir='ltr'>πονηράς</span> <span class='ocrx_word' id='word_1_186' title='bbox 849 2422 1206 2508; x_wconf 81' lang='grc' dir='ltr'>συνειδήσεως</span> <span class='ocrx_word' id='word_1_187' title='bbox 1225 2433 1499 2506; x_wconf 77' lang='grc' dir='ltr'>πρόληψις</span> <span class='ocrx_word' id='word_1_188' title='bbox 1522 2422 1715 2504; x_wconf 79' lang='grc' dir='ltr'>γέγονε</span> <span class='ocrx_word' id='word_1_189' title='bbox 1734 2450 1748 2464; x_wconf 81' lang='lat'><strong>&#39;</strong></span> <span class='ocrx_word' id='word_1_190' title='bbox 1773 2435 1869 2488; x_wconf 74' lang='grc' dir='ltr'>καὶ</span> <span class='ocrx_word' id='word_1_191' title='bbox 1890 2434 2056 2488; x_wconf 83' lang='grc' dir='ltr'>καθά-</span> 
     </span>
    </p>
   </div>
   <div class='ocr_carea' id='block_1_25' title="bbox 467 2516 2058 2590">
    <p class='ocr_par' dir='ltr' id='par_1_25' title="bbox 467 2516 2058 2590">
     <span class='ocr_line' id='line_1_25' title="bbox 467 2516 2058 2590; baseline 0 -21"><span class='ocrx_word' id='word_1_192' title='bbox 467 2534 575 2586; x_wconf 85' lang='grc' dir='ltr'>περ</span> <span class='ocrx_word' id='word_1_193' title='bbox 613 2519 741 2580; x_wconf 75' lang='grc' dir='ltr'>τοὺς</span> <span class='ocrx_word' id='word_1_194' title='bbox 767 2517 1060 2588; x_wconf 76' lang='grc' dir='ltr'>εὐνούχους</span> <span class='ocrx_word' id='word_1_195' title='bbox 1087 2519 1121 2589; x_wconf 85' lang='grc' dir='ltr'>ἡ</span> <span class='ocrx_word' id='word_1_196' title='bbox 1149 2516 1245 2571; x_wconf 82' lang='grc' dir='ltr'>τοῦ</span> <span class='ocrx_word' id='word_1_197' title='bbox 1277 2516 1531 2588; x_wconf 84' lang='grc' dir='ltr'>σώματος</span> <span class='ocrx_word' id='word_1_198' title='bbox 1558 2518 1808 2590; x_wconf 82' lang='grc' dir='ltr'>πήρωσις</span> <span class='ocrx_word' id='word_1_199' title='bbox 1831 2517 1930 2588; x_wconf 69' lang='grc' dir='ltr'>τῆς</span> <span class='ocrx_word' id='word_1_200' title='bbox 1964 2516 2058 2572; x_wconf 77' lang='grc' dir='ltr'>ἐπὶ</span> 
     </span>
    </p>
   </div>
   <div class='ocr_carea' id='block_1_26' title="bbox 465 2598 2058 2673">
    <p class='ocr_par' dir='ltr' id='par_1_26' title="bbox 465 2598 2058 2673">
     <span class='ocr_line' id='line_1_26' title="bbox 465 2598 2058 2673; baseline 0 -18"><span class='ocrx_word' id='word_1_201' title='bbox 465 2598 544 2669; x_wconf 81' lang='grc' dir='ltr'>τῷ</span> <span class='ocrx_word' id='word_1_202' title='bbox 574 2602 859 2673; x_wconf 80' lang='grc' dir='ltr'>πράγματι</span> <span class='ocrx_word' id='word_1_203' title='bbox 887 2601 1202 2672; x_wconf 80' lang='grc' dir='ltr'>φιλοτιμίας</span> <span class='ocrx_word' id='word_1_204' title='bbox 1224 2600 1499 2667; x_wconf 76' lang='grc' dir='ltr'>ἐξέϐαλεν,</span> <span class='ocrx_word' id='word_1_205' title='bbox 1524 2599 1701 2665; x_wconf 80' lang='grc' dir='ltr'>οὕτως</span> <span class='ocrx_word' id='word_1_206' title='bbox 1730 2601 1874 2673; x_wconf 70' lang='grc' dir='ltr'>ὑμᾶς</span> <span class='ocrx_word' id='word_1_207' title='bbox 1892 2602 1923 2655; x_wconf 86' lang='lat'>6</span> <span class='ocrx_word' id='word_1_208' title='bbox 1941 2601 2058 2655; x_wconf 85' lang='grc' dir='ltr'>διά-</span> 
     </span>
    </p>
   </div>
   <div class='ocr_carea' id='block_1_27' title="bbox 466 2682 2059 2755">
    <p class='ocr_par' dir='ltr' id='par_1_27' title="bbox 466 2682 2059 2755">
     <span class='ocr_line' id='line_1_27' title="bbox 466 2682 2059 2755; baseline 0 -19"><span class='ocrx_word' id='word_1_209' title='bbox 466 2685 639 2747; x_wconf 86' lang='grc' dir='ltr'>ϐολος,</span> <span class='ocrx_word' id='word_1_210' title='bbox 661 2684 757 2755; x_wconf 86' lang='grc' dir='ltr'>τῆς</span> <span class='ocrx_word' id='word_1_211' title='bbox 788 2683 1004 2753; x_wconf 87' lang='grc' dir='ltr'>φύσεως</span> <span class='ocrx_word' id='word_1_212' title='bbox 1038 2684 1167 2754; x_wconf 83' lang='grc' dir='ltr'>ὑμῖν</span> <span class='ocrx_word' id='word_1_213' title='bbox 1195 2682 1455 2752; x_wconf 82' lang='grc' dir='ltr'>ἀκεραίου</span> <span class='ocrx_word' id='word_1_214' title='bbox 1497 2682 1786 2755; x_wconf 78' lang='grc' dir='ltr'>μενούσης,</span> <span class='ocrx_word' id='word_1_215' title='bbox 1820 2685 1946 2748; x_wconf 81' lang='grc' dir='ltr'>τοὺς</span> <span class='ocrx_word' id='word_1_216' title='bbox 1964 2684 2059 2755; x_wconf 88' lang='lat'>69-</span> 
     </span>
    </p>
   </div>
   <div class='ocr_carea' id='block_1_28' title="bbox 468 2765 2057 2840">
    <p class='ocr_par' dir='ltr' id='par_1_28' title="bbox 468 2765 2057 2840">
     <span class='ocr_line' id='line_1_28' title="bbox 468 2765 2057 2840; baseline -0.002 -18"><span class='ocrx_word' id='word_1_217' title='bbox 468 2767 595 2832; x_wconf 72' lang='grc' dir='ltr'>θοὺς</span> <span class='ocrx_word' id='word_1_218' title='bbox 617 2767 921 2840; x_wconf 74' lang='grc' dir='ltr'>περικόψας</span> <span class='ocrx_word' id='word_1_219' title='bbox 939 2767 1253 2839; x_wconf 83' lang='grc' dir='ltr'>λογισμοὺς,</span> <span class='ocrx_word' id='word_1_220' title='bbox 1279 2768 1375 2820; x_wconf 71' lang='grc' dir='ltr'>καὶ</span> <span class='ocrx_word' id='word_1_221' title='bbox 1395 2765 1569 2829; x_wconf 76' lang='grc' dir='ltr'>οὕτως</span> <span class='ocrx_word' id='word_1_222' title='bbox 1591 2768 1672 2831; x_wconf 86' lang='grc' dir='ltr'>είς</span> <span class='ocrx_word' id='word_1_223' title='bbox 1687 2767 1787 2837; x_wconf 81' lang='grc' dir='ltr'>τὴν</span> <span class='ocrx_word' id='word_1_224' title='bbox 1808 2766 2057 2837; x_wconf 86' lang='grc' dir='ltr'>ἀνάγκην</span> 
     </span>
    </p>
   </div>
   <div class='ocr_carea' id='block_1_29' title="bbox 466 2849 2058 2923">
    <p class='ocr_par' dir='ltr' id='par_1_29' title="bbox 466 2849 2058 2923">
     <span class='ocr_line' id='line_1_29' title="bbox 466 2849 2058 2923; baseline -0.002 -18"><span class='ocrx_word' id='word_1_225' title='bbox 466 2849 563 2906; x_wconf 81' lang='grc' dir='ltr'>τοῦ</span> <span class='ocrx_word' id='word_1_226' title='bbox 594 2852 669 2922; x_wconf 81' lang='grc' dir='ltr'>μὴ</span> <span class='ocrx_word' id='word_1_227' title='bbox 704 2855 904 2921; x_wconf 81' lang='grc' dir='ltr'>γαμεῖν</span> <span class='ocrx_word' id='word_1_228' title='bbox 939 2852 1289 2923; x_wconf 84' lang='grc' dir='ltr'>καταστήσας</span> <span class='ocrx_word' id='word_1_229' title='bbox 1309 2890 1325 2916; x_wconf 92' lang='grc'>,</span> <span class='ocrx_word' id='word_1_230' title='bbox 1352 2851 1659 2903; x_wconf 87' lang='grc' dir='ltr'>κατατείνει</span> <span class='ocrx_word' id='word_1_231' title='bbox 1691 2851 1790 2922; x_wconf 79' lang='grc' dir='ltr'>μὲν</span> <span class='ocrx_word' id='word_1_232' title='bbox 1815 2852 1928 2914; x_wconf 90' lang='grc' dir='ltr'>τοῖς</span> <span class='ocrx_word' id='word_1_233' title='bbox 1959 2849 2058 2902; x_wconf 83' lang='grc' dir='ltr'>πό-</span> 
     </span>
    </p>
   </div>
   <div class='ocr_carea' id='block_1_30' title="bbox 467 2931 2057 3005">
    <p class='ocr_par' dir='ltr' id='par_1_30' title="bbox 467 2931 2057 3005">
     <span class='ocr_line' id='line_1_30' title="bbox 467 2931 2057 3005; baseline -0.001 -16"><span class='ocrx_word' id='word_1_234' title='bbox 467 2952 614 2999; x_wconf 82' lang='grc' dir='ltr'>νοις,</span> <span class='ocrx_word' id='word_1_235' title='bbox 644 2933 910 3005; x_wconf 83' lang='grc' dir='ltr'>τιμᾶσθαι</span> <span class='ocrx_word' id='word_1_236' title='bbox 942 2934 997 2988; x_wconf 80' lang='grc' dir='ltr'>δὲ</span> <span class='ocrx_word' id='word_1_237' title='bbox 1031 2935 1132 2988; x_wconf 84' lang='grc' dir='ltr'>ούκ</span> <span class='ocrx_word' id='word_1_238' title='bbox 1168 2933 1381 3003; x_wconf 86' lang='grc' dir='ltr'>ἀφίησι.</span> <span class='ocrx_word' id='word_1_239' title='bbox 1417 2931 1666 2997; x_wconf 75' lang='grc' dir='ltr'>κωλύεις</span> <span class='ocrx_word' id='word_1_240' title='bbox 1704 2936 1933 3004; x_wconf 86' lang='grc' dir='ltr'>γαμεῖν;</span> <span class='ocrx_word' id='word_1_241' title='bbox 1966 2931 2057 2987; x_wconf 85' lang='grc' dir='ltr'>διά</span> 
     </span>
    </p>
   </div>
   <div class='ocr_carea' id='block_1_31' title="bbox 467 3008 2058 3091">
    <p class='ocr_par' dir='ltr' id='par_1_31' title="bbox 467 3008 2058 3091">
     <span class='ocr_line' id='line_1_31' title="bbox 467 3008 2058 3091; baseline -0.002 -19"><span class='ocrx_word' id='word_1_242' title='bbox 467 3017 624 3091; x_wconf 78' lang='grc' dir='ltr'>τοῦτο</span> <span class='ocrx_word' id='word_1_243' title='bbox 648 3016 742 3072; x_wconf 77' lang='grc' dir='ltr'>τοῦ</span> <span class='ocrx_word' id='word_1_244' title='bbox 769 3017 842 3089; x_wconf 82' lang='grc' dir='ltr'>μὴ</span> <span class='ocrx_word' id='word_1_245' title='bbox 862 3019 1063 3089; x_wconf 84' lang='grc' dir='ltr'>γαμεῖν</span> <span class='ocrx_word' id='word_1_246' title='bbox 1088 3017 1150 3072; x_wconf 86' lang='grc' dir='ltr'>ού</span> <span class='ocrx_word' id='word_1_247' title='bbox 1174 3008 1418 3070; x_wconf 78' lang='grc' dir='ltr'>κείσεται</span> <span class='ocrx_word' id='word_1_248' title='bbox 1442 3032 1521 3070; x_wconf 90' lang='grc' dir='ltr'>σοι</span> <span class='ocrx_word' id='word_1_249' title='bbox 1555 3016 1770 3087; x_wconf 83' lang='grc' dir='ltr'>μισθὸς,</span> <span class='ocrx_word' id='word_1_250' title='bbox 1800 3015 1937 3071; x_wconf 89' lang='grc' dir='ltr'>ἀλλά</span> <span class='ocrx_word' id='word_1_251' title='bbox 1961 3016 2058 3070; x_wconf 78' lang='grc' dir='ltr'>καὶ</span> 
     </span>
    </p>
   </div>
   <div class='ocr_carea' id='block_1_32' title="bbox 466 3100 1751 3172">
    <p class='ocr_par' dir='ltr' id='par_1_32' title="bbox 466 3100 1751 3172">
     <span class='ocr_line' id='line_1_32' title="bbox 466 3100 1751 3172; baseline -0.004 -18"><span class='ocrx_word' id='word_1_252' title='bbox 466 3100 706 3172; x_wconf 83' lang='grc' dir='ltr'>τιμωρία</span> <span class='ocrx_word' id='word_1_253' title='bbox 735 3102 832 3154; x_wconf 69' lang='grc' dir='ltr'>καὶ</span> <span class='ocrx_word' id='word_1_254' title='bbox 852 3100 1099 3165; x_wconf 88' lang='grc' dir='ltr'>κόλασις.</span> <span class='ocrx_word' id='word_1_255' title='bbox 1742 3138 1751 3149; x_wconf 78' lang='grc'>.</span> 
     </span>
    </p>
   </div>
   <div class='ocr_carea' id='block_1_33' title="bbox 536 3181 2058 3255">
    <p class='ocr_par' dir='ltr' id='par_1_33' title="bbox 536 3181 2058 3255">
     <span class='ocr_line' id='line_1_33' title="bbox 536 3181 2058 3255; baseline -0.001 -18"><span class='ocrx_word' id='word_1_256' title='bbox 536 3183 613 3239; x_wconf 78' lang='lat'>6&#39;.</span> <span class='ocrx_word' id='word_1_257' title='bbox 641 3183 713 3238; x_wconf 75' lang='grc' dir='ltr'>Σὺ</span> <span class='ocrx_word' id='word_1_258' title='bbox 735 3184 811 3250; x_wconf 78' lang='grc' dir='ltr'>δὲ,</span> <span class='ocrx_word' id='word_1_259' title='bbox 838 3183 1025 3255; x_wconf 69' lang='grc' dir='ltr'>φησὶν,</span> <span class='ocrx_word' id='word_1_260' title='bbox 1051 3183 1111 3237; x_wconf 88' lang='grc' dir='ltr'>ού</span> <span class='ocrx_word' id='word_1_261' title='bbox 1142 3181 1408 3249; x_wconf 88' lang='grc' dir='ltr'>κωλύεις;</span> <span class='ocrx_word' id='word_1_262' title='bbox 1442 3184 1681 3251; x_wconf 80' lang='grc' dir='ltr'>Ἀπαγε,</span> <span class='ocrx_word' id='word_1_263' title='bbox 1717 3181 1790 3252; x_wconf 80' lang='grc' dir='ltr'>μή</span> <span class='ocrx_word' id='word_1_264' title='bbox 1820 3198 1951 3236; x_wconf 88' lang='grc' dir='ltr'>ποτε</span> <span class='ocrx_word' id='word_1_265' title='bbox 1987 3181 2058 3236; x_wconf 89' lang='grc' dir='ltr'>τά</span> 
     </span>
    </p>
   </div>
   <div class='ocr_carea' id='block_1_34' title="bbox 466 3261 2054 3339">
    <p class='ocr_par' dir='ltr' id='par_1_34' title="bbox 466 3261 2054 3339">
     <span class='ocr_line' id='line_1_34' title="bbox 466 3261 2054 3339; baseline -0.004 -16"><span class='ocrx_word' id='word_1_266' title='bbox 466 3268 608 3324; x_wconf 81' lang='grc' dir='ltr'>αὐτά</span> <span class='ocrx_word' id='word_1_267' title='bbox 637 3286 718 3321; x_wconf 92' lang='grc' dir='ltr'>σοι</span> <span class='ocrx_word' id='word_1_268' title='bbox 768 3267 1019 3339; x_wconf 84' lang='grc' dir='ltr'>μανείην.</span> <span class='ocrx_word' id='word_1_269' title='bbox 1059 3265 1187 3330; x_wconf 89' lang='grc' dir='ltr'>Πῶς</span> <span class='ocrx_word' id='word_1_270' title='bbox 1217 3261 1332 3331; x_wconf 79' lang='grc' dir='ltr'>οὖν,</span> <span class='ocrx_word' id='word_1_271' title='bbox 1376 3267 1545 3337; x_wconf 75' lang='grc' dir='ltr'>φησὶ,</span> <span class='ocrx_word' id='word_1_272' title='bbox 1589 3264 1931 3335; x_wconf 84' lang='grc' dir='ltr'>παρακαλεῖς</span> <span class='ocrx_word' id='word_1_273' title='bbox 1979 3267 2054 3337; x_wconf 78' lang='grc' dir='ltr'>μὴ</span> 
     </span>
    </p>
   </div>
   <div class='ocr_carea' id='block_1_35' title="bbox 466 3342 2053 3422">
    <p class='ocr_par' dir='ltr' id='par_1_35' title="bbox 466 3342 2053 3422">
     <span class='ocr_line' id='line_1_35' title="bbox 466 3342 2053 3422; baseline -0.002 -18"><span class='ocrx_word' id='word_1_274' title='bbox 466 3353 699 3422; x_wconf 87' lang='grc' dir='ltr'>γαμεῖν;</span> <span class='ocrx_word' id='word_1_275' title='bbox 734 3350 857 3405; x_wconf 82' lang='grc' dir='ltr'>Ὅτι</span> <span class='ocrx_word' id='word_1_276' title='bbox 896 3351 1159 3420; x_wconf 89' lang='grc' dir='ltr'>πείθομαι</span> <span class='ocrx_word' id='word_1_277' title='bbox 1191 3348 1373 3420; x_wconf 82' lang='grc' dir='ltr'>πολλῷ</span> <span class='ocrx_word' id='word_1_278' title='bbox 1409 3346 1743 3419; x_wconf 79' lang='grc' dir='ltr'>τιμιωτέραν</span> <span class='ocrx_word' id='word_1_279' title='bbox 1790 3342 1932 3401; x_wconf 78' lang='grc' dir='ltr'>εἴναι</span> <span class='ocrx_word' id='word_1_280' title='bbox 1960 3347 2053 3401; x_wconf 84' lang='grc' dir='ltr'>τοῦ</span> 
     </span>
    </p>
   </div>
   <div class='ocr_carea' id='block_1_36' title="bbox 466 3430 2056 3505">
    <p class='ocr_par' dir='ltr' id='par_1_36' title="bbox 466 3430 2056 3505">
     <span class='ocr_line' id='line_1_36' title="bbox 466 3430 2056 3505; baseline -0.004 -17"><span class='ocrx_word' id='word_1_281' title='bbox 466 3434 646 3505; x_wconf 86' lang='grc' dir='ltr'>γάμου</span> <span class='ocrx_word' id='word_1_282' title='bbox 666 3433 765 3505; x_wconf 80' lang='grc' dir='ltr'>τὴν</span> <span class='ocrx_word' id='word_1_283' title='bbox 785 3432 1087 3505; x_wconf 84' lang='grc' dir='ltr'>παρθενίαν</span> <span class='ocrx_word' id='word_1_284' title='bbox 1104 3448 1118 3462; x_wconf 74' lang='grc' dir='ltr'><strong>ο</strong></span> <span class='ocrx_word' id='word_1_285' title='bbox 1146 3432 1208 3486; x_wconf 80' lang='grc' dir='ltr'>οὐ</span> <span class='ocrx_word' id='word_1_286' title='bbox 1239 3432 1346 3503; x_wconf 81' lang='grc' dir='ltr'>μὴν</span> <span class='ocrx_word' id='word_1_287' title='bbox 1371 3430 1458 3486; x_wconf 90' lang='grc' dir='ltr'>διά</span> <span class='ocrx_word' id='word_1_288' title='bbox 1484 3430 1644 3484; x_wconf 81' lang='grc' dir='ltr'>τοῦτο</span> <span class='ocrx_word' id='word_1_289' title='bbox 1667 3431 1724 3482; x_wconf 82' lang='grc' dir='ltr'>ὲν</span> <span class='ocrx_word' id='word_1_290' title='bbox 1752 3433 1864 3494; x_wconf 90' lang='grc' dir='ltr'>τοῖς</span> <span class='ocrx_word' id='word_1_291' title='bbox 1888 3446 2056 3502; x_wconf 86' lang='grc' dir='ltr'>πονη-</span> 
     </span>
    </p>
   </div>
   <div class='ocr_carea' id='block_1_37' title="bbox 472 3513 2050 3591">
    <p class='ocr_par' dir='ltr' id='par_1_37' title="bbox 472 3513 2050 3591">
     <span class='ocr_line' id='line_1_37' title="bbox 472 3513 2050 3591; baseline -0.002 -20"><span class='ocrx_word' id='word_1_292' title='bbox 472 3521 585 3589; x_wconf 86' lang='grc' dir='ltr'>ροῖς</span> <span class='ocrx_word' id='word_1_293' title='bbox 609 3518 701 3573; x_wconf 81' lang='grc' dir='ltr'>τὸν</span> <span class='ocrx_word' id='word_1_294' title='bbox 720 3519 898 3591; x_wconf 84' lang='grc' dir='ltr'>γάμον</span> <span class='ocrx_word' id='word_1_295' title='bbox 923 3517 1167 3587; x_wconf 88' lang='grc' dir='ltr'>τίθεμαι,</span> <span class='ocrx_word' id='word_1_296' title='bbox 1199 3514 1337 3569; x_wconf 88' lang='grc' dir='ltr'>ἀλλά</span> <span class='ocrx_word' id='word_1_297' title='bbox 1357 3514 1452 3569; x_wconf 76' lang='grc' dir='ltr'>καὶ</span> <span class='ocrx_word' id='word_1_298' title='bbox 1484 3513 1605 3566; x_wconf 85' lang='grc' dir='ltr'>λίαν</span> <span class='ocrx_word' id='word_1_299' title='bbox 1627 3513 1790 3567; x_wconf 79' lang='grc' dir='ltr'>αὑτὸν</span> <span class='ocrx_word' id='word_1_300' title='bbox 1819 3514 2050 3568; x_wconf 78' lang='grc' dir='ltr'>ἐπαινῶ.</span> 
     </span>
    </p>
   </div>
   <div class='ocr_carea' id='block_1_38' title="bbox 471 3594 2054 3673">
    <p class='ocr_par' dir='ltr' id='par_1_38' title="bbox 471 3594 2054 3673">
     <span class='ocr_line' id='line_1_38' title="bbox 471 3594 2054 3673; baseline -0.004 -17"><span class='ocrx_word' id='word_1_301' title='bbox 471 3602 652 3673; x_wconf 81' lang='grc' dir='ltr'>Λιμὴν</span> <span class='ocrx_word' id='word_1_302' title='bbox 681 3601 790 3673; x_wconf 90' lang='grc' dir='ltr'>γάρ</span> <span class='ocrx_word' id='word_1_303' title='bbox 828 3601 948 3654; x_wconf 87' lang='grc' dir='ltr'>ὲστι</span> <span class='ocrx_word' id='word_1_304' title='bbox 987 3596 1345 3670; x_wconf 83' lang='grc' dir='ltr'>σωφροσύνης</span> <span class='ocrx_word' id='word_1_305' title='bbox 1378 3599 1492 3660; x_wconf 89' lang='grc' dir='ltr'>τοῖς</span> <span class='ocrx_word' id='word_1_306' title='bbox 1527 3594 1873 3668; x_wconf 81' lang='grc' dir='ltr'>βουλομένοις</span> <span class='ocrx_word' id='word_1_307' title='bbox 1903 3596 2054 3668; x_wconf 84' lang='grc' dir='ltr'>αύτῷ</span> 
     </span>
    </p>
   </div>
   <div class='ocr_carea' id='block_1_39' title="bbox 467 3679 2050 3755">
    <p class='ocr_par' dir='ltr' id='par_1_39' title="bbox 467 3679 2050 3755">
     <span class='ocr_line' id='line_1_39' title="bbox 467 3679 2050 3755; baseline -0.003 -17"><span class='ocrx_word' id='word_1_308' title='bbox 467 3684 704 3755; x_wconf 85' lang='grc' dir='ltr'>χρῆσθαι</span> <span class='ocrx_word' id='word_1_309' title='bbox 755 3682 973 3746; x_wconf 81' lang='grc' dir='ltr'>καλῶς,</span> <span class='ocrx_word' id='word_1_310' title='bbox 1014 3683 1115 3734; x_wconf 80' lang='grc' dir='ltr'>οὐκ</span> <span class='ocrx_word' id='word_1_311' title='bbox 1157 3680 1340 3751; x_wconf 75' lang='grc' dir='ltr'>ἀφιεὶς</span> <span class='ocrx_word' id='word_1_312' title='bbox 1388 3679 1690 3755; x_wconf 81' lang='grc' dir='ltr'>ἀγριαίνειν</span> <span class='ocrx_word' id='word_1_313' title='bbox 1728 3679 1829 3750; x_wconf 78' lang='grc' dir='ltr'>τὴν</span> <span class='ocrx_word' id='word_1_314' title='bbox 1865 3679 2050 3748; x_wconf 90' lang='grc' dir='ltr'>φύσιν.</span> 
     </span>
    </p>
   </div>
   <div class='ocr_carea' id='block_1_40' title="bbox 483 3761 2052 3838">
    <p class='ocr_par' dir='ltr' id='par_1_40' title="bbox 483 3761 2052 3838">
     <span class='ocr_line' id='line_1_40' title="bbox 483 3761 2052 3838; baseline -0.003 -17"><span class='ocrx_word' id='word_1_315' title='bbox 483 3768 625 3821; x_wconf 79' lang='grc' dir='ltr'>Ἀντὶ</span> <span class='ocrx_word' id='word_1_316' title='bbox 639 3767 748 3838; x_wconf 87' lang='grc' dir='ltr'>γάρ</span> <span class='ocrx_word' id='word_1_317' title='bbox 770 3765 1051 3838; x_wconf 86' lang='grc' dir='ltr'>προϐόλων</span> <span class='ocrx_word' id='word_1_318' title='bbox 1072 3765 1387 3836; x_wconf 85' lang='grc' dir='ltr'>προστήσας</span> <span class='ocrx_word' id='word_1_319' title='bbox 1400 3762 1501 3833; x_wconf 79' lang='grc' dir='ltr'>τὴν</span> <span class='ocrx_word' id='word_1_320' title='bbox 1522 3761 1747 3833; x_wconf 77' lang='grc' dir='ltr'>ἔννομον</span> <span class='ocrx_word' id='word_1_321' title='bbox 1770 3761 1937 3833; x_wconf 78' lang='grc' dir='ltr'>μίξιν,</span> <span class='ocrx_word' id='word_1_322' title='bbox 1956 3763 2052 3818; x_wconf 75' lang='grc' dir='ltr'>καὶ</span> 
     </span>
    </p>
   </div>
   <div class='ocr_carea' id='block_1_41' title="bbox 466 3843 2051 3920">
    <p class='ocr_par' dir='ltr' id='par_1_41' title="bbox 466 3843 2051 3920">
     <span class='ocr_line' id='line_1_41' title="bbox 466 3843 2051 3920; baseline -0.003 -17"><span class='ocrx_word' id='word_1_323' title='bbox 466 3849 636 3920; x_wconf 78' lang='grc' dir='ltr'>ταύτῃ</span> <span class='ocrx_word' id='word_1_324' title='bbox 666 3848 737 3902; x_wconf 91' lang='grc' dir='ltr'>τά</span> <span class='ocrx_word' id='word_1_325' title='bbox 752 3849 851 3920; x_wconf 89' lang='grc' dir='ltr'>τῆς</span> <span class='ocrx_word' id='word_1_326' title='bbox 871 3847 1163 3918; x_wconf 78' lang='grc' dir='ltr'>ἐπιθυμίας</span> <span class='ocrx_word' id='word_1_327' title='bbox 1185 3846 1477 3917; x_wconf 87' lang='grc' dir='ltr'>δεχόμενος</span> <span class='ocrx_word' id='word_1_328' title='bbox 1497 3843 1740 3915; x_wconf 85' lang='grc' dir='ltr'>κύματα,</span> <span class='ocrx_word' id='word_1_329' title='bbox 1768 3845 1827 3897; x_wconf 82' lang='grc' dir='ltr'>ὲν</span> <span class='ocrx_word' id='word_1_330' title='bbox 1844 3845 2051 3918; x_wconf 80' lang='grc' dir='ltr'>γαλήνῃ</span> 
     </span>
    </p>
   </div>
   <div class='ocr_carea' id='block_1_42' title="bbox 469 3926 2054 4005">
    <p class='ocr_par' dir='ltr' id='par_1_42' title="bbox 469 3926 2054 4005">
     <span class='ocr_line' id='line_1_42' title="bbox 469 3926 2054 4005; baseline -0.004 -18"><span class='ocrx_word' id='word_1_331' title='bbox 469 3933 635 4005; x_wconf 80' lang='grc' dir='ltr'>πολλῇ</span> <span class='ocrx_word' id='word_1_332' title='bbox 666 3932 989 4003; x_wconf 83' lang='grc' dir='ltr'>καθίστησιν</span> <span class='ocrx_word' id='word_1_333' title='bbox 1012 3931 1158 4002; x_wconf 84' lang='grc' dir='ltr'>ἡμᾶς</span> <span class='ocrx_word' id='word_1_334' title='bbox 1182 3929 1277 3982; x_wconf 80' lang='grc' dir='ltr'>καὶ</span> <span class='ocrx_word' id='word_1_335' title='bbox 1305 3926 1572 4002; x_wconf 87' lang='grc' dir='ltr'>διατηρεῖ.</span> <span class='ocrx_word' id='word_1_336' title='bbox 1612 3927 1751 3980; x_wconf 84' lang='grc' dir='ltr'>Ἀλλ’</span> <span class='ocrx_word' id='word_1_337' title='bbox 1777 3929 1883 3981; x_wconf 85' lang='grc' dir='ltr'>εἰσί</span> <span class='ocrx_word' id='word_1_338' title='bbox 1909 3947 2054 3992; x_wconf 89' lang='grc' dir='ltr'>τινες</span> 
     </span>
    </p>
   </div>
   <div class='ocr_carea' id='block_1_43' title="bbox 468 4009 2054 4088">
    <p class='ocr_par' dir='ltr' id='par_1_43' title="bbox 468 4009 2054 4088">
     <span class='ocr_line' id='line_1_43' title="bbox 468 4009 2054 4088; baseline -0.004 -18"><span class='ocrx_word' id='word_1_339' title='bbox 468 4018 518 4071; x_wconf 78' lang='grc' dir='ltr'>οἱ</span> <span class='ocrx_word' id='word_1_340' title='bbox 549 4018 625 4088; x_wconf 85' lang='grc' dir='ltr'>μὴ</span> <span class='ocrx_word' id='word_1_341' title='bbox 648 4015 892 4086; x_wconf 87' lang='grc' dir='ltr'>δεόμενοι</span> <span class='ocrx_word' id='word_1_342' title='bbox 920 4012 1127 4085; x_wconf 85' lang='grc' dir='ltr'>ταύτης</span> <span class='ocrx_word' id='word_1_343' title='bbox 1154 4010 1255 4082; x_wconf 87' lang='grc' dir='ltr'>τῆς</span> <span class='ocrx_word' id='word_1_344' title='bbox 1283 4009 1605 4081; x_wconf 75' lang='grc' dir='ltr'>ἀσφαλείας,</span> <span class='ocrx_word' id='word_1_345' title='bbox 1631 4009 1746 4063; x_wconf 86' lang='grc' dir='ltr'>ἀλλ’</span> <span class='ocrx_word' id='word_1_346' title='bbox 1771 4009 1893 4064; x_wconf 74' lang='grc' dir='ltr'>ἀντὶ</span> <span class='ocrx_word' id='word_1_347' title='bbox 1921 4010 2054 4065; x_wconf 84' lang='grc' dir='ltr'>ταύ-</span> 
     </span>
    </p>
   </div>
   <div class='ocr_carea' id='block_1_44' title="bbox 467 4092 2049 4175">
    <p class='ocr_par' dir='ltr' id='par_1_44' title="bbox 467 4092 2049 4175">
     <span class='ocr_line' id='line_1_44' title="bbox 467 4092 2049 4175; baseline -0.004 -22"><span class='ocrx_word' id='word_1_348' title='bbox 467 4117 567 4170; x_wconf 86' lang='grc' dir='ltr'>της</span> <span class='ocrx_word' id='word_1_349' title='bbox 616 4102 893 4170; x_wconf 87' lang='grc' dir='ltr'>νηστείαις</span> <span class='ocrx_word' id='word_1_350' title='bbox 916 4139 933 4166; x_wconf 90' lang='grc'>,</span> <span class='ocrx_word' id='word_1_351' title='bbox 981 4094 1344 4175; x_wconf 78' lang='grc' dir='ltr'>ἀγρυπνίαις,</span> <span class='ocrx_word' id='word_1_352' title='bbox 1395 4092 1722 4166; x_wconf 89' lang='grc' dir='ltr'>χαμευνίαις</span> <span class='ocrx_word' id='word_1_353' title='bbox 1742 4132 1759 4158; x_wconf 88' lang='grc'>,</span> <span class='ocrx_word' id='word_1_354' title='bbox 1787 4095 1855 4165; x_wconf 81' lang='grc' dir='ltr'>τῇ</span> <span class='ocrx_word' id='word_1_355' title='bbox 1888 4093 2049 4165; x_wconf 80' lang='grc' dir='ltr'>λοιπῇ</span> 
     </span>
    </p>
   </div>
   <div class='ocr_carea' id='block_1_45' title="bbox 470 4176 2048 4255">
    <p class='ocr_par' dir='ltr' id='par_1_45' title="bbox 470 4176 2048 4255">
     <span class='ocr_line' id='line_1_45' title="bbox 470 4176 2048 4255; baseline -0.003 -21"><span class='ocrx_word' id='word_1_356' title='bbox 470 4182 861 4255; x_wconf 74' lang='grc' dir='ltr'>σκληραγωγίᾳ</span> <span class='ocrx_word' id='word_1_357' title='bbox 888 4179 1272 4236; x_wconf 87' lang='grc' dir='ltr'>τιθασσεύουσι</span> <span class='ocrx_word' id='word_1_358' title='bbox 1297 4177 1398 4249; x_wconf 78' lang='grc' dir='ltr'>τὴν</span> <span class='ocrx_word' id='word_1_359' title='bbox 1441 4177 1540 4248; x_wconf 89' lang='grc' dir='ltr'>τῆς</span> <span class='ocrx_word' id='word_1_360' title='bbox 1571 4176 1784 4246; x_wconf 86' lang='grc' dir='ltr'>φύσεως</span> <span class='ocrx_word' id='word_1_361' title='bbox 1818 4176 2048 4246; x_wconf 87' lang='grc' dir='ltr'>μανίαν·</span> 
     </span>
    </p>
   </div>
   <div class='ocr_carea' id='block_1_46' title="bbox 467 4260 2051 4339">
    <p class='ocr_par' dir='ltr' id='par_1_46' title="bbox 467 4260 2051 4339">
     <span class='ocr_line' id='line_1_46' title="bbox 467 4260 2051 4339; baseline -0.002 -20"><span class='ocrx_word' id='word_1_362' title='bbox 467 4266 676 4332; x_wconf 88' lang='grc' dir='ltr'>τούτοις</span> <span class='ocrx_word' id='word_1_363' title='bbox 701 4265 952 4339; x_wconf 82' lang='grc' dir='ltr'>παραινῶ</span> <span class='ocrx_word' id='word_1_364' title='bbox 970 4265 1045 4337; x_wconf 80' lang='grc' dir='ltr'>μὴ</span> <span class='ocrx_word' id='word_1_365' title='bbox 1061 4264 1280 4333; x_wconf 75' lang='grc' dir='ltr'>γαμεῖν,</span> <span class='ocrx_word' id='word_1_366' title='bbox 1307 4262 1369 4314; x_wconf 77' lang='grc' dir='ltr'>οὐ</span> <span class='ocrx_word' id='word_1_367' title='bbox 1402 4260 1626 4315; x_wconf 86' lang='grc' dir='ltr'>κωλύων</span> <span class='ocrx_word' id='word_1_368' title='bbox 1655 4262 1876 4332; x_wconf 89' lang='grc' dir='ltr'>γαμεῖν.</span> <span class='ocrx_word' id='word_1_369' title='bbox 1909 4261 2051 4316; x_wconf 82' lang='grc' dir='ltr'>Πολὺ</span> 
     </span>
    </p>
   </div>
   <div class='ocr_carea' id='block_1_47' title="bbox 465 4342 2054 4417">
    <p class='ocr_par' dir='ltr' id='par_1_47' title="bbox 465 4342 2054 4417">
     <span class='ocr_line' id='line_1_47' title="bbox 465 4342 2054 4417; baseline -0.003 -16"><span class='ocrx_word' id='word_1_370' title='bbox 465 4348 525 4402; x_wconf 80' lang='grc' dir='ltr'>δὲ</span> <span class='ocrx_word' id='word_1_371' title='bbox 547 4348 734 4402; x_wconf 90' lang='grc' dir='ltr'>τούτου</span> <span class='ocrx_word' id='word_1_372' title='bbox 761 4348 1013 4403; x_wconf 87' lang='grc' dir='ltr'>κάκείνου</span> <span class='ocrx_word' id='word_1_373' title='bbox 1036 4346 1098 4399; x_wconf 76' lang='grc' dir='ltr'><strong>τὸ</strong></span> <span class='ocrx_word' id='word_1_374' title='bbox 1121 4344 1306 4417; x_wconf 76' lang='grc' dir='ltr'>μέσον,</span> <span class='ocrx_word' id='word_1_375' title='bbox 1328 4344 1422 4415; x_wconf 74' lang='grc' dir='ltr'>καὶ</span> <span class='ocrx_word' id='word_1_376' title='bbox 1442 4342 1718 4409; x_wconf 76' lang='grc' dir='ltr'>τοσούτον,</span> <span class='ocrx_word' id='word_1_377' title='bbox 1737 4344 1862 4396; x_wconf 84' lang='grc' dir='ltr'>ὅσον</span> <span class='ocrx_word' id='word_1_378' title='bbox 1884 4344 2054 4413; x_wconf 88' lang='grc' dir='ltr'>ἀνάγ-</span> 
     </span>
    </p>
   </div>
   <div class='ocr_carea' id='block_1_48' title="bbox 466 4426 2053 4505">
    <p class='ocr_par' dir='ltr' id='par_1_48' title="bbox 466 4426 2053 4505">
     <span class='ocr_line' id='line_1_48' title="bbox 466 4426 2053 4505; baseline -0.013 -17"><span class='ocrx_word' id='word_1_379' title='bbox 466 4449 572 4504; x_wconf 85' lang='grc' dir='ltr'>κης</span> <span class='ocrx_word' id='word_1_380' title='bbox 604 4433 700 4487; x_wconf 78' lang='grc' dir='ltr'>καὶ</span> <span class='ocrx_word' id='word_1_381' title='bbox 746 4433 1117 4505; x_wconf 82' lang='grc' dir='ltr'>προαιρέσεως</span> <span class='ocrx_word' id='word_1_382' title='bbox 1141 4427 1203 4483; x_wconf 78' lang='grc' dir='ltr'>τὸ</span> <span class='ocrx_word' id='word_1_383' title='bbox 1233 4428 1508 4499; x_wconf 85' lang='grc' dir='ltr'>διάφορον.</span> <span class='ocrx_word' id='word_1_384' title='bbox 1551 4427 1609 4480; x_wconf 86' lang='lat'>&#39;0</span> <span class='ocrx_word' id='word_1_385' title='bbox 1652 4426 1751 4505; x_wconf 80' lang='grc' dir='ltr'>μὲν</span> <span class='ocrx_word' id='word_1_386' title='bbox 1777 4426 1886 4499; x_wconf 74' lang='grc' dir='ltr'>γὰρ</span> <span class='ocrx_word' id='word_1_387' title='bbox 1916 4442 2053 4499; x_wconf 56' lang='lat' dir='ltr'>cup,</span> 
     </span>
    </p>
   </div>
   <div class='ocr_carea' id='block_1_49' title="bbox 468 4504 2054 4588">
    <p class='ocr_par' dir='ltr' id='par_1_49' title="bbox 468 4504 2054 4588">
     <span class='ocr_line' id='line_1_49' title="bbox 468 4504 2054 4588; baseline -0.007 -17"><span class='ocrx_word' id='word_1_388' title='bbox 468 4515 737 4572; x_wconf 81' lang='grc' dir='ltr'>ϐουλεύων</span> <span class='ocrx_word' id='word_1_389' title='bbox 766 4504 957 4588; x_wconf 86' lang='grc' dir='ltr'>ἀφίησι</span> <span class='ocrx_word' id='word_1_390' title='bbox 983 4513 1076 4568; x_wconf 83' lang='grc' dir='ltr'>τὸν</span> <span class='ocrx_word' id='word_1_391' title='bbox 1105 4510 1371 4588; x_wconf 76' lang='grc' dir='ltr'>ἀκούοντα</span> <span class='ocrx_word' id='word_1_392' title='bbox 1408 4507 1598 4580; x_wconf 87' lang='grc' dir='ltr'>κύριον</span> <span class='ocrx_word' id='word_1_393' title='bbox 1635 4504 1776 4563; x_wconf 81' lang='grc' dir='ltr'>εἶναι</span> <span class='ocrx_word' id='word_1_394' title='bbox 1805 4509 1906 4580; x_wconf 88' lang='grc' dir='ltr'>τῆς</span> <span class='ocrx_word' id='word_1_395' title='bbox 1942 4509 2054 4562; x_wconf 88' lang='grc' dir='ltr'>τῶν</span> 
     </span>
    </p>
   </div>
   <div class='ocr_carea' id='block_1_50' title="bbox 468 4585 2053 4672">
    <p class='ocr_par' dir='ltr' id='par_1_50' title="bbox 468 4585 2053 4672">
     <span class='ocr_line' id='line_1_50' title="bbox 468 4585 2053 4672; baseline -0.006 -18"><span class='ocrx_word' id='word_1_396' title='bbox 468 4585 1104 4672; x_wconf 18' lang='grc' dir='ltr'>πραγμάτωνταίρέσεως</span> <span class='ocrx_word' id='word_1_397' title='bbox 1135 4594 1279 4666; x_wconf 79' lang='grc' dir='ltr'>ὑπὲρ</span> <span class='ocrx_word' id='word_1_398' title='bbox 1307 4585 1383 4647; x_wconf 83' lang='grc' dir='ltr'>ὧν</span> <span class='ocrx_word' id='word_1_399' title='bbox 1417 4594 1655 4647; x_wconf 88' lang='grc' dir='ltr'>ποιεῖται</span> <span class='ocrx_word' id='word_1_400' title='bbox 1682 4593 1783 4663; x_wconf 75' lang='grc' dir='ltr'>τὴν</span> <span class='ocrx_word' id='word_1_401' title='bbox 1811 4590 2053 4663; x_wconf 90' lang='grc' dir='ltr'>συμϐου-</span> 
     </span>
    </p>
   </div>
   <div class='ocr_carea' id='block_1_51' title="bbox 466 4673 2052 4759">
    <p class='ocr_par' dir='ltr' id='par_1_51' title="bbox 466 4673 2052 4759">
     <span class='ocr_line' id='line_1_51' title="bbox 466 4673 2052 4759; baseline -0.007 -21"><span class='ocrx_word' id='word_1_402' title='bbox 466 4682 567 4759; x_wconf 76' lang='grc' dir='ltr'>λήν</span> <span class='ocrx_word' id='word_1_403' title='bbox 589 4700 604 4713; x_wconf 92' lang='grc'><strong>·</strong></span> <span class='ocrx_word' id='word_1_404' title='bbox 649 4684 679 4737; x_wconf 92' lang='lat'>6</span> <span class='ocrx_word' id='word_1_405' title='bbox 710 4682 766 4736; x_wconf 79' lang='grc' dir='ltr'>δὲ</span> <span class='ocrx_word' id='word_1_406' title='bbox 795 4680 1021 4736; x_wconf 85' lang='grc' dir='ltr'>κωλύων</span> <span class='ocrx_word' id='word_1_407' title='bbox 1051 4679 1404 4751; x_wconf 86' lang='grc' dir='ltr'>παραιρεῖται</span> <span class='ocrx_word' id='word_1_408' title='bbox 1440 4677 1536 4759; x_wconf 77' lang='grc' dir='ltr'>καὶ</span> <span class='ocrx_word' id='word_1_409' title='bbox 1562 4674 1734 4746; x_wconf 79' lang='grc' dir='ltr'>αὐτὴν</span> <span class='ocrx_word' id='word_1_410' title='bbox 1766 4674 1865 4746; x_wconf 77' lang='grc' dir='ltr'>τὴν</span> <span class='ocrx_word' id='word_1_411' title='bbox 1883 4673 2052 4759; x_wconf 26' lang='grc' dir='ltr'>ῌὲξουέ</span> 
     </span>
    </p>
   </div>
   <div class='ocr_carea' id='block_1_52' title="bbox 470 4756 2050 4836">
    <p class='ocr_par' dir='ltr' id='par_1_52' title="bbox 470 4756 2050 4836">
     <span class='ocr_line' id='line_1_52' title="bbox 470 4756 2050 4836; baseline -0.005 -17"><span class='ocrx_word' id='word_1_412' title='bbox 470 4756 591 4820; x_wconf 86' lang='grc' dir='ltr'>σίαν</span> <span class='ocrx_word' id='word_1_413' title='bbox 629 4763 795 4820; x_wconf 80' lang='grc' dir='ltr'>αὐτοῦ</span> <span class='ocrx_word' id='word_1_414' title='bbox 828 4765 880 4820; x_wconf 73' lang='lat' dir='ltr'>b.</span> <span class='ocrx_word' id='word_1_415' title='bbox 930 4763 1076 4836; x_wconf 79' lang='grc' dir='ltr'>Πρὸς</span> <span class='ocrx_word' id='word_1_416' title='bbox 1114 4759 1329 4823; x_wconf 83' lang='grc' dir='ltr'>τούτοις</span> <span class='ocrx_word' id='word_1_417' title='bbox 1358 4758 1472 4829; x_wconf 72' lang='grc' dir='ltr'>ἐγὼ</span> <span class='ocrx_word' id='word_1_418' title='bbox 1516 4759 1617 4830; x_wconf 81' lang='grc' dir='ltr'>μὲν</span> <span class='ocrx_word' id='word_1_419' title='bbox 1663 4756 1948 4830; x_wconf 85' lang='grc' dir='ltr'>παραινῶν</span> <span class='ocrx_word' id='word_1_420' title='bbox 1988 4758 2050 4811; x_wconf 81' lang='grc' dir='ltr'>οὐ</span> 
     </span>
    </p>
   </div>
   <div class='ocr_carea' id='block_1_53' title="bbox 467 4841 2049 4918">
    <p class='ocr_par' dir='ltr' id='par_1_53' title="bbox 467 4841 2049 4918">
     <span class='ocr_line' id='line_1_53' title="bbox 467 4841 2049 4918; baseline -0.006 -15"><span class='ocrx_word' id='word_1_421' title='bbox 467 4849 680 4916; x_wconf 80' lang='grc' dir='ltr'>κακίζω</span> <span class='ocrx_word' id='word_1_422' title='bbox 697 4849 757 4902; x_wconf 80' lang='grc' dir='ltr'>τὸ</span> <span class='ocrx_word' id='word_1_423' title='bbox 772 4849 1026 4918; x_wconf 85' lang='grc' dir='ltr'>πρᾶγμα,</span> <span class='ocrx_word' id='word_1_424' title='bbox 1044 4846 1165 4900; x_wconf 82' lang='grc' dir='ltr'>οὐδὲ</span> <span class='ocrx_word' id='word_1_425' title='bbox 1185 4843 1279 4898; x_wconf 84' lang='grc' dir='ltr'>τοῦ</span> <span class='ocrx_word' id='word_1_426' title='bbox 1301 4844 1378 4917; x_wconf 84' lang='grc' dir='ltr'>μὴ</span> <span class='ocrx_word' id='word_1_427' title='bbox 1403 4841 1718 4906; x_wconf 83' lang='grc' dir='ltr'>πεισθέντος</span> <span class='ocrx_word' id='word_1_428' title='bbox 1733 4841 2049 4913; x_wconf 84' lang='grc' dir='ltr'>κατηγορῶ·</span> 
     </span>
    </p>
   </div>
   <div class='ocr_carea' id='block_1_54' title="bbox 469 4922 2053 4998">
    <p class='ocr_par' dir='ltr' id='par_1_54' title="bbox 469 4922 2053 4998">
     <span class='ocr_line' id='line_1_54' title="bbox 469 4922 2053 4998; baseline -0.004 -13"><span class='ocrx_word' id='word_1_429' title='bbox 469 4932 536 4986; x_wconf 71' lang='grc' dir='ltr'>σὺ</span> <span class='ocrx_word' id='word_1_430' title='bbox 565 4932 624 4986; x_wconf 76' lang='grc' dir='ltr'>δὲ</span> <span class='ocrx_word' id='word_1_431' title='bbox 648 4932 946 4986; x_wconf 90' lang='grc' dir='ltr'>διαϐάλλων</span> <span class='ocrx_word' id='word_1_432' title='bbox 981 4929 1134 4991; x_wconf 74' lang='grc' dir='ltr'>αὐτὸ,</span> <span class='ocrx_word' id='word_1_433' title='bbox 1173 4929 1269 4983; x_wconf 77' lang='grc' dir='ltr'>καὶ</span> <span class='ocrx_word' id='word_1_434' title='bbox 1307 4927 1512 4998; x_wconf 82' lang='grc' dir='ltr'>φαῦλον</span> <span class='ocrx_word' id='word_1_435' title='bbox 1547 4922 1686 4980; x_wconf 71' lang='grc' dir='ltr'>εἶναι</span> <span class='ocrx_word' id='word_1_436' title='bbox 1725 4926 1922 4994; x_wconf 86' lang='grc' dir='ltr'>λέγων,</span> <span class='ocrx_word' id='word_1_437' title='bbox 1954 4927 2053 4980; x_wconf 75' lang='grc' dir='ltr'>καὶ</span> 
     </span>
    </p>
   </div>
   <div class='ocr_carea' id='block_1_55' title="bbox 466 5008 2051 5088">
    <p class='ocr_par' dir='ltr' id='par_1_55' title="bbox 466 5008 2051 5088">
     <span class='ocr_line' id='line_1_55' title="bbox 466 5008 2051 5088; baseline -0.004 -18"><span class='ocrx_word' id='word_1_438' title='bbox 466 5015 568 5088; x_wconf 79' lang='grc' dir='ltr'>τὴν</span> <span class='ocrx_word' id='word_1_439' title='bbox 587 5014 681 5070; x_wconf 78' lang='grc' dir='ltr'>τοῦ</span> <span class='ocrx_word' id='word_1_440' title='bbox 708 5015 1145 5087; x_wconf 81' lang='grc' dir='ltr'>νομοθετοῦντος,</span> <span class='ocrx_word' id='word_1_441' title='bbox 1169 5012 1286 5067; x_wconf 75' lang='grc' dir='ltr'>ἀλλ’</span> <span class='ocrx_word' id='word_1_442' title='bbox 1309 5012 1369 5065; x_wconf 83' lang='grc' dir='ltr'>ού</span> <span class='ocrx_word' id='word_1_443' title='bbox 1396 5011 1497 5082; x_wconf 82' lang='grc' dir='ltr'>τὴν</span> <span class='ocrx_word' id='word_1_444' title='bbox 1522 5009 1623 5064; x_wconf 80' lang='grc' dir='ltr'>τοῦ</span> <span class='ocrx_word' id='word_1_445' title='bbox 1651 5008 2051 5081; x_wconf 88' lang='grc' dir='ltr'>συμϐουλεύον-</span> 
     </span>
    </p>
   </div>
   <div class='ocr_carea' id='block_1_56' title="bbox 467 5093 2053 5171">
    <p class='ocr_par' dir='ltr' id='par_1_56' title="bbox 467 5093 2053 5171">
     <span class='ocr_line' id='line_1_56' title="bbox 467 5093 2053 5171; baseline -0.005 -17"><span class='ocrx_word' id='word_1_446' title='bbox 467 5118 559 5164; x_wconf 86' lang='grc' dir='ltr'>τος</span> <span class='ocrx_word' id='word_1_447' title='bbox 583 5100 734 5167; x_wconf 78' lang='grc' dir='ltr'>τάξιν</span> <span class='ocrx_word' id='word_1_448' title='bbox 761 5100 1040 5171; x_wconf 75' lang='grc' dir='ltr'>ἁρπάζων,</span> <span class='ocrx_word' id='word_1_449' title='bbox 1074 5098 1298 5161; x_wconf 75' lang='grc' dir='ltr'>εἰκότως</span> <span class='ocrx_word' id='word_1_450' title='bbox 1325 5096 1452 5159; x_wconf 80' lang='grc' dir='ltr'>τοὺς</span> <span class='ocrx_word' id='word_1_451' title='bbox 1475 5094 1549 5167; x_wconf 85' lang='grc' dir='ltr'>μὴ</span> <span class='ocrx_word' id='word_1_452' title='bbox 1581 5093 1935 5165; x_wconf 82' lang='grc' dir='ltr'>πειθομένους</span> <span class='ocrx_word' id='word_1_453' title='bbox 1964 5111 2053 5165; x_wconf 89' lang='grc' dir='ltr'>μι-</span> 
     </span>
    </p>
   </div>
   <div class='ocr_carea' id='block_1_57' title="bbox 469 5176 2052 5251">
    <p class='ocr_par' dir='ltr' id='par_1_57' title="bbox 469 5176 2052 5251">
     <span class='ocr_line' id='line_1_57' title="bbox 469 5176 2052 5251; baseline -0.006 -14"><span class='ocrx_word' id='word_1_454' title='bbox 469 5185 586 5247; x_wconf 84' lang='grc' dir='ltr'>σεῖς</span> <span class='ocrx_word' id='word_1_455' title='bbox 607 5201 619 5214; x_wconf 89' lang='grc'>·</span> <span class='ocrx_word' id='word_1_456' title='bbox 643 5183 755 5237; x_wconf 85' lang='grc' dir='ltr'>ἀλλ’</span> <span class='ocrx_word' id='word_1_457' title='bbox 777 5185 877 5237; x_wconf 82' lang='grc' dir='ltr'>οὐκ</span> <span class='ocrx_word' id='word_1_458' title='bbox 904 5180 1035 5251; x_wconf 78' lang='grc' dir='ltr'>ἐγὼ,</span> <span class='ocrx_word' id='word_1_459' title='bbox 1059 5180 1196 5235; x_wconf 83' lang='grc' dir='ltr'>ἀλλὰ</span> <span class='ocrx_word' id='word_1_460' title='bbox 1218 5178 1484 5250; x_wconf 79' lang='grc' dir='ltr'>θαυμάζω</span> <span class='ocrx_word' id='word_1_461' title='bbox 1508 5179 1606 5249; x_wconf 81' lang='grc' dir='ltr'>μὲν</span> <span class='ocrx_word' id='word_1_462' title='bbox 1625 5178 1750 5240; x_wconf 84' lang='grc' dir='ltr'>τοὺς</span> <span class='ocrx_word' id='word_1_463' title='bbox 1772 5178 1852 5239; x_wconf 82' lang='grc' dir='ltr'>εἰς</span> <span class='ocrx_word' id='word_1_464' title='bbox 1865 5176 2052 5230; x_wconf 79' lang='grc' dir='ltr'>τοῦτον</span> 
     </span>
    </p>
   </div>
   <div class='ocr_carea' id='block_1_58' title="bbox 466 5259 2049 5338">
    <p class='ocr_par' dir='ltr' id='par_1_58' title="bbox 466 5259 2049 5338">
     <span class='ocr_line' id='line_1_58' title="bbox 466 5259 2049 5338; baseline -0.004 -17"><span class='ocrx_word' id='word_1_465' title='bbox 466 5266 963 5338; x_wconf 66' lang='grc' dir='ltr'>ἀπογραψαμένους</span> <span class='ocrx_word' id='word_1_466' title='bbox 1000 5265 1093 5318; x_wconf 82' lang='grc' dir='ltr'>τὸν</span> <span class='ocrx_word' id='word_1_467' title='bbox 1137 5261 1344 5333; x_wconf 90' lang='grc' dir='ltr'>ἀγῶνα,</span> <span class='ocrx_word' id='word_1_468' title='bbox 1386 5261 1447 5316; x_wconf 85' lang='grc' dir='ltr'>ού</span> <span class='ocrx_word' id='word_1_469' title='bbox 1478 5260 1771 5332; x_wconf 89' lang='grc' dir='ltr'>κατηγορῶ</span> <span class='ocrx_word' id='word_1_470' title='bbox 1808 5261 1864 5314; x_wconf 81' lang='grc' dir='ltr'>δὲ</span> <span class='ocrx_word' id='word_1_471' title='bbox 1894 5259 2049 5335; x_wconf 75' lang='grc'>[275]</span> 
     </span>
    </p>
   </div>
   <div class='ocr_carea' id='block_1_59' title="bbox 468 5343 2051 5421">
    <p class='ocr_par' dir='ltr' id='par_1_59' title="bbox 468 5343 2051 5421">
     <span class='ocr_line' id='line_1_59' title="bbox 468 5343 2051 5421; baseline -0.004 -17"><span class='ocrx_word' id='word_1_472' title='bbox 468 5351 575 5404; x_wconf 86' lang='grc' dir='ltr'>τῶν</span> <span class='ocrx_word' id='word_1_473' title='bbox 599 5351 704 5417; x_wconf 81' lang='grc' dir='ltr'>ἔξω</span> <span class='ocrx_word' id='word_1_474' title='bbox 725 5351 823 5421; x_wconf 85' lang='grc' dir='ltr'>τῆς</span> <span class='ocrx_word' id='word_1_475' title='bbox 837 5349 1117 5418; x_wconf 87' lang='grc' dir='ltr'>ἀθλήσεως</span> <span class='ocrx_word' id='word_1_476' title='bbox 1143 5346 1433 5419; x_wconf 84' lang='grc' dir='ltr'>μενόντων.</span> <span class='ocrx_word' id='word_1_477' title='bbox 1457 5344 1777 5415; x_wconf 84' lang='grc' dir='ltr'>Κατηγορία</span> <span class='ocrx_word' id='word_1_478' title='bbox 1800 5343 1911 5417; x_wconf 84' lang='grc' dir='ltr'>γάρ</span> <span class='ocrx_word' id='word_1_479' title='bbox 1929 5345 2051 5398; x_wconf 88' lang='grc' dir='ltr'>τότε</span> 
     </span>
    </p>
   </div>
   <div class='ocr_carea' id='block_1_60' title="bbox 468 5426 2052 5506">
    <p class='ocr_par' dir='ltr' id='par_1_60' title="bbox 468 5426 2052 5506">
     <span class='ocr_line' id='line_1_60' title="bbox 468 5426 2052 5506; baseline -0.004 -16"><span class='ocrx_word' id='word_1_480' title='bbox 468 5437 537 5490; x_wconf 84' lang='grc' dir='ltr'>ἂν</span> <span class='ocrx_word' id='word_1_481' title='bbox 568 5436 779 5506; x_wconf 87' lang='grc' dir='ltr'>γένοιτο</span> <span class='ocrx_word' id='word_1_482' title='bbox 821 5433 1067 5494; x_wconf 86' lang='grc' dir='ltr'>δικαίως,</span> <span class='ocrx_word' id='word_1_483' title='bbox 1108 5433 1233 5485; x_wconf 75' lang='grc' dir='ltr'>ὅταν</span> <span class='ocrx_word' id='word_1_484' title='bbox 1267 5447 1351 5494; x_wconf 90' lang='grc' dir='ltr'>τις</span> <span class='ocrx_word' id='word_1_485' title='bbox 1377 5429 1514 5500; x_wconf 81' lang='grc' dir='ltr'>πρὸς</span> <span class='ocrx_word' id='word_1_486' title='bbox 1536 5428 1599 5481; x_wconf 86' lang='grc' dir='ltr'>τὸ</span> <span class='ocrx_word' id='word_1_487' title='bbox 1628 5426 2052 5499; x_wconf 78' lang='grc' dir='ltr'>ὡμολογημένον</span> 
     </span>
    </p>
   </div>
   <div class='ocr_carea' id='block_1_61' title="bbox 469 5511 2049 5590">
    <p class='ocr_par' dir='ltr' id='par_1_61' title="bbox 469 5511 2049 5590">
     <span class='ocr_line' id='line_1_61' title="bbox 469 5511 2049 5590; baseline -0.006 -18"><span class='ocrx_word' id='word_1_488' title='bbox 469 5519 611 5590; x_wconf 68' lang='grc' dir='ltr'>ρἐῃ</span> <span class='ocrx_word' id='word_1_489' title='bbox 632 5517 801 5572; x_wconf 86' lang='grc' dir='ltr'>κακόν</span> <span class='ocrx_word' id='word_1_490' title='bbox 821 5535 835 5549; x_wconf 89' lang='grc'><strong>·</strong></span> <span class='ocrx_word' id='word_1_491' title='bbox 859 5518 886 5569; x_wconf 96' lang='lat'>6</span> <span class='ocrx_word' id='word_1_492' title='bbox 904 5516 961 5569; x_wconf 82' lang='grc' dir='ltr'>δὲ</span> <span class='ocrx_word' id='word_1_493' title='bbox 974 5516 1035 5569; x_wconf 85' lang='grc' dir='ltr'>τὸ</span> <span class='ocrx_word' id='word_1_494' title='bbox 1057 5514 1274 5569; x_wconf 74' lang='grc' dir='ltr'>ἔλαττον</span> <span class='ocrx_word' id='word_1_495' title='bbox 1300 5515 1396 5586; x_wconf 83' lang='grc' dir='ltr'>μὲν</span> <span class='ocrx_word' id='word_1_496' title='bbox 1421 5512 1560 5585; x_wconf 81' lang='grc' dir='ltr'>ἔχων</span> <span class='ocrx_word' id='word_1_497' title='bbox 1575 5511 1799 5580; x_wconf 78' lang='grc' dir='ltr'>ἀγαθὸν,</span> <span class='ocrx_word' id='word_1_498' title='bbox 1816 5511 1910 5566; x_wconf 68' lang='grc' dir='ltr'>τοῦ</span> <span class='ocrx_word' id='word_1_499' title='bbox 1933 5511 2049 5584; x_wconf 80' lang='grc' dir='ltr'>μεί-</span> 
     </span>
    </p>
   </div>
   <div class='ocr_carea' id='block_1_62' title="bbox 468 5596 2050 5668">
    <p class='ocr_par' dir='ltr' id='par_1_62' title="bbox 468 5596 2050 5668">
     <span class='ocr_line' id='line_1_62' title="bbox 468 5596 2050 5668; baseline -0.005 -12"><span class='ocrx_word' id='word_1_500' title='bbox 468 5604 621 5668; x_wconf 87' lang='grc' dir='ltr'>ζονος</span> <span class='ocrx_word' id='word_1_501' title='bbox 649 5603 706 5655; x_wconf 83' lang='grc' dir='ltr'>δὲ</span> <span class='ocrx_word' id='word_1_502' title='bbox 729 5603 829 5656; x_wconf 77' lang='grc' dir='ltr'>οὐκ</span> <span class='ocrx_word' id='word_1_503' title='bbox 859 5597 1269 5668; x_wconf 83' lang='grc' dir='ltr'>ὲφικνούμενος,</span> <span class='ocrx_word' id='word_1_504' title='bbox 1296 5596 1391 5652; x_wconf 76' lang='grc' dir='ltr'>τοῦ</span> <span class='ocrx_word' id='word_1_505' title='bbox 1423 5598 1521 5668; x_wconf 76' lang='grc' dir='ltr'>μὲν</span> <span class='ocrx_word' id='word_1_506' title='bbox 1550 5598 1896 5652; x_wconf 80' lang='grc' dir='ltr'>ἐπαινεῖσθαι</span> <span class='ocrx_word' id='word_1_507' title='bbox 1931 5597 2050 5668; x_wconf 86' lang='grc' dir='ltr'>μετ’</span> 
     </span>
    </p>
   </div>
   <div class='ocr_carea' id='block_1_63' title="bbox 467 5678 2051 5753">
    <p class='ocr_par' dir='ltr' id='par_1_63' title="bbox 467 5678 2051 5753">
     <span class='ocr_line' id='line_1_63' title="bbox 467 5678 2051 5753; baseline -0.006 -13"><span class='ocrx_word' id='word_1_508' title='bbox 467 5685 677 5741; x_wconf 77' lang='grc' dir='ltr'>ἐκείνου</span> <span class='ocrx_word' id='word_1_509' title='bbox 700 5685 795 5738; x_wconf 75' lang='grc' dir='ltr'>καὶ</span> <span class='ocrx_word' id='word_1_510' title='bbox 816 5681 1190 5753; x_wconf 83' lang='grc' dir='ltr'>θαυμάζεσθαι</span> <span class='ocrx_word' id='word_1_511' title='bbox 1214 5679 1606 5750; x_wconf 85' lang='grc' dir='ltr'>ἀπεστέρηται,</span> <span class='ocrx_word' id='word_1_512' title='bbox 1626 5678 2051 5752; x_wconf 82' lang='grc' dir='ltr'>κατηγορεῖσθαι</span> 
     </span>
    </p>
   </div>
   <div class='ocr_carea' id='block_1_64' title="bbox 467 5759 2051 5838">
    <p class='ocr_par' dir='ltr' id='par_1_64' title="bbox 467 5759 2051 5838">
     <span class='ocr_line' id='line_1_64' title="bbox 467 5759 2051 5838; baseline -0.006 -14"><span class='ocrx_word' id='word_1_513' title='bbox 467 5772 527 5825; x_wconf 75' lang='grc' dir='ltr'>δὲ</span> <span class='ocrx_word' id='word_1_514' title='bbox 551 5771 653 5824; x_wconf 82' lang='grc' dir='ltr'>οὐκ</span> <span class='ocrx_word' id='word_1_515' title='bbox 690 5769 757 5822; x_wconf 83' lang='grc' dir='ltr'>ἂν</span> <span class='ocrx_word' id='word_1_516' title='bbox 782 5769 868 5838; x_wconf 82' lang='grc' dir='ltr'>εἴη</span> <span class='ocrx_word' id='word_1_517' title='bbox 906 5768 1132 5829; x_wconf 83' lang='grc' dir='ltr'>δίκαιος.</span> <span class='ocrx_word' id='word_1_518' title='bbox 1177 5763 1302 5828; x_wconf 86' lang='grc' dir='ltr'>Πῶς</span> <span class='ocrx_word' id='word_1_519' title='bbox 1339 5759 1433 5817; x_wconf 80' lang='grc' dir='ltr'>οὖν</span> <span class='ocrx_word' id='word_1_520' title='bbox 1466 5762 1662 5816; x_wconf 86' lang='grc' dir='ltr'>κωλύω</span> <span class='ocrx_word' id='word_1_521' title='bbox 1694 5766 1916 5834; x_wconf 85' lang='grc' dir='ltr'>γαμεῖν,</span> <span class='ocrx_word' id='word_1_522' title='bbox 1944 5760 2051 5815; x_wconf 89' lang='grc' dir='ltr'>τῶν</span> 
     </span>
    </p>
   </div>
   <div class='ocr_carea' id='block_1_65' title="bbox 468 5844 2048 5925">
    <p class='ocr_par' dir='ltr' id='par_1_65' title="bbox 468 5844 2048 5925">
     <span class='ocr_line' id='line_1_65' title="bbox 468 5844 2048 5925; baseline -0.008 -16"><span class='ocrx_word' id='word_1_523' title='bbox 468 5852 792 5925; x_wconf 85' lang='grc' dir='ltr'>γαμούντων</span> <span class='ocrx_word' id='word_1_524' title='bbox 813 5852 890 5922; x_wconf 83' lang='grc' dir='ltr'>μὴ</span> <span class='ocrx_word' id='word_1_525' title='bbox 914 5847 1256 5921; x_wconf 85' lang='grc' dir='ltr'>κατηγορῶν;</span> <span class='ocrx_word' id='word_1_526' title='bbox 1281 5845 1573 5918; x_wconf 89' lang='grc' dir='ltr'>Πορνεύειν</span> <span class='ocrx_word' id='word_1_527' title='bbox 1596 5844 1787 5899; x_wconf 85' lang='grc' dir='ltr'>κωλύω</span> <span class='ocrx_word' id='word_1_528' title='bbox 1812 5845 1905 5900; x_wconf 66' lang='grc' dir='ltr'>καὶ</span> <span class='ocrx_word' id='word_1_529' title='bbox 1936 5862 2048 5917; x_wconf 82' lang='grc' dir='ltr'>μοι·</span> 
     </span>
    </p>
   </div>
   <div class='ocr_carea' id='block_1_66' title="bbox 535 5972 1664 6041">
    <p class='ocr_par' dir='ltr' id='par_1_66' title="bbox 535 5972 1664 6041">
     <span class='ocr_line' id='line_1_66' title="bbox 535 5972 1664 6041; baseline -0.009 -13"><span class='ocrx_word' id='word_1_530' title='bbox 535 5981 559 6009; x_wconf 75' lang='grc'><strong><em>⁸</em></strong></span> <span class='ocrx_word' id='word_1_531' title='bbox 587 5980 710 6041; x_wconf 76' lang='lat' dir='ltr'>Reg.</span> <span class='ocrx_word' id='word_1_532' title='bbox 740 5978 771 6025; x_wconf 78' lang='grc' dir='ltr'>ἃ</span> <span class='ocrx_word' id='word_1_533' title='bbox 790 5978 870 6025; x_wconf 82' lang='grc' dir='ltr'>καὶ</span> <span class='ocrx_word' id='word_1_534' title='bbox 891 5976 996 6041; x_wconf 61' lang='grc' dir='ltr'>τοὺς</span> <span class='ocrx_word' id='word_1_535' title='bbox 1019 5977 1080 6036; x_wconf 74' lang='grc' dir='ltr'>μὴ</span> <span class='ocrx_word' id='word_1_536' title='bbox 1103 5973 1453 6041; x_wconf 59' lang='grc' dir='ltr'>ἐλομεξνουςρῦκ</span> <span class='ocrx_word' id='word_1_537' title='bbox 1480 5972 1664 6041; x_wconf 61' lang='grc' dir='ltr'>ᾇτίητι.</span> 
     </span>
    </p>
   </div>
   <div class='ocr_carea' id='block_1_67' title="bbox 535 6033 1743 6102">
    <p class='ocr_par' dir='ltr' id='par_1_67' title="bbox 535 6033 1743 6102">
     <span class='ocr_line' id='line_1_67' title="bbox 535 6033 1743 6102; baseline -0.005 -13"><span class='ocrx_word' id='word_1_538' title='bbox 535 6043 560 6082; x_wconf 68' lang='grc' dir='ltr'>ι’*</span> <span class='ocrx_word' id='word_1_539' title='bbox 588 6033 709 6100; x_wconf 57' lang='lat' dir='ltr'>“eg.</span> <span class='ocrx_word' id='word_1_540' title='bbox 737 6033 1030 6102; x_wconf 75' lang='grc' dir='ltr'>παραιρεῖται</span> <span class='ocrx_word' id='word_1_541' title='bbox 1053 6036 1222 6093; x_wconf 66' lang='grc' dir='ltr'>ταύτης</span> <span class='ocrx_word' id='word_1_542' title='bbox 1244 6042 1327 6093; x_wconf 81' lang='grc' dir='ltr'>τῆς</span> <span class='ocrx_word' id='word_1_543' title='bbox 1349 6034 1557 6090; x_wconf 76' lang='grc' dir='ltr'>ἐξουσίας</span> <span class='ocrx_word' id='word_1_544' title='bbox 1584 6033 1743 6083; x_wconf 71' lang='grc' dir='ltr'>αὐτόν.</span> 
     </span>
    </p>
   </div>
   <div class='ocr_carea' id='block_1_68' title="bbox 1817 388 2411 460">
    <p class='ocr_par' dir='ltr' id='par_1_68' title="bbox 1817 388 2411 460">
     <span class='ocr_line' id='line_1_68' title="bbox 1817 388 2411 460; baseline 0.005 -3"><span class='ocrx_word' id='word_1_545' title='bbox 1817 388 1904 457; x_wconf 78' lang='lat' dir='ltr'>DE</span> <span class='ocrx_word' id='word_1_546' title='bbox 1940 393 2411 460; x_wconf 69' lang='lat' dir='ltr'>WBGINITATE.</span> 
     </span>
    </p>
   </div>
   <div class='ocr_carea' id='block_1_69' title="bbox 480 510 2097 596">
    <p class='ocr_par' dir='ltr' id='par_1_69' title="bbox 480 510 2097 596">
     <span class='ocr_line' id='line_1_69' title="bbox 480 510 2097 596; baseline -0.002 -23"><span class='ocrx_word' id='word_1_547' title='bbox 480 525 614 575; x_wconf 63' lang='grc' dir='ltr'>εἶναι</span> <span class='ocrx_word' id='word_1_548' title='bbox 658 524 762 596; x_wconf 65' lang='grc' dir='ltr'>ςῇε</span> <span class='ocrx_word' id='word_1_549' title='bbox 814 517 989 591; x_wconf 56' lang='grc' dir='ltr'>[ειη</span> <span class='ocrx_word' id='word_1_550' title='bbox 1031 516 1213 571; x_wconf 81' lang='grc' dir='ltr'>οὐκέτι</span> <span class='ocrx_word' id='word_1_551' title='bbox 1259 517 1359 587; x_wconf 77' lang='grc' dir='ltr'>τῆς</span> <span class='ocrx_word' id='word_1_552' title='bbox 1421 514 1523 586; x_wconf 88' lang='grc' dir='ltr'>σῆς</span> <span class='ocrx_word' id='word_1_553' title='bbox 1570 515 1946 588; x_wconf 79' lang='grc' dir='ltr'>προαιρέσεως</span> <span class='ocrx_word' id='word_1_554' title='bbox 1994 510 2097 570; x_wconf 70' lang='grc' dir='ltr'>τδ</span> 
     </span>
    </p>
   </div>
   <div class='ocr_carea' id='block_1_70' title="bbox 3633 410 3742 467">
    <p class='ocr_par' dir='ltr' id='par_1_70' title="bbox 3633 410 3742 467">
     <span class='ocr_line' id='line_1_70' title="bbox 3633 410 3742 467; baseline 0 -2"><span class='ocrx_word' id='word_1_555' title='bbox 3633 410 3742 467; x_wconf 68' lang='grc'>549</span> 
     </span>
    </p>
   </div>
   <div class='ocr_carea' id='block_1_71' title="bbox 2159 516 3746 590">
    <p class='ocr_par' dir='ltr' id='par_1_71' title="bbox 2159 516 3746 590">
     <span class='ocr_line' id='line_1_71' title="bbox 2159 516 3746 590; baseline 0.004 -19"><span class='ocrx_word' id='word_1_556' title='bbox 2159 517 2362 588; x_wconf 84' lang='grc' dir='ltr'>χεύειν,</span> <span class='ocrx_word' id='word_1_557' title='bbox 2392 520 2593 589; x_wconf 80' lang='grc' dir='ltr'>γαμεῖν</span> <span class='ocrx_word' id='word_1_558' title='bbox 2619 516 2679 574; x_wconf 69' lang='grc' dir='ltr'>δι</span> <span class='ocrx_word' id='word_1_559' title='bbox 2697 518 2976 574; x_wconf 78' lang='grc' dir='ltr'>οὐδέποτε.</span> <span class='ocrx_word' id='word_1_560' title='bbox 3000 520 3114 574; x_wconf 81' lang='grc' dir='ltr'>Καὶ</span> <span class='ocrx_word' id='word_1_561' title='bbox 3131 520 3258 584; x_wconf 73' lang='grc' dir='ltr'>τοὺς</span> <span class='ocrx_word' id='word_1_562' title='bbox 3288 520 3388 590; x_wconf 78' lang='grc' dir='ltr'>μὲν</span> <span class='ocrx_word' id='word_1_563' title='bbox 3411 521 3596 577; x_wconf 76' lang='grc' dir='ltr'>ἐκεῖνα</span> <span class='ocrx_word' id='word_1_564' title='bbox 3623 526 3746 577; x_wconf 81' lang='grc' dir='ltr'>τολ-</span> 
     </span>
    </p>
   </div>
   <div class='ocr_carea' id='block_1_72' title="bbox 2162 597 3744 673">
    <p class='ocr_par' dir='ltr' id='par_1_72' title="bbox 2162 597 3744 673">
     <span class='ocr_line' id='line_1_72' title="bbox 2162 597 3744 673; baseline 0.004 -25"><span class='ocrx_word' id='word_1_565' title='bbox 2162 597 2378 666; x_wconf 81' lang='grc' dir='ltr'>μῶντας</span> <span class='ocrx_word' id='word_1_566' title='bbox 2405 598 2636 663; x_wconf 81' lang='grc' dir='ltr'>κολάζω,</span> <span class='ocrx_word' id='word_1_567' title='bbox 2675 600 2771 652; x_wconf 75' lang='grc' dir='ltr'>καὶ</span> <span class='ocrx_word' id='word_1_568' title='bbox 2797 597 2890 651; x_wconf 81' lang='grc' dir='ltr'>τοῦ</span> <span class='ocrx_word' id='word_1_569' title='bbox 2921 598 3291 670; x_wconf 85' lang='grc' dir='ltr'>πληρώματος</span> <span class='ocrx_word' id='word_1_570' title='bbox 3318 600 3744 673; x_wconf 77' lang='grc' dir='ltr'>ἀπελαύνωτῆς</span> 
     </span>
    </p>
   </div>
   <div class='ocr_carea' id='block_1_73' title="bbox 2171 680 3741 756">
    <p class='ocr_par' dir='ltr' id='par_1_73' title="bbox 2171 680 3741 756">
     <span class='ocr_line' id='line_1_73' title="bbox 2171 680 3741 756; baseline 0.005 -24"><span class='ocrx_word' id='word_1_571' title='bbox 2171 680 2517 751; x_wconf 81' lang='grc' dir='ltr'>Ἐκκλησίας,</span> <span class='ocrx_word' id='word_1_572' title='bbox 2544 683 2671 745; x_wconf 77' lang='grc' dir='ltr'>τοὺς</span> <span class='ocrx_word' id='word_1_573' title='bbox 2696 682 2755 736; x_wconf 80' lang='grc' dir='ltr'>δὲ</span> <span class='ocrx_word' id='word_1_574' title='bbox 2785 682 2946 736; x_wconf 76' lang='grc' dir='ltr'>τοῦτο</span> <span class='ocrx_word' id='word_1_575' title='bbox 2971 682 3279 745; x_wconf 78' lang='grc' dir='ltr'>ποιοῦντας,</span> <span class='ocrx_word' id='word_1_576' title='bbox 3303 685 3353 737; x_wconf 78' lang='grc' dir='ltr'>εἰ</span> <span class='ocrx_word' id='word_1_577' title='bbox 3380 686 3741 756; x_wconf 77' lang='grc' dir='ltr'>σωφρονοῦσι,</span> 
     </span>
    </p>
   </div>
   <div class='ocr_carea' id='block_1_74' title="bbox 2158 763 3742 840">
    <p class='ocr_par' dir='ltr' id='par_1_74' title="bbox 2158 763 3742 840">
     <span class='ocr_line' id='line_1_74' title="bbox 2158 763 3742 840; baseline 0.004 -24"><span class='ocrx_word' id='word_1_578' title='bbox 2158 764 2253 816; x_wconf 69' lang='grc' dir='ltr'>καὶ</span> <span class='ocrx_word' id='word_1_579' title='bbox 2272 763 2514 817; x_wconf 74' lang='grc' dir='ltr'>ἐπαινῶν</span> <span class='ocrx_word' id='word_1_580' title='bbox 2535 765 2784 818; x_wconf 87' lang='grc' dir='ltr'>διατελῶ.</span> <span class='ocrx_word' id='word_1_581' title='bbox 2810 765 2967 819; x_wconf 77' lang='grc' dir='ltr'>Οὕτω</span> <span class='ocrx_word' id='word_1_582' title='bbox 2990 767 3098 838; x_wconf 89' lang='grc' dir='ltr'>γάρ</span> <span class='ocrx_word' id='word_1_583' title='bbox 3121 766 3214 821; x_wconf 90' lang='grc' dir='ltr'>δύο</span> <span class='ocrx_word' id='word_1_584' title='bbox 3232 767 3440 834; x_wconf 85' lang='grc' dir='ltr'>γίνεται</span> <span class='ocrx_word' id='word_1_585' title='bbox 3461 768 3528 822; x_wconf 86' lang='grc' dir='ltr'>τά</span> <span class='ocrx_word' id='word_1_586' title='bbox 3552 770 3742 840; x_wconf 79' lang='grc' dir='ltr'>κέρδη,</span> 
     </span>
    </p>
   </div>
   <div class='ocr_carea' id='block_1_75' title="bbox 2157 847 3742 922">
    <p class='ocr_par' dir='ltr' id='par_1_75' title="bbox 2157 847 3742 922">
     <span class='ocr_line' id='line_1_75' title="bbox 2157 847 3742 922; baseline 0.003 -23"><span class='ocrx_word' id='word_1_587' title='bbox 2157 848 2217 901; x_wconf 85' lang='grc' dir='ltr'>ἓν</span> <span class='ocrx_word' id='word_1_588' title='bbox 2251 847 2351 918; x_wconf 85' lang='grc' dir='ltr'>μὲν</span> <span class='ocrx_word' id='word_1_589' title='bbox 2391 848 2453 903; x_wconf 84' lang='grc' dir='ltr'>τὸ</span> <span class='ocrx_word' id='word_1_590' title='bbox 2482 848 2557 921; x_wconf 80' lang='grc' dir='ltr'>μὴ</span> <span class='ocrx_word' id='word_1_591' title='bbox 2586 849 2890 903; x_wconf 87' lang='grc' dir='ltr'>διαϐάλλειν</span> <span class='ocrx_word' id='word_1_592' title='bbox 2923 850 3023 921; x_wconf 78' lang='grc' dir='ltr'>τὴν</span> <span class='ocrx_word' id='word_1_593' title='bbox 3056 850 3153 906; x_wconf 77' lang='grc' dir='ltr'>τοῦ</span> <span class='ocrx_word' id='word_1_594' title='bbox 3186 850 3321 905; x_wconf 76' lang='grc' dir='ltr'>Θεοῦ</span> <span class='ocrx_word' id='word_1_595' title='bbox 3353 851 3742 922; x_wconf 80' lang='grc' dir='ltr'>δημιουργίαν,</span> 
     </span>
    </p>
   </div>
   <div class='ocr_carea' id='block_1_76' title="bbox 2155 930 3743 1006">
    <p class='ocr_par' dir='ltr' id='par_1_76' title="bbox 2155 930 3743 1006">
     <span class='ocr_line' id='line_1_76' title="bbox 2155 930 3743 1006; baseline 0.004 -21"><span class='ocrx_word' id='word_1_596' title='bbox 2155 930 2408 1003; x_wconf 88' lang='grc' dir='ltr'>δεύτερον</span> <span class='ocrx_word' id='word_1_597' title='bbox 2424 931 2481 984; x_wconf 78' lang='grc' dir='ltr'>δὲ</span> <span class='ocrx_word' id='word_1_598' title='bbox 2500 933 2561 985; x_wconf 85' lang='grc' dir='ltr'>τὸ</span> <span class='ocrx_word' id='word_1_599' title='bbox 2588 933 2662 1005; x_wconf 82' lang='grc' dir='ltr'>μὴ</span> <span class='ocrx_word' id='word_1_600' title='bbox 2681 933 2965 1004; x_wconf 89' lang='grc' dir='ltr'>καθαιρεῖν</span> <span class='ocrx_word' id='word_1_601' title='bbox 2987 932 3048 986; x_wconf 83' lang='grc' dir='ltr'><strong>τὸ</strong></span> <span class='ocrx_word' id='word_1_602' title='bbox 3067 933 3164 1004; x_wconf 89' lang='grc' dir='ltr'>τῆς</span> <span class='ocrx_word' id='word_1_603' title='bbox 3181 934 3480 1005; x_wconf 80' lang='grc' dir='ltr'>παρθενίας</span> <span class='ocrx_word' id='word_1_604' title='bbox 3499 935 3743 1006; x_wconf 80' lang='grc' dir='ltr'>ἀξίωμα,</span> 
     </span>
    </p>
   </div>
   <div class='ocr_carea' id='block_1_77' title="bbox 2156 1008 3444 1088">
    <p class='ocr_par' dir='ltr' id='par_1_77' title="bbox 2156 1008 3444 1088">
     <span class='ocr_line' id='line_1_77' title="bbox 2156 1008 3444 1088; baseline 0.004 -22"><span class='ocrx_word' id='word_1_605' title='bbox 2156 1013 2294 1066; x_wconf 83' lang='grc' dir='ltr'>ἀλλὰ</span> <span class='ocrx_word' id='word_1_606' title='bbox 2319 1008 2500 1084; x_wconf 62' lang='grc' dir='ltr'>πολλῷ</span> <span class='ocrx_word' id='word_1_607' title='bbox 2516 1012 2863 1088; x_wconf 84' lang='grc' dir='ltr'>’σεμνοτέραν</span> <span class='ocrx_word' id='word_1_608' title='bbox 2892 1016 3218 1085; x_wconf 82' lang='grc' dir='ltr'>ἀποφαίνειν</span> <span class='ocrx_word' id='word_1_609' title='bbox 3250 1017 3444 1086; x_wconf 84' lang='grc' dir='ltr'>αὐτήν.</span> 
     </span>
    </p>
   </div>
   <div class='ocr_carea' id='block_1_78' title="bbox 2228 1096 3745 1172">
    <p class='ocr_par' dir='ltr' id='par_1_78' title="bbox 2228 1096 3745 1172">
     <span class='ocr_line' id='line_1_78' title="bbox 2228 1096 3745 1172; baseline 0.004 -23"><span class='ocrx_word' id='word_1_610' title='bbox 2228 1096 2280 1150; x_wconf 83' lang='lat' dir='ltr'>l&#39;.</span> <span class='ocrx_word' id='word_1_611' title='bbox 2301 1097 2358 1149; x_wconf 86' lang='grc'>’0</span> <span class='ocrx_word' id='word_1_612' title='bbox 2377 1098 2477 1165; x_wconf 84' lang='grc' dir='ltr'>μὲν</span> <span class='ocrx_word' id='word_1_613' title='bbox 2490 1098 2602 1169; x_wconf 79' lang='grc' dir='ltr'>γάρ</span> <span class='ocrx_word' id='word_1_614' title='bbox 2615 1098 2707 1151; x_wconf 80' lang='grc' dir='ltr'>τὸν</span> <span class='ocrx_word' id='word_1_615' title='bbox 2718 1100 2898 1170; x_wconf 90' lang='grc' dir='ltr'>γάμον</span> <span class='ocrx_word' id='word_1_616' title='bbox 2914 1099 3157 1163; x_wconf 82' lang='grc' dir='ltr'>κακίζων</span> <span class='ocrx_word' id='word_1_617' title='bbox 3180 1100 3276 1153; x_wconf 79' lang='grc' dir='ltr'>καὶ</span> <span class='ocrx_word' id='word_1_618' title='bbox 3298 1099 3397 1171; x_wconf 75' lang='grc' dir='ltr'>τὴν</span> <span class='ocrx_word' id='word_1_619' title='bbox 3419 1102 3519 1170; x_wconf 86' lang='grc' dir='ltr'>τῆς</span> <span class='ocrx_word' id='word_1_620' title='bbox 3538 1101 3745 1172; x_wconf 85' lang='grc' dir='ltr'>παρθε-</span> 
     </span>
    </p>
   </div>
   <div class='ocr_carea' id='block_1_79' title="bbox 2157 1180 3746 1256">
    <p class='ocr_par' dir='ltr' id='par_1_79' title="bbox 2157 1180 3746 1256">
     <span class='ocr_line' id='line_1_79' title="bbox 2157 1180 3746 1256; baseline 0.004 -24"><span class='ocrx_word' id='word_1_621' title='bbox 2157 1180 2276 1242; x_wconf 82' lang='grc' dir='ltr'>νίας</span> <span class='ocrx_word' id='word_1_622' title='bbox 2303 1180 2668 1251; x_wconf 81' lang='grc' dir='ltr'>ὑποτέμνεται</span> <span class='ocrx_word' id='word_1_623' title='bbox 2698 1183 2889 1250; x_wconf 78' lang='grc' dir='ltr'>δόξανὴ</span> <span class='ocrx_word' id='word_1_624' title='bbox 2924 1185 2953 1236; x_wconf 93' lang='lat'>6</span> <span class='ocrx_word' id='word_1_625' title='bbox 2979 1183 3037 1236; x_wconf 81' lang='grc' dir='ltr'>δὲ</span> <span class='ocrx_word' id='word_1_626' title='bbox 3063 1183 3254 1238; x_wconf 81' lang='grc' dir='ltr'>τοῦτον</span> <span class='ocrx_word' id='word_1_627' title='bbox 3275 1184 3517 1256; x_wconf 69' lang='grc' dir='ltr'>ἐπαινῶν</span> <span class='ocrx_word' id='word_1_628' title='bbox 3542 1186 3746 1256; x_wconf 80' lang='grc' dir='ltr'>μᾶλλον</span> 
     </span>
    </p>
   </div>
   <div class='ocr_carea' id='block_1_80' title="bbox 2157 1254 3742 1339">
    <p class='ocr_par' dir='ltr' id='par_1_80' title="bbox 2157 1254 3742 1339">
     <span class='ocr_line' id='line_1_80' title="bbox 2157 1254 3742 1339; baseline 0.007 -25"><span class='ocrx_word' id='word_1_629' title='bbox 2157 1263 2376 1334; x_wconf 80' lang='grc' dir='ltr'>ἐκείνης</span> <span class='ocrx_word' id='word_1_630' title='bbox 2407 1264 2628 1336; x_wconf 73' lang='grc' dir='ltr'>ἐπαίρει</span> <span class='ocrx_word' id='word_1_631' title='bbox 2654 1264 2718 1318; x_wconf 81' lang='grc' dir='ltr'>τὸ</span> <span class='ocrx_word' id='word_1_632' title='bbox 2742 1266 2928 1336; x_wconf 81' lang='grc' dir='ltr'>θαῦμα</span> <span class='ocrx_word' id='word_1_633' title='bbox 2958 1267 3054 1320; x_wconf 67' lang='grc' dir='ltr'>καὶ¹</span> <span class='ocrx_word' id='word_1_634' title='bbox 3076 1254 3454 1339; x_wconf 77' lang='grc' dir='ltr'>λαμπρότερῶ</span> <span class='ocrx_word' id='word_1_635' title='bbox 3484 1254 3645 1324; x_wconf 80' lang='grc' dir='ltr'>ποιεῖ.</span> <span class='ocrx_word' id='word_1_636' title='bbox 3670 1270 3742 1325; x_wconf 70' lang='grc' dir='ltr'>Τὲ</span> 
     </span>
    </p>
   </div>
   <div class='ocr_carea' id='block_1_81' title="bbox 2161 1346 3746 1422">
    <p class='ocr_par' dir='ltr' id='par_1_81' title="bbox 2161 1346 3746 1422">
     <span class='ocr_line' id='line_1_81' title="bbox 2161 1346 3746 1422; baseline 0.006 -23"><span class='ocrx_word' id='word_1_637' title='bbox 2161 1346 2260 1416; x_wconf 82' lang='grc' dir='ltr'>μὲν</span> <span class='ocrx_word' id='word_1_638' title='bbox 2282 1346 2394 1420; x_wconf 78' lang='grc' dir='ltr'>γάρ</span> <span class='ocrx_word' id='word_1_639' title='bbox 2419 1351 2486 1419; x_wconf 78' lang='grc' dir='ltr'>τῇ</span> <span class='ocrx_word' id='word_1_640' title='bbox 2514 1348 2650 1420; x_wconf 75' lang='grc' dir='ltr'>πρὸς</span> <span class='ocrx_word' id='word_1_641' title='bbox 2672 1349 2732 1403; x_wconf 84' lang='grc' dir='ltr'>τὸ</span> <span class='ocrx_word' id='word_1_642' title='bbox 2759 1352 2941 1421; x_wconf 86' lang='grc' dir='ltr'>χεῖρον</span> <span class='ocrx_word' id='word_1_643' title='bbox 2971 1349 3272 1422; x_wconf 77' lang='grc' dir='ltr'>παραθέσει</span> <span class='ocrx_word' id='word_1_644' title='bbox 3292 1352 3617 1422; x_wconf 84' lang='grc' dir='ltr'>φαινόμενον</span> <span class='ocrx_word' id='word_1_645' title='bbox 3645 1370 3746 1408; x_wconf 80' lang='grc' dir='ltr'>κα·</span> 
     </span>
    </p>
   </div>
   <div class='ocr_carea' id='block_1_82' title="bbox 2157 1429 3742 1506">
    <p class='ocr_par' dir='ltr' id='par_1_82' title="bbox 2157 1429 3742 1506">
     <span class='ocr_line' id='line_1_82' title="bbox 2157 1429 3742 1506; baseline 0.006 -24"><span class='ocrx_word' id='word_1_646' title='bbox 2157 1429 2247 1483; x_wconf 68' lang='grc' dir='ltr'>λὺν</span> <span class='ocrx_word' id='word_1_647' title='bbox 2274 1432 2375 1483; x_wconf 86' lang='grc' dir='ltr'>ούκ</span> <span class='ocrx_word' id='word_1_648' title='bbox 2402 1430 2469 1484; x_wconf 81' lang='grc' dir='ltr'>ἀν</span> <span class='ocrx_word' id='word_1_649' title='bbox 2492 1432 2578 1505; x_wconf 76' lang='grc' dir='ltr'>εἴη</span> <span class='ocrx_word' id='word_1_650' title='bbox 2609 1433 2815 1504; x_wconf 85' lang='grc' dir='ltr'>σφόδρα</span> <span class='ocrx_word' id='word_1_651' title='bbox 2841 1434 3028 1495; x_wconf 89' lang='grc' dir='ltr'>καλὸν,</span> <span class='ocrx_word' id='word_1_652' title='bbox 3061 1434 3122 1488; x_wconf 74' lang='grc' dir='ltr'>τὸ</span> <span class='ocrx_word' id='word_1_653' title='bbox 3148 1434 3205 1488; x_wconf 82' lang='grc' dir='ltr'>δε</span> <span class='ocrx_word' id='word_1_654' title='bbox 3229 1435 3341 1488; x_wconf 86' lang='grc' dir='ltr'>τῶν</span> <span class='ocrx_word' id='word_1_655' title='bbox 3369 1436 3742 1506; x_wconf 77' lang='grc' dir='ltr'>ὁμολογουμέ-</span> 
     </span>
    </p>
   </div>
   <div class='ocr_carea' id='block_1_83' title="bbox 2157 1514 3744 1591">
    <p class='ocr_par' dir='ltr' id='par_1_83' title="bbox 2157 1514 3744 1591">
     <span class='ocr_line' id='line_1_83' title="bbox 2157 1514 3744 1591; baseline 0.003 -22"><span class='ocrx_word' id='word_1_656' title='bbox 2157 1530 2266 1569; x_wconf 89' lang='grc' dir='ltr'>νων</span> <span class='ocrx_word' id='word_1_657' title='bbox 2298 1514 2521 1583; x_wconf 86' lang='grc' dir='ltr'>ἀγαθῶν</span> <span class='ocrx_word' id='word_1_658' title='bbox 2558 1515 2803 1587; x_wconf 82' lang='grc' dir='ltr'>ἀμεινον,</span> <span class='ocrx_word' id='word_1_659' title='bbox 2839 1517 2999 1570; x_wconf 83' lang='grc' dir='ltr'>τοῦτό</span> <span class='ocrx_word' id='word_1_660' title='bbox 3034 1519 3155 1571; x_wconf 77' lang='grc' dir='ltr'>ἐστι</span> <span class='ocrx_word' id='word_1_661' title='bbox 3187 1517 3248 1571; x_wconf 82' lang='grc' dir='ltr'>τὸ</span> <span class='ocrx_word' id='word_1_662' title='bbox 3280 1518 3400 1588; x_wconf 80' lang='grc' dir='ltr'>μεθ’</span> <span class='ocrx_word' id='word_1_663' title='bbox 3434 1519 3744 1591; x_wconf 80' lang='grc' dir='ltr'>ὑπερϐολῆς</span> 
     </span>
    </p>
   </div>
   <div class='ocr_carea' id='block_1_84' title="bbox 2157 1600 3742 1675">
    <p class='ocr_par' dir='ltr' id='par_1_84' title="bbox 2157 1600 3742 1675">
     <span class='ocr_line' id='line_1_84' title="bbox 2157 1600 3742 1675; baseline 0.003 -22"><span class='ocrx_word' id='word_1_664' title='bbox 2157 1600 2322 1653; x_wconf 85' lang='grc' dir='ltr'>καλόν</span> <span class='ocrx_word' id='word_1_665' title='bbox 2337 1617 2350 1632; x_wconf 78' lang='grc' dir='ltr'><strong>ο</strong></span> <span class='ocrx_word' id='word_1_666' title='bbox 2378 1601 2518 1671; x_wconf 78' lang='grc' dir='ltr'>ὅπερ</span> <span class='ocrx_word' id='word_1_667' title='bbox 2531 1600 2628 1672; x_wconf 81' lang='grc' dir='ltr'>τὴν</span> <span class='ocrx_word' id='word_1_668' title='bbox 2651 1600 2948 1672; x_wconf 83' lang='grc' dir='ltr'>παρθενίαν</span> <span class='ocrx_word' id='word_1_669' title='bbox 2970 1601 3365 1673; x_wconf 84' lang='grc' dir='ltr'>ἀποδείκνυμεν</span> <span class='ocrx_word' id='word_1_670' title='bbox 3382 1601 3546 1657; x_wconf 76' lang='grc' dir='ltr'>οὖσαν</span> <span class='ocrx_word' id='word_1_671' title='bbox 3559 1606 3742 1675; x_wconf 82' lang='grc' dir='ltr'>ἡμεῖς.</span> 
     </span>
    </p>
   </div>
   <div class='ocr_carea' id='block_1_85' title="bbox 2158 1681 3743 1758">
    <p class='ocr_par' dir='ltr' id='par_1_85' title="bbox 2158 1681 3743 1758">
     <span class='ocr_line' id='line_1_85' title="bbox 2158 1681 3743 1758; baseline 0.003 -22"><span class='ocrx_word' id='word_1_672' title='bbox 2158 1684 2369 1755; x_wconf 78' lang='grc' dir='ltr'>Ὠσπερ</span> <span class='ocrx_word' id='word_1_673' title='bbox 2401 1681 2495 1738; x_wconf 77' lang='grc' dir='ltr'>οὖν</span> <span class='ocrx_word' id='word_1_674' title='bbox 2522 1686 2569 1747; x_wconf 66' lang='grc' dir='ltr'>οἱ</span> <span class='ocrx_word' id='word_1_675' title='bbox 2601 1685 2693 1739; x_wconf 84' lang='grc' dir='ltr'>τὸν</span> <span class='ocrx_word' id='word_1_676' title='bbox 2731 1686 2909 1757; x_wconf 84' lang='grc' dir='ltr'>γάμον</span> <span class='ocrx_word' id='word_1_677' title='bbox 2938 1685 3255 1750; x_wconf 79' lang='grc' dir='ltr'>κακίζοντες</span> <span class='ocrx_word' id='word_1_678' title='bbox 3281 1689 3393 1750; x_wconf 63' lang='grc' dir='ltr'>τώς</span> <span class='ocrx_word' id='word_1_679' title='bbox 3416 1686 3621 1758; x_wconf 86' lang='grc' dir='ltr'>ταύτης</span> <span class='ocrx_word' id='word_1_680' title='bbox 3646 1689 3743 1756; x_wconf 73' lang='grc' dir='ltr'>ἐγ-</span> 
     </span>
    </p>
   </div>
   <div class='ocr_carea' id='block_1_86' title="bbox 2157 1766 3746 1839">
    <p class='ocr_par' dir='ltr' id='par_1_86' title="bbox 2157 1766 3746 1839">
     <span class='ocr_line' id='line_1_86' title="bbox 2157 1766 3746 1839; baseline 0.003 -19"><span class='ocrx_word' id='word_1_681' title='bbox 2157 1768 2387 1837; x_wconf 88' lang='grc' dir='ltr'>κωμίοις</span> <span class='ocrx_word' id='word_1_682' title='bbox 2413 1769 2790 1839; x_wconf 83' lang='grc' dir='ltr'>λυμαίνονται,</span> <span class='ocrx_word' id='word_1_683' title='bbox 2812 1766 2957 1822; x_wconf 72' lang='grc' dir='ltr'>οὕτω</span> <span class='ocrx_word' id='word_1_684' title='bbox 2984 1769 3241 1838; x_wconf 83' lang='grc' dir='ltr'>διαϐολῆς</span> <span class='ocrx_word' id='word_1_685' title='bbox 3263 1769 3624 1825; x_wconf 86' lang='grc' dir='ltr'>ἀπαλλάττων</span> <span class='ocrx_word' id='word_1_686' title='bbox 3647 1773 3746 1827; x_wconf 86' lang='grc' dir='ltr'>αὐ-</span> 
     </span>
    </p>
   </div>
   <div class='ocr_carea' id='block_1_87' title="bbox 2155 1851 3746 1925">
    <p class='ocr_par' dir='ltr' id='par_1_87' title="bbox 2155 1851 3746 1925">
     <span class='ocr_line' id='line_1_87' title="bbox 2155 1851 3746 1925; baseline 0.003 -22"><span class='ocrx_word' id='word_1_687' title='bbox 2155 1852 2249 1904; x_wconf 84' lang='grc' dir='ltr'>τὸν</span> <span class='ocrx_word' id='word_1_688' title='bbox 2268 1852 2329 1904; x_wconf 84' lang='grc' dir='ltr'>ού</span> <span class='ocrx_word' id='word_1_689' title='bbox 2351 1851 2541 1904; x_wconf 77' lang='grc' dir='ltr'>τοῦτον</span> <span class='ocrx_word' id='word_1_690' title='bbox 2572 1851 2772 1921; x_wconf 79' lang='grc' dir='ltr'>μᾶλλον</span> <span class='ocrx_word' id='word_1_691' title='bbox 2806 1851 2839 1922; x_wconf 77' lang='grc' dir='ltr'>ἢ</span> <span class='ocrx_word' id='word_1_692' title='bbox 2875 1852 2975 1920; x_wconf 82' lang='grc' dir='ltr'>τὴν</span> <span class='ocrx_word' id='word_1_693' title='bbox 3004 1851 3307 1923; x_wconf 88' lang='grc' dir='ltr'>παρθενίαν</span> <span class='ocrx_word' id='word_1_694' title='bbox 3342 1854 3595 1925; x_wconf 74' lang='grc' dir='ltr'>ἐπῄνεσε.</span> <span class='ocrx_word' id='word_1_695' title='bbox 3634 1854 3746 1909; x_wconf 76' lang='grc' dir='ltr'>Καὶ</span> 
     </span>
    </p>
   </div>
   <div class='ocr_carea' id='block_1_88' title="bbox 2155 1934 3742 2008">
    <p class='ocr_par' dir='ltr' id='par_1_88' title="bbox 2155 1934 3742 2008">
     <span class='ocr_line' id='line_1_88' title="bbox 2155 1934 3742 2008; baseline 0.003 -21"><span class='ocrx_word' id='word_1_696' title='bbox 2155 1934 2264 2006; x_wconf 86' lang='grc' dir='ltr'>γὰρ</span> <span class='ocrx_word' id='word_1_697' title='bbox 2308 1936 2539 1989; x_wconf 77' lang='grc' dir='ltr'>ἐπὶτῶν</span> <span class='ocrx_word' id='word_1_698' title='bbox 2588 1934 2859 2005; x_wconf 88' lang='grc' dir='ltr'>σωμάτων</span> <span class='ocrx_word' id='word_1_699' title='bbox 2888 1936 2985 2005; x_wconf 84' lang='grc' dir='ltr'>οὐχ</span> <span class='ocrx_word' id='word_1_700' title='bbox 3022 1936 3124 1989; x_wconf 84' lang='grc' dir='ltr'>ὅσα</span> <span class='ocrx_word' id='word_1_701' title='bbox 3159 1935 3268 1988; x_wconf 89' lang='grc' dir='ltr'>τῶν</span> <span class='ocrx_word' id='word_1_702' title='bbox 3298 1937 3742 2008; x_wconf 76' lang='grc' dir='ltr'>πεπηρωμένων,</span> 
     </span>
    </p>
   </div>
   <div class='ocr_carea' id='block_1_89' title="bbox 2155 2017 3746 2090">
    <p class='ocr_par' dir='ltr' id='par_1_89' title="bbox 2155 2017 3746 2090">
     <span class='ocr_line' id='line_1_89' title="bbox 2155 2017 3746 2090; baseline 0.001 -18"><span class='ocrx_word' id='word_1_703' title='bbox 2155 2018 2268 2072; x_wconf 76' lang='grc' dir='ltr'>ἀλλ’</span> <span class='ocrx_word' id='word_1_704' title='bbox 2303 2020 2402 2072; x_wconf 81' lang='grc' dir='ltr'>ὅσα</span> <span class='ocrx_word' id='word_1_705' title='bbox 2435 2019 2543 2072; x_wconf 87' lang='grc' dir='ltr'>τῶν</span> <span class='ocrx_word' id='word_1_706' title='bbox 2591 2017 2792 2090; x_wconf 86' lang='grc' dir='ltr'>ἀρτίων</span> <span class='ocrx_word' id='word_1_707' title='bbox 2823 2019 2918 2071; x_wconf 83' lang='grc' dir='ltr'>καὶ</span> <span class='ocrx_word' id='word_1_708' title='bbox 2942 2018 3214 2089; x_wconf 82' lang='grc' dir='ltr'>μηδεμίαν</span> <span class='ocrx_word' id='word_1_709' title='bbox 3240 2017 3423 2090; x_wconf 80' lang='grc' dir='ltr'>λώϐην</span> <span class='ocrx_word' id='word_1_710' title='bbox 3452 2030 3475 2057; x_wconf 73' lang='grc' dir='ltr'>ε</span> <span class='ocrx_word' id='word_1_711' title='bbox 3508 2021 3746 2089; x_wconf 74' lang='grc' dir='ltr'>ἐχόντων</span> 
     </span>
    </p>
   </div>
   <div class='ocr_carea' id='block_1_90' title="bbox 2155 2097 3745 2175">
    <p class='ocr_par' dir='ltr' id='par_1_90' title="bbox 2155 2097 3745 2175">
     <span class='ocr_line' id='line_1_90' title="bbox 2155 2097 3745 2175; baseline 0.003 -20"><span class='ocrx_word' id='word_1_712' title='bbox 2155 2104 2300 2157; x_wconf 72' lang='grc' dir='ltr'>ἐστὶν</span> <span class='ocrx_word' id='word_1_713' title='bbox 2337 2103 2582 2175; x_wconf 53' lang='grc' dir='ltr'>ἀμέίνω,</span> <span class='ocrx_word' id='word_1_714' title='bbox 2632 2101 2807 2156; x_wconf 82' lang='grc' dir='ltr'>ταῦτα</span> <span class='ocrx_word' id='word_1_715' title='bbox 2843 2101 3023 2173; x_wconf 83' lang='grc' dir='ltr'>ὡραῖα</span> <span class='ocrx_word' id='word_1_716' title='bbox 3055 2097 3195 2155; x_wconf 76' lang='grc' dir='ltr'>εἷναί</span> <span class='ocrx_word' id='word_1_717' title='bbox 3240 2119 3445 2172; x_wconf 85' lang='grc' dir='ltr'>φαμεν.</span> <span class='ocrx_word' id='word_1_718' title='bbox 3493 2103 3676 2158; x_wconf 83' lang='grc' dir='ltr'>Καλὸν</span> <span class='ocrx_word' id='word_1_719' title='bbox 3716 2105 3745 2159; x_wconf 86' lang='grc' dir='ltr'>ὀ</span> 
     </span>
    </p>
   </div>
   <div class='ocr_carea' id='block_1_91' title="bbox 2153 2177 3744 2259">
    <p class='ocr_par' dir='ltr' id='par_1_91' title="bbox 2153 2177 3744 2259">
     <span class='ocr_line' id='line_1_91' title="bbox 2153 2177 3744 2259; baseline -0.001 -18"><span class='ocrx_word' id='word_1_720' title='bbox 2153 2186 2350 2259; x_wconf 87' lang='grc' dir='ltr'>γάμος·</span> <span class='ocrx_word' id='word_1_721' title='bbox 2378 2177 2574 2241; x_wconf 67' lang='grc' dir='ltr'>κάῗδιά</span> <span class='ocrx_word' id='word_1_722' title='bbox 2592 2184 2796 2257; x_wconf 72' lang='grc' dir='ltr'>τοῦτοὴ</span> <span class='ocrx_word' id='word_1_723' title='bbox 2819 2184 3086 2257; x_wconf 84' lang='grc' dir='ltr'>παρθενία</span> <span class='ocrx_word' id='word_1_724' title='bbox 3112 2184 3447 2255; x_wconf 85' lang='grc' dir='ltr'>θαυμαστὸν,</span> <span class='ocrx_word' id='word_1_725' title='bbox 3471 2188 3553 2239; x_wconf 79' lang='grc' dir='ltr'>ὅτι</span> <span class='ocrx_word' id='word_1_726' title='bbox 3575 2186 3744 2245; x_wconf 81' lang='grc' dir='ltr'>καλοῦ</span> 
     </span>
    </p>
   </div>
   <div class='ocr_carea' id='block_1_92' title="bbox 2154 2269 3746 2342">
    <p class='ocr_par' dir='ltr' id='par_1_92' title="bbox 2154 2269 3746 2342">
     <span class='ocr_line' id='line_1_92' title="bbox 2154 2269 3746 2342; baseline -0.001 -18"><span class='ocrx_word' id='word_1_727' title='bbox 2154 2270 2402 2342; x_wconf 89' lang='grc' dir='ltr'>κρεῖττόν</span> <span class='ocrx_word' id='word_1_728' title='bbox 2428 2272 2567 2331; x_wconf 76' lang='grc' dir='ltr'>ἐστι,</span> <span class='ocrx_word' id='word_1_729' title='bbox 2592 2269 2685 2323; x_wconf 75' lang='grc' dir='ltr'>καὶ</span> <span class='ocrx_word' id='word_1_730' title='bbox 2708 2269 2951 2339; x_wconf 85' lang='grc' dir='ltr'>τοσούτῳ</span> <span class='ocrx_word' id='word_1_731' title='bbox 2976 2272 3246 2340; x_wconf 87' lang='grc' dir='ltr'>κρεῖττον,</span> <span class='ocrx_word' id='word_1_732' title='bbox 3269 2271 3381 2340; x_wconf 81' lang='grc' dir='ltr'>ὅσῳ</span> <span class='ocrx_word' id='word_1_733' title='bbox 3401 2270 3512 2323; x_wconf 87' lang='grc' dir='ltr'>τῶν</span> <span class='ocrx_word' id='word_1_734' title='bbox 3531 2270 3746 2325; x_wconf 86' lang='grc' dir='ltr'>ναυτῶν</span> 
     </span>
    </p>
   </div>
   <div class='ocr_carea' id='block_1_93' title="bbox 2152 2350 3746 2427">
    <p class='ocr_par' dir='ltr' id='par_1_93' title="bbox 2152 2350 3746 2427">
     <span class='ocr_line' id='line_1_93' title="bbox 2152 2350 3746 2427; baseline -0.001 -19"><span class='ocrx_word' id='word_1_735' title='bbox 2152 2357 2180 2408; x_wconf 91' lang='lat'>6</span> <span class='ocrx_word' id='word_1_736' title='bbox 2196 2350 2565 2427; x_wconf 67' lang='grc' dir='ltr'>κυϐερνήτης,</span> <span class='ocrx_word' id='word_1_737' title='bbox 2588 2355 2682 2407; x_wconf 79' lang='grc' dir='ltr'>καὶ</span> <span class='ocrx_word' id='word_1_738' title='bbox 2706 2353 2815 2407; x_wconf 87' lang='grc' dir='ltr'>τῶν</span> <span class='ocrx_word' id='word_1_739' title='bbox 2834 2352 3186 2424; x_wconf 84' lang='grc' dir='ltr'>στρατιωτῶν</span> <span class='ocrx_word' id='word_1_740' title='bbox 3202 2355 3234 2407; x_wconf 90' lang='lat'>6</span> <span class='ocrx_word' id='word_1_741' title='bbox 3257 2354 3587 2425; x_wconf 84' lang='grc' dir='ltr'>στρατηγός.</span> <span class='ocrx_word' id='word_1_742' title='bbox 3603 2353 3746 2407; x_wconf 80' lang='grc' dir='ltr'>’Δλλ⁹</span> 
     </span>
    </p>
   </div>
   <div class='ocr_carea' id='block_1_94' title="bbox 2152 2435 3749 2509">
    <p class='ocr_par' dir='ltr' id='par_1_94' title="bbox 2152 2435 3749 2509">
     <span class='ocr_line' id='line_1_94' title="bbox 2152 2435 3749 2509; baseline -0.001 -18"><span class='ocrx_word' id='word_1_743' title='bbox 2152 2438 2341 2509; x_wconf 84' lang='grc' dir='ltr'>ὥσπερ</span> <span class='ocrx_word' id='word_1_744' title='bbox 2366 2439 2460 2492; x_wconf 78' lang='grc' dir='ltr'>ἐπὶ</span> <span class='ocrx_word' id='word_1_745' title='bbox 2490 2437 2586 2492; x_wconf 83' lang='grc' dir='ltr'>τοῦ</span> <span class='ocrx_word' id='word_1_746' title='bbox 2621 2437 2806 2491; x_wconf 85' lang='grc' dir='ltr'>πλοίου</span> <span class='ocrx_word' id='word_1_747' title='bbox 2833 2437 2958 2500; x_wconf 80' lang='grc' dir='ltr'>τοὺς</span> <span class='ocrx_word' id='word_1_748' title='bbox 2984 2436 3305 2505; x_wconf 82' lang='grc' dir='ltr'>ὲρέττοντας</span> <span class='ocrx_word' id='word_1_749' title='bbox 3334 2435 3401 2491; x_wconf 82' lang='grc' dir='ltr'>ἀν</span> <span class='ocrx_word' id='word_1_750' title='bbox 3426 2437 3656 2509; x_wconf 74' lang='grc' dir='ltr'>ἀφέλῃς,</span> <span class='ocrx_word' id='word_1_751' title='bbox 3680 2438 3749 2490; x_wconf 76' lang='grc' dir='ltr'>τὸ</span> 
     </span>
    </p>
   </div>
   <div class='ocr_carea' id='block_1_95' title="bbox 2153 2514 3746 2588">
    <p class='ocr_par' dir='ltr' id='par_1_95' title="bbox 2153 2514 3746 2588">
     <span class='ocr_line' id='line_1_95' title="bbox 2153 2514 3746 2588; baseline 0.001 -20"><span class='ocrx_word' id='word_1_752' title='bbox 2153 2517 2362 2585; x_wconf 85' lang='grc' dir='ltr'>σκάφος</span> <span class='ocrx_word' id='word_1_753' title='bbox 2392 2515 2715 2579; x_wconf 83' lang='grc' dir='ltr'>κατέδυσας,</span> <span class='ocrx_word' id='word_1_754' title='bbox 2741 2515 2836 2568; x_wconf 81' lang='grc' dir='ltr'>καὶ</span> <span class='ocrx_word' id='word_1_755' title='bbox 2865 2517 2959 2567; x_wconf 75' lang='grc' dir='ltr'>ἐπὶ</span> <span class='ocrx_word' id='word_1_756' title='bbox 2979 2514 3218 2585; x_wconf 81' lang='grc' dir='ltr'>πολέμου</span> <span class='ocrx_word' id='word_1_757' title='bbox 3241 2516 3369 2579; x_wconf 76' lang='grc' dir='ltr'>τοὺς</span> <span class='ocrx_word' id='word_1_758' title='bbox 3401 2515 3746 2588; x_wconf 82' lang='grc' dir='ltr'>στρατιώτας</span> 
     </span>
    </p>
   </div>
   <div class='ocr_carea' id='block_1_96' title="bbox 2154 2594 3746 2667">
    <p class='ocr_par' dir='ltr' id='par_1_96' title="bbox 2154 2594 3746 2667">
     <span class='ocr_line' id='line_1_96' title="bbox 2154 2594 3746 2667; baseline -0.001 -18"><span class='ocrx_word' id='word_1_759' title='bbox 2154 2595 2222 2649; x_wconf 89' lang='grc' dir='ltr'>ἂν</span> <span class='ocrx_word' id='word_1_760' title='bbox 2254 2596 2595 2667; x_wconf 76' lang='grc' dir='ltr'>ἀποστήσῃς,</span> <span class='ocrx_word' id='word_1_761' title='bbox 2636 2595 2964 2667; x_wconf 80' lang='grc' dir='ltr'>παρέδωκας</span> <span class='ocrx_word' id='word_1_762' title='bbox 2995 2594 3282 2662; x_wconf 81' lang='grc' dir='ltr'>δεδεμένον</span> <span class='ocrx_word' id='word_1_763' title='bbox 3311 2596 3426 2657; x_wconf 89' lang='grc' dir='ltr'>τοῖς</span> <span class='ocrx_word' id='word_1_764' title='bbox 3464 2595 3746 2666; x_wconf 85' lang='grc' dir='ltr'>πολεμίοις</span> 
     </span>
    </p>
   </div>
   <div class='ocr_carea' id='block_1_97' title="bbox 2150 2673 3746 2747">
    <p class='ocr_par' dir='ltr' id='par_1_97' title="bbox 2150 2673 3746 2747">
     <span class='ocr_line' id='line_1_97' title="bbox 2150 2673 3746 2747; baseline 0.001 -21"><span class='ocrx_word' id='word_1_765' title='bbox 2150 2673 2244 2728; x_wconf 82' lang='grc' dir='ltr'>τὸν</span> <span class='ocrx_word' id='word_1_766' title='bbox 2281 2676 2620 2747; x_wconf 86' lang='grc' dir='ltr'>στρατηγόν·</span> <span class='ocrx_word' id='word_1_767' title='bbox 2657 2674 2802 2729; x_wconf 74' lang='grc' dir='ltr'>οὕτω</span> <span class='ocrx_word' id='word_1_768' title='bbox 2849 2675 2945 2729; x_wconf 74' lang='grc' dir='ltr'>καὶ</span> <span class='ocrx_word' id='word_1_769' title='bbox 2983 2673 3223 2728; x_wconf 69' lang='grc' dir='ltr'>ἐνταῦθα</span> <span class='ocrx_word' id='word_1_770' title='bbox 3254 2673 3322 2729; x_wconf 79' lang='grc' dir='ltr'>ἂν</span> <span class='ocrx_word' id='word_1_771' title='bbox 3367 2674 3470 2743; x_wconf 87' lang='grc' dir='ltr'>τῆς</span> <span class='ocrx_word' id='word_1_772' title='bbox 3511 2675 3746 2745; x_wconf 76' lang='grc' dir='ltr'>ἀρίστης</span> 
     </span>
    </p>
   </div>
   <div class='ocr_carea' id='block_1_98' title="bbox 2150 2751 3747 2828">
    <p class='ocr_par' dir='ltr' id='par_1_98' title="bbox 2150 2751 3747 2828">
     <span class='ocr_line' id='line_1_98' title="bbox 2150 2751 3747 2828; baseline 0.001 -21"><span class='ocrx_word' id='word_1_773' title='bbox 2150 2752 2359 2818; x_wconf 79' lang='grc' dir='ltr'>τάξεως</span> <span class='ocrx_word' id='word_1_774' title='bbox 2382 2754 2654 2828; x_wconf 69' lang='grc' dir='ltr'>ὶκϐἀλλῃς</span> <span class='ocrx_word' id='word_1_775' title='bbox 2674 2753 2701 2795; x_wconf 65' lang='grc' dir='ltr'>τι</span> <span class='ocrx_word' id='word_1_776' title='bbox 2730 2754 2824 2807; x_wconf 83' lang='grc' dir='ltr'>τὸν</span> <span class='ocrx_word' id='word_1_777' title='bbox 2844 2754 3042 2823; x_wconf 84' lang='grc' dir='ltr'>γάμον,</span> <span class='ocrx_word' id='word_1_778' title='bbox 3076 2753 3178 2822; x_wconf 90' lang='grc' dir='ltr'>τῆς</span> <span class='ocrx_word' id='word_1_779' title='bbox 3208 2751 3510 2824; x_wconf 86' lang='grc' dir='ltr'>παρθενίας</span> <span class='ocrx_word' id='word_1_780' title='bbox 3530 2754 3632 2824; x_wconf 80' lang='grc' dir='ltr'>τὴν</span> <span class='ocrx_word' id='word_1_781' title='bbox 3657 2754 3747 2808; x_wconf 85' lang='grc' dir='ltr'>δό-</span> 
     </span>
    </p>
   </div>
   <div class='ocr_carea' id='block_1_99' title="bbox 2153 2829 3745 2903">
    <p class='ocr_par' dir='ltr' id='par_1_99' title="bbox 2153 2829 3745 2903">
     <span class='ocr_line' id='line_1_99' title="bbox 2153 2829 3745 2903; baseline -0.003 -14"><span class='ocrx_word' id='word_1_782' title='bbox 2153 2829 2250 2896; x_wconf 78' lang='grc' dir='ltr'>ξαν</span> <span class='ocrx_word' id='word_1_783' title='bbox 2275 2831 2601 2903; x_wconf 77' lang='grc' dir='ltr'>προύδωκας</span> <span class='ocrx_word' id='word_1_784' title='bbox 2619 2873 2634 2893; x_wconf 88' lang='grc'>,</span> <span class='ocrx_word' id='word_1_785' title='bbox 2659 2831 2757 2886; x_wconf 79' lang='grc' dir='ltr'>καὶ</span> <span class='ocrx_word' id='word_1_786' title='bbox 2776 2832 2857 2896; x_wconf 85' lang='grc' dir='ltr'>είς</span> <span class='ocrx_word' id='word_1_787' title='bbox 2876 2830 3103 2901; x_wconf 79' lang='grc' dir='ltr'>ἔσχατον</span> <span class='ocrx_word' id='word_1_788' title='bbox 3131 2831 3336 2902; x_wconf 77' lang='grc' dir='ltr'>ἧγαγες</span> <span class='ocrx_word' id='word_1_789' title='bbox 3352 2836 3540 2886; x_wconf 84' lang='grc' dir='ltr'>κακόν.</span> <span class='ocrx_word' id='word_1_790' title='bbox 3565 2831 3745 2887; x_wconf 80' lang='grc' dir='ltr'>Καλὸν</span> 
     </span>
    </p>
   </div>
   <div class='ocr_carea' id='block_1_100' title="bbox 2151 2910 3743 2982">
    <p class='ocr_par' dir='ltr' id='par_1_100' title="bbox 2151 2910 3743 2982">
     <span class='ocr_line' id='line_1_100' title="bbox 2151 2910 3743 2982; baseline 0 -17"><span class='ocrx_word' id='word_1_791' title='bbox 2151 2913 2186 2982; x_wconf 74' lang='grc' dir='ltr'><strong>ἡ</strong></span> <span class='ocrx_word' id='word_1_792' title='bbox 2233 2911 2529 2981; x_wconf 69' lang='grc' dir='ltr'>παρθενίαν</span> <span class='ocrx_word' id='word_1_793' title='bbox 2586 2910 2847 2981; x_wconf 87' lang='grc' dir='ltr'>σύμφημι</span> <span class='ocrx_word' id='word_1_794' title='bbox 2886 2910 3078 2978; x_wconf 85' lang='grc' dir='ltr'>κάγώ·</span> <span class='ocrx_word' id='word_1_795' title='bbox 3115 2910 3252 2964; x_wconf 88' lang='grc' dir='ltr'>ἀλλά</span> <span class='ocrx_word' id='word_1_796' title='bbox 3297 2912 3394 2965; x_wconf 73' lang='grc' dir='ltr'>καὶ</span> <span class='ocrx_word' id='word_1_797' title='bbox 3431 2911 3527 2965; x_wconf 77' lang='grc' dir='ltr'>τοῦ</span> <span class='ocrx_word' id='word_1_798' title='bbox 3563 2913 3743 2981; x_wconf 87' lang='grc' dir='ltr'>γάμου</span> 
     </span>
    </p>
   </div>
   <div class='ocr_carea' id='block_1_101' title="bbox 2151 2988 3745 3061">
    <p class='ocr_par' dir='ltr' id='par_1_101' title="bbox 2151 2988 3745 3061">
     <span class='ocr_line' id='line_1_101' title="bbox 2151 2988 3745 3061; baseline 0.001 -18"><span class='ocrx_word' id='word_1_799' title='bbox 2151 2991 2416 3061; x_wconf 88' lang='grc' dir='ltr'>κρείττων</span> <span class='ocrx_word' id='word_1_800' title='bbox 2436 3006 2448 3018; x_wconf 75' lang='grc'><strong><em>⁸</em></strong></span> <span class='ocrx_word' id='word_1_801' title='bbox 2482 2991 2578 3044; x_wconf 64' lang='grc' dir='ltr'>καὶ</span> <span class='ocrx_word' id='word_1_802' title='bbox 2605 2990 2764 3044; x_wconf 79' lang='grc' dir='ltr'>τοῦτο</span> <span class='ocrx_word' id='word_1_803' title='bbox 2798 2988 3169 3060; x_wconf 89' lang='grc' dir='ltr'>συνομολογῶ.</span> <span class='ocrx_word' id='word_1_804' title='bbox 3202 2991 3314 3043; x_wconf 70' lang='grc' dir='ltr'>Καὶ</span> <span class='ocrx_word' id='word_1_805' title='bbox 3340 2992 3389 3043; x_wconf 84' lang='grc' dir='ltr'>εἰ</span> <span class='ocrx_word' id='word_1_806' title='bbox 3418 2989 3621 3061; x_wconf 87' lang='grc' dir='ltr'>βούλει,</span> <span class='ocrx_word' id='word_1_807' title='bbox 3646 2990 3745 3045; x_wconf 77' lang='grc' dir='ltr'>καὶ</span> 
     </span>
    </p>
   </div>
   <div class='ocr_carea' id='block_1_102' title="bbox 2150 3068 3743 3142">
    <p class='ocr_par' dir='ltr' id='par_1_102' title="bbox 2150 3068 3743 3142">
     <span class='ocr_line' id='line_1_102' title="bbox 2150 3068 3743 3142; baseline 0 -19"><span class='ocrx_word' id='word_1_808' title='bbox 2150 3070 2212 3124; x_wconf 79' lang='grc' dir='ltr'>τὸ</span> <span class='ocrx_word' id='word_1_809' title='bbox 2240 3070 2364 3123; x_wconf 81' lang='grc' dir='ltr'>ὅσον</span> <span class='ocrx_word' id='word_1_810' title='bbox 2394 3069 2661 3139; x_wconf 86' lang='grc' dir='ltr'>κρείττων</span> <span class='ocrx_word' id='word_1_811' title='bbox 2696 3068 3057 3139; x_wconf 87' lang='grc' dir='ltr'>προστίθημι,</span> <span class='ocrx_word' id='word_1_812' title='bbox 3087 3070 3213 3122; x_wconf 74' lang='grc' dir='ltr'>ὅσον</span> <span class='ocrx_word' id='word_1_813' title='bbox 3240 3072 3343 3140; x_wconf 79' lang='grc' dir='ltr'>τῆς</span> <span class='ocrx_word' id='word_1_814' title='bbox 3375 3070 3480 3139; x_wconf 89' lang='grc' dir='ltr'>γῆς</span> <span class='ocrx_word' id='word_1_815' title='bbox 3509 3071 3538 3124; x_wconf 89' lang='lat'>6</span> <span class='ocrx_word' id='word_1_816' title='bbox 3574 3071 3743 3142; x_wconf 82' lang='grc' dir='ltr'>ούρα-</span> 
     </span>
    </p>
   </div>
   <div class='ocr_carea' id='block_1_103' title="bbox 2150 3144 3744 3219">
    <p class='ocr_par' dir='ltr' id='par_1_103' title="bbox 2150 3144 3744 3219">
     <span class='ocr_line' id='line_1_103' title="bbox 2150 3144 3744 3219; baseline 0.003 -19"><span class='ocrx_word' id='word_1_817' title='bbox 2150 3147 2261 3211; x_wconf 80' lang='grc' dir='ltr'>νὸς,</span> <span class='ocrx_word' id='word_1_818' title='bbox 2285 3147 2409 3201; x_wconf 84' lang='grc' dir='ltr'>ὅσον</span> <span class='ocrx_word' id='word_1_819' title='bbox 2435 3147 2545 3200; x_wconf 87' lang='grc' dir='ltr'>τῶν</span> <span class='ocrx_word' id='word_1_820' title='bbox 2577 3144 2882 3217; x_wconf 84' lang='grc' dir='ltr'>ἀνθρώπων</span> <span class='ocrx_word' id='word_1_821' title='bbox 2908 3148 2958 3199; x_wconf 85' lang='grc' dir='ltr'>οί</span> <span class='ocrx_word' id='word_1_822' title='bbox 2984 3145 3239 3214; x_wconf 64' lang='grc' dir='ltr'>ἄγγελοι*</span> <span class='ocrx_word' id='word_1_823' title='bbox 3269 3147 3397 3201; x_wconf 80' lang='grc' dir='ltr'>εἰδὲ</span> <span class='ocrx_word' id='word_1_824' title='bbox 3427 3150 3532 3219; x_wconf 85' lang='grc' dir='ltr'>χρή</span> <span class='ocrx_word' id='word_1_825' title='bbox 3563 3166 3617 3203; x_wconf 90' lang='grc' dir='ltr'><strong>τι</strong></span> <span class='ocrx_word' id='word_1_826' title='bbox 3648 3150 3744 3204; x_wconf 71' lang='grc' dir='ltr'>καὶ</span> 
     </span>
    </p>
   </div>
   <div class='ocr_carea' id='block_1_104' title="bbox 2152 3223 3743 3298">
    <p class='ocr_par' dir='ltr' id='par_1_104' title="bbox 2152 3223 3743 3298">
     <span class='ocr_line' id='line_1_104' title="bbox 2152 3223 3743 3298; baseline 0.002 -20"><span class='ocrx_word' id='word_1_827' title='bbox 2152 3223 2479 3295; x_wconf 79' lang='grc' dir='ltr'>βιασάμενον</span> <span class='ocrx_word' id='word_1_828' title='bbox 2518 3226 2715 3287; x_wconf 89' lang='grc' dir='ltr'>εἰπεῖν,</span> <span class='ocrx_word' id='word_1_829' title='bbox 2748 3224 2842 3276; x_wconf 78' lang='grc' dir='ltr'>καὶ</span> <span class='ocrx_word' id='word_1_830' title='bbox 2882 3223 3066 3276; x_wconf 81' lang='grc' dir='ltr'>πλέον.</span> <span class='ocrx_word' id='word_1_831' title='bbox 3096 3225 3357 3293; x_wconf 79' lang='grc' dir='ltr'>’Λγγελοι</span> <span class='ocrx_word' id='word_1_832' title='bbox 3389 3227 3489 3296; x_wconf 87' lang='grc' dir='ltr'>μὲν</span> <span class='ocrx_word' id='word_1_833' title='bbox 3522 3226 3651 3298; x_wconf 83' lang='grc' dir='ltr'>γὰρ,</span> <span class='ocrx_word' id='word_1_834' title='bbox 3693 3228 3743 3281; x_wconf 80' lang='grc' dir='ltr'>εἰ</span> 
     </span>
    </p>
   </div>
   <div class='ocr_carea' id='block_1_105' title="bbox 2150 3300 3744 3374">
    <p class='ocr_par' dir='ltr' id='par_1_105' title="bbox 2150 3300 3744 3374">
     <span class='ocr_line' id='line_1_105' title="bbox 2150 3300 3744 3374; baseline 0.003 -19"><span class='ocrx_word' id='word_1_835' title='bbox 2150 3302 2244 3359; x_wconf 77' lang='grc' dir='ltr'>καὶ</span> <span class='ocrx_word' id='word_1_836' title='bbox 2282 3303 2358 3373; x_wconf 84' lang='grc' dir='ltr'>μὴ</span> <span class='ocrx_word' id='word_1_837' title='bbox 2391 3302 2629 3373; x_wconf 80' lang='grc' dir='ltr'>γαμοῦσι</span> <span class='ocrx_word' id='word_1_838' title='bbox 2669 3302 2806 3374; x_wconf 86' lang='grc' dir='ltr'>μηδὲ</span> <span class='ocrx_word' id='word_1_839' title='bbox 2858 3300 3287 3372; x_wconf 81' lang='grc' dir='ltr'>ἐκγαμίζονται,</span> <span class='ocrx_word' id='word_1_840' title='bbox 3312 3348 3313 3351; x_wconf 54' lang='grc' dir='ltr'>η</span> <span class='ocrx_word' id='word_1_841' title='bbox 3338 3304 3452 3356; x_wconf 88' lang='grc' dir='ltr'>ἀλλ’</span> <span class='ocrx_word' id='word_1_842' title='bbox 3493 3307 3593 3359; x_wconf 82' lang='grc' dir='ltr'>οὐκ</span> <span class='ocrx_word' id='word_1_843' title='bbox 3637 3306 3744 3360; x_wconf 73' lang='grc' dir='ltr'>εἰσὶ</span> 
     </span>
    </p>
   </div>
   <div class='ocr_carea' id='block_1_106' title="bbox 2152 3379 3744 3454">
    <p class='ocr_par' dir='ltr' id='par_1_106' title="bbox 2152 3379 3744 3454">
     <span class='ocr_line' id='line_1_106' title="bbox 2152 3379 3744 3454; baseline 0.003 -21"><span class='ocrx_word' id='word_1_844' title='bbox 2152 3380 2630 3452; x_wconf 88' lang='grc' dir='ltr'>συμπεπλεγμένοι</span> <span class='ocrx_word' id='word_1_845' title='bbox 2685 3379 2849 3451; x_wconf 75' lang='grc' dir='ltr'>σαρκὶ</span> <span class='ocrx_word' id='word_1_846' title='bbox 2878 3380 2972 3433; x_wconf 77' lang='grc' dir='ltr'>καὶ</span> <span class='ocrx_word' id='word_1_847' title='bbox 2992 3380 3208 3454; x_wconf 81' lang='grc' dir='ltr'>αἵματι,</span> <span class='ocrx_word' id='word_1_848' title='bbox 3239 3379 3360 3434; x_wconf 82' lang='grc' dir='ltr'>οὐδὲ</span> <span class='ocrx_word' id='word_1_849' title='bbox 3384 3383 3478 3435; x_wconf 70' lang='grc' dir='ltr'>ἐπὶ</span> <span class='ocrx_word' id='word_1_850' title='bbox 3510 3383 3607 3454; x_wconf 84' lang='grc' dir='ltr'>τῆς</span> <span class='ocrx_word' id='word_1_851' title='bbox 3638 3382 3744 3453; x_wconf 87' lang='grc' dir='ltr'>γῆς</span> 
     </span>
    </p>
   </div>
   <div class='ocr_carea' id='block_1_107' title="bbox 2148 3459 3744 3534">
    <p class='ocr_par' dir='ltr' id='par_1_107' title="bbox 2148 3459 3744 3534">
     <span class='ocr_line' id='line_1_107' title="bbox 2148 3459 3744 3534; baseline 0.001 -20"><span class='ocrx_word' id='word_1_852' title='bbox 2148 3461 2333 3534; x_wconf 77' lang='grc' dir='ltr'>ἔχουσι</span> <span class='ocrx_word' id='word_1_853' title='bbox 2363 3461 2462 3525; x_wconf 81' lang='grc' dir='ltr'>τάς</span> <span class='ocrx_word' id='word_1_854' title='bbox 2487 3459 2795 3532; x_wconf 82' lang='grc' dir='ltr'>διατριϐὰς,</span> <span class='ocrx_word' id='word_1_855' title='bbox 2837 3460 2959 3513; x_wconf 72' lang='grc' dir='ltr'>οὐδὲ</span> <span class='ocrx_word' id='word_1_856' title='bbox 2992 3459 3148 3531; x_wconf 79' lang='grc' dir='ltr'>δχλον</span> <span class='ocrx_word' id='word_1_857' title='bbox 3177 3460 3488 3532; x_wconf 73' lang='grc' dir='ltr'>ἐπιθυμιῶν</span> <span class='ocrx_word' id='word_1_858' title='bbox 3513 3462 3744 3532; x_wconf 86' lang='grc' dir='ltr'>ἀνέχον-</span> 
     </span>
    </p>
   </div>
   <div class='ocr_carea' id='block_1_108' title="bbox 2146 3538 3743 3612">
    <p class='ocr_par' dir='ltr' id='par_1_108' title="bbox 2146 3538 3743 3612">
     <span class='ocr_line' id='line_1_108' title="bbox 2146 3538 3743 3612; baseline -0.001 -17"><span class='ocrx_word' id='word_1_859' title='bbox 2146 3558 2260 3606; x_wconf 87' lang='grc' dir='ltr'>ται,</span> <span class='ocrx_word' id='word_1_860' title='bbox 2290 3540 2411 3595; x_wconf 84' lang='grc' dir='ltr'>οὐδὲ</span> <span class='ocrx_word' id='word_1_861' title='bbox 2441 3540 2587 3595; x_wconf 90' lang='grc' dir='ltr'>σίτου</span> <span class='ocrx_word' id='word_1_862' title='bbox 2619 3540 2830 3593; x_wconf 88' lang='grc' dir='ltr'>δέονται</span> <span class='ocrx_word' id='word_1_863' title='bbox 2863 3540 2960 3593; x_wconf 77' lang='grc' dir='ltr'>καὶ</span> <span class='ocrx_word' id='word_1_864' title='bbox 2982 3538 3179 3605; x_wconf 81' lang='grc' dir='ltr'>ποτοῦ,</span> <span class='ocrx_word' id='word_1_865' title='bbox 3206 3540 3329 3594; x_wconf 72' lang='grc' dir='ltr'>οὐδὲ</span> <span class='ocrx_word' id='word_1_866' title='bbox 3353 3538 3514 3612; x_wconf 86' lang='grc' dir='ltr'>μέλος</span> <span class='ocrx_word' id='word_1_867' title='bbox 3542 3541 3743 3606; x_wconf 77' lang='grc' dir='ltr'>αὐτοὺς</span> 
     </span>
    </p>
   </div>
   <div class='ocr_carea' id='block_1_109' title="bbox 2149 3618 3741 3693">
    <p class='ocr_par' dir='ltr' id='par_1_109' title="bbox 2149 3618 3741 3693">
     <span class='ocr_line' id='line_1_109' title="bbox 2149 3618 3741 3693; baseline -0.002 -18"><span class='ocrx_word' id='word_1_868' title='bbox 2149 3621 2247 3693; x_wconf 80' lang='grc' dir='ltr'>ήδὺ</span> <span class='ocrx_word' id='word_1_869' title='bbox 2284 3620 2521 3691; x_wconf 79' lang='grc' dir='ltr'>μαλάξαι</span> <span class='ocrx_word' id='word_1_870' title='bbox 2551 3620 2760 3673; x_wconf 82' lang='grc' dir='ltr'>δύναιτ’</span> <span class='ocrx_word' id='word_1_871' title='bbox 2792 3618 2880 3685; x_wconf 88' lang='grc' dir='ltr'>ἂν,</span> <span class='ocrx_word' id='word_1_872' title='bbox 2922 3619 3043 3672; x_wconf 84' lang='grc' dir='ltr'>οὐδὲ</span> <span class='ocrx_word' id='word_1_873' title='bbox 3077 3618 3202 3688; x_wconf 63' lang='grc' dir='ltr'>ὄφις</span> <span class='ocrx_word' id='word_1_874' title='bbox 3238 3620 3555 3692; x_wconf 75' lang='grc' dir='ltr'>ἐπικάμψαι</span> <span class='ocrx_word' id='word_1_875' title='bbox 3594 3620 3741 3691; x_wconf 89' lang='grc' dir='ltr'>λαμ-</span> 
     </span>
    </p>
   </div>
   <div class='ocr_carea' id='block_1_110' title="bbox 2149 3696 3743 3770">
    <p class='ocr_par' dir='ltr' id='par_1_110' title="bbox 2149 3696 3743 3770">
     <span class='ocr_line' id='line_1_110' title="bbox 2149 3696 3743 3770; baseline 0 -20"><span class='ocrx_word' id='word_1_876' title='bbox 2149 3698 2286 3770; x_wconf 85' lang='grc' dir='ltr'>πρά,</span> <span class='ocrx_word' id='word_1_877' title='bbox 2318 3698 2441 3752; x_wconf 77' lang='grc' dir='ltr'>οὐδὲ</span> <span class='ocrx_word' id='word_1_878' title='bbox 2481 3697 2609 3753; x_wconf 81' lang='grc' dir='ltr'>ἄλλο</span> <span class='ocrx_word' id='word_1_879' title='bbox 2634 3696 2743 3752; x_wconf 89' lang='grc' dir='ltr'>τῶν</span> <span class='ocrx_word' id='word_1_880' title='bbox 2776 3697 3039 3750; x_wconf 83' lang='grc' dir='ltr'>τοιούτων</span> <span class='ocrx_word' id='word_1_881' title='bbox 3085 3697 3268 3751; x_wconf 81' lang='grc' dir='ltr'>οὐδέν·</span> <span class='ocrx_word' id='word_1_882' title='bbox 3315 3698 3453 3752; x_wconf 89' lang='grc' dir='ltr'>ἀλλά</span> <span class='ocrx_word' id='word_1_883' title='bbox 3487 3697 3743 3770; x_wconf 85' lang='grc' dir='ltr'>καθάπερ</span> 
     </span>
    </p>
   </div>
   <div class='ocr_carea' id='block_1_111' title="bbox 2146 3776 3743 3849">
    <p class='ocr_par' dir='ltr' id='par_1_111' title="bbox 2146 3776 3743 3849">
     <span class='ocr_line' id='line_1_111' title="bbox 2146 3776 3743 3849; baseline -0.001 -18"><span class='ocrx_word' id='word_1_884' title='bbox 2146 3778 2238 3831; x_wconf 79' lang='grc' dir='ltr'>τὸν</span> <span class='ocrx_word' id='word_1_885' title='bbox 2264 3778 2492 3849; x_wconf 76' lang='grc' dir='ltr'>οὐρανὸν</span> <span class='ocrx_word' id='word_1_886' title='bbox 2514 3780 2571 3831; x_wconf 77' lang='grc' dir='ltr'>ὲν</span> <span class='ocrx_word' id='word_1_887' title='bbox 2592 3777 2911 3849; x_wconf 80' lang='grc' dir='ltr'>μεσημϐρίᾳ</span> <span class='ocrx_word' id='word_1_888' title='bbox 2928 3776 3186 3848; x_wconf 78' lang='grc' dir='ltr'>σταθερᾷ,</span> <span class='ocrx_word' id='word_1_889' title='bbox 3215 3777 3444 3846; x_wconf 77' lang='grc' dir='ltr'>μηδενὸς</span> <span class='ocrx_word' id='word_1_890' title='bbox 3465 3777 3743 3847; x_wconf 75' lang='grc' dir='ltr'>ἐνοχλούν-</span> 
     </span>
    </p>
   </div>
   <div class='ocr_carea' id='block_1_112' title="bbox 2146 3855 3740 3928">
    <p class='ocr_par' dir='ltr' id='par_1_112' title="bbox 2146 3855 3740 3928">
     <span class='ocr_line' id='line_1_112' title="bbox 2146 3855 3740 3928; baseline -0.001 -16"><span class='ocrx_word' id='word_1_891' title='bbox 2146 3875 2240 3921; x_wconf 87' lang='grc' dir='ltr'>τος</span> <span class='ocrx_word' id='word_1_892' title='bbox 2256 3858 2471 3928; x_wconf 85' lang='grc' dir='ltr'>νέφους,</span> <span class='ocrx_word' id='word_1_893' title='bbox 2502 3857 2649 3911; x_wconf 74' lang='grc' dir='ltr'>ἔστιν</span> <span class='ocrx_word' id='word_1_894' title='bbox 2675 3857 2802 3912; x_wconf 80' lang='grc' dir='ltr'>ίδεῖν</span> <span class='ocrx_word' id='word_1_895' title='bbox 2826 3855 3090 3927; x_wconf 79' lang='grc' dir='ltr'>καθαρὸν,</span> <span class='ocrx_word' id='word_1_896' title='bbox 3111 3855 3256 3910; x_wconf 75' lang='grc' dir='ltr'>οὕτω</span> <span class='ocrx_word' id='word_1_897' title='bbox 3282 3859 3496 3921; x_wconf 74' lang='grc' dir='ltr'>καὶτὰς</span> <span class='ocrx_word' id='word_1_898' title='bbox 3515 3857 3740 3911; x_wconf 74' lang='grc' dir='ltr'>ἐκείνων</span> 
     </span>
    </p>
   </div>
   <div class='ocr_carea' id='block_1_113' title="bbox 2149 3931 3765 4015">
    <p class='ocr_par' dir='ltr' id='par_1_113' title="bbox 2149 3931 3765 4015">
     <span class='ocr_line' id='line_1_113' title="bbox 2149 3931 3765 4015; baseline 0.001 -25"><span class='ocrx_word' id='word_1_899' title='bbox 2149 3937 2362 4007; x_wconf 88' lang='grc' dir='ltr'>φύσεις,</span> <span class='ocrx_word' id='word_1_900' title='bbox 2379 3931 2638 4015; x_wconf 77' lang='grc' dir='ltr'>οὐδεμιᾶς</span> <span class='ocrx_word' id='word_1_901' title='bbox 2648 3933 2974 4007; x_wconf 71' lang='grc' dir='ltr'>ἐνοχλούσης</span> <span class='ocrx_word' id='word_1_902' title='bbox 2987 3936 3308 4015; x_wconf 74' lang='grc' dir='ltr'>ἐπιθυμίας,</span> <span class='ocrx_word' id='word_1_903' title='bbox 3325 3938 3509 4015; x_wconf 83' lang='grc' dir='ltr'>μένειν</span> <span class='ocrx_word' id='word_1_904' title='bbox 3524 3938 3738 4010; x_wconf 89' lang='grc' dir='ltr'>ἀνάγκη</span> <span class='ocrx_word' id='word_1_905' title='bbox 3762 3964 3765 3965; x_wconf 52' lang='grc' dir='ltr'>ν</span> 
     </span>
    </p>
   </div>
   <div class='ocr_carea' id='block_1_114' title="bbox 2147 4011 3495 4085">
    <p class='ocr_par' dir='ltr' id='par_1_114' title="bbox 2147 4011 3495 4085">
     <span class='ocr_line' id='line_1_114' title="bbox 2147 4011 3495 4085; baseline 0.001 -17"><span class='ocrx_word' id='word_1_906' title='bbox 2147 4015 2393 4084; x_wconf 86' lang='grc' dir='ltr'>διαυγεῖς</span> <span class='ocrx_word' id='word_1_907' title='bbox 2419 4016 2515 4069; x_wconf 81' lang='grc' dir='ltr'>καὶ</span> <span class='ocrx_word' id='word_1_908' title='bbox 2542 4014 2827 4085; x_wconf 83' lang='grc' dir='ltr'>λαμπράς.</span> <span class='ocrx_word' id='word_1_909' title='bbox 3163 4011 3169 4015; x_wconf 71' lang='grc'><em>’</em></span> <span class='ocrx_word' id='word_1_910' title='bbox 3486 4011 3495 4017; x_wconf 77' lang='grc'><em>’</em></span> 
     </span>
    </p>
   </div>
   <div class='ocr_carea' id='block_1_115' title="bbox 2218 4091 3742 4164">
    <p class='ocr_par' dir='ltr' id='par_1_115' title="bbox 2218 4091 3742 4164">
     <span class='ocr_line' id='line_1_115' title="bbox 2218 4091 3742 4164; baseline -0.001 -16"><span class='ocrx_word' id='word_1_911' title='bbox 2218 4095 2320 4148; x_wconf 78' lang='lat' dir='ltr'>IA’.</span> <span class='ocrx_word' id='word_1_912' title='bbox 2336 4094 2410 4148; x_wconf 83' lang='lat' dir='ltr'><em>T6</em></span> <span class='ocrx_word' id='word_1_913' title='bbox 2420 4093 2596 4147; x_wconf 84' lang='grc' dir='ltr'>δὲτῶν</span> <span class='ocrx_word' id='word_1_914' title='bbox 2608 4092 2706 4147; x_wconf 89' lang='grc' dir='ltr'>ἀνθ</span> <span class='ocrx_word' id='word_1_915' title='bbox 2715 4094 2913 4164; x_wconf 85' lang='grc' dir='ltr'>ρώπων</span> <span class='ocrx_word' id='word_1_916' title='bbox 2925 4093 3079 4161; x_wconf 79' lang='grc' dir='ltr'>γένος</span> <span class='ocrx_word' id='word_1_917' title='bbox 3090 4091 3199 4146; x_wconf 82' lang='grc' dir='ltr'>τῶν</span> <span class='ocrx_word' id='word_1_918' title='bbox 3216 4092 3504 4164; x_wconf 87' lang='grc' dir='ltr'>μακαρίων</span> <span class='ocrx_word' id='word_1_919' title='bbox 3514 4092 3742 4147; x_wconf 67' lang='grc' dir='ltr'>ἐκείνων</span> 
     </span>
    </p>
   </div>
   <div class='ocr_carea' id='block_1_116' title="bbox 2146 4170 3741 4246">
    <p class='ocr_par' dir='ltr' id='par_1_116' title="bbox 2146 4170 3741 4246">
     <span class='ocr_line' id='line_1_116' title="bbox 2146 4170 3741 4246; baseline 0 -19"><span class='ocrx_word' id='word_1_920' title='bbox 2146 4177 2213 4246; x_wconf 84' lang='grc' dir='ltr'>τῇ</span> <span class='ocrx_word' id='word_1_921' title='bbox 2242 4173 2405 4244; x_wconf 89' lang='grc' dir='ltr'>φύσει</span> <span class='ocrx_word' id='word_1_922' title='bbox 2434 4185 2460 4214; x_wconf 80' lang='grc' dir='ltr'>θ</span> <span class='ocrx_word' id='word_1_923' title='bbox 2479 4174 2804 4244; x_wconf 86' lang='grc' dir='ltr'>λειπόμενον</span> <span class='ocrx_word' id='word_1_924' title='bbox 2836 4171 3086 4242; x_wconf 80' lang='grc' dir='ltr'>βιάζεται</span> <span class='ocrx_word' id='word_1_925' title='bbox 3107 4170 3205 4240; x_wconf 77' lang='grc' dir='ltr'>τὴν</span> <span class='ocrx_word' id='word_1_926' title='bbox 3224 4170 3405 4224; x_wconf 80' lang='grc' dir='ltr'>οἰκίαν</span> <span class='ocrx_word' id='word_1_927' title='bbox 3441 4172 3618 4241; x_wconf 79' lang='grc' dir='ltr'>ίσχὺν,</span> <span class='ocrx_word' id='word_1_928' title='bbox 3645 4173 3741 4227; x_wconf 76' lang='grc' dir='ltr'>καὶ</span> 
     </span>
    </p>
   </div>
   <div class='ocr_carea' id='block_1_117' title="bbox 2147 4246 3741 4322">
    <p class='ocr_par' dir='ltr' id='par_1_117' title="bbox 2147 4246 3741 4322">
     <span class='ocr_line' id='line_1_117' title="bbox 2147 4246 3741 4322; baseline -0.003 -16"><span class='ocrx_word' id='word_1_929' title='bbox 2147 4253 2448 4322; x_wconf 86' lang='grc' dir='ltr'>φιλονεικεῖ</span> <span class='ocrx_word' id='word_1_930' title='bbox 2476 4251 2566 4306; x_wconf 87' lang='grc' dir='ltr'>διά</span> <span class='ocrx_word' id='word_1_931' title='bbox 2588 4251 2688 4321; x_wconf 88' lang='grc' dir='ltr'>τῆς</span> <span class='ocrx_word' id='word_1_932' title='bbox 2711 4249 2950 4319; x_wconf 87' lang='grc' dir='ltr'>σπουδῆς</span> <span class='ocrx_word' id='word_1_933' title='bbox 2981 4247 3123 4302; x_wconf 88' lang='grc' dir='ltr'>κατά</span> <span class='ocrx_word' id='word_1_934' title='bbox 3149 4246 3382 4316; x_wconf 87' lang='grc' dir='ltr'>δύναμιν</span> <span class='ocrx_word' id='word_1_935' title='bbox 3411 4246 3741 4321; x_wconf 73' lang='grc' dir='ltr'>ἐξισωθῆναι</span> 
     </span>
    </p>
   </div>
   <div class='ocr_carea' id='block_1_118' title="bbox 2148 4324 3863 4398">
    <p class='ocr_par' dir='ltr' id='par_1_118' title="bbox 2148 4324 3863 4398">
     <span class='ocr_line' id='line_1_118' title="bbox 2148 4324 3863 4398; baseline -0.008 -13"><span class='ocrx_word' id='word_1_936' title='bbox 2148 4331 2399 4395; x_wconf 78' lang='grc' dir='ltr'>ἐκείνοις.</span> <span class='ocrx_word' id='word_1_937' title='bbox 2451 4329 2577 4391; x_wconf 88' lang='grc' dir='ltr'>Πῶς</span> <span class='ocrx_word' id='word_1_938' title='bbox 2622 4324 2756 4394; x_wconf 81' lang='grc' dir='ltr'>οὗν;</span> <span class='ocrx_word' id='word_1_939' title='bbox 2797 4327 2872 4380; x_wconf 87' lang='grc' dir='ltr'>Οὐ</span> <span class='ocrx_word' id='word_1_940' title='bbox 2917 4325 3210 4398; x_wconf 83' lang='grc' dir='ltr'>γαμοῦσιν,</span> <span class='ocrx_word' id='word_1_941' title='bbox 3248 4325 3371 4380; x_wconf 71' lang='grc' dir='ltr'>οὐδὲ</span> <span class='ocrx_word' id='word_1_942' title='bbox 3416 4325 3742 4398; x_wconf 78' lang='grc' dir='ltr'>γαμίζονται</span> <span class='ocrx_word' id='word_1_943' title='bbox 3848 4360 3863 4371; x_wconf 84' lang='grc'><strong>.</strong></span> 
     </span>
    </p>
   </div>
   <div class='ocr_carea' id='block_1_119' title="bbox 2146 4405 3742 4478">
    <p class='ocr_par' dir='ltr' id='par_1_119' title="bbox 2146 4405 3742 4478">
     <span class='ocr_line' id='line_1_119' title="bbox 2146 4405 3742 4478; baseline -0.002 -14"><span class='ocrx_word' id='word_1_944' title='bbox 2146 4409 2399 4478; x_wconf 71' lang='grc' dir='ltr'>ἄγγελοι*</span> <span class='ocrx_word' id='word_1_945' title='bbox 2424 4407 2538 4462; x_wconf 85' lang='grc' dir='ltr'>ἀλλ’</span> <span class='ocrx_word' id='word_1_946' title='bbox 2569 4406 2692 4461; x_wconf 73' lang='grc' dir='ltr'>οὐδὲ</span> <span class='ocrx_word' id='word_1_947' title='bbox 2720 4409 2753 4478; x_wconf 84' lang='grc' dir='ltr'><strong>ή</strong></span> <span class='ocrx_word' id='word_1_948' title='bbox 2779 4405 3069 4475; x_wconf 90' lang='grc' dir='ltr'>παρθένος.</span> <span class='ocrx_word' id='word_1_949' title='bbox 3094 4405 3481 4477; x_wconf 77' lang='grc' dir='ltr'>Παρεστήκασι</span> <span class='ocrx_word' id='word_1_950' title='bbox 3511 4406 3742 4462; x_wconf 86' lang='grc' dir='ltr'>διαπαν-</span> 
     </span>
    </p>
   </div>
   <div class='ocr_carea' id='block_1_120' title="bbox 2145 4484 3737 4561">
    <p class='ocr_par' dir='ltr' id='par_1_120' title="bbox 2145 4484 3737 4561">
     <span class='ocr_line' id='line_1_120' title="bbox 2145 4484 3737 4561; baseline 0.001 -18"><span class='ocrx_word' id='word_1_951' title='bbox 2145 4490 2238 4554; x_wconf 79' lang='grc' dir='ltr'>τὸς</span> <span class='ocrx_word' id='word_1_952' title='bbox 2262 4490 2358 4543; x_wconf 76' lang='grc' dir='ltr'>καὶ</span> <span class='ocrx_word' id='word_1_953' title='bbox 2383 4485 2762 4560; x_wconf 82' lang='grc' dir='ltr'>λειτουργοῦσι</span> <span class='ocrx_word' id='word_1_954' title='bbox 2781 4486 2858 4558; x_wconf 80' lang='grc' dir='ltr'>τῷ</span> <span class='ocrx_word' id='word_1_955' title='bbox 2885 4484 3006 4557; x_wconf 82' lang='grc' dir='ltr'>Θεῷ</span> <span class='ocrx_word' id='word_1_956' title='bbox 3027 4502 3043 4517; x_wconf 89' lang='grc'><strong>·</strong></span> <span class='ocrx_word' id='word_1_957' title='bbox 3076 4484 3235 4540; x_wconf 77' lang='grc' dir='ltr'>τοῦτο</span> <span class='ocrx_word' id='word_1_958' title='bbox 3256 4486 3350 4540; x_wconf 66' lang='grc' dir='ltr'>καῖ⁵</span> <span class='ocrx_word' id='word_1_959' title='bbox 3373 4488 3405 4559; x_wconf 85' lang='grc' dir='ltr'>ἡ</span> <span class='ocrx_word' id='word_1_960' title='bbox 3445 4485 3737 4561; x_wconf 86' lang='grc' dir='ltr'>παρθένος.</span> 
     </span>
    </p>
   </div>
   <div class='ocr_carea' id='block_1_121' title="bbox 2146 4564 3740 4637">
    <p class='ocr_par' dir='ltr' id='par_1_121' title="bbox 2146 4564 3740 4637">
     <span class='ocr_line' id='line_1_121' title="bbox 2146 4564 3740 4637; baseline -0.002 -16"><span class='ocrx_word' id='word_1_961' title='bbox 2146 4569 2239 4623; x_wconf 87' lang='grc' dir='ltr'>Διὸ</span> <span class='ocrx_word' id='word_1_962' title='bbox 2270 4569 2368 4623; x_wconf 78' lang='grc' dir='ltr'>καὶ</span> <span class='ocrx_word' id='word_1_963' title='bbox 2396 4567 2610 4631; x_wconf 80' lang='grc' dir='ltr'>Παῦλος</span> <span class='ocrx_word' id='word_1_964' title='bbox 2638 4565 2808 4630; x_wconf 81' lang='grc' dir='ltr'>αὐτὰς</span> <span class='ocrx_word' id='word_1_965' title='bbox 2834 4565 3055 4621; x_wconf 90' lang='grc' dir='ltr'>πάντων</span> <span class='ocrx_word' id='word_1_966' title='bbox 3077 4564 3357 4637; x_wconf 86' lang='grc' dir='ltr'>ἀπέστησε</span> <span class='ocrx_word' id='word_1_967' title='bbox 3388 4564 3498 4619; x_wconf 90' lang='grc' dir='ltr'>τῶν</span> <span class='ocrx_word' id='word_1_968' title='bbox 3520 4566 3740 4636; x_wconf 85' lang='grc' dir='ltr'>φροντί-</span> 
     </span>
    </p>
   </div>
   <div class='ocr_carea' id='block_1_122' title="bbox 2144 4642 3738 4718">
    <p class='ocr_par' dir='ltr' id='par_1_122' title="bbox 2144 4642 3738 4718">
     <span class='ocr_line' id='line_1_122' title="bbox 2144 4642 3738 4718; baseline -0.002 -15"><span class='ocrx_word' id='word_1_969' title='bbox 2144 4649 2273 4712; x_wconf 88' lang='grc' dir='ltr'>δων,</span> <span class='ocrx_word' id='word_1_970' title='bbox 2307 4647 2397 4702; x_wconf 84' lang='grc' dir='ltr'>διά</span> <span class='ocrx_word' id='word_1_971' title='bbox 2419 4648 2481 4701; x_wconf 87' lang='grc' dir='ltr'>τὸ</span> <span class='ocrx_word' id='word_1_972' title='bbox 2508 4644 2876 4718; x_wconf 84' lang='grc' dir='ltr'>εὐπρόσεδρον</span> <span class='ocrx_word' id='word_1_973' title='bbox 2911 4645 3007 4699; x_wconf 78' lang='grc' dir='ltr'>καὶ</span> <span class='ocrx_word' id='word_1_974' title='bbox 3038 4645 3469 4717; x_wconf 84' lang='grc' dir='ltr'>ἀπερίσπαστον.</span> <span class='ocrx_word' id='word_1_975' title='bbox 3498 4642 3649 4717; x_wconf 70' lang='grc'>[276]</span> <span class='ocrx_word' id='word_1_976' title='bbox 3675 4646 3738 4700; x_wconf 84' lang='grc' dir='ltr'><strong>Εἰ</strong></span> 
     </span>
    </p>
   </div>
   <div class='ocr_carea' id='block_1_123' title="bbox 2145 4722 3740 4798">
    <p class='ocr_par' dir='ltr' id='par_1_123' title="bbox 2145 4722 3740 4798">
     <span class='ocr_line' id='line_1_123' title="bbox 2145 4722 3740 4798; baseline -0.001 -19"><span class='ocrx_word' id='word_1_977' title='bbox 2145 4726 2203 4779; x_wconf 83' lang='grc' dir='ltr'>δὲ</span> <span class='ocrx_word' id='word_1_978' title='bbox 2229 4726 2304 4798; x_wconf 85' lang='grc' dir='ltr'>μὴ</span> <span class='ocrx_word' id='word_1_979' title='bbox 2331 4723 2576 4781; x_wconf 89' lang='grc' dir='ltr'>δύναιντο</span> <span class='ocrx_word' id='word_1_980' title='bbox 2607 4726 2687 4788; x_wconf 85' lang='grc' dir='ltr'>είς</span> <span class='ocrx_word' id='word_1_981' title='bbox 2708 4724 2799 4778; x_wconf 82' lang='grc' dir='ltr'>τὸν</span> <span class='ocrx_word' id='word_1_982' title='bbox 2825 4723 3053 4795; x_wconf 83' lang='grc' dir='ltr'>οὐρανὸν</span> <span class='ocrx_word' id='word_1_983' title='bbox 3075 4723 3343 4793; x_wconf 87' lang='grc' dir='ltr'>ἀναϐῆναι</span> <span class='ocrx_word' id='word_1_984' title='bbox 3367 4722 3506 4786; x_wconf 85' lang='grc' dir='ltr'>τέως</span> <span class='ocrx_word' id='word_1_985' title='bbox 3523 4764 3538 4785; x_wconf 96' lang='grc'>,</span> <span class='ocrx_word' id='word_1_986' title='bbox 3568 4725 3740 4777; x_wconf 80' lang='grc' dir='ltr'>καθά⁶</span> 
     </span>
    </p>
   </div>
   <div class='ocr_carea' id='block_1_124' title="bbox 2147 4802 3740 4878">
    <p class='ocr_par' dir='ltr' id='par_1_124' title="bbox 2147 4802 3740 4878">
     <span class='ocr_line' id='line_1_124' title="bbox 2147 4802 3740 4878; baseline 0 -21"><span class='ocrx_word' id='word_1_987' title='bbox 2147 4821 2254 4878; x_wconf 91' lang='grc' dir='ltr'>περ</span> <span class='ocrx_word' id='word_1_988' title='bbox 2284 4806 2506 4868; x_wconf 74' lang='grc' dir='ltr'>ἐκεῖνοι,</span> <span class='ocrx_word' id='word_1_989' title='bbox 2531 4806 2630 4876; x_wconf 86' lang='grc' dir='ltr'>τῆς</span> <span class='ocrx_word' id='word_1_990' title='bbox 2661 4804 2862 4876; x_wconf 81' lang='grc' dir='ltr'>σαρκὸς</span> <span class='ocrx_word' id='word_1_991' title='bbox 2878 4802 3252 4874; x_wconf 85' lang='grc' dir='ltr'>καθελκούσης</span> <span class='ocrx_word' id='word_1_992' title='bbox 3269 4802 3460 4868; x_wconf 82' lang='grc' dir='ltr'>αὑτάς,</span> <span class='ocrx_word' id='word_1_993' title='bbox 3491 4802 3625 4856; x_wconf 87' lang='grc' dir='ltr'>ἀλλά</span> <span class='ocrx_word' id='word_1_994' title='bbox 3645 4805 3740 4857; x_wconf 76' lang='grc' dir='ltr'>καὶ</span> 
     </span>
    </p>
   </div>
   <div class='ocr_carea' id='block_1_125' title="bbox 2147 4882 3739 4955">
    <p class='ocr_par' dir='ltr' id='par_1_125' title="bbox 2147 4882 3739 4955">
     <span class='ocr_line' id='line_1_125' title="bbox 2147 4882 3739 4955; baseline -0.001 -18"><span class='ocrx_word' id='word_1_995' title='bbox 2147 4886 2206 4937; x_wconf 83' lang='grc' dir='ltr'>ἐν</span> <span class='ocrx_word' id='word_1_996' title='bbox 2235 4882 2413 4954; x_wconf 83' lang='grc' dir='ltr'>τούτῳ</span> <span class='ocrx_word' id='word_1_997' title='bbox 2445 4882 2647 4954; x_wconf 81' lang='grc' dir='ltr'>πολλὴν</span> <span class='ocrx_word' id='word_1_998' title='bbox 2676 4882 2862 4955; x_wconf 78' lang='grc' dir='ltr'>ἔχουσι</span> <span class='ocrx_word' id='word_1_999' title='bbox 2894 4883 2993 4955; x_wconf 81' lang='grc' dir='ltr'>τὴν</span> <span class='ocrx_word' id='word_1_1000' title='bbox 3039 4882 3612 4955; x_wconf 38' lang='grc' dir='ltr'>παραμυθίανηαύτδν</span> <span class='ocrx_word' id='word_1_1001' title='bbox 3645 4883 3739 4936; x_wconf 78' lang='grc' dir='ltr'>τὸν</span> 
     </span>
    </p>
   </div>
   <div class='ocr_carea' id='block_1_126' title="bbox 2145 4954 3736 5032">
    <p class='ocr_par' dir='ltr' id='par_1_126' title="bbox 2145 4954 3736 5032">
     <span class='ocr_line' id='line_1_126' title="bbox 2145 4954 3736 5032; baseline -0.001 -16"><span class='ocrx_word' id='word_1_1002' title='bbox 2145 4960 2254 5016; x_wconf 88' lang='grc' dir='ltr'>τῶν</span> <span class='ocrx_word' id='word_1_1003' title='bbox 2284 4961 2528 5032; x_wconf 86' lang='grc' dir='ltr'>οὐρανῶν</span> <span class='ocrx_word' id='word_1_1004' title='bbox 2557 4954 2952 5032; x_wconf 82' lang='grc' dir='ltr'>ὑποδεχόμεναι</span> <span class='ocrx_word' id='word_1_1005' title='bbox 2982 4954 3282 5031; x_wconf 88' lang='grc' dir='ltr'>Δεσπότην,</span> <span class='ocrx_word' id='word_1_1006' title='bbox 3316 4960 3382 5014; x_wconf 83' lang='grc' dir='ltr'>ἂν</span> <span class='ocrx_word' id='word_1_1007' title='bbox 3418 4954 3552 5014; x_wconf 78' lang='grc' dir='ltr'>ὦσιν</span> <span class='ocrx_word' id='word_1_1008' title='bbox 3582 4960 3736 5029; x_wconf 80' lang='grc' dir='ltr'>ἀγιαι</span> 
     </span>
    </p>
   </div>
   <div class='ocr_carea' id='block_1_127' title="bbox 2145 5035 3737 5111">
    <p class='ocr_par' dir='ltr' id='par_1_127' title="bbox 2145 5035 3737 5111">
     <span class='ocr_line' id='line_1_127' title="bbox 2145 5035 3737 5111; baseline -0.002 -18"><span class='ocrx_word' id='word_1_1009' title='bbox 2145 5041 2225 5111; x_wconf 79' lang='grc' dir='ltr'>τῷ</span> <span class='ocrx_word' id='word_1_1010' title='bbox 2266 5039 2481 5111; x_wconf 85' lang='grc' dir='ltr'>σώματι</span> <span class='ocrx_word' id='word_1_1011' title='bbox 2522 5040 2617 5094; x_wconf 69' lang='grc' dir='ltr'>καὶ</span> <span class='ocrx_word' id='word_1_1012' title='bbox 2652 5039 2732 5111; x_wconf 82' lang='grc' dir='ltr'>τῷ</span> <span class='ocrx_word' id='word_1_1013' title='bbox 2770 5040 3065 5110; x_wconf 89' lang='grc' dir='ltr'>πνεύματι.</span> <span class='ocrx_word' id='word_1_1014' title='bbox 3104 5035 3264 5102; x_wconf 74' lang='grc' dir='ltr'>Εἶδες</span> <span class='ocrx_word' id='word_1_1015' title='bbox 3292 5038 3392 5110; x_wconf 85' lang='grc' dir='ltr'>τῆς</span> <span class='ocrx_word' id='word_1_1016' title='bbox 3436 5038 3737 5108; x_wconf 86' lang='grc' dir='ltr'>παρθενίας</span> 
     </span>
    </p>
   </div>
   <div class='ocr_carea' id='block_1_128' title="bbox 2145 5114 3738 5189">
    <p class='ocr_par' dir='ltr' id='par_1_128' title="bbox 2145 5114 3738 5189">
     <span class='ocr_line' id='line_1_128' title="bbox 2145 5114 3738 5189; baseline -0.003 -17"><span class='ocrx_word' id='word_1_1017' title='bbox 2145 5119 2207 5172; x_wconf 78' lang='grc' dir='ltr'>τὸ</span> <span class='ocrx_word' id='word_1_1018' title='bbox 2233 5117 2474 5189; x_wconf 82' lang='grc' dir='ltr'>ἀξίωμα,</span> <span class='ocrx_word' id='word_1_1019' title='bbox 2505 5117 2623 5181; x_wconf 88' lang='grc' dir='ltr'>πῶς</span> <span class='ocrx_word' id='word_1_1020' title='bbox 2649 5114 2670 5155; x_wconf 70' lang='grc' dir='ltr'>ί</span> <span class='ocrx_word' id='word_1_1021' title='bbox 2695 5119 2823 5182; x_wconf 78' lang='grc' dir='ltr'>τοὺς</span> <span class='ocrx_word' id='word_1_1022' title='bbox 2854 5120 2948 5172; x_wconf 76' lang='grc' dir='ltr'>ἐπὶ</span> <span class='ocrx_word' id='word_1_1023' title='bbox 2966 5119 3069 5188; x_wconf 89' lang='grc' dir='ltr'>τῆς</span> <span class='ocrx_word' id='word_1_1024' title='bbox 3094 5118 3202 5187; x_wconf 88' lang='grc' dir='ltr'>γῆς</span> <span class='ocrx_word' id='word_1_1025' title='bbox 3223 5114 3601 5186; x_wconf 83' lang='grc' dir='ltr'>διατρίϐοντας</span> <span class='ocrx_word' id='word_1_1026' title='bbox 3623 5119 3738 5180; x_wconf 88' lang='grc' dir='ltr'>τοῖς</span> 
     </span>
    </p>
   </div>
   <div class='ocr_carea' id='block_1_129' title="bbox 2146 5195 3734 5270">
    <p class='ocr_par' dir='ltr' id='par_1_129' title="bbox 2146 5195 3734 5270">
     <span class='ocr_line' id='line_1_129' title="bbox 2146 5195 3734 5270; baseline -0.001 -19"><span class='ocrx_word' id='word_1_1027' title='bbox 2146 5200 2207 5251; x_wconf 80' lang='grc' dir='ltr'>ὲν</span> <span class='ocrx_word' id='word_1_1028' title='bbox 2230 5199 2480 5270; x_wconf 85' lang='grc' dir='ltr'>οὐρανοῖς</span> <span class='ocrx_word' id='word_1_1029' title='bbox 2503 5197 2883 5268; x_wconf 86' lang='grc' dir='ltr'>διαιτωμένοις</span> <span class='ocrx_word' id='word_1_1030' title='bbox 2911 5196 3115 5268; x_wconf 85' lang='grc' dir='ltr'>ὁμοίως</span> <span class='ocrx_word' id='word_1_1031' title='bbox 3146 5195 3525 5249; x_wconf 88' lang='grc' dir='ltr'>πολιτεύεσθαι</span> <span class='ocrx_word' id='word_1_1032' title='bbox 3559 5199 3734 5260; x_wconf 85' lang='grc' dir='ltr'>ποιεῖ;</span> 
     </span>
    </p>
   </div>
   <div class='ocr_carea' id='block_1_130' title="bbox 2146 5273 3735 5348">
    <p class='ocr_par' dir='ltr' id='par_1_130' title="bbox 2146 5273 3735 5348">
     <span class='ocr_line' id='line_1_130' title="bbox 2146 5273 3735 5348; baseline -0.002 -18"><span class='ocrx_word' id='word_1_1033' title='bbox 2146 5277 2272 5340; x_wconf 76' lang='grc' dir='ltr'>τοὺς</span> <span class='ocrx_word' id='word_1_1034' title='bbox 2294 5277 2523 5348; x_wconf 83' lang='grc' dir='ltr'>σώματα</span> <span class='ocrx_word' id='word_1_1035' title='bbox 2541 5275 2959 5348; x_wconf 84' lang='grc' dir='ltr'>περικειμένους</span> <span class='ocrx_word' id='word_1_1036' title='bbox 2974 5274 3085 5328; x_wconf 89' lang='grc' dir='ltr'>τῶν</span> <span class='ocrx_word' id='word_1_1037' title='bbox 3101 5273 3409 5344; x_wconf 87' lang='grc' dir='ltr'>ἀσωμάτων</span> <span class='ocrx_word' id='word_1_1038' title='bbox 3425 5274 3526 5326; x_wconf 87' lang='grc' dir='ltr'>ούκ</span> <span class='ocrx_word' id='word_1_1039' title='bbox 3541 5274 3735 5344; x_wconf 87' lang='grc' dir='ltr'>ἀφίησι</span> 
     </span>
    </p>
   </div>
   <div class='ocr_carea' id='block_1_131' title="bbox 2145 5348 3778 5426">
    <p class='ocr_par' dir='ltr' id='par_1_131' title="bbox 2145 5348 3778 5426">
     <span class='ocr_line' id='line_1_131' title="bbox 2145 5348 3778 5426; baseline -0.004 -16"><span class='ocrx_word' id='word_1_1040' title='bbox 2145 5355 2430 5410; x_wconf 78' lang='grc' dir='ltr'>λείπεσθαι</span> <span class='ocrx_word' id='word_1_1041' title='bbox 2463 5356 2767 5426; x_wconf 84' lang='grc' dir='ltr'>δυνάμεων,</span> <span class='ocrx_word' id='word_1_1042' title='bbox 2795 5354 3117 5425; x_wconf 83' lang='grc' dir='ltr'>ἀνθρώπους</span> <span class='ocrx_word' id='word_1_1043' title='bbox 3146 5353 3308 5415; x_wconf 82' lang='grc' dir='ltr'>δντας</span> <span class='ocrx_word' id='word_1_1044' title='bbox 3338 5352 3417 5416; x_wconf 80' lang='grc' dir='ltr'>είς</span> <span class='ocrx_word' id='word_1_1045' title='bbox 3448 5353 3542 5407; x_wconf 74' lang='grc' dir='ltr'>τὸν</span> <span class='ocrx_word' id='word_1_1046' title='bbox 3570 5348 3778 5411; x_wconf 60' lang='grc' dir='ltr'>αὺτδνὶ</span> 
     </span>
    </p>
   </div>
   <div class='ocr_carea' id='block_1_132' title="bbox 2147 5431 3737 5506">
    <p class='ocr_par' dir='ltr' id='par_1_132' title="bbox 2147 5431 3737 5506">
     <span class='ocr_line' id='line_1_132' title="bbox 2147 5431 3737 5506; baseline -0.003 -19"><span class='ocrx_word' id='word_1_1047' title='bbox 2147 5437 2256 5489; x_wconf 88' lang='grc' dir='ltr'>τῶν</span> <span class='ocrx_word' id='word_1_1048' title='bbox 2296 5436 2547 5506; x_wconf 86' lang='grc' dir='ltr'>ἀγγέλων</span> <span class='ocrx_word' id='word_1_1049' title='bbox 2588 5436 2712 5505; x_wconf 81' lang='grc' dir='ltr'>ἄγει</span> <span class='ocrx_word' id='word_1_1050' title='bbox 2756 5432 2938 5505; x_wconf 86' lang='grc' dir='ltr'>ζῆλον.</span> <span class='ocrx_word' id='word_1_1051' title='bbox 2983 5431 3118 5487; x_wconf 85' lang='grc' dir='ltr'>Ἀλλ’</span> <span class='ocrx_word' id='word_1_1052' title='bbox 3162 5431 3317 5484; x_wconf 79' lang='grc' dir='ltr'>οὐδὲν</span> <span class='ocrx_word' id='word_1_1053' title='bbox 3349 5433 3555 5485; x_wconf 89' lang='grc' dir='ltr'>τούτων</span> <span class='ocrx_word' id='word_1_1054' title='bbox 3598 5431 3737 5503; x_wconf 79' lang='grc' dir='ltr'>πρὸς</span> 
     </span>
    </p>
   </div>
   <div class='ocr_carea' id='block_1_133' title="bbox 2149 5510 3734 5586">
    <p class='ocr_par' dir='ltr' id='par_1_133' title="bbox 2149 5510 3734 5586">
     <span class='ocr_line' id='line_1_133' title="bbox 2149 5510 3734 5586; baseline -0.003 -18"><span class='ocrx_word' id='word_1_1055' title='bbox 2149 5516 2315 5586; x_wconf 81' lang='grc' dir='ltr'>ὑμᾶς,</span> <span class='ocrx_word' id='word_1_1056' title='bbox 2358 5517 2487 5578; x_wconf 82' lang='grc' dir='ltr'>τοὺς</span> <span class='ocrx_word' id='word_1_1057' title='bbox 2519 5512 2743 5567; x_wconf 78' lang='grc' dir='ltr'>τοσοῦτο</span> <span class='ocrx_word' id='word_1_1058' title='bbox 2769 5513 3005 5583; x_wconf 79' lang='grc' dir='ltr'>πρᾶγμα</span> <span class='ocrx_word' id='word_1_1059' title='bbox 3034 5511 3488 5584; x_wconf 82' lang='grc' dir='ltr'>λυμαινομένους,</span> <span class='ocrx_word' id='word_1_1060' title='bbox 3517 5512 3610 5566; x_wconf 77' lang='grc' dir='ltr'>καὶ</span> <span class='ocrx_word' id='word_1_1061' title='bbox 3642 5510 3734 5565; x_wconf 80' lang='grc' dir='ltr'>τὸν</span> 
     </span>
    </p>
   </div>
   <div class='ocr_carea' id='block_1_134' title="bbox 2148 5591 3731 5665">
    <p class='ocr_par' dir='ltr' id='par_1_134' title="bbox 2148 5591 3731 5665">
     <span class='ocr_line' id='line_1_134' title="bbox 2148 5591 3731 5665; baseline -0.004 -17"><span class='ocrx_word' id='word_1_1062' title='bbox 2148 5595 2427 5663; x_wconf 84' lang='grc' dir='ltr'>Δεσπότην</span> <span class='ocrx_word' id='word_1_1063' title='bbox 2462 5593 2868 5655; x_wconf 87' lang='grc' dir='ltr'>διαϐάλλοντας,</span> <span class='ocrx_word' id='word_1_1064' title='bbox 2900 5593 2996 5646; x_wconf 74' lang='grc' dir='ltr'>καὶ</span> <span class='ocrx_word' id='word_1_1065' title='bbox 3030 5592 3263 5665; x_wconf 77' lang='grc' dir='ltr'>πονηρὸν</span> <span class='ocrx_word' id='word_1_1066' title='bbox 3293 5591 3731 5653; x_wconf 80' lang='grc' dir='ltr'>ἀποκαλοῦντας.</span> 
     </span>
    </p>
   </div>
   <div class='ocr_carea' id='block_1_135' title="bbox 2162 5670 3702 5745">
    <p class='ocr_par' dir='ltr' id='par_1_135' title="bbox 2162 5670 3702 5745">
     <span class='ocr_line' id='line_1_135' title="bbox 2162 5670 3702 5745; baseline -0.003 -18"><span class='ocrx_word' id='word_1_1067' title='bbox 2162 5675 2225 5727; x_wconf 85' lang='grc' dir='ltr'><em>Ἡ</em></span> <span class='ocrx_word' id='word_1_1068' title='bbox 2255 5672 2364 5745; x_wconf 82' lang='grc' dir='ltr'>γὰρ</span> <span class='ocrx_word' id='word_1_1069' title='bbox 2389 5672 2485 5726; x_wconf 81' lang='grc' dir='ltr'>τοῦ</span> <span class='ocrx_word' id='word_1_1070' title='bbox 2511 5671 2751 5742; x_wconf 89' lang='grc' dir='ltr'>πονηροῦ</span> <span class='ocrx_word' id='word_1_1071' title='bbox 2780 5670 2968 5724; x_wconf 87' lang='grc' dir='ltr'>δούλου</span> <span class='ocrx_word' id='word_1_1072' title='bbox 3000 5672 3220 5736; x_wconf 80' lang='grc' dir='ltr'>κόλασις</span> <span class='ocrx_word' id='word_1_1073' title='bbox 3249 5673 3392 5743; x_wconf 69' lang='grc' dir='ltr'>ὑμᾶς</span> <span class='ocrx_word' id='word_1_1074' title='bbox 3424 5670 3702 5737; x_wconf 78' lang='grc' dir='ltr'>ἐκδέξεται</span> 
     </span>
    </p>
   </div>
   <div class='ocr_carea' id='block_1_136' title="bbox 2187 5775 3734 5855">
    <p class='ocr_par' dir='ltr' id='par_1_136' title="bbox 2187 5775 3734 5855">
     <span class='ocr_line' id='line_1_136' title="bbox 2187 5775 3734 5855; baseline -0.005 -26"><span class='ocrx_word' id='word_1_1075' title='bbox 2187 5781 2235 5853; x_wconf 40' lang='grc' dir='ltr'><strong>1ο</strong></span> <span class='ocrx_word' id='word_1_1076' title='bbox 2259 5780 2382 5855; x_wconf 62' lang='grc' dir='ltr'>βςε.</span> <span class='ocrx_word' id='word_1_1077' title='bbox 2410 5777 2643 5855; x_wconf 61' lang='grc' dir='ltr'>μηδεμίαν</span> <span class='ocrx_word' id='word_1_1078' title='bbox 2684 5777 2882 5839; x_wconf 84' lang='grc' dir='ltr'>βλάϐην.</span> <span class='ocrx_word' id='word_1_1079' title='bbox 2913 5775 3037 5827; x_wconf 82' lang='lat' dir='ltr'><strong>Infra</strong></span> <span class='ocrx_word' id='word_1_1080' title='bbox 3082 5776 3214 5826; x_wconf 85' lang='lat' dir='ltr'>idem</span> <span class='ocrx_word' id='word_1_1081' title='bbox 3254 5775 3535 5840; x_wconf 74' lang='grc' dir='ltr'>στρατηγὸς,</span> <span class='ocrx_word' id='word_1_1082' title='bbox 3570 5775 3734 5836; x_wconf 83' lang='grc' dir='ltr'>ὥσπερ</span> 
     </span>
    </p>
   </div>
   <div class='ocr_carea' id='block_1_137' title="bbox 2151 5841 3541 5975">
    <p class='ocr_par' dir='ltr' id='par_1_137' title="bbox 2151 5841 3541 5975">
     <span class='ocr_line' id='line_1_137' title="bbox 2151 5841 2642 5903; baseline -0.012 -13"><span class='ocrx_word' id='word_1_1083' title='bbox 2151 5843 2238 5903; x_wconf 70' lang='grc' dir='ltr'>γάρ</span> <span class='ocrx_word' id='word_1_1084' title='bbox 2258 5842 2333 5888; x_wconf 84' lang='grc' dir='ltr'>ἐπὶ</span> <span class='ocrx_word' id='word_1_1085' title='bbox 2353 5841 2439 5888; x_wconf 74' lang='grc' dir='ltr'>τοῦ</span> <span class='ocrx_word' id='word_1_1086' title='bbox 2459 5841 2642 5887; x_wconf 88' lang='grc' dir='ltr'>πλοίου.</span> 
     </span>
     <span class='ocr_line' id='line_1_138' title="bbox 2219 5897 3541 5975; baseline -0.006 -26"><span class='ocrx_word' id='word_1_1087' title='bbox 2219 5903 2390 5975; x_wconf 50' lang='lat'><em>111193.</em></span> <span class='ocrx_word' id='word_1_1088' title='bbox 2419 5908 2471 5974; x_wconf 51' lang='lat' dir='ltr'>ej.</span> <span class='ocrx_word' id='word_1_1089' title='bbox 2491 5898 2640 5949; x_wconf 78' lang='lat' dir='ltr'>Savil.</span> <span class='ocrx_word' id='word_1_1090' title='bbox 2667 5903 2715 5975; x_wconf 63' lang='grc' dir='ltr'>ἱιι</span> <span class='ocrx_word' id='word_1_1091' title='bbox 2744 5897 3270 5975; x_wconf 27' lang='grc' dir='ltr'>ηιιιὶτπλέκϐάλῃςκλῐίἰ</span> <span class='ocrx_word' id='word_1_1092' title='bbox 3296 5897 3541 5958; x_wconf 66' lang='grc' dir='ltr'>ἐπιϐάλλῃς.</span> 
     </span>
    </p>
   </div>
   <div class='ocr_carea' id='block_1_138' title="bbox 2218 5961 3270 6025">
    <p class='ocr_par' dir='ltr' id='par_1_138' title="bbox 2218 5961 3270 6025">
     <span class='ocr_line' id='line_1_139' title="bbox 2218 5961 3270 6025; baseline -0.006 -13"><span class='ocrx_word' id='word_1_1093' title='bbox 2218 5968 2235 5988; x_wconf 78' lang='grc'><strong>⁸</strong></span> <span class='ocrx_word' id='word_1_1094' title='bbox 2260 5961 2382 6025; x_wconf 59' lang='grc' dir='ltr'>Παῤ.</span> <span class='ocrx_word' id='word_1_1095' title='bbox 2406 5965 2500 6011; x_wconf 84' lang='grc' dir='ltr'>τῶν</span> <span class='ocrx_word' id='word_1_1096' title='bbox 2539 5962 3014 6025; x_wconf 77' lang='grc' dir='ltr'>μακαρίωνάγγέλων</span> <span class='ocrx_word' id='word_1_1097' title='bbox 3034 5961 3093 6025; x_wconf 74' lang='grc' dir='ltr'><strong>τῇ</strong></span> <span class='ocrx_word' id='word_1_1098' title='bbox 3116 5961 3270 6025; x_wconf 77' lang='grc' dir='ltr'>φύσει.</span> 
     </span>
    </p>
   </div>
   <div class='ocr_carea' id='block_1_139' title="bbox 2226 6015 3749 6083">
    <p class='ocr_par' dir='ltr' id='par_1_139' title="bbox 2226 6015 3749 6083">
     <span class='ocr_line' id='line_1_140' title="bbox 2226 6015 3749 6083; baseline -0.005 -8"><span class='ocrx_word' id='word_1_1099' title='bbox 2226 6026 2247 6065; x_wconf 77' lang='lat' dir='ltr'>f</span> <span class='ocrx_word' id='word_1_1100' title='bbox 2275 6015 2457 6075; x_wconf 69' lang='grc' dir='ltr'>Αὶῖοτδι</span> <span class='ocrx_word' id='word_1_1101' title='bbox 2477 6015 2594 6083; x_wconf 70' lang='grc' dir='ltr'>πῶς,</span> <span class='ocrx_word' id='word_1_1102' title='bbox 2616 6015 2741 6074; x_wconf 59' lang='lat' dir='ltr'>ha&#39;nb</span> <span class='ocrx_word' id='word_1_1103' title='bbox 2761 6015 2987 6073; x_wconf 64' lang='lat' dir='ltr'>&#39;v‘oc&#39;dlam</span> <span class='ocrx_word' id='word_1_1104' title='bbox 3012 6036 3039 6073; x_wconf 83' lang='lat' dir='ltr'><strong><em>c</em></strong></span> <span class='ocrx_word' id='word_1_1105' title='bbox 3066 6015 3249 6073; x_wconf 72' lang='lat' dir='ltr'>Sa&#39;vilio</span> <span class='ocrx_word' id='word_1_1106' title='bbox 3277 6019 3571 6078; x_wconf 77' lang='lat' dir='ltr'>recepimus.</span> <span class='ocrx_word' id='word_1_1107' title='bbox 3596 6015 3749 6073; x_wconf 69' lang='lat' dir='ltr'>Eum.</span> 
     </span>
    </p>
   </div>
   <div class='ocr_carea' id='block_1_140' title="bbox 3874 6038 3952 6121">
    <p class='ocr_par' dir='ltr' id='par_1_140' title="bbox 3874 6038 3952 6121">
     <span class='ocr_line' id='line_1_141' title="bbox 3874 6038 3952 6121; baseline 0 0"><span class='ocrx_word' id='word_1_1108' title='bbox 3874 6038 3952 6121; x_wconf 71' lang='grc' dir='ltr'><em>Α</em></span> 
     </span>
    </p>
   </div>
  </div>
