4016 6154
310 346 411 401 5H

295 459 416 521 ταῖς
446 457 504 511 δέ
549 456 647 526 τῆς
693 455 1020 528 Ἐκκλησίας
1054 455 1346 528 παρθένοις
1389 456 1761 527 ἀπαντήσεται
1799 455 1867 508 τὰ

296 539 467 594 πολλά
506 538 599 592 καὶ
639 537 852 610 μεγάλα
896 537 1097 608 ἀγαθὰ,
1138 540 1232 592 καὶ
1261 536 1537 608 ὀφθαλμὸν
1576 539 1669 591 καὶ¹
1701 536 1869 608 ἀκοὴν

295 623 392 677 καὶ
423 620 658 675 διάνοιαν
703 621 1097 693 ὑπερϐαίνοντα
1128 624 1227 694 τὴν
1261 621 1628 692 ἀνθρωπίνην.
1667 622 1870 692 Διόπερ

294 704 535 768 ἐκείνους
564 706 797 774 ἀφέντες
835 704 950 775 (καὶ
979 706 1086 778 7&9
1111 707 1221 759 τῷν
1256 706 1391 777 πρὸς
1421 708 1619 769 αὐτοὺς
1646 706 1871 778 εἰρημέ-

293 805 398 842 νων
434 785 552 850 ἆλις
570 787 609 858 ),
634 790 747 853 τοῖς
771 787 979 852 τέκνοις
1011 789 1110 860 τῆς
1145 788 1468 859 Ἐκκλησίας
1499 786 1868 859 διαλεξὼμεθα

292 869 497 923 λοιπόν.

360 954 459 1008 ΙΒ¹.
481 952 650 1008 Πόθεν
663 949 757 1007 οῦν
769 952 1033 1025 ἄρξασθαι
1050 952 1146 1007 τοῦ
1162 954 1319 1023 λόγου
1336 953 1519 1020 καλὸν;
1550 954 1668 1006 Ἀπ’
1689 952 1866 1006 αὐτῶν

287 1037 398 1090 τῶν
424 1037 514 1090 τοῦ
538 1036 738 1108 Κυρίου
767 1037 1048 1108 ῥημάτων,
1073 1030 1149 1091 ὧν
1169 1036 1259 1089 διὰ
1276 1036 1369 1090 τοῦ
1401 1036 1672 1108 μακαρίου
1698 1035 1864 1105 φθέγ-

290 1137 442 1188 γεται
466 1120 678 1174 Παύλου
696 1139 710 1153 ο
738 1121 837 1192 τὴν
865 1121 974 1192 7&9
992 1121 1181 1174 τούτου
1211 1120 1533 1191 παραίνεσιν
1552 1119 1647 1173 τοῦ
1664 1119 1862 1191 Κυρίου

289 1205 608 1277 παραίνεσιν
630 1201 769 1258 εἶναι
805 1201 1080 1257 πιστεύειν
1106 1205 1236 1274 χρὴ.
1277 1204 1385 1257 Καὶ
1413 1202 1524 1274 7&9
1550 1205 1677 1257 ὃταν
1705 1202 1860 1273 λέγῃ,

294 1286 422 1353 Τοῖς
450 1285 519 1340 δὲ
556 1288 922 1356 γεγαμηκόσι
965 1286 1378 1355 παραγγέλλω,
1418 1292 1530 1342 οὐκ
1557 1287 1689 1356 ἐγὼ,
1724 1285 1863 1340 ἀλλ’

287 1372 320 1423 ό
354 1370 566 1437 Κύριος
589 1386 604 1400 ⁶
645 1371 741 1423 καὶ
781 1369 961 1433 πάλιν,
1005 1370 1131 1435 Τοῖς
1168 1366 1238 1424 δὲ
1273 1370 1509 1437 λοιποῖς
1544 1368 1660 1439 ἐγὼ
1682 1368 1858 1438 λέγω,

285 1455 399 1520 οὐχ
427 1456 461 1507 ὁ
495 1454 731 1522 Κύριος,
762 1453 859 1522 οὐχ
886 1452 961 1516 ὡς
989 1452 1190 1524 ἐτέρων
1220 1455 1317 1523 μὲν
1338 1452 1506 1507 ὄντων
1530 1453 1639 1506 τῶν
1671 1452 1857 1516 αὐτοῦ,

284 1535 488 1605 ἐτέρων
510 1535 567 1588 δὲ
589 1536 697 1588 τῶν
724 1534 817 1589 τοῦ
846 1536 1070 1607 Κυρίου,
1105 1536 1277 1591 ταῦτά
1305 1554 1491 1607 φησιν.
1528 1537 1588 1589 ὐ
1620 1536 1729 1607 γὰρ
1767 1535 1858 1589 τὸν

281 1617 517 1687 Χριστὸν
542 1617 680 1687 έχων
709 1618 766 1671 ἐν
784 1617 960 1686 ἐαυτῷ
982 1617 1268 1683 λαλοῦντα,
1297 1621 1326 1670 6
1352 1618 1485 1690 μηδὲ
1514 1617 1612 1689 ζῇν
1633 1617 1859 1671 σπουδά-

282 1698 410 1762 ζων.
438 1700 577 1755 ὥστε
596 1702 688 1754 τὸν
708 1702 940 1772 Χριστὸν
961 1703 1017 1757 ἐν
1039 1701 1214 1772 ἐαυτῷ
1243 1703 1362 1772 ζῇν,
1386 1704 1416 1756 6
1439 1703 1529 1756 καὶ
1558 1700 1853 1773 βασιλείαν,

280 1784 377 1836 καὶ
414 1784 580 1856 ζωήν,
618 1787 713 1841 καὶ
751 1785 1044 1853 ἀγγέλους,
1090 1786 1184 1840 καὶ
1216 1786 1492 1856 δυνάμεις,
1540 1786 1633 1840 καὶ
1678 1784 1855 1838 κτίσιν

280 1868 490 1938 ἑτέραν,
520 1868 614 1922 καὶ
641 1872 819 1922 πάντα
848 1869 1035 1933 ἁπλῶς
1058 1868 1287 1940 δεύτερα
1305 1870 1406 1939 τῆς
1434 1870 1655 1939 ἀγάπης
1684 1867 1851 1922 αὐτοῦ

276 1949 573 2022 τιθέμενος,
597 1952 715 2015 πῶς
731 1952 850 2022 ἂνῆ
875 1951 1208 2021 φθέγξασθαι
1236 1954 1268 2024 ἢ
1294 1955 1388 2007 καὶ
1405 1953 1655 2023 ἐννοῆσαί
1675 1951 1850 2006 τιτῶν

275 2035 337 2087 οὗ
377 2034 676 2089 δοκούντων
703 2034 961 2104 ἠνέσχετο
994 2035 1072 2106 τῷ
1096 2035 1337 2106 Χριστῷ,
1366 2037 1462 2089 καὶ
1485 2035 1661 2090 ταῦτα
1691 2052 1851 2106 νομο-

275 2114 478 2179 θετῶν;
505 2117 570 2168 Τί
606 2118 723 2170 ποτ’
758 2114 852 2170 οῦν
884 2120 1031 2170 ἐστιν
1060 2117 1088 2170 ὃ
1129 2117 1312 2185 λέγει,
1355 2116 1535 2186 Ἐγὼ,
1567 2117 1691 2183 καὶ,
1725 2119 1847 2171 Οὐκ

272 2198 426 2268 ἐγώ;
462 2199 585 2269 Τῶν
625 2200 807 2268 νόμων
851 2201 944 2254 καὶ
975 2200 1083 2253 τῶν
1127 2201 1412 2270 δογμάτων
1451 2202 1577 2264 τοὺς
1630 2200 1727 2269 μὲν
1778 2200 1847 2253 δι’

272 2278 490 2344 ἐαυτοῦ,
524 2280 651 2344 τοὺς
689 2281 747 2333 δὲ
779 2281 867 2334 διὰ
907 2281 1017 2334 τῶν
1063 2282 1375 2335 ἀποστόλων
1408 2280 1608 2336 ἔδωκεν
1649 2282 1781 2352 ἡμῖν
1818 2282 1847 2334 6

271 2363 529 2434 Χριστός.
546 2364 666 2417 Ὅτι
686 2363 795 2434 γάρ
807 2366 868 2418 ού
886 2365 1092 2429 πάντας
1107 2366 1268 2428 αὐτὸς
1281 2364 1350 2418 δι’
1364 2363 1556 2418 ἑαυτοῦ
1569 2364 1779 2435 τίθησιν
1794 2379 1843 2427 α,

270 2445 503 2500 ἄκουσον
522 2447 575 2500 τί
605 2464 771 2518 φησι·
805 2448 1013 2502 Πολλά
1043 2448 1392 2517 ἔχωδλέγειν
1415 2448 1576 2517 ὑμῖν,
1607 2449 1745 2503 ἀλλ’
1772 2452 1845 2505 οὐ

268 2529 534 2584 δύνασθε
547 2531 881 2595 βαστάζειν
900 2530 1054 2599 ἄρτι.
1087 2532 1160 2583 Πε
1169 2531 1222 2601 ρὶ
1242 2531 1339 2601 μὲν
1355 2528 1446 2586 οῦν
1474 2529 1591 2594 τοῦ,
1612 2535 1846 2600 γυναῖκα

269 2610 377 2663 ἀπὸ
405 2612 596 2681 ἀνδρὸς
637 2611 711 2682 μὴ
759 2612 1108 2683 χωρίζεσθαι,
1150 2614 1437 2683 προλαϐὼν
1459 2616 1622 2679 αὐτὸς
1651 2618 1844 2685 ἐνομο-

269 2692 496 2764 θέτησεν
516 2694 680 2765 ήνίκα
707 2696 766 2749 ἐν
792 2696 957 2767 σαρκὶ
981 2696 1073 2748 ἐπὶ
1096 2696 1194 2767 τῆς
1217 2697 1319 2768 γῆς
1342 2693 1409 2769 ἦν
1426 2714 1440 2729 ·
1463 2698 1556 2751 καὶ
1579 2699 1667 2752 διὰ
1684 2698 1843 2753 τοῦτό

268 2792 434 2843 φησι·
469 2776 599 2843 Τοῖς
619 2777 687 2830 δὲ
712 2780 1082 2848 γεγαμηκόσι
1113 2780 1526 2850 παραγγέλλω,
1560 2783 1673 2836 οὐκ
1703 2782 1840 2852 ἐγὼ,

266 2861 405 2913 ἀλλ’
446 2863 479 2914 d
513 2862 751 2929 Κύριος.
787 2862 908 2915 Τῶν
945 2862 1000 2915 δὲ
1037 2862 1279 2917 ἀπίστων
1316 2864 1502 2917 ἐνεκεν
1539 2865 1702 2929 αὐτὸς
1741 2865 1840 2936 μὲν

266 2943 398 3012 ἡμῖν
426 2943 575 2998 οὐδὲν
607 2940 727 2997 εἷπε
759 2944 826 2998 δι’
864 2944 1084 3010 ἐαυτοῦ,
1119 2945 1217 3016 τὴν
1244 2946 1302 2999 δὲ
1330 2945 1423 3000 τοῦ
1457 2947 1668 3002 Παύλου
1702 2949 1839 3019 πρὸς

266 3023 425 3078 τοῦτο
453 3027 682 3097 κινήσας
707 3025 883 3097 ψυχὴν
912 3027 1245 3097 ἐνομοθέτει.
1272 3029 1384 3082 Καὶ
1414 3029 1502 3083 διὰ
1538 3030 1694 3085 τοῦτο
1721 3033 1836 3085 ἑλε-

265 3124 393 3174 γεν·
442 3110 568 3177 Οὐχ
613 3112 647 3164 ὁ
683 3111 916 3178 Κύριος,
946 3112 1083 3166 ἀλλ’
1123 3111 1266 3181 ἐγώ·
1307 3115 1367 3167 οὐ
1419 3115 1447 3154 ιι
1474 3114 1632 3169 τοῦτο
1669 3115 1836 3182 δεῖξαι

265 3199 602 3270 βουλόμενος,
644 3204 727 3256 ὅτι
772 3201 1109 3275 ἀνθρώπινον
1142 3199 1211 3275 ἦν
1259 3205 1320 3258 rb
1356 3205 1646 3274 λεγόμενον
1697 3207 1834 3277 (πῶς

261 3282 438 3352 γάρ;),
456 3282 568 3337 ἀλλ’
581 3285 661 3338 ὅτι
677 3284 775 3356 τήν
793 3286 1012 3355 ἐντολὴν
1028 3285 1229 3358 ταύτην
1244 3287 1342 3357 οὐχ
1359 3287 1522 3358 ἡνίκα
1535 3289 1714 3360 παρῆν
1724 3293 1836 3354 τοῖς

265 3364 532 3447 μαθηταῖς
561 3365 727 3436 αὐτὴν
759 3367 1011 3431 δέδωκεν,
1040 3368 1174 3422 ἀλλά
1195 3368 1289 3423 νῦν
1317 3370 1384 3423 δι’
1410 3371 1594 3425 αὑτοῦ.
1626 3374 1835 3447 Ὠσπερ

260 3444 355 3501 οὖν
381 3448 459 3512 rb,
500 3450 563 3502 Ὀ
590 3451 822 3519 Κύριος,
840 3453 950 3505 οὐκ
975 3450 1108 3522 ἐγὼ,
1127 3452 1224 3507 οὐκ
1246 3451 1393 3506 ἔστιν
1420 3444 1832 3525 ἐναντιουμένου

260 3529 337 3600 τῷ
367 3532 744 3602 προστάγματι
775 3532 870 3585 τοῦ
906 3533 1165 3604 Χριστοῦ,
1202 3535 1373 3599 οὓτως
1406 3538 1486 3601 rb,
1532 3539 1696 3608 Ἐγὼ,
1721 3542 1833 3609 οὐχ

260 3616 294 3668 ὁ
320 3615 552 3682 Κύριος,
581 3615 681 3668 οὐκ
705 3616 836 3670 ίδιόν
862 3634 914 3670 τι
938 3617 1087 3688 παρὰ
1111 3617 1172 3672 τὸ
1194 3618 1272 3689 τῷ
1296 3618 1414 3689 Θεῷ
1438 3620 1628 3674 δοκοῦν
1649 3621 1832 3690 λέγον-

258 3712 371 3762 τος,
403 3696 540 3749 ἀλλά
562 3697 720 3751 τοῦτο
751 3698 908 3768 μόνον
936 3698 1263 3765 δεικνύντος,
1295 3701 1360 3755 δι’
1386 3702 1552 3757 αὐτοῦ
1580 3704 1672 3759 νῦν
1691 3704 1830 3759 διδο-

262 3778 431 3851 μένην
468 3778 566 3850 τὴν
597 3780 836 3849 ἐντολήν.
872 3781 981 3835 Καὶ
1012 3781 1121 3853 7&9
1158 3784 1285 3855 περὶ
1313 3785 1412 3855 τῆς
1445 3787 1623 3858 χήρας
1654 3788 1830 3841 διαλε-

256 3860 487 3932 γόμενος
516 3873 563 3924 ο,
603 3864 1019 3933 Μακαριωτέρα
1044 3864 1114 3919 δέ
1148 3866 1299 3931 ἐστι,
1329 3869 1513 3938 φησὶν,
1548 3871 1657 3925 ἐὰν
1677 3871 1830 3925 οὕτω

251 3943 452 4013 μείνῃ,
483 3945 635 4000 κατά
663 3946 776 4013 τὴν
806 3946 961 4017 ἐμὴν
997 3947 1256 4019 γνώμην.
1290 3945 1425 4003 Εἶτα
1459 3951 1546 4005 ἵνα
1583 3954 1678 4023 μὴ,
1711 3954 1829 4021 Τὴν

253 4026 409 4096 ἐμὴν
431 4027 675 4098 γνώμην
719 4031 981 4095 ἀκούσας,
1019 4031 1357 4104 ἀνθρώπινον
1403 4031 1544 4088 εἶναι
1598 4036 1828 4108 νομίσῃς

251 4112 343 4164 τὸν
367 4111 641 4183 λογισμὸν,
667 4117 730 4186 τῇ
759 4114 1044 4187 προσθήκῃ
1067 4116 1164 4186 τὴν
1194 4116 1424 4185 ὑποψίαν
1448 4117 1719 4189 ἐξέκοψεν,
1750 4122 1827 4174 εί-

253 4192 403 4245 πών·
454 4193 600 4263 (277)
651 4196 814 4253 Δοκῶ
853 4195 921 4249 δὲ
961 4197 1122 4266 κάγὼ
1164 4198 1395 4268 πνεῦμα
1445 4200 1595 4255 Θεοῦ
1638 4201 1823 4272 ἔχειν.

253 4275 465 4345 Ὥσπερ
498 4272 592 4330 οῦν
631 4278 700 4331 τὰ
742 4277 836 4330 τοῦ
885 4278 1194 4350 πνεύματος
1223 4279 1614 4354 φθεγγόμενος,
1656 4285 1821 4338 αὐτοῦ

249 4356 400 4425 λέγει
420 4356 646 4439 γνώμην
668 4357 827 4418 εἶναι.
850 4362 945 4414 καὶ
972 4363 1034 4416 ού
1058 4362 1148 4417 διὰ
1168 4363 1326 4439 τοῦτο
1349 4367 1593 4437 φήσομεν
1613 4368 1823 4439 ἀνθρω-

251 4441 413 4511 πίνην
442 4437 579 4494 εἶναι
600 4443 698 4515 τὴν
718 4442 988 4512 ἀπόφασιν
1013 4463 1027 4476 ·
1054 4445 1195 4499 οὕτω
1224 4435 1318 4501 καλ.
1349 4435 1475 4513 νῦν,
1493 4435 1618 4502 δταν
1650 4435 1777 4522 εῐπῃ
1803 4491 1818 4515 ,

261 4522 410 4594 Ἐγὼ
444 4524 632 4592 λέγω.
674 4527 784 4594 οὐχ
824 4529 857 4593 ό
897 4527 1142 4595 Κύριος,
1178 4529 1251 4599 μὴ
1289 4528 1377 4581 διὰ
1409 4530 1568 4584 τοῦτο
1604 4534 1819 4587 Παύλου

248 4606 477 4678 νομίσῃς
523 4600 663 4662 εἶναι
703 4607 795 4662 τδν
822 4608 996 4679 λόγον.
1041 4610 1145 4663 Τὸν
1186 4613 1294 4682 γὰρ
1326 4613 1559 4682 Χριστὸν
1592 4610 1735 4686 εἶχεν
1761 4618 1819 4671 ἐν

248 4689 426 4760 ἐαυτῷ
459 4690 742 4757 λαλοῦντα,
771 4694 866 4747 καὶ
893 4693 992 4747 οὐκ
1026 4692 1091 4747 ἂν
1136 4693 1433 4764 ἐτόλμησεν
1462 4697 1521 4749 ἐν
1546 4697 1818 4767 ἀποφάσει

245 4773 424 4844 δόγμα
461 4773 630 4829 θεῖναι
657 4777 927 4841 τοσοῦτον,
963 4779 1010 4839 εί
1035 4777 1108 4848 μὴ
1137 4777 1229 4830 τὸν
1259 4779 1422 4848 νόμον
1451 4781 1582 4851 ἡμῖν
1608 4781 1817 4839 ἐκεῖθεν

247 4855 439 4936 ἔφερεν
500 4853 635 4911 Εἷπε
664 4857 771 4932 7&9
803 4860 867 4914 ἄν
895 4877 976 4922 τις
1005 4860 1142 4931 πρὸς
1171 4859 1364 4914 αὐτόν·
1403 4862 1520 4917 Οὐκ
1549 4864 1816 4936 ἀνέχομαι

244 4934 384 4995 εἶναι
418 4941 556 5011 μετά
585 4942 684 5013 τῆς
725 4944 957 4998 ἀπίστου
990 4943 1181 5008 πιστὸς
1210 4944 1286 4997 ὢν
1326 4946 1507 5014 αὐτὸς,
1537 4934 1677 5019 μετά
1716 4934 1815 5022 τῆς

243 5023 479 5091 ἐναγοῦς.
512 5026 541 5078 6
572 5024 836 5098 καθαρός·
884 5026 1045 5091 αὐτὸς
1093 5027 1379 5099 προλαϐὼν
1421 5026 1574 5096 εἶπες
1619 5033 1700 5087 ὃτι
1748 5037 1812 5089 σὺ

242 5106 414 5161 ταῦτα
433 5108 631 5178 λέγεις,
653 5111 749 5179 οὐχ
771 5110 800 5161 6
817 5108 1036 5180 Κύριος.
1062 5110 1232 5164 Πόθεν
1260 5107 1352 5166 οὖν
1378 5131 1468 5185 μοι
1489 5115 1549 5168 rb
1573 5115 1812 5184 ἀσφαλὲς

242 5189 337 5243 καὶ
357 5189 419 5242 rb
448 5189 682 5260 βέϐαιονς
723 5191 864 5244 Ἀλλ’
900 5187 1052 5245 εἶπεν
1071 5192 1136 5247 ἂν
1164 5194 1299 5266 πρὸς
1330 5196 1491 5250 αὐτὸν
1517 5200 1544 5252 6
1569 5199 1808 5263 Παῦλος·

238 5272 331 5344 Μή
357 5272 541 5346 δείσῃς
576 5272 628 5343 ἀ,
671 5273 758 5327 διά
793 5273 902 5345 7&9
932 5274 1091 5330 τοῦτο
1126 5274 1303 5343 εἷπον,
1340 5279 1421 5333 ὅτι
1452 5281 1543 5335 τὸν
1575 5283 1808 5353 Χριστὸν

300 5485 325 5546 9
350 5483 476 5546 Reg.
500 5487 549 5533 et
576 5483 726 5534 Savil.
748 5487 966 5537 τέθεικεν.

295 5544 325 5586 δ
350 5544 472 5608 Reg.
502 5551 555 5622 es
576 5547 724 5622 Syri].
751 5548 1012 5622 ἐνομοθέτει
1041 5550 1209 5622 λέγων,
1256 5570 1279 5591 α
1295 5551 1365 5622 ,Εἴ
1381 5550 1586 5622 τιςεζχει

1005 344 1062 399 S.
1105 343 1390 400 JOANNIS
1423 341 1921 403 CIIRYSOS'I'OMI
1950 341 2272 398 ARCHIEP.
2307 339 2860 399 CONSTANTINOP.

3439 335 3547 393 542

1982 455 2089 526 ἔχω
2103 454 2369 511 λαλοῦντα
2392 458 2449 510 ἐν
2472 454 2712 527 ἐμαυτῷ·
2738 455 2829 507 καὶ
2851 451 3102 507 ὄτιΔοκῶ
3122 451 3367 522 πνεῦμα,
3382 452 3548 523 ἔχειν

1979 540 2149 606 Θεοῦ,
2178 541 2266 594 ἵνα
2313 540 2480 611 μηδὲν
2508 538 2845 611 ἀνθρώπινον
2883 536 3226 608 ὑποπτεύσῃς
3270 533 3409 593 εἶναι
3437 533 3561 590 τῶν·

1975 622 2298 693 λεγομένων.
2317 623 2497 695 Είγάρ
2515 625 2589 695 μὴ
2609 624 2765 676 τοῦτο
2779 618 2863 693 ἦν,
2886 623 2984 676 ούκ
3002 621 3066 675 ἂν
3083 618 3350 691 τοσαύτην
3371 618 3544 673 ἔδωκα

1974 709 2087 770 τοῖς
2126 708 2279 777 ἐμοῖς
2309 707 2589 777 λογισμοῖς
2620 706 2719 778 τὴν
2741 705 3008 772 ἐξουσίαν.
3031 704 3293 775 Λογισμοὶ
3321 702 3429 775 7&9
3451 703 3546 757 &v-

1975 788 2209 861 θρὼπων
2251 789 2432 854 δειλοὶ,
2477 790 2571 843 καὶ
2607 789 2923 858 ἐπισφαλεῖς
2969 789 3026 843 αἱ
3065 787 3299 841 ἐπίνοιαι
3339 785 3542 840 αὐτῶν.

1972 871 2221 926 Δείκνυσι
2245 873 2301 925 δὲ
2340 874 2434 926 καὶ
2467 874 2500 944 ή
2528 872 2802 943 πανταχοῦ
2837 871 2934 941 τῆς
2955 869 3277 940 οἰκουμένης
3317 868 3543 940 Ἐκκλη-

1975 955 2063 1007 σία
2092 954 2187 1009 τοῦ
2219 957 2383 1026 νόμου
2418 955 2518 1026 τὴν
2561 956 2713 1025 ἰσχὺν
2739 956 2877 1026 μετά
2916 953 3202 1025 ἀκριϐείας
3242 952 3406 1006 αὐτὸν
3443 970 3542 1022 φυ-

1970 1036 2256 1102 λάττουσα,
2298 1038 2397 1091 οὐκ
2434 1037 2505 1097 ἂν
2542 1037 2846 1107 φυλάξασα,
2891 1040 2940 1090 εἰ
2982 1035 3056 1108 μή
3088 1035 3347 1089 πέπειστο
3391 1035 3543 1107 ἀκρι-

1970 1120 2080 1185 ϐῶς
2113 1117 2251 1174 εἶναι
2285 1120 2518 1191 Χριστοῦ
2564 1121 2895 1191 πρόσταγμα
2943 1118 3005 1172 rb
3041 1118 3250 1190 λεχθέν.
3286 1118 3351 1170 Τί
3386 1114 3477 1172 οῦν
3511 1121 3540 1171 6

1969 1203 2179 1268 Παῦλος
2211 1202 2571 1274 ἐνηχούμενος
2595 1203 2700 1256 ὑπὸ
2725 1204 2818 1256 τοῦ
2855 1203 3059 1273 Κυρίου
3095 1202 3226 1270 φησί
3252 1218 3266 1269 ;
3302 1201 3441 1270 Περὶ
3470 1201 3539 1255 δὲ

1966 1278 2054 1337 ὧν
2086 1284 2384 1355 ἐγράψατέ
2424 1303 2549 1355 μοι,
2590 1285 2781 1339 καλὸν
2822 1284 3110 1352 ἀνθρώπῳ
3147 1283 3431 1354 γυναικὸς
3449 1283 3536 1353 μὴ

1966 1368 2280 1424 ἅπτεσθαι.
2336 1368 2680 1435 Ἀποδέξαιτο
2723 1369 2786 1423 ἀν
2811 1385 2896 1432 τις
2926 1367 3158 1421 ἐνταῦθα
3191 1368 3315 1430 τοὺς
3343 1369 3539 1436 Κοριν-

1965 1452 2134 1516 θίους,
2165 1453 2247 1506 ὅτι
2277 1451 2546 1524 μηδεμίαν
2571 1450 2702 1505 ποτὲ
2732 1452 2881 1524 παρὰ
2902 1450 2996 1504 τοῦ
3029 1449 3349 1504 διδασκάλου
3383 1450 3534 1518 δεξά-

1968 1551 2118 1604 μενοι
2162 1535 2470 1607 συμϐουλὴν
2511 1534 2641 1605 περὶ
2687 1535 3005 1606 παρθενίας,
3038 1534 3192 1586 αὐτοὶ
3233 1532 3536 1602 φθάσαντες

1964 1617 2242 1689 ἐρωτῶσιν
2281 1619 2464 1673 αὐτόν.
2499 1618 2783 1672 Ἐντεῦθεν
2813 1618 2913 1689 ήδη
2959 1617 3196 1670 δείκνυσι
3233 1627 3257 1655 ο
3295 1617 3394 1687 τὴν
3427 1616 3536 1672 ἀπὸ

1961 1700 2061 1770 τῆς
2088 1702 2307 1772 χάριτος
2333 1700 2573 1754 ἐπίδοσιν
2592 1701 2890 1773 γενομένην
2921 1701 3106 1764 αὐτοῖς
3125 1716 3139 1730 ·
3168 1699 3277 1753 ἀπὸ
3304 1700 3414 1771 γὰρ
3432 1700 3534 1770 τῆς

1961 1781 2205 1846 Παλαιᾶς
2227 1785 2501 1855 Διαθήκης
2521 1785 2623 1838 οὐκ
2650 1779 2717 1854 ἦν
2749 1784 2811 1836 τὸ
2841 1785 3072 1854 πρᾶγμα
3104 1783 3400 1854 ἀμφίϐολον
3420 1798 3434 1812 ·
3470 1784 3534 1836 ού

1957 1864 2066 1937 γὰρ
2098 1864 2258 1936 μόνον
2292 1867 2341 1919 οἱ
2384 1866 2564 1920 λοιποὶ
2604 1867 2825 1931 πάντες,
2865 1867 2999 1922 ἀλλά
3032 1868 3126 1921 καὶ
3173 1864 3394 1920 Λευῖται
3440 1867 3534 1920 καὶ

1956 1947 2232 2019 ἀρχιερεῖς
2275 1949 2371 2003 καὶ
2410 1949 2573 2014 αὐτὸς
2604 1952 2633 2003 6
2683 1949 2853 2020 μέγας
2885 1949 3175 2022 ἀρχιερεὺς
3229 1949 3431 2021 πολλὴν
3479 1952 3534 2003 ἐ-

1955 2033 2158 2087 ποιεῖτο
2183 2030 2277 2084 τοῦ
2296 2031 2475 2102 γάμου
2510 2032 2768 2103 σπουδήν.

2027 2113 2122 2165 ll".
2159 2111 2442 2168 Iléﬁevo-Sv
2458 2111 2667 2185 ﬁlﬂowé
2677 2116 2734 2168 πὶ
2756 2115 2855 2186 τὴν
2877 2113 3173 2187 ἐριὶηησιν;
3196 2109 3352 2169 Εἶδον
3370 2114 3532 2168 τοῦτο

1952 2194 2119 2261 ὀξέως
2160 2199 2357 2250 ἐκεῖνοι
2406 2199 2502 2250 καὶ
2545 2197 2759 2264 καλῶς,
2795 2199 2878 2251 ὅτι
2927 2199 3176 2268 μείζονος
3213 2200 3394 2263 αὐτοῖς
3423 2198 3529 2254 ἔδει

1952 2276 2053 2345 τῆς
2085 2278 2308 2351 ἀρετῆς,
2334 2280 2522 2349 ἐπειδὴ
2556 2280 2651 2332 καὶ
2684 2279 2926 2352 μείζονος
2958 2280 3270 2352 ἠξιώθησαν
3308 2282 3406 2351 τῆς
3426 2281 3529 2334 δω-

1954 2363 2104 2430 ρεᾶς.
2144 2362 2328 2429 Ἀξιον
2361 2364 2418 2416 δὲ
2466 2364 2721 2430 ἐξετάσαι
2764 2365 3002 2431 κάκεῖνο,
3032 2363 3122 2418 διὰ
3154 2365 3207 2417 τί
3255 2365 3524 2436 μηδέποτε

1951 2444 2132 2507 αὐτοῖς
2156 2445 2360 2516 ταύτην
2388 2448 2714 2519 εἰσηγήσατο
2734 2448 2830 2518 τὴν
2854 2447 3184 2521 συμϐουλήν.
3208 2450 3284 2503 Οὐ
3302 2448 3409 2521 γὰρ
3435 2448 3522 2514 ἂν,

1950 2527 2003 2580 εἴ
2032 2543 2096 2595 γε
2127 2529 2365 2599 ήκουσάν
2403 2548 2456 2583 τι
2483 2529 2748 2596 τοιοῦτον,
2785 2531 2945 2585 πάλιν
2980 2530 3046 2585 ἂν
3083 2531 3349 2604 ἔγραψαν,
3382 2533 3523 2604 ὑπὲρ

1948 2609 2056 2663 τῶν
2093 2610 2349 2666 τοιούτων
2370 2609 2528 2677 αὖθις
2559 2615 2889 2686 ἐρωτῶντες.
2914 2614 3026 2668 Καὶ
3046 2615 3155 2686 γὰρ
3175 2616 3268 2670 καὶ¹
3289 2615 3523 2670 ἐνταῦθα

1946 2691 2009 2744 rb
2035 2692 2196 2763 βάθος
2222 2695 2320 2766 τῆς
2355 2696 2546 2764 σοφίας
2566 2696 2679 2750 ἐστι
2712 2696 2804 2750 τοῦ
2829 2696 3042 2751 Παύλου
3072 2699 3423 2769 κατανοῆσαι.
3444 2699 3520 2752 Ού

1947 2776 2056 2847 7&9
2103 2777 2292 2842 ἁπλῶς
2328 2779 2448 2833 οὐδὲ
2468 2780 2600 2851 εἰοιῆ
2641 2783 2854 2853 παρῆκε
2897 2783 3221 2853 πράγματος
3265 2783 3520 2837 τοσούτου

1947 2860 2291 2929 παραίνεσιν,
2319 2862 2434 2916 ἀλλ’
2476 2865 2704 2933 ἀνέμενε
2745 2863 2996 2935 πρώτους
3039 2866 3237 2928 αὐτοὺς
3278 2865 3357 2929 εἰς
3397 2868 3518 2919 ἐπι-
3634 2918 3635 2921 η

1947 2940 2149 3013 θυμίαν
2176 2943 2372 3011 ἐλθεῖν,
2402 2946 2496 2999 καὶ
2519 2945 2727 3000 ἔννοιάν
2754 2964 2875 3000 τινα
2909 2948 3036 3018 περὶ
3067 2947 3162 3001 τοῦ
3193 2948 3518 3021 πράγματος

1943 3024 2131 3079 τούτου
2165 3026 2368 3091 λαϐεῖν,
2400 3028 2466 3081 ἵν’
2497 3029 2849 3101 ᾠκειωμένας
2875 3031 3055 3084 αὐτῶν
3086 3031 3188 3103 ήδη
3214 3034 3281 3103 τῇ
3315 3032 3519 3104 παρθε-

1942 3108 2032 3179 νίᾳ
2058 3108 2238 3164 λαϐὼν
2265 3109 2365 3174 τάς
2410 3112 2607 3183 ψυχὰς,
2649 3115 2934 3185 χρησίμως
2981 3116 3107 3179 τοὺς
3153 3114 3517 3184 περὶτούτων

1943 3193 2286 3266 κατασπείρῃ
2322 3194 2532 3263 λόγους,
2558 3196 2657 3266 τῆς
2691 3196 2798 3251 τῶν
2818 3198 3121 3251 ἀκουόντων
3144 3216 3212 3252 πε
3221 3199 3273 3270 ρὶ
3296 3198 3356 3252 rb
3378 3200 3516 3270 πρᾶ-

1942 3292 2059 3347 γμα
2094 3277 2331 3347 σχέσεως
2365 3279 2564 3349 πολλὴν
2606 3280 2853 3335 εὐκολίαν
2895 3281 3032 3353 πρὸς
3058 3283 3153 3354 τὴν
3185 3282 3286 3353 τῆς
3316 3301 3514 3356 παραι-

1941 3358 2141 3423 νέσεως
2170 3360 2436 3433 ὑποδοχὴν
2480 3362 2854 3435 παρεχούσης·
2890 3364 2985 3417 καὶ
3022 3364 3198 3429 ἄλλως
3240 3366 3297 3420 δὲ
3325 3366 3386 3420 rb
3416 3367 3510 3422 τοῦ

1941 3443 2262 3515 πράγματος
2297 3444 2537 3498 δείκνυσι
2590 3446 2819 3517 μέγεθος
2858 3448 2951 3500 καὶ
2988 3448 3080 3503 τὸν
3111 3448 3273 3518 ὄγκον
3321 3449 3509 3503 πολύν.

1941 3524 2076 3578 Οὐδὲ
2109 3526 2216 3597 7&9
2249 3525 2337 3587 ἀν,
2378 3529 2427 3580 εί
2454 3527 2529 3599 μὴ
2558 3528 2716 3582 τοῦτο
2741 3525 2829 3602 ἦν,
2859 3531 2958 3602 τήν
3007 3532 3233 3587 ἐκείνων
3262 3531 3326 3585 ἂν
3352 3550 3510 3605 περι-

1939 3606 2098 3678 έμενε
2122 3608 2449 3680 προθυμίαν,
2484 3610 2619 3666 ἀλλά
2644 3612 2929 3682 προλαϐὼν
2974 3615 3135 3679 αὐτὸς
3186 3615 3252 3668 ἂν
3284 3617 3510 3688 εἰσηγή-

1940 3707 2071 3745 σατο
2103 3690 2148 3757 ί,
2192 3694 2240 3745 εί
2285 3693 2380 3747 καὶ
2426 3692 2502 3765 μὴ
2535 3694 2611 3758 ὠς
2657 3696 2959 3767 ἐπίταγμα.
2999 3696 3134 3768 μηδὲ
3164 3697 3240 3761 ὡς
3266 3698 3507 3771 ἐντολὴν,

1936 3775 2052 3829 ἀλλ’
2088 3776 2163 3840 ὡς
2198 3777 2514 3848 παραίνεσιν
2537 3780 2630 3832 καὶ
2651 3780 2979 3852 συμϐουλήν.
3013 3780 3072 3835 Ὁ
3100 3781 3158 3835 δὲ
3189 3781 3324 3852 μηδὲ
3349 3782 3509 3837 τοῦτο

1935 3858 2303 3930 ἀνασχόμενος
2333 3862 2554 3932 ποιῆσαι
2589 3864 2804 3935 πρῶτος
2824 3863 3055 3936 φανερὸν
3080 3867 3213 3936 ήμῖν
3233 3866 3364 3919 κατέ
3373 3882 3504 3936 στη-

1936 3959 2048 4008 σεν,
2090 3943 2170 3996 ὃτι
2223 3944 2432 4000 πολλῶν
2463 3946 2698 4018 ἱδρώτων
2747 3949 2841 4002 καὶ
2875 3949 3115 4019 μεγάλης
3153 3949 3188 4020 ή
3238 3950 3506 4021 παρθενία

1931 4023 2098 4077 δεῖται
2126 4025 2226 4097 τῆς
2255 4027 2489 4095 ἀγωνίας
2512 4045 2527 4061 ·
2558 4031 2651 4083 καὶ
2667 4029 2899 4084 ἐνταῦθα
2922 4031 2979 4084 δὲ
3015 4030 3107 4084 τὸν
3148 4031 3324 4085 κοινὸν
3347 4030 3503 4103 ἡμῶν

1931 4107 2209 4180 Δεσπότην
2244 4110 2582 4182 μιμούμενος
2602 4112 2773 4178 οὕτως
2806 4114 3047 4183 ἐποίησε.
3085 4114 3196 4169 Καὶ
3228 4115 3336 4186 γὰρ
3367 4117 3504 4170 ἐκεῖ·

1930 4206 2020 4253 νος
2044 4191 2166 4244 τότε
2196 4191 2443 4266 διελέχθη
2486 4196 2616 4268 περὶ
2647 4198 2746 4268 τῆς
2784 4195 3101 4269 παρθενίας,
3138 4199 3224 4252 ὅτε
3254 4200 3416 4254 αὑτὸν
3451 4203 3500 4254 οἱ

1931 4272 2171 4345 μαθηταὶ
2219 4276 2432 4348 ἤροντο.
2482 4279 2759 4334 Είπόντων
2791 4280 2919 4352 γὰρ,
2941 4283 3010 4334 El
3044 4281 3231 4349 οὕτως
3258 4282 3428 4337 ἐστίν
3459 4285 3499 4353 ἡ

1926 4358 2087 4411 αίτία
2106 4358 2212 4412 τοῦ
2234 4359 2550 4429 ἀνθρώπου
2570 4363 2722 4430 μετὰ
2746 4361 2858 4431 τῆς
2885 4364 3189 4433 γυναικὸς,
3208 4366 3501 4436 συμφέρει

1921 4439 2009 4509 μὴ
2040 4441 2341 4511 γαμῆσαι·
2392 4444 2514 4497 τότε
2545 4443 2695 4518 [278]
2743 4444 2972 4518 ἔφησεν·
3008 4449 3182 4502 Εἰσὶν
3217 4450 3499 4520 εὐνοῦχοι

1924 4524 2141 4589 οἵτινες
2191 4527 2559 4596 εὐνούχισαν
2591 4528 2843 4597 ἑαυτοὺς
2890 4530 2988 4585 διὰ
3022 4530 3137 4599 τὴν
3174 4533 3500 4597 ,ϐασιλείαν

1925 4604 2042 4660 τῶν
2073 4607 2364 4676 οὐρανῶν.
2397 4610 2568 4665 Ὅταν
2590 4610 2700 4683 7&9
2726 4610 2922 4688 μέγαῇ
2947 4615 3008 4667 rb
3040 4614 3493 4685 κατορθούμενον,

1924 4689 2018 4742 καὶ
2042 4688 2130 4745 διά
2152 4689 2312 4744 τοῦτο
2348 4693 2485 4764 μηδὲ
2516 4697 2598 4759 είς
2636 4697 2858 4767 ἐντολῆς
2899 4698 3147 4770 ἀνάγκην
3171 4700 3496 4771 κατακλείη-

1921 4787 2032 4836 ται,
2062 4773 2184 4826 τότε
2231 4773 2338 4827 τῶν
2379 4776 2681 4847 μελλόντων
2730 4780 3026 4852 κατορθοῦν
3057 4784 3156 4854 τὴν
3186 4782 3497 4856 προθυμίαν

1922 4856 2212 4925 ἀναμένειν
2240 4858 2367 4930 χρὴ,
2404 4859 2575 4932 ἑτέρῳ
2608 4862 2716 4915 τινὶ
2737 4863 2924 4934 τρόπῳ
2953 4865 3047 4918 καὶ
3078 4866 3402 4933 ἀνυπόπτως
3434 4867 3495 4922 rb

1921 4938 2277 5018 θελῆσαι-καὶ
2308 4940 2633 5013 βουληθῆναι
2665 4946 3172 5012 κατασκευάζοντας
3196 4950 3254 5002 ἐν
3279 4951 3489 5015 αὐτοῖς·

1918 5020 2107 5094 ὥσπερ
2143 5017 2236 5076 οὖν
2263 5025 2356 5077 καὶ
2385 5026 2414 5078 6
2435 5025 2666 5095 Χριστὸς
2692 5026 2966 5098 ἐποίησεν.
3003 5031 3077 5083 υύ
3107 5030 3217 5100 7&9
3246 5033 3354 5088 ἀπὸ
3384 5034 3492 5090 τῶν

1917 5105 2047 5176 περὶ
2077 5105 2375 5175 παρθενίας
2397 5106 2568 5176 λόγων
2596 5110 2674 5172 είς
2703 5109 2802 5180 τὴν
2835 5113 2936 5182 τῆς
2967 5113 3265 5183 παρθενίας
3294 5115 3493 5182 αὐτοὺς

1916 5188 2209 5259 ἐπιθυμίαν
2242 5188 2516 5253 ἐνέϐαλεν,
2541 5190 2677 5245 ἀλλά
2707 5194 2835 5265 περὶ
2863 5194 2957 5248 τοῦ
2980 5196 3159 5267 γάμου
3194 5199 3352 5269 μόνον
3375 5201 3490 5255 δια-

1914 5269 2146 5340 λεχθεὶς,
2185 5271 2282 5326 καὶ⁵
2325 5274 2385 5327 τὸ
2427 5272 2590 5344 βάρος
2633 5273 2728 5330 τοῦ
2780 5277 3103 5348 πράγματος
3148 5281 3347 5348 δείξας,
3394 5283 3489 5338 καὶ

1894 5353 2077 5425 κμέχρι
2103 5354 2292 5407 τούτου
2335 5357 2535 5427 στήσας
2566 5357 2657 5410 τὸν
2698 5357 2873 5427 λόγον,
2909 5359 3050 5414 οὕτω
3082 5364 3260 5433 σοφῶς
3285 5365 3487 5435 ᾠκονό-

1915 5451 2106 5506 μησεν,
2138 5436 2213 5500 ὡς
2241 5438 2367 5501 τοὺς
2394 5438 2559 5509 μηδὲν
2585 5441 2713 5512 περὶ
2745 5440 2838 5495 ⁴τοῦ
2879 5444 2954 5515 μὴ
2991 5448 3189 5515 γαμεῖν
3218 5447 3486 5502 ἀκούσαν-

1908 5534 2009 5580 τας
2040 5517 2237 5582 αὐτοὺς
2260 5519 2352 5588 ἀφ’
2387 5521 2597 5601 ἑαυτῶν
2617 5526 2815 5591 εἰπεῖν,
2842 5526 2927 5580 ὅτι
2953 5528 3245 5598 Συμςρέρει
3261 5529 3348 5599 μὴ
3385 5547 3487 5601 γατ-

231 5600 451 5686 dwv’
473 5608 555 5686 tu,
723 5600 993 5686 φὼδὲχεῖ
1023 5600 1169 5686 at?“
1199 5600 1309 5674 ’μετ’
1340 5600 1594 5686 ᾠῷ,ᾊή
1620 5600 1805 5686 ’ἀφιέὲώ
1902 5601 2061 5686 μεῖν.
2090 5601 2189 5656 Διά
2215 5602 2371 5657 τοῦτο
2400 5600 2494 5659 οῦν
2526 5606 2621 5660 καὶ
2708 5607 2919 5673 Παῦλος
2946 5610 3150 5679 ἔλεγεν,
3183 5614 3211 5665 6
3234 5611 3329 5665 τοῦ
3350 5600 3484 5686 Χρι-

230 5669 393 5752 αύξτήξ·
415 5669 497 5741 καὶ
518 5670 631 5752 72?):
654 5671 755 5752 ᾔτεε
774 5671 870 5752 ἐχεὶι
892 5671 1039 5752 ἀνδρα
1058 5669 1275 5751 ἄπιστον,
1300 5675 1399 5752 καὶ.
1585 5669 1808 5752 φευξο-

228 5732 304 5779 κεῖ
326 5732 472 5806 οἶκεῖγ
498 5732 599 5793 μετ’
626 5732 864 5842 αὐτῆς,ἵή
888 5732 1065 5795 ἀφιέτω
1090 5735 1248 5783 αὐτόν.
1274 5754 1298 5777 η
1324 5736 1413 5784 Διά
1435 5732 1577 5782 τοῦτο
1598 5733 1680 5783 οὖν
1703 5736 1803 5785 ἱλε-

228 5806 322 5850 γεν,
349 5806 366 5837 ι
391 5796 497 5850 Ουχ
529 5794 555 5841 6
576 5792 763 5850 Κύριος,
818 5794 888 5842 λλ’
910 5794 1004 5850 ἐγὼ
1023 5797 1163 5850 λέγω.
1192 5816 1216 5838 υ
1241 5798 1328 5845 Ού.

226 5806 322 5853 γεν,
349 5806 366 5837 ι
391 5806 497 5855 υυχ
529 5806 555 5841 o
576 5806 763 5856 Κύριος,
785 5806 888 5842 ἀλλ’
910 5806 1004 5856 εγὼ
1024 5806 1163 5857 λέγω.
1192 5816 1216 5838 υ
1241 5806 1328 5845 Ού.

289 5854 474 5930 €598;
497 5853 797 5930 9E.SaY"-.i"
825 5868 961 5930 “11"8
992 5861 1085 5930 ,τῆς
1109 5856 1485 5930 ίγίκηρξίσιέιαξε
1594 5920 1693 5930 .

285 5916 314 5983 ξι
342 5914 590 5977 Sic'Savil.
620 5922 669 5966 et
706 5917 827 5980 Reg.
854 5914 1026 5967 Maiel.
1061 5914 1226 5968 auleih
1246 5914 1303 5968 ὀι
1326 5914 1539 5983 Plautia.
1586 5920 1705 5968 ἀλλὰ
1734 5921 1796 5983 μὴ

230 5976 399 6039 ἰιίοῃς.

1910 5684 2036 5739 στοῦ
2063 5688 2305 5758 μιμητής
2325 5704 2339 5718 ⁸
2360 5690 2499 5756 Περὶ
2526 5689 2594 5743 δὲ
2619 5684 2707 5745 ὧν
2724 5692 3023 5762 ἐγράψατέ
3042 5711 3145 5763 μοι
3163 5711 3176 5724 ·
3207 5696 3366 5766 μόνον
3382 5684 3481 5752 οὐκ

1908 5769 2343 5841 ἀπολογούμενος
2392 5774 2576 5838 αὐτοῖς
2608 5775 2695 5830 διά
2742 5776 2979 5839 τούτων,
3025 5778 3119 5831 καὶ
3162 5778 3366 5847 λέγων,
3397 5783 3480 5836 δτι

1970 5866 1992 5891 ’⁸
2018 5863 2144 5937 Εἴθε.
2174 5867 2227 5937 ει
2263 5861 2672 5937 Sa.vil.'i_n_marg.
2706 5868 2975 5925 δεικνύντες.
3007 5869 3162 5919 Paulo
3201 5878 3311 5933 post
3356 5876 3477 5937 Reg.

1905 5926 1993 5988 οὐκ
2011 5923 2068 5988 ἦν
2087 5923 2116 5971 6⁷
2134 5923 2281 5988 γάμος
2314 5925 2587 5988 ἀμφίϐολος,

1973 5977 1993 6021 ἵ
2021 5977 2221 6046 [μιμεῖ
2241 5977 2722 6049 8ιηί1.ἐίοηγῆσατο.
2742 5989 2951 6042 Planlin.
2976 5996 3026 6042 el
3050 5991 3470 6056 Μοιρ1.ἡγήσατο.
