4016 6154
512 433 609 489 stt
1842 432 1927 489 ne
1972 429 2430 489 \‘IltGth’l'ATE.

514 548 673 602 uibus
698 551 865 603 multa
890 565 951 604 ac
976 566 1169 621 magna
1194 553 1487 607 obvenieut
1519 552 1681 612 bona.
1710 568 1830 621 qua:
1870 559 1923 605 et
1950 566 2082 604 ocu-

513 648 613 702 los,
649 650 702 695 et
736 658 917 707 aures,
954 653 1005 697 et
1040 646 1334 699 humanam
1374 644 1761 714 cogitationem
1800 650 2082 712 superent.

514 731 699 802 Itaque
725 735 791 787 iis
814 733 1058 791 dimissis
1090 734 1249 805 (satis
1281 745 1359 790 est
1383 736 1526 791 enim
1549 735 1661 805 jam
1700 750 1823 788 cum
1858 734 1925 787 iis
1963 749 2085 786 ver-

514 822 732 891 borum)
769 831 834 879 ad
867 825 1125 883 Ecclesiae
1162 828 1300 883 ﬁlios
1328 842 1639 883 sermonem
1671 826 2042 880 conferamus.

581 919 695 975 XII.
726 918 945 973 Paulum
973 919 1058 988 qui
1084 918 1251 981 dicat,
1282 919 1518 987 Reliquis
1545 934 1644 987 ego
1665 918 1813 983 dico,
1846 933 1952 971 non
1982 916 2090 970 Do-

510 1013 705 1077 minus,
748 1012 1025 1062 humanum
1055 1009 1108 1061 itl
1138 1010 1402 1063 consilium
1433 1026 1539 1063 esse
1565 1027 1665 1062 non
1692 1009 1995 1078 signiﬁcare.
2020 1036 2091 1046 —

512 1101 659 1159 Unde
724 1104 882 1171 igitur
942 1111 1158 1171 praestat
1201 1103 1496 1155 orationem
1549 1099 1825 1155 exordiri?
1890 1099 1971 1153 Ab
2026 1098 2091 1152 iis

509 1194 713 1247 Domini
745 1195 919 1247 verbis
953 1236 968 1260 ,
1001 1211 1120 1263 qua:
1160 1210 1254 1263 per
1299 1194 1509 1247 beatum
1550 1193 1767 1246 Paulum
1806 1191 2084 1260 profatur:

505 1301 624 1338 nam
654 1284 811 1354 hujus
837 1286 1255 1340 cohortationem
1286 1285 1496 1338 Domini
1530 1284 1947 1339 cohortationem
1971 1300 2089 1338 esse

504 1376 827 1431 credendum
874 1387 974 1432 est.
1005 1379 1137 1432 Cum
1178 1379 1321 1432 enim
1359 1379 1531 1442 dicit,
1574 1378 1883 1449 Conjugibus
1922 1386 2088 1430 autem

504 1469 775 1538 prwcipio,
821 1486 919 1522 non
942 1486 1032 1539 ego
1056 1511 1070 1535 ,
1100 1470 1189 1523 sed
1212 1468 1463 1523 Dominus
1489 1478 1576 1523 :et
1618 1484 1850 1533 rursum,
1883 1467 2088 1521 Cteteris

510 1570 602 1619 ego
630 1554 771 1619 dico,
805 1571 909 1607 non
946 1555 1205 1610 Dominus
1230 1558 1305 1627 (I,
1330 1558 1520 1613 Cor.7.
1546 1559 1612 1613 10
1648 1572 1697 1615 et
1728 1562 1843 1627 l2);
1875 1580 1981 1617 non
2030 1565 2082 1619 id

513 1644 666 1706 dicit,
692 1643 797 1696 alia
828 1659 926 1699 sua
944 1662 1089 1709 esse,
1110 1648 1217 1701 alia
1238 1649 1472 1703 Domini.
1497 1649 1631 1704 Nam
1654 1654 1744 1721 qui
1771 1654 2082 1723 loquentem

512 1735 567 1787 in
599 1750 657 1789 se
684 1735 964 1789 Christum
991 1737 1230 1803 haberet,
1252 1741 1342 1809 qui
1380 1757 1481 1796 nec
1506 1742 1685 1796 vivere
1713 1751 2005 1813 satageret,
2026 1753 2084 1796 ut

514 1825 569 1878 in
602 1841 660 1881 se
684 1825 943 1881 Christus
973 1827 1197 1893 viveret,
1218 1831 1309 1899 qui
1334 1846 1586 1900 regnum,
1616 1834 1803 1900 vitam,
1838 1838 2081 1905 angelos,

514 1917 849 1979 Potestales,
880 1934 1207 1988 omnemque
1226 1930 1535 1977 creaturam
1558 1926 1743 1991 aliam,
1780 1938 1946 1996 atque
1969 1945 2087 1982 om-

515 2005 649 2059 nino
692 2009 875 2060 omnia
907 2009 1025 2073 ejus
1050 2012 1220 2063 amori
1258 2022 1628 2081 postponeret,
1663 2032 1772 2086 quo
1798 2028 1956 2087 pacto
1989 2028 2082 2071 aut

514 2095 698 2164 eloqui
731 2105 823 2149 aut
857 2099 1099 2165 cogitare
1123 2101 1326 2170 aliquid
1362 2104 1413 2156 itt
1459 2107 1700 2160 animum
1749 2108 2081 2173 induxisset,

511 2188 655 2255 quod
691 2186 916 2243 Christo
948 2207 1057 2244 non
1088 2193 1344 2262 placeret.
1365 2199 1663 2265 prassertim
1689 2218 1810 2254 eum
1836 2203 1975 2258 hanc
2006 2204 2082 2259 Ie-

508 2288 628 2341 gem
662 2276 963 2331 conderet?
996 2278 1136 2344 Quid
1164 2290 1248 2335 est
1278 2298 1410 2352 ergo
1436 2287 1582 2355 quod
1620 2288 1773 2351 dicit,
1810 2288 1942 2359 Ego,
1978 2308 2079 2345 non

505 2361 629 2427 ego?
647 2360 815 2429 Leges
838 2364 996 2418 nobis
1018 2381 1082 2419 ac
1111 2366 1362 2437 dogmata
1384 2373 1581 2440 partim
1608 2389 1703 2442 per
1725 2391 1781 2427 se
1802 2376 2078 2441 Christus,

508 2447 705 2513 partim
734 2464 830 2516 per
851 2452 1131 2518 apostolos
1162 2454 1421 2522 prodidit.
1444 2455 1578 2511 Nam
1607 2476 1713 2513 non
1742 2464 1923 2516 omnia
1954 2480 2077 2517 eum

505 2544 602 2597 per
620 2546 678 2584 se
698 2534 983 2598 statuisse,
1017 2536 1146 2589 audi
1165 2538 1296 2605 quid
1322 2539 1505 2594 dicat:
1543 2541 1719 2595 Multa
1746 2544 1910 2600 habeo
1937 2548 2078 2602 vobis

506 2616 702 2681 dicere,
736 2621 826 2672 sed
856 2638 957 2674 non
976 2624 1195 2689 potestis
1222 2640 1435 2692 portare
1457 2629 1609 2683 ntodo
1635 2629 1814 2699 (Joan.
1852 2634 1939 2688 16.
1970 2636 2075 2706 12).

504 2703 697 2792 Itaque
735 2706 866 2760 illud
893 2726 905 2759 :
929 2707 1074 2762 Uxor
1104 2728 1135 2763 a
1159 2712 1269 2765 viro
1293 2729 1355 2766 ne
1377 2714 1615 2769 discedat
1639 2718 1713 2786 (I.
1740 2720 1863 2774 Cor.
1893 2721 1942 2776 7.
1968 2703 2075 2792 10),

500 2791 613 2859 jam
647 2800 773 2847 ante
799 2804 1078 2862 sanxerat,
1116 2813 1239 2851 eum
1272 2800 1325 2853 in
1361 2802 1523 2857 terris
1548 2819 1713 2861 carne
1734 2807 1958 2862 indutus
1982 2791 2078 2863 de-

504 2889 655 2948 geret
691 2899 704 2934 :
744 2881 975 2950 ideoque
1022 2884 1175 2949 dicit,
1222 2886 1545 2959 Conjugibus
1588 2903 1761 2946 autem
1802 2898 2073 2963 principio,

502 2984 605 3020 non
632 2984 745 3038 ego,
773 2970 863 3021 sed
903 2970 1182 3026 Dominus.
1221 2973 1376 3039 Quod
1412 2978 1479 3030 ad
1510 2980 1755 3036 infideles
1795 2985 2071 3049 attineret,

503 3070 747 3123 praesens
779 3057 913 3110 nihil
937 3057 1205 3120 edixerat.
1232 3064 1327 3117 sed
1352 3064 1419 3116 ad
1450 3064 1502 3118 id
1538 3065 1691 3120 Pauli
1722 3078 1955 3124 mentem
1986 3073 2075 3125 in-

500 3142 681 3197 citans
715 3145 882 3215 legem
922 3140 1132 3202 ferebat
1168 3148 1185 3178 ⁸
1218 3168 1230 3202 ;
1266 3149 1471 3219 itaque,
1514 3150 1639 3207 Non
1674 3153 1955 3221 Dominus,
1988 3158 2073 3211 in-

498 3231 639 3300 quit,
682 3233 772 3286 sed
810 3250 901 3299 ego
932 3251 951 3287 :
992 3251 1098 3290 non
1139 3238 1231 3307 qui
1268 3240 1637 3308 significatum
1667 3245 1847 3308 vellet,
1886 3245 2074 3299 huma-

499 3335 627 3373 num
652 3336 776 3375 esse
808 3323 952 3391 quod
980 3323 1257 3379 diceretur
1284 3345 1297 3380 :
1336 3327 1471 3380 nihil
1502 3328 1722 3395 minus;
1752 3331 1845 3385 sed
1868 3347 2071 3401 praece-

499 3413 653 3473 ptum
691 3406 745 3461 id
780 3408 848 3462 ab
878 3424 945 3463 eo
993 3419 1265 3479 praesente
1301 3411 1592 3483 discipulis
1641 3416 1918 3485 proditum
1959 3434 2069 3473 non

497 3509 644 3555 esse,
678 3496 772 3549 sed
802 3512 951 3550 nunc
977 3498 1196 3552 demum
1233 3515 1329 3568 per
1360 3516 1437 3555 se.
1473 3500 1654 3566 Quare
1683 3511 1741 3556 ut
1774 3504 1925 3567 illud.
1958 3505 2071 3558 Do-

496 3579 690 3643 minus,
722 3598 822 3634 non
846 3600 962 3651 ego,
999 3584 1143 3639 haud
1175 3586 1294 3653 ejus
1326 3598 1409 3641 est
1432 3589 1525 3657 qui
1558 3587 1759 3645 Christi
1782 3591 1939 3659 jusso
1970 3594 2069 3647 ad-

494 3678 742 3721 versetur
770 3687 782 3722 :
808 3670 882 3722 ita
908 3670 1032 3734 hoc,
1065 3668 1198 3740 Ego,
1222 3689 1324 3726 non
1348 3673 1630 3739 Dominus,
1663 3692 1771 3730 non
1792 3678 2061 3747 privatum

493 3753 775 3822 quiddam,
807 3766 861 3810 et
892 3768 1088 3826 praeter
1120 3756 1214 3812 Dei
1252 3769 1487 3815 mentem
1524 3761 1793 3819 edirentis
1822 3775 1925 3831 est,
1967 3767 2062 3821 sed

492 3842 597 3896 hoc
631 3845 807 3896 solum
851 3844 1169 3910 indicantis,
1209 3862 1306 3916 per
1338 3864 1397 3903 se
1447 3863 1774 3920 prxceptum
1817 3854 1868 3907 id
1918 3871 2063 3910 nunc

492 3929 665 3995 prodi.
698 3929 833 3984 Nam
868 3931 936 3987 de
968 3932 1131 3986 vidua
1175 3933 1425 4003 loquens,
1465 3935 1685 3991 Beatiar
1719 3951 1819 4003 est,
1857 3940 2057 4010 inquit,

483 4017 612 4069 sisic
640 4020 1002 4086 permanserit,
1033 4023 1306 4076 secundum
1332 4041 1493 4078 meum
1519 4027 1785 4080 consilium
1820 4026 1839 4100 (
1862 4028 1911 4082 1.
1940 4027 2060 4083 Cor.

482 4106 532 4158 7.
563 4106 689 4175 40);
718 4122 780 4161 ac
810 4123 876 4163 ne
904 4109 1128 4165 audiens
1152 4153 1167 4177 ,
1225 4112 1518 4167 Secundum
1558 4132 1721 4170 meum
1760 4119 2024 4171 consilium
2046 4160 2060 4185 ,

482 4193 770 4250 humanum
800 4210 1159 4254 commentum
1186 4202 1433 4258 crederes
1454 4244 1469 4269 ,
1508 4205 1864 4275 suspicionem
1893 4209 2049 4263 addi-

481 4296 715 4342 tamenta
736 4304 802 4343 eo
831 4291 1077 4359 sustulit,
1111 4292 1241 4347 Puto
1268 4306 1433 4349 autem
1470 4298 1607 4367 quod
1634 4309 1679 4352 et
1708 4316 1797 4370 ego
1828 4303 2063 4370 spiritum

478 4377 576 4432 Dei
604 4379 834 4435 habeam.
868 4382 1047 4454 Itaque
1078 4395 1132 4439 ut
1157 4402 1276 4456 quae
1306 4388 1526 4457 spiritus
1556 4400 1738 4445 essent
1764 4394 2018 4461 eloquens
2041 4436 2057 4462 ,

477 4484 625 4523 suam
673 4474 988 4528 sententiam
1038 4486 1231 4542 vocat,
1272 4494 1389 4537 nec
1437 4491 1715 4549 prOpterea
1768 4482 2057 4540 humanum

476 4559 664 4614 scitum
695 4561 965 4618 dicemus:
995 4565 1065 4619 ita
1093 4574 1148 4619 et
1183 4583 1323 4623 nunc
1348 4585 1467 4623 eum
1501 4571 1705 4641 inquit,
1748 4572 1861 4644 Ego
1901 4575 2015 4629 dico
2041 4619 2056 4642 ,

474 4666 575 4705 non
599 4652 853 4709 Dominus
879 4698 894 4722 ,
924 4672 991 4710 ne
1017 4657 1147 4711 mihi
1181 4658 1378 4715 idcirco
1415 4661 1561 4716 Pauli
1602 4679 1903 4720 sermonem
1940 4684 2059 4723 esse

473 4746 779 4803 existimes:
807 4748 1244 4822 habebatquippe
1272 4754 1574 4824 loquentem
1599 4757 1731 4813 inse
1761 4758 2053 4829 Christum;

481 4848 655 4907 neque
695 4853 859 4895 ausus
914 4840 1101 4897 fuisset
1128 4853 1327 4899 tantum
1366 4846 1556 4916 dogma
1600 4850 1879 4905 sententiae
1907 4866 2057 4907 more

474 4946 704 4999 ponere,
736 4934 833 4987 nisi
864 4934 1030 5004 legem
1076 4936 1199 4991 inde
1248 4938 1504 5006 petiisset.
1549 4939 1623 4995 Ita
1659 4943 1798 4996 enim
1844 4958 1963 4997 cum
1991 4960 2056 4999 eo

472 5022 731 5091 quispiam
781 5025 1032 5094 loquutus
1075 5027 1295 5083 fuisset:
1337 5029 1452 5083 Non
1493 5031 1730 5087 sustineo
1756 5033 1848 5103 qui
1884 5033 2053 5089 fidelis

470 5113 572 5167 sim
604 5128 723 5167 cum
756 5115 978 5179 infideli,
1004 5119 1090 5187 qui
1120 5135 1284 5189 purus
1308 5138 1428 5177 cum
1458 5123 1660 5193 impura
1683 5125 1915 5196 degere;
1946 5136 2054 5183 tute

472 5201 574 5256 iam
607 5204 821 5259 dicebas
854 5248 867 5272 ,
908 5208 1021 5262 hzcc
1050 5219 1100 5263 tc
1145 5210 1327 5267 dicere
1359 5255 1374 5275 ,
1418 5230 1522 5268 non
1568 5216 1869 5270 Dominum.
1900 5217 2053 5275 Unde

470 5291 627 5361 igitur
654 5294 783 5347 tnihi
813 5296 1003 5366 pignus
1019 5309 1176 5369 atque
1197 5301 1353 5357 fidem
1376 5303 1399 5355 ?
1426 5304 1727 5360 Atdixissct
1753 5307 1801 5359 ei
1831 5309 2046 5363 Paulus:

465 5384 541 5440 Ne
572 5389 809 5443 verearis
835 5408 849 5455 ;
882 5390 1001 5445 ideo
1026 5394 1166 5446 enim
1194 5392 1350 5462 dixi,
1395 5394 1593 5451 habere
1624 5413 1709 5453 me
1740 5398 2046 5469 loquentem

531 5595 1192 5676 L'L‘Et-ﬁiiazitmeem;
1210 5609 1392 5676 ,ιέςθεηι
1414 5600 1596 5676 fere?!
1632 5600 1796 5676 ιίέςοηδ
1825 5618 1841 5654 -·
1866 5604 1915 5655 si
1943 5606 2049 5676 τηςίς

464 5664 665 5727 uxorem
688 5654 1113 5727 habet-ptﬁdelem,
1140 5666 1186 5710 et
1203 5654 1309 5711 hcet?
1328 5654 1556 5727 consentit
1575 5654 1794 5727 habitare
1815 5654 1924 5716 cum
1948 5654 2045 5727 illo,

463 5726 555 5791 non
574 5717 786 5791 aianttat
802 5717 973 5791 illam,“
992 5727 1036 5791 et
1057 5720 1101 5771 si
1122 5735 1218 5784 qua
1239 5723 1411 5791 mulier
1435 5724 1572 5791 habet
1592 5725 1748 5791 virum
1780 5717 2043 5791 inﬁdelem,

462 5784 510 5844 et
532 5776 872 5844 hic_consen_t_it
893 5776 1107 5833 habitare
1135 5776 1250 5834 'cmn
1271 5784 1374 5844 illa,
1399 5800 1492 5836 non
1515 5786 1723 5839 dimitat
1750 5776 2046 5843 utiuti/di

463 5840 594 5892 a'rco
614 5840 760 5907 igitur
785 5840 910 5893 dixit
938 5857 955 5895 .'
981 5854 1078 5896 Non
1102 5846 1350 5912 Dominus,
1362 5840 1459 5901 sed
1481 5862 1568 5913 ego
1588 5848 1712 5901 (lim.

3682 428 3790 482 542

2203 547 2255 601 in
2278 564 2362 603 me
2391 548 2661 604 Christum
2690 568 2701 604 :
2730 558 2821 616 et,
2858 550 3025 605 videri
3053 568 3139 608 me
3173 567 3383 623 quoque
3412 551 3648 606 divinum
3676 548 3773 606 ha-

2200 638 2330 693 bere
2355 640 2596 708 spiritum
2630 682 2645 706 ,
2690 656 2755 694 ne
2776 641 2901 709 quid
2936 656 3121 696 eorum
3161 659 3277 713 qua:
3303 642 3557 697 dixissem
3587 643 3776 696 huma-

2202 744 2327 782 num
2356 732 2707 799 suspicarere.
2741 732 2848 785 Nisi
2872 733 3013 786 enim
3048 733 3117 786 ita
3142 743 3316 797 esset,
3345 749 3633 803 numquam
3660 748 3778 785 eam

2198 822 2566 875 auctoritatem
2620 822 2754 877 meis
2804 824 3211 891 cogitationibus
3259 826 3582 879 tribuissem.
3642 824 3778 879 Sunt

2198 911 2327 963 enim
2377 912 2664 965 mortalium
2710 914 3034 983 cogitationes
3088 916 3296 979 timidw,
3333 932 3597 983 eorumque
3640 931 3781 969 com-

2198 1014 2360 1055 menta
2389 1005 2671 1071 periculosa
2710 1004 2865 1073 (Sap.
2896 1006 2948 1059 9.
2982 1006 3094 1076 H).
3123 1006 3238 1060 Jam
3288 1023 3415 1061 vero
3458 1007 3586 1076 legis
3615 1007 3775 1060 etiam

2196 1096 2299 1148 vim
2323 1096 2469 1150 orbis
2500 1106 2760 1150 terrarum
2792 1097 3028 1152 Ecclesia
3070 1098 3438 1165 demonstrat,
3480 1114 3596 1153 eam
3620 1113 3775 1153 accu-

2197 1195 2313 1240 rate
2341 1202 2579 1252 servans,
2620 1187 3026 1257 haudquaquam
3050 1200 3347 1253 servatura,
3376 1190 3472 1243 nisi
3501 1191 3777 1258 explorate

2194 1287 2558 1345 cognosceret,
2584 1278 2633 1331 id
2663 1277 2862 1331 dictmn
2900 1279 3094 1332 Christi
3130 1295 3250 1334 esse
3276 1279 3603 1333 mandatum.
3633 1279 3771 1345 Quid

2195 1366 2352 1435 igitur
2395 1367 2588 1421 Paulus
2647 1369 2853 1422 Domini
2894 1370 3146 1424 instinctu
3194 1370 3439 1425 incitatus
3486 1370 3656 1425 dicit?
3697 1369 3778 1424 De

2191 1458 2369 1526 quibus
2396 1470 2562 1511 autem
2592 1461 2997 1529 mihiscripsistis
3028 1503 3042 1527 ,
3076 1460 3261 1515 bonum
3290 1472 3414 1516 esset
3436 1463 3627 1515 homini
3656 1479 3771 1515 mu-

2191 1549 2361 1601 lierem
2388 1566 2487 1602 non
2509 1558 2710 1621 tangere
2732 1552 2809 1619 (l.
2837 1550 2954 1605 Cor.
2987 1554 3040 1606 7.
3069 1551 3144 1623 1).
3176 1552 3271 1607 llic
3298 1553 3623 1622 approbandi
3651 1561 3774 1605 sunt

2189 1639 2469 1704 Corinthii,
2494 1643 2582 1710 qui
2614 1644 2758 1696 nullo
2785 1654 3003 1713 accepto
3026 1660 3054 1697 a
3085 1656 3414 1713 prazceptore
3443 1646 3670 1699 consilio
3697 1644 3767 1699 de

2190 1731 2510 1799 virginitate,
2541 1733 2637 1801 ipsi
2668 1749 2909 1802 qumrere
2930 1744 3282 1789 antevertant.
3307 1737 3483 1805 Atque
3514 1736 3637 1790 hinc
3658 1737 3767 1804 jam

2188 1824 2266 1877 eis
2290 1824 2473 1891 gratia:
2501 1839 2661 1892 Opera
2692 1826 2885 1879 factam
2915 1828 3279 1881 accessionem
3326 1828 3577 1883 ostendit.
3628 1828 3762 1882 Nam

2187 1930 2253 1967 ex
2283 1915 2445 1968 veteri
2475 1914 2816 1970 Testamento
2845 1932 2931 1971 res
2957 1918 3115 1972 dubia
3144 1933 3248 1971 non
3286 1927 3421 1984 erat,
3455 1933 3558 1972 non
3586 1918 3759 1971 solum

2187 2004 2404 2072 reliquis
2432 2006 2681 2059 omnibus
2712 2048 2726 2069 ,
2759 2006 2852 2060 sed
2884 2007 3078 2061 Levitis
3105 2009 3265 2062 etiam
3295 2016 3349 2061 et
3372 2008 3714 2076 pontificibus
3744 2049 3759 2073 ,

2186 2104 2343 2163 atque
2381 2094 2496 2163 ipso
2535 2095 2786 2163 pontifice
2827 2097 3092 2162 maximo,
3124 2096 3464 2151 matrimonio
3491 2097 3545 2150 in
3572 2097 3760 2166 primis

2185 2199 2403 2253 operam
2430 2185 2700 2240 dantibus.

2255 2274 2392 2329 XIII.
2433 2275 2535 2330 Cur
2553 2277 2620 2329 ad
2645 2294 2757 2331 eum
2785 2279 2848 2332 de
2874 2279 3158 2349 virginitate
3174 2279 3421 2333 Corinthii
3445 2281 3755 2349 scripserint,

2183 2383 2274 2420 nec
2318 2368 2427 2437 ipse
2470 2385 2555 2423 eos
2601 2370 2741 2439 prior
2786 2371 3077 2426 cohortatus
3127 2372 3470 2428 sit.—Unde
3514 2373 3672 2444 igitur
3711 2374 3765 2428 in

2181 2459 2530 2527 quaestionem
2554 2462 2855 2515 venerunt?
2876 2464 3043 2516 Acute
3067 2462 3116 2515 id
3139 2478 3200 2515 ac
3223 2465 3477 2531 praeclare
3498 2464 3763 2530 viderunt,

2182 2550 2370 2620 majori
2401 2550 2504 2605 sibi
2532 2552 2726 2606 virtute
2751 2569 2885 2621 opus
2913 2569 3053 2618 esse,
3086 2556 3172 2624 qui
3201 2556 3369 2624 majus
3394 2555 3592 2610 donum
3614 2572 3769 2611 arceo

2182 2644 2404 2712 pissent.
2448 2645 2578 2699 Illud
2608 2646 2765 2700 etiam
2797 2646 3257 2701 animadversione
3284 2647 3501 2717 dignum
3526 2658 3633 2713 est,
3668 2665 3765 2703 cur

2183 2734 2233 2789 id
2258 2737 2335 2789 eis
2362 2738 2639 2791 consilium
2672 2755 2773 2791 non
2804 2739 3143 2807 exposuerit;
3178 2756 3349 2809 neque
3375 2742 3516 2794 enim
3547 2743 3590 2795 si
3634 2742 3761 2811 quid

2180 2827 2441 2895 ejusmodi
2482 2829 2787 2895 audissent,
2841 2831 3028 2883 iterum
3079 2846 3142 2884 ex
3186 2847 3251 2884 eo
3292 2846 3387 2900 per
3414 2832 3591 2886 literas
3621 2832 3760 2887 idem

2178 2918 2563 2987 quasivissent.
2593 2919 2725 2973 Nam
2767 2930 2820 2975 et
2848 2919 2933 2974 hic
2975 2920 3341 2975 admirabilem
3374 2922 3521 2975 Pauli
3548 2923 3762 2991 sapien-

2178 3010 2303 3062 tiam
2347 3024 2670 3079 coguosccre
2716 3022 2817 3065 est.
2867 3010 3050 3081 Neque
3095 3011 3238 3066 enim
3286 3021 3485 3067 temere
3537 3029 3601 3068 ac
3647 3014 3763 3069 sine

2177 3116 2334 3155 causa
2361 3117 2473 3156 rem
2506 3111 2703 3155 tantam
2733 3118 2951 3157 monere
2981 3103 3192 3168 omisit,
3237 3104 3328 3159 sed
3357 3106 3607 3160 sustinuit
3633 3106 3760 3161 dum

2175 3193 2273 3262 ipsi
2300 3194 2447 3262 prius
2475 3194 2703 3263 aliquam
2742 3194 2857 3263 ejus
2893 3195 3132 3248 notitiam
3172 3192 3486 3265 consequuti
3525 3198 3578 3251 in
3606 3198 3760 3266 cupi-

2175 3286 2391 3339 ditatem
2419 3287 2685 3352 venirent,
2718 3296 2772 3340 ut
2801 3301 2985 3341 eorum
3014 3287 3220 3340 animos
3248 3299 3433 3341 nactus
3454 3289 3563 3356 jam
3595 3290 3757 3360 virgi-

2175 3375 2325 3429 nitati
2353 3376 2582 3439 deditos,
2615 3377 2818 3432 utiliter
2847 3376 2995 3431 hisee
3021 3376 3089 3432 de
3120 3377 3279 3430 rebus
3304 3391 3580 3433 sermones
3606 3394 3757 3435 sere-

2173 3478 2275 3534 ret,
2303 3468 2601 3522 auditorum
2632 3468 2683 3523 in
2715 3484 2827 3524 rem
2855 3468 3030 3523 studio
3060 3469 3244 3539 ingens
3297 3468 3658 3538 adjumentum
3689 3471 3755 3525 ad

2171 3558 2554 3613 cohortationis
2596 3559 2978 3614 admissionem
3025 3568 3426 3629 prmstantezet
3451 3560 3647 3632 alioqui
3678 3563 3756 3618 rei

2172 3652 2589 3721 magnitudinem
2643 3662 2800 3723 atque
2848 3654 3110 3723 insignem
3156 3654 3469 3723 gravitatem
3501 3656 3754 3710 ostendit.

2170 3741 2302 3796 Nam
2352 3743 2405 3796 ni
2451 3745 2521 3797 ita
2550 3753 2713 3809 esset,
2747 3760 2853 3798 non
2880 3754 3189 3814 exspectato
3218 3760 3404 3800 eorum
3435 3747 3610 3801 studio
3642 3748 3755 3816 ipse

2171 3835 2224 3890 id
2253 3836 2417 3905 prior,
2444 3837 2489 3891 si
2521 3854 2625 3891 non
2658 3847 2714 3891 ut
2738 3838 2945 3908 jussum
2970 3854 3032 3893 ac
3058 3847 3403 3909 pra‘ceptum,
3437 3849 3491 3893 at
3529 3849 3674 3895 certe
3699 3848 3756 3894 ut

2170 3926 2592 3982 cohortationem
2622 3938 2781 3997 atque
2810 3930 3090 3983 consilium
3118 3931 3455 4000 prodidisset.
3488 3931 3637 3986 Nunc
3662 3932 3753 4001 qui

2170 4031 2344 4084 neque
2387 4016 2439 4070 id
2486 4018 2630 4086 prior
2676 4018 2851 4072 facere
2890 4019 3124 4072 animum
3180 4019 3482 4085 induxerit,
3534 4021 3753 4076 evidens

2170 4108 2323 4162 nobis
2356 4108 2477 4162 fecit
2500 4150 2514 4173 ,
2552 4124 2708 4178 egero
2734 4110 3085 4178 virginitatem
3113 4110 3263 4163 multi
3289 4110 3501 4163 sudoris
3529 4120 3755 4165 conten-

2171 4199 2435 4268 tionisque
2453 4213 2777 4268 permagnae.
2793 4200 2964 4268 Atque
2981 4199 3031 4252 id
3052 4199 3136 4253 hic
3152 4214 3489 4253 communem
3511 4209 3750 4255 nostrum

2168 4288 2453 4342 Dominum
2500 4290 2738 4342 imitatus
2773 4289 2915 4351 fecit,
2955 4291 3045 4358 qui
3082 4289 3149 4343 de
3178 4290 3475 4359 virginitate
3506 4301 3614 4345 tum
3642 4292 3753 4347 dis-

2168 4380 2356 4444 seruit,
2384 4394 2503 4434 cum
2534 4394 2654 4433 eum
2682 4379 2929 4449 discipuli
2973 4390 3248 4450 rogarunt.
3279 4381 3409 4435 Nam
3437 4389 3555 4437 eum
3584 4382 3752 4437 dixis-

2166 4479 2307 4533 sent,
2338 4470 2399 4524 Si
2424 4488 2483 4524 ea
2510 4481 2580 4525 est
2618 4472 2713 4525 viri
2736 4488 2849 4525 cum
2890 4489 3047 4527 uxore
3073 4473 3314 4540 conditio,
3347 4475 3547 4543 expedit
3578 4476 3753 4527 matri-

2166 4561 2391 4614 monium
2430 4578 2533 4615 non
2559 4562 2874 4627 contrahere,
2906 4563 3204 4632 reSpondit,
3234 4563 3368 4619 Sunt
3395 4564 3633 4627 eunuchi,
3662 4565 3750 4632 qui

2163 4655 2234 4708 sei
2237 4670 2353 4724 psos
2365 4663 2572 4725 prapter
2585 4655 2781 4708 caeleste
2796 4672 3005 4726 regnum
3023 4665 3306 4709 castrarunt
3323 4654 3535 4724 (Matth.
3552 4658 3577 4710 1
3587 4656 3638 4711 9.
3659 4656 3745 4711 10.

2165 4742 2274 4815 12).
2303 4742 2399 4799 Ubi
2426 4744 2567 4798 enim
2594 4744 2779 4814 ingens
2801 4754 2881 4799 est
2911 4754 3054 4799 recte
3074 4745 3288 4810 factum,
3313 4755 3471 4815 atque
3502 4746 3620 4801 ideo
3649 4762 3748 4801 nec

2162 4835 2264 4889 sub
2293 4836 2545 4904 praecepti
2595 4837 2912 4890 necessitate
2941 4836 3296 4901 concluditur,
3330 4836 3747 4906 exSpectaudum

2164 4934 2247 4981 est
2269 4926 2595 4981 desiderium
2626 4942 2811 4981 eorum
2838 4928 2926 4997 qui
2956 4942 3021 4981 eo
3050 4928 3375 4998 perfuncturi
3399 4937 3540 4991 sunt,
3570 4938 3625 4982 et
3646 4929 3747 4981 alia

2164 5016 2388 5086 quadam
2435 5018 2642 5072 ratione
2673 5033 2773 5072 nec
2808 5027 3053 5088 SUSpeeta
3088 5020 3295 5072 animus
3340 5019 3404 5071 iis
3447 5026 3606 5088 atque
3634 5028 3745 5073 stu-

2161 5109 2306 5162 dium
2335 5117 2418 5163 est
2444 5110 2736 5178 parandum
2768 5128 2779 5163 :
2811 5109 2950 5180 quod
2991 5110 3206 5179 quidem
3242 5118 3297 5165 et
3334 5109 3574 5164 Christus
3601 5110 3743 5165 fecit.

2158 5199 2340 5269 Neque
2379 5201 2519 5254 enim
2565 5216 2658 5255 eos
2689 5201 2792 5254 ulla
2841 5201 2910 5255 de
2949 5201 3247 5271 virginitate
3290 5201 3649 5269 disputatione
3680 5205 3733 5257 in

2159 5292 2476 5360 virginitatis
2524 5293 2756 5347 studium
2811 5293 3077 5362 c0ujecit,
3132 5292 3226 5347 sed
3283 5292 3349 5346 de
3398 5293 3737 5348 matrimonio

2160 5388 2335 5441 solum
2364 5388 2633 5457 loquutus,
2659 5388 2709 5440 in
2734 5386 2954 5455 ejusque
2980 5384 3292 5439 difficultate
3314 5396 3742 5439 couunonstran-

2086 5548 2093 5551 .
2156 5479 2221 5534 da
2263 5478 2471 5533 haereus
2515 5489 2673 5549 atque
2698 5480 3099 5547 conquiescens,
3128 5493 3240 5532 rem
3285 5478 3420 5533 adeo
3457 5479 3743 5548 prudenter

2156 5574 2464 5628 moderatus
2488 5583 2587 5638 est,
2614 5582 2668 5625 ut
2690 5572 2778 5641 qui
2802 5571 2869 5625 de
2894 5586 2996 5624 non
3019 5570 3382 5626 contrahendo
3405 5571 3743 5625 matrimonio

2156 5666 2286 5720 nihil
2313 5666 2621 5729 audissent,
2656 5678 2748 5718 sua
2779 5672 2968 5732 sponte
2996 5661 3265 5729 dicerent,
3317 5664 3536 5735 Expedit
3561 5673 3736 5716 mam-

2156 5756 2380 5809 monium
2424 5772 2524 5807 non
2572 5753 2866 5807 contrahere
2905 5752 3078 5822 (Ibid.
3125 5770 3173 5806 υ.
3219 5753 3342 5823 10).
3394 5754 3564 5821 Atque
3621 5751 3740 5805 ideo

2162 5847 2319 5905 ctiam
2354 5847 2569 5916 I'aulus,
2600 5843 2795 5902 Christi
2829 5845 3080 5909 imitator,
3114 5844 3187 5900 De
3214 5842 3389 5915 quibus
3415 5854 3615 5911 autem,
3657 5842 3730 5897 in.
