4016 6154
224 434 351 490 5ίῖ

219 551 354 618 quit,
385 547 508 599 mihi
532 544 809 615 scripsistis
828 559 848 598 :
868 543 1012 599 velut
1049 558 1108 596 se
1137 540 1201 595 iis
1228 538 1404 595 verbis
1428 537 1485 595 in
1510 536 1647 590 hanc
1675 549 1801 613 seu-

222 640 449 692 tcntiam
472 651 706 708 purgans
730 654 743 689 :
772 634 1032 705 Equidem
1066 646 1162 686 vos
1187 630 1252 685 ad
1280 628 1505 685 sublime
1528 626 1627 681 hoc
1655 624 1801 679 fasti-

220 731 362 799 gium
388 738 601 798 propter
627 727 701 782 rei
723 724 1089 781 difttcultatem
1107 720 1374 779 adducere
1394 732 1496 771 non
1519 714 1800 769 audebam.

220 820 371 873 Nune
409 834 538 873 vero
587 833 709 872 cum
763 817 969 887 priores
1022 813 1120 883 ipsi
1184 812 1250 866 ad
1298 825 1384 865 me
1439 806 1801 876 seripseritis,

223 912 392 965 fidens
417 910 643 965 demunt
660 907 902 963 consulo.
941 905 1047 960 Cur
1078 905 1221 958 enim
1262 917 1385 958 eum
1413 900 1593 954 multis
1618 897 1685 951 de
1716 911 1804 951 re-

223 1002 327 1054 bus
347 1000 693 1068 scripserint,
739 1012 1003 1066 nusquam
1043 995 1097 1048 id
1140 992 1377 1063 adjecit?
1420 989 1572 1045 Nulla
1602 988 1704 1042 alia
1736 985 1804 1039 de

219 1106 400 1153 causa,
431 1106 587 1161 quam
614 1105 675 1145 ea
696 1131 711 1154 ,
755 1100 916 1158 quam
958 1100 1100 1141 nunc
1125 1083 1269 1148 dixi;
1298 1098 1368 1138 ne
1396 1081 1513 1150 quis
1538 1077 1680 1133 enim
1707 1091 1802 1130 eo-

223 1183 578 1237 bet-tationem
606 1181 784 1252 inique
810 1180 1110 1247 acciperet,
1137 1174 1321 1230 literas
1344 1172 1442 1235 eis,
1475 1182 1606 1239 quas
1631 1167 1805 1221 misis-

230 1277 372 1328 διίιῑ,
394 1270 460 1316 ad
490 1279 688 1317 melilOl
705 1267 810 1315 iam
835 1272 1077 1317 revocat.
1106 1262 1182 1316 Ae
1205 1280 1273 1318 ne
1290 1264 1369 1319 sic
1398 1262 1618 1332 quidem
1636 1274 1799 1314 ocea-

231 1358 438 1410 sionem
461 1372 581 1433 eatn
604 1362 799 1409 nactus
816 1356 1276 1411 vehementiorem
1304 1356 1529 1410 adhibet
1551 1351 1801 1407 admoni-

232 1451 460 1511 tionem,
491 1447 586 1502 sed
618 1446 911 1501 admodum
943 1447 1255 1515 benignam,
1279 1447 1334 1501 in
1363 1461 1430 1501 eo
1455 1446 1617 1500 etiam
1643 1443 1802 1500 Chri-

231 1550 377 1594 stum
405 1540 649 1593 imitatus
684 1558 697 1593 :
723 1552 849 1593 nam
878 1537 1139 1595 Servator
1171 1539 1423 1596 absoluto
1455 1552 1707 1593 sermone
1732 1536 1802 1591 de

231 1631 543 1699 virginitate
556 1628 900 1695 addidit,Qui
914 1638 1082 1698 potest
1095 1645 1281 1698 capere
1292 1627 1699 1697 capiatr(.ilatth.
1712 1627 1732 1678 1
1745 1625 1798 1681 9.

230 1724 340 1789 i2).
370 1723 511 1788 Quid
532 1722 699 1792 igitur
713 1723 822 1777 ait?
844 1723 917 1776 De
931 1723 1121 1794 quibus
1140 1733 1319 1776 autem
1335 1720 1464 1774 mihi
1476 1719 1791 1788 scripsistis,

230 1812 420 1867 bonum
443 1812 733 1868 esthomiui
749 1813 1017 1868 mulierem
1042 1829 1147 1868 non
1162 1821 1373 1882 tangere
1401 1811 1447 1882 (Ι
1464 1849 1475 1860 .
1501 1809 1629 1867 Cor.
1651 1810 1702 1864 7.
1724 1810 1800 1881 1).

292 1899 430 1953 λιν.
477 1898 701 1965 Objectio
746 1912 918 1953 eorum
965 1896 1051 1961 qui
1095 1894 1428 1964 virginitatem
1476 1891 1715 1961 ejiciunt,
1758 1897 1803 1941 ct

220 1988 636 2045 salttum—Sed
685 1986 914 2042 fortasse
954 1985 1097 2040 dicat
1137 1984 1363 2051 aliquis:
1390 1982 1459 2035 At
1500 1980 1546 2034 si
1586 1986 1802 2048 prtestet

221 2081 501 2135 mulierem
539 2095 643 2134 non
674 2087 909 2147 tangere,
937 2092 1039 2146 qua
1061 2075 1131 2130 de
1158 2088 1315 2129 causa
1344 2074 1394 2126 in
1422 2073 1580 2125 vitam
1612 2070 1803 2123 invasit

221 2172 647 2226 matrimonium?
671 2172 935 2239 Quorsum
960 2178 1134 2222 autem
1164 2168 1385 2220 muliere
1417 2175 1648 2231 utemur,
1680 2179 1800 2234 qua:

220 2278 391 2331 neque
435 2263 503 2316 ad
541 2261 973 2324 matrimonium,
1020 2273 1192 2328 neque
1232 2257 1298 2312 ad
1338 2257 1628 2311 liberorum
1670 2271 1801 2326 pro-

220 2355 547 2409 creationem
591 2352 825 2409 serviat?
876 2350 1080 2422 Ecquid
1123 2364 1252 2404 vero
1297 2347 1599 2418 prohibebit
1643 2362 1804 2403 omne

221 2447 496 2501 hominum
522 2462 689 2516 genus
727 2445 931 2511 deleri,
963 2459 1087 2499 cum
1112 2451 1168 2496 et
1196 2456 1340 2496 mors
1367 2440 1420 2496 id
1444 2440 1681 2511 quotidie
1704 2438 1802 2493 dc-

219 2546 403 2607 pascat
429 2551 494 2591 ac
520 2535 786 2603 concidat,
814 2544 870 2590 et
895 2548 955 2590 ea
983 2533 1245 2614 sententia
1274 2532 1406 2588 alios
1435 2531 1486 2586 in
1520 2531 1801 2586 defuncto-

223 2646 343 2681 rum
367 2630 541 2684 locum
566 2628 847 2687 restituere
873 2642 977 2680 non
1006 2625 1310 2695 permittat?
1343 2623 1479 2680 Nam
1518 2624 1563 2679 si
1604 2623 1802 2678 bonum

218 2725 269 2777 id
304 2722 534 2777 universi
559 2730 932 2776 consectentur
953 2758 969 2782 ,
1017 2733 1118 2775 nec
1163 2717 1414 2773 mulieres
1439 2715 1760 2786 attingamus
1781 2756 1798 2782 ,

218 2814 397 2867 omnia
443 2812 774 2875 dilabentur,
811 2820 866 2864 et
918 2810 1112 2874 urbes,
1165 2817 1221 2864 et
1271 2808 1491 2873 domus,
1546 2816 1601 2863 et
1645 2807 1792 2878 agri,

182 2917 268 2969 ,et
304 2914 467 2969 artes,
523 2912 580 2959 et
626 2903 960 2966 animantes,
1013 2910 1068 2957 et
1115 2902 1329 2971 stirpes.
1373 2900 1442 2957 Ut
1486 2901 1628 2955 cnim
1670 2915 1797 2970 pro-

216 3004 383 3050 strato
422 2996 741 3064 imperatore
786 2993 927 3062 cogit
964 2992 1253 3051 necessitas
1280 3007 1493 3047 omnem
1536 2992 1801 3048 exercitus

214 3087 458 3141 ordinem
487 3085 732 3155 dissipari
761 3084 874 3141 :sic
903 3085 1146 3147 homine,
1194 3085 1523 3140 terrestrium
1559 3086 1798 3140 onmium

216 3192 363 3247 rege,
391 3174 714 3231 matrimonii
744 3175 974 3242 defectu,
1006 3175 1288 3243 exstincto,
1331 3186 1646 3231 etcterorum
1669 3176 1799 3230 nihil

217 3270 633 3325 incolumitatem
660 3283 809 3324 suam
838 3268 1191 3338 ordinemque
1210 3268 1469 3334 tuebitur;
1500 3269 1574 3323 ita
1599 3267 1798 3324 bellum

218 3359 320 3413 hoc
374 3359 670 3415 consilium
708 3359 1002 3414 innumeris
1050 3358 1236 3413 orbem
1274 3357 1443 3412 malis
1491 3357 1795 3427 complebit.

216 3451 506 3505 Enimvero
524 3450 569 3504 si
588 3448 704 3503 haec
725 3449 954 3503 hostium
977 3448 1149 3504 solum
1169 3458 1328 3518 atque
1347 3448 1636 3502 infidelium
1657 3447 1798 3503 dicta

214 3551 424 3603 essent,
454 3557 517 3596 ea
547 3541 697 3611 parti
735 3539 1040 3599 duxissem;
1070 3538 1163 3594 sed
1191 3554 1313 3594 cum
1345 3553 1408 3596 ea
1437 3538 1591 3594 multi
1615 3542 1799 3609 etiam,

213 3633 302 3701 qni
330 3631 396 3685 ad
425 3630 714 3687 Ecclesium
747 3640 991 3709 specutre
1010 3633 1320 3700 videantur,
1340 3635 1538 3704 jactent
1558 3675 1573 3700 ,
1607 3634 1800 3704 ingenii

217 3723 420 3801 ignavia
474 3723 790 3799 virginitatis
845 3728 1070 3784 sudores
1122 3730 1510 3787 detrectantes?
1551 3729 1799 3796 illamque

214 3820 519 3875 damnando
541 3829 597 3874 et
622 3819 775 3891 nauci
819 3817 1063 3872 faciendo
1104 3817 1403 3872 socordiam
1443 3833 1590 3872 suam
1620 3829 1799 3888 tegere

215 3913 454 3966 volentes
473 3933 501 3977 ς
526 3919 584 3965 ιιι
611 3926 718 3965 non
749 3909 1069 3979 negligentia
1096 3908 1322 3978 quadam
1349 3947 1366 3973 ,
1405 3907 1497 3962 sed
1535 3919 1682 3962 recto
1713 3924 1797 3962 ra-

215 4005 375 4059 tionis
409 4002 610 4072 judicio
636 4002 704 4057 ab
732 4016 798 4056 eo
842 4000 1131 4057 certamine
1184 3997 1441 4068 refugisse
1489 3998 1797 4054 videantur:

212 4111 333 4167 age.
360 4093 602 4149 hostibus
625 4093 894 4158 dimissis;
922 4092 1170 4147 Animalis
1190 4092 1323 4145 enim
1345 4091 1493 4144 homo
1538 4108 1639 4146 non
1660 4094 1797 4163 capit

210 4201 325 4243 qua
339 4184 565 4253 Spiritus
579 4194 717 4248 sunt,
735 4183 924 4254 quippe
944 4197 1059 4253 qua:
1082 4183 1183 4236 sint
1198 4182 1242 4236 ci
1263 4182 1479 4238 stultitia
1502 4184 1550 4253 (l
1563 4221 1576 4235 .
1598 4181 1716 4238 Cor.
1737 4183 1793 4237 2.

214 4277 328 4345 Η),
360 4277 448 4345 qui
476 4291 534 4329 se
565 4287 778 4330 nostros
807 4274 1046 4343 ﬁngunt,
1081 4281 1371 4343 utrumque
1403 4274 1710 4340 doceamus,
1742 4285 1796 4330 et

218 4376 422 4421 tantum
451 4366 640 4421 abesse
669 4375 727 4420 ut
755 4380 844 4421 res
868 4365 1023 4420 nauci
1054 4365 1160 4432 sit,
1205 4373 1261 4419 ut
1288 4364 1440 4419 valde
1465 4365 1625 4423 etiam
1654 4365 1795 4422 utilis

210 4460 281 4510 sit
327 4471 392 4510 ac
438 4456 737 4510 nentessaria
763 4495 778 4519 ,
829 4470 1001 4525 neque
1044 4456 1438 4511 accusationem
1485 4471 1603 4510 eam
1652 4457 1796 4526 ipsos

211 4550 427 4618 impune
467 4548 700 4609 laturos,
745 4546 841 4604 sed
889 4556 1091 4602 tantum
1123 4548 1187 4602 iis
1217 4547 1435 4617 periculi
1476 4549 1791 4617 allaturam,

209 4650 465 4707 quantum
489 4639 830 4708 pra'miorum
853 4645 1012 4707 atque
1036 4638 1204 4693 laudis
1226 4639 1309 4703 iis,
1329 4639 1416 4708 qui
1439 4639 1792 4709 virginitatem
1817 4698 1822 4703 ,

208 4731 488 4786 eolucrint.
520 4729 654 4785 Nam
687 4730 788 4785 hoc
813 4739 1122 4785 constructo
1151 4730 1369 4795 mundo,
1401 4740 1456 4786 et
1480 4731 1545 4786 iis
1572 4731 1790 4801 paratis,

207 4838 329 4894 qua:
358 4822 425 4877 ad
454 4823 684 4894 quietem
715 4832 769 4878 et
796 4838 946 4877 usum
975 4832 1214 4878 nostrum
1242 4823 1627 4887 conducebant,
1653 4825 1793 4881 Deus
1817 4883 1820 4886 ,

210 4915 478 4969 hominem
504 4914 674 4978 finxit,
697 4914 849 4983 cujus
867 4915 1027 4969 etiam
1047 4928 1209 4970 causa
1230 4915 1482 4970 mundutn
1506 4915 1797 4974 fabricatus

207 5015 310 5060 est.
342 5005 392 5060 ls
423 5021 551 5062 vero
580 5005 837 5060 formatus
865 5006 917 5060 in
945 5006 1191 5076 paradiso
1214 5006 1461 5077 degebat,
1486 5021 1585 5063 nec
1605 5008 1792 5062 matri-

207 5098 371 5152 monii
402 5098 507 5152 ulla
535 5100 769 5164 mentio;
798 5113 934 5168 opus
966 5107 1084 5154 erat
1110 5099 1161 5153 ei
1186 5099 1349 5155 etiam
1378 5099 1668 5169 adiutrice;
1697 5099 1794 5154 ad-

204 5189 370 5246 hibita
397 5201 514 5246 est:
538 5207 606 5247 ne
641 5192 720 5247 sic
745 5191 960 5262 quidem
987 5191 1382 5246 matrimonium
1411 5192 1580 5247 visum
1608 5206 1794 5246 neces-

203 5282 401 5335 sarium
427 5290 526 5335 cst.
553 5282 634 5336 Ae
678 5296 851 5351 neque
884 5281 1011 5339 dum
1039 5281 1314 5345 exstabat,
1345 5289 1401 5337 et
1447 5282 1500 5336 in
1542 5281 1792 5351 paradiso

205 5372 349 5425 velut
370 5371 503 5426 eaalo
527 5373 756 5441 quodam
787 5372 903 5442 ejus
944 5382 1195 5442 expertes
1218 5371 1514 5442 degebant,
1544 5384 1703 5442 atque
1738 5373 1789 5427 in

206 5465 298 5519 Dei
334 5465 721 5519 consuetudine
764 5464 1082 5523 suavissime
1124 5463 1489 5535 quiescebant.
1536 5462 1790 5518 Miscendi

203 5562 380 5609 autem
422 5553 663 5624 corporis
712 5553 903 5620 ardor,
948 5553 1251 5622 conceptio,
1300 5551 1536 5617 dolores,
1568 5564 1784 5622 partus,

202 5659 361 5720 atque
386 5663 547 5703 omne
574 5663 741 5718 genus
769 5647 1089 5717 corruptelx
1113 5662 1181 5703 ex
1206 5662 1391 5702 eorum
1412 5647 1604 5702 animis
1629 5664 1786 5704 exsu-

199 5738 345 5797 labat
363 5781 377 5807 ,
424 5748 479 5795 et
514 5741 658 5795 velut
685 5739 858 5795 amnis
882 5737 1192 5807 perspicuus
1215 5752 1247 5793 e
1272 5738 1473 5808 liquido
1501 5738 1646 5795 fonte
1674 5754 1785 5794 ma-

198 5847 355 5903 nans,
382 5833 462 5890 sic
490 5831 619 5887 inibi
641 5830 867 5903 agebant
892 5829 1192 5901 virginitate
1217 5829 1411 5888 ornati.
1436 5830 1512 5887 Ac
1537 5840 1645 5888 tum
1666 5843 1782 5888 erat

932 426 991 484 S.
1028 422 1304 482 JOANNIS
1340 416 1820 479 CIIRYSOSTOMI
1861 413 2757 495 ARGIIEREUNSTANTINOP.

3393 411 3495 467 544

1915 541 2055 587 terra
2082 532 2149 587 ab
2174 530 2476 587 hominibus
2501 546 2700 609 vacua;
2740 528 2790 584 id
2821 526 2961 600 quod
2994 542 3134 583 nunc
3161 535 3413 581 verentur
3442 527 3492 582 hi

1911 623 2056 676 orbis
2076 632 2372 689 curatores,
2393 624 2480 693 qui
2504 639 2624 676 eum
2649 622 2716 676 de
2738 621 2926 674 alienis
2951 618 3094 674 serio
3119 619 3493 680 sollicitentur,

1911 716 1978 769 de
2004 715 2114 768 suis
2144 730 2210 769 ne
2254 715 2487 785 cogitare
2514 713 2725 783 quidem
2757 708 3054 774 sustinent;
3102 707 3273 778 deque
3319 707 3493 760 homi-

1912 820 2039 859 num
2064 805 2445 859 communitate
2476 819 2542 859 nc
2570 804 2795 857 intereat
2832 800 3011 867 anxii,
3058 798 3292 853 animum
3339 813 3491 853 suum

1914 903 2181 966 tamquam
2227 896 2456 951 alienum
2505 894 2695 964 singuli
2741 893 3033 963 negligunt,
3082 906 3203 944 cum
3251 889 3317 944 ad
3373 892 3517 945 eum"

1911 989 2050 1059 quod
2079 989 2288 1051 attinet,
2320 988 2404 1042 vel
2432 986 2497 1041 de
2526 984 2758 1040 minimis
2786 984 2947 1038 rebus
2972 997 3161 1037 severe
3184 981 3247 1033 ad
3281 995 3492 1050 pinnam

1912 1079 2133 1135 voeandi
2165 1080 2292 1145 sittt,
2317 1089 2372 1134 et
2397 1077 2535 1148 quod
2558 1077 2623 1132 ad
2649 1076 2919 1130 hominum
2941 1074 3130 1128 attinet
3153 1075 3519 1143 pauciuttem,‘

1911 1189 2012 1230 nec
2056 1175 2324 1229 levissime
2375 1176 2634 1229 rationem
2685 1172 2965 1228 reddituri.
3015 1170 3131 1225 Non
3181 1181 3335 1225 erant
3384 1178 3492 1222 tum

1911 1265 2132 1335 oppida,
2166 1281 2271 1319 non
2298 1275 2472 1328 artes,
2504 1279 2609 1318 non
2635 1263 2860 1327 domus;
2897 1262 3093 1317 etenim
3136 1259 3251 1314 htec
3285 1274 3495 1329 quoque

1912 1371 2016 1407 non
2059 1355 2336 1409 minimum
2365 1354 2597 1419 curatis;
2642 1353 2734 1407 sed
2776 1352 2890 1406 lucc
2919 1366 3025 1405 non
3056 1357 3243 1416 erant,
3286 1356 3339 1403 et
3365 1346 3493 1401 nihil

1912 1454 2086 1500 tamen
2114 1447 2320 1501 beatam
2353 1447 2494 1501 illaut
2518 1447 2678 1501 vitam
2718 1440 2877 1513 atque
2907 1445 3006 1498 hac
3040 1444 3195 1513 longe
3221 1442 3491 1496 meliorem

1910 1539 2230 1608 impediebat
2244 1549 2338 1593 aut
2357 1539 2620 1593 turbabat.
2640 1541 2707 1593 At
2723 1547 3001 1608 postquam
3028 1536 3135 1591 Deo
3155 1552 3259 1590 non
3282 1534 3492 1589 obtem~

1909 1640 2187 1699 perarunt,
2216 1641 2271 1685 et
2298 1617 2437 1686 terra
2467 1638 2625 1699 atque
2652 1629 2787 1684 cinis
2816 1628 2987 1682 cfl'o-cti
3018 1635 3162 1691 sunt,
3191 1642 3311 1680 cum
3341 1625 3496 1681 beata

1909 1737 1970 1776 ea
2017 1723 2122 1777 vita
2167 1722 2483 1794 virginitatis
2525 1723 2685 1776 etiam
2734 1721 2898 1776 decus
2945 1720 3307 1791 perdiderunt,
3331 1728 3496 1788 atque

1908 1829 2012 1868 una
2039 1830 2162 1869 cum
2194 1815 2302 1870 Deo
2328 1815 2487 1871 etiam
2516 1815 2603 1869 illa
2642 1830 2737 1869 eos
2770 1814 3025 1869 deserens
3052 1813 3325 1868 abscessit.
3352 1811 3487 1869 Nam

1907 1905 2158 1974 quamdiu
2187 1920 2220 1960 a
2246 1905 2458 1960 diabolo
2480 1905 2661 1959 invicti
2686 1903 2966 1959 Detttinum
2992 1919 3146 1959 suum
3176 1900 3493 1957 revereban-

1910 2008 2016 2063 tur,
2057 1998 2308 2053 manebat
2350 1998 2647 2068 virginitas,
2697 2012 2790 2052 eos
2817 2012 3083 2053 exornans
3126 1995 3293 2065 magis
3332 2010 3493 2064 quam

1909 2104 2061 2159 rcges
2087 2089 2333 2145 diadema
2378 2099 2432 2153 et
2473 2105 2636 2143 aurea
2680 2088 3015 2142 vesﬁmenta.
3046 2087 3117 2140 At
3145 2086 3233 2140 ubi
3258 2084 3479 2154 captivi,

1907 2180 2054 2248 regio
2087 2178 2186 2233 hoc
2215 2180 2412 2233 amictu
2442 2188 2662 2247 erepto,
2689 2177 3003 2248 abjectoque
3028 2176 3224 2232 caelesti
3255 2185 3446 2231 ornatu
3471 2216 3489 2244 ,

1907 2269 2093 2322 mortis
2118 2269 2501 2336 corruptelam,
2532 2268 2637 2321 iras
2653 2309 2669 2333 ,
2692 2267 2983 2330 cruciatus,
3008 2280 3072 2320 ac
3100 2280 3366 2322 aerumnas
3391 2278 3484 2318 ae-

1906 2368 2186 2428 ecperunt,
2246 2367 2356 2412 tum
2404 2372 2534 2413 vero
2577 2373 2700 2413 eum
2747 2358 2815 2412 iis
2855 2355 3251 2411 matrimonium
3295 2358 3479 2421 subiit,

1907 2447 2133 2502 mortale
2177 2447 2279 2503 hoc
2317 2457 2372 2504 et
2414 2447 2607 2504 servile
2649 2448 3055 2512 vestimentum;
3102 2461 3223 2499 nam
3253 2445 3349 2512 Qui
3375 2461 3502 2515 cum,

1905 2554 2063 2591 more
2089 2548 2184 2601 est,
2217 2538 2405 2608 inquit,
2435 2554 2610 2593 eorum
2639 2538 2888 2593 sollicitus
2911 2545 3005 2603 est,
3035 2552 3148 2606 qua:
3168 2546 3287 2591 sunt
3316 2542 3493 2594 mutuli

1907 2630 1985 2699 (i.
2017 2629 2136 2685 Cor.
2171 2632 2225 2682 7.
2256 2630 2371 2702 5'5).
2406 2630 2594 2685 Vidcn’
2622 2629 2763 2686 unde
2791 2629 2999 2684 initium
3030 2628 3275 2684 habuerit
3302 2630 3490 2683 matri-

1907 2722 2164 2783 monium,
2194 2722 2335 2776 unde
2360 2721 2720 2776 necessarium
2747 2720 2915 2776 visum
2937 2720 3041 2775 sit?
3069 2720 3153 2775 Ab
3178 2719 3489 2776 inobedien-

1910 2811 2000 2872 tia,
2032 2811 2164 2864 diris
2192 2820 2351 2880 atque
2385 2820 2578 2864 morte.
2614 2809 2745 2864 Nam
2778 2808 2865 2865 ubi
2894 2825 3037 2865 mors
3061 2818 3178 2875 est,
3209 2810 3279 2863 ibi
3307 2810 3489 2864 matri-

1906 2903 2139 2955 monium
2164 2942 2180 2968 ,
2209 2917 2317 2972 quo
2342 2902 2554 2957 sublato
2592 2916 2766 2972 neque
2791 2901 2880 2956 illa
2904 2901 3265 2972 Consequitur.
3291 2903 3360 2956 At
3382 2918 3488 2956 non

1904 2992 2263 3063 virginitatem
2290 2992 2404 3047 lucc
2431 3001 2753 3062 sequuntur,
2780 2991 2875 3048 sed
2899 3007 3112 3062 semper
3141 2993 3279 3052 utilis
3298 3034 3312 3058 ,
3346 3008 3489 3049 sem-

1907 3100 2001 3154 per
2026 3085 2192 3139 fausta
2215 3095 2374 3153 atque
2396 3083 2540 3151 felix,
2564 3092 2617 3140 et
2636 3092 2759 3139 ante
2775 3092 3001 3138 mortem
3024 3094 3078 3138 et
3100 3093 3217 3152 post
3238 3093 3486 3151 mortem,

1903 3186 1958 3231 et
2001 3184 2124 3231 ante
2166 3175 2561 3230 matrimonium
2613 3184 2669 3230 et
2717 3183 2837 3245 post
2881 3175 3296 3229 matrimonium.
3343 3175 3488 3230 Cedo

1904 3266 2043 3320 enim
2071 3305 2087 3331 ,
2136 3264 2276 3335 quod
2310 3264 2705 3320 matrimonium
2746 3264 3006 3319 Adamum
3051 3265 3370 3334 procrearit,
3398 3265 3486 3334 qui

1905 3358 2069 3413 Evam
2100 3367 2284 3427 partus
2303 3356 2551 3412 dolores?
2579 3356 2920 3427 Nequaquam
2941 3357 3159 3412 dixeris.
3177 3355 3313 3423 Quid
3331 3357 3488 3428 igitur

1903 3464 2039 3504 vane
2083 3449 2270 3503 tremis
2298 3464 2360 3504 ac
2389 3448 2678 3513 formidas,
2719 3464 2788 3504 ne
2826 3449 3166 3503 matrimonio
3211 3448 3487 3503 desinente

1913 3548 2212 3601 humanum
2236 3544 2397 3597 etiam
2432 3555 2601 3611 genus
2630 3538 2928 3599 desiturum
2955 3543 3027 3598 sit
3083 3539 3242 3617 (Dan.
3272 3540 3326 3598 Ἰ.
3356 3538 3487 3615 40)?

1907 3635 2093 3690 Decies
2123 3635 2321 3689 millies
2344 3635 2479 3689 dena
2507 3635 2672 3689 millia
2693 3636 3001 3706 angelorum
3027 3636 3136 3690 Deo
3159 3636 3483 3702 ministrant,

1905 3722 2052 3777 mille
2080 3723 2242 3778 millia
2267 3725 2708 3796 archangclorum
2736 3724 2873 3794 apud
2895 3740 3014 3779 eum
3037 3724 3286 3789 adstant;
3314 3741 3487 3792 neque

1902 3831 2086 3871 eorum
2118 3818 2394 3886 quisquam
2428 3817 2824 3889 propagatione,
2853 3823 2946 3871 aut
2975 3828 3147 3886 partu,
3190 3831 3254 3871 ae
3291 3817 3487 3871 dolori-

1904 3910 2042 3975 bus,
2091 3919 2146 3966 et
2190 3911 2541 3980 cenccptione
2590 3920 2900 3982 procreatus
2943 3917 3045 3964 est.
3095 3907 3276 3977 Itaque
3319 3910 3486 3962 multo

1904 4004 2071 4074 magis
2096 4003 2340 4058 homines
2360 4004 2494 4057 citra
2515 4002 2909 4057 matrimonium
2929 3999 3200 4064 finxisset;
3231 3999 3485 4068 quemad-

1908 4095 2123 4151 modum
2155 4104 2211 4150 et
2244 4095 2445 4165 primos
2472 4094 2650 4159 tinxit,
2696 4093 2839 4148 unde
2877 4092 3120 4146 homines
3145 4107 3331 4147 omnes
3358 4090 3481 4146 orti.

1971 4186 2089 4242 XV.
2135 4186 2511 4241 Matrimonium
2537 4201 2692 4256 genus
2714 4193 2939 4238 nostrum
2964 4199 3064 4237 non
3093 4199 3298 4253 augere.
3324 4183 3484 4236 -—Ac

1902 4296 2045 4336 nunc
2063 4295 2233 4350 genus
2271 4287 2514 4333 nostrum
2546 4276 2846 4346 frequentat
2872 4291 2978 4329 non
3025 4274 3350 4329 matrimonii
3383 4274 3482 4338 vis,

1901 4371 1995 4427 sed
2027 4372 2232 4426 Domini
2263 4371 2372 4439 jam
2402 4369 2557 4425 initio
2581 4368 2803 4431 dictum,
2836 4367 3051 4421 Crescite
3088 4376 3133 4420 et
3174 4367 3485 4437 multiplica-

1905 4478 1933 4512 t:
1955 4464 2046 4527 ini,
2074 4473 2121 4518 et
2147 4463 2331 4531 replete
2357 4471 2546 4516 terram
2575 4459 2724 4531 (Gen.
2751 4462 2802 4514 1.
2828 4458 2942 4533 28).
2975 4459 3109 4528 Quid
3140 4459 3283 4514 enim
3318 4459 3482 4511 Abra-

1902 4556 2062 4611 hamo
2087 4554 2151 4609 ad
2193 4554 2394 4608 liberos
2423 4552 2716 4624 gignendos
2743 4568 2830 4607 res
2861 4552 2958 4605 ista
3004 4551 3238 4621 profuit?
3268 4565 3334 4603 au
3377 4564 3481 4601 non

1900 4663 1964 4703 ea
1993 4656 2070 4703 tot
2093 4660 2265 4700 annos
2304 4659 2453 4711 usus,
2488 4644 2701 4699 tandem
2750 4643 2888 4699 hanc
2913 4657 3094 4698 vocem
3123 4642 3343 4698 emisit:
3377 4640 3482 4693 Do-

1901 4742 2054 4809 mine,
2081 4739 2322 4811 quidnam
2351 4740 2474 4792 mihi
2502 4739 2714 4793 daturus
2742 4754 2814 4801 es,
2843 4753 2957 4790 cum
2991 4735 3098 4789 sine
3126 4733 3293 4794 liberis
3337 4735 3483 4809 dece-

1900 4833 2018 4887 dam
2051 4830 2201 4903 (Gen.
2227 4829 2313 4885 15.
2334 4827 2432 4902 2)?
2458 4828 2638 4899 Itaque
2661 4835 2718 4881 ιη
2746 4835 2856 4881 tum
2885 4840 2951 4879 ex
2977 4823 3149 4878 effetis
3168 4822 3499 4905 corporibus

1842 4974 1853 4981 .
1900 4925 2042 4980 Deus
2082 4930 2166 4977 tot
2191 4921 2428 4977 millibus
2466 4918 2727 4990 originem
2757 4925 2915 4986 atque
2946 4914 3151 4967 inilittm
3197 4912 3362 4978 dedit,
3404 4914 3484 4967 sic

1901 5007 2183 5084 principio,
2209 5011 2255 5065 si
2282 5010 2399 5079 ejus
2425 5009 2588 5080 jussis
2618 5007 2876 5061 obediens
2905 5004 3140 5059 Adamus
3162 5001 3370 5057 arboris
3392 5019 3483 5057 vo-

1899 5106 2154 5175 luptatem
2182 5092 2447 5173 fregisset,
2479 5099 2618 5154 haud
2645 5112 2775 5154 sane
2802 5096 2869 5150 de
2895 5095 2976 5147 via
3025 5094 3338 5157 laborasset,
3379 5110 3482 5163 qua

1899 5195 2193 5250 humanum
2222 5209 2393 5264 genus
2424 5198 2663 5260 augeret.
2693 5187 2878 5256 Neque
2905 5185 3049 5241 enim
3081 5194 3172 5237 aut
3203 5185 3485 5239 matrimo-

1898 5287 2068 5350 nium,
2086 5286 2300 5341 nolente
2320 5285 2446 5347 Deo,
2467 5281 2712 5336 homines
2732 5278 3039 5347 frequentes
3063 5276 3276 5333 efficere
3299 5288 3482 5348 queat,

1897 5389 1990 5434 aut
2016 5377 2312 5448 virginitas,
2339 5375 2552 5429 volente
2577 5389 2642 5428 eo
2671 5371 2972 5441 frequentes
3011 5383 3152 5432 esse,
3189 5369 3484 5421 multitudi-

1898 5486 2020 5526 nem
2062 5469 2287 5523 minuet.
2332 5469 2401 5521 At
2443 5467 2511 5520 ita
2558 5456 2746 5529 voluit,
2791 5461 2982 5531 inquit,
3033 5468 3247 5529 prepter
3278 5472 3375 5512 nos
3420 5472 3484 5510 ac

1897 5572 2137 5633 nostram
2185 5560 2559 5633 pervicaciam.
2592 5557 2723 5611 Nam
2765 5571 2863 5611 cur
2912 5570 3016 5608 non
3047 5564 3170 5608 ante
3214 5550 3484 5618 deceptio-

1897 5630 2019 5712 nem
2060 5630 2456 5708 matrimonium
2491 5646 2727 5720 prodiit?
2754 5661 2850 5701 cur
2879 5660 2983 5700 non
3011 5644 3063 5697 in
3096 5640 3340 5712 paradiso
3371 5639 3484 5694 coi-

1897 5747 2020 5802 tus?
2064 5760 2163 5801 cur
2210 5758 2315 5798 non
2365 5751 2489 5797 ante
2516 5740 2944 5793 maledictioncm
2997 5744 3178 5804 parttts
3229 5730 3482 5784 dolores?

1897 5837 2059 5893 Erant
2089 5849 2279 5905 nempe
2308 5832 2422 5888 haec
2461 5842 2884 5903 supervacanea;
2932 5826 2982 5881 in
3033 5834 3302 5896 posuerunt
3355 5835 3477 5875 vero
