4016 6154
473 264 574 319 543

475 375 614 442 Ἐγὼ
642 373 741 444 μὲν
776 374 871 426 ἐπὶ
898 373 996 442 τὴν
1022 373 1231 446 ὐψηλὴν
1265 376 1470 446 ταύτην
1510 375 1755 447 κορυφὴν
1779 376 1881 429 οὐκ
1905 375 2052 429 ἐτόλ-

467 470 618 528 μωνο
647 459 796 529 ὑμᾶς
825 460 1052 526 ἀγαγεῖν
1064 458 1153 513 διά
1175 460 1240 511 τὸ
1270 459 1366 512 τοῦ
1396 464 1720 530 πράγματος
1751 458 2052 529 δυσκατόρ-

467 543 672 597 θωτον·
721 542 909 612 ἐπειδὴ
958 542 1016 596 δὲ
1059 543 1216 596 αὐτοὶ
1257 543 1565 621 φθάσαντες
1612 542 1890 613 ἐγράψατέ
1939 560 2053 613 μοι,

469 625 606 696 μετά
642 624 737 678 τοῦ
766 625 987 695 θαρρεῖν
1028 626 1287 695 ποιοῦμαι
1333 626 1431 697 τὴν
1481 625 1814 696 συμΰουλήν.
1861 624 1962 677 Διά
1998 624 2055 677 τί

468 712 575 781 γάρ
607 710 746 781 ὑπὲρ
771 709 981 763 πολλῶν
1006 710 1337 780 γραψάντων
1365 712 1593 764 ἐκείνων
1625 709 1863 780 οὐδαμοῦ
1897 706 2057 761 τοῦτο

469 791 804 863 προσέθηκες
835 793 912 845 Δι’
951 793 1102 847 οὐδὲν
1137 793 1325 864 ἕτερον
1361 793 1396 863 ἢ
1431 792 1520 846 διά
1549 793 1706 846 τοῦτο
1738 793 1876 862 ὅπερ
1902 788 2055 844 εἶπον

466 876 562 928 νῦν
582 892 596 906 ο
621 875 706 928 ῖνα
724 876 837 946 γὰρ
867 876 941 945 μή
983 893 1067 939 τις
1105 875 1415 947 δυσχεράνῃ
1445 876 1546 945 τὴν
1571 875 1916 946 παραίνεσιν,
1944 872 2054 926 τῶν

468 958 808 1029 γραμμάτων
845 959 1072 1023 αὐτοὺς,
1126 952 1203 1012 ὧν
1237 959 1488 1029 ἔπεμψαν
1512 960 1563 1022 b,
1606 957 2048 1027 ὑπομιμνήσκει’

470 1042 565 1095 καὶ
585 1042 709 1095 οὐδὲ
735 1040 882 1095 οὓτω
917 1042 1054 1112 μετὰ
1072 1042 1433 1113 σφοδρότητος
1460 1043 1725 1113 κέχρηται
1754 1044 1820 1112 τῇ
1852 1057 2055 1111 παραι-

469 1126 633 1189 νέσει,
665 1126 759 1178 καί
786 1124 961 1179 ταῦτα
990 1126 1261 1197 τοσαύτην
1275 1125 1455 1181 λαϐὼν
1484 1125 1759 1197 ἀφορμὴν,
1790 1123 1930 1179 ἀλλά
1960 1125 2055 1178 καὶ

467 1211 605 1278 ἄγαν
636 1209 965 1280 ὑφειμένως,
1000 1212 1105 1264 κάν
1131 1211 1306 1281 τούτῳ
1337 1211 1671 1281 μιμούμενος
1687 1209 1779 1263 τὸν
1799 1208 2054 1280 Χριστόν.

468 1296 577 1346 Καὶ
622 1293 733 1365 γάρ
786 1296 814 1346 6
849 1294 1041 1365 Σωτὴρ
1076 1294 1217 1364 μετὰ
1244 1294 1308 1348 τὸ
1333 1294 1621 1366 πληρῶσαι
1669 1295 1761 1348 τὸν
1800 1293 1930 1362 περὶ
1954 1292 2055 1362 τῆς

466 1376 765 1446 παρθενίας
793 1376 948 1444 λόγον
975 1378 1344 1448 προσέθηκεν·
1395 1379 1448 1431 '0
1483 1375 1819 1446 δυνάμενος
1844 1374 2056 1444 χωρεῖν

465 1462 741 1528 χωρείτω.
779 1461 845 1513 Τί
877 1456 969 1514 οὖν
1003 1478 1173 1531 φησι;
1216 1462 1352 1530 Περὶ
1385 1461 1454 1514 δὲ
1482 1456 1570 1515 ὧν
1609 1460 1909 1530 ἐγράψατό
1926 1476 2051 1531 μρι,

464 1543 660 1597 καλὸν
688 1543 979 1610 ἀνθρώπῳ
996 1546 1287 1614 γυναικὸς
1308 1545 1394 1614 μὴ
1423 1545 1731 1599 ἅπτεσθαι.

535 1628 630 1680 IA'.
660 1627 799 1680 Ἀλλ’
820 1628 948 1691 ἴσως
962 1627 1106 1682 είποι
1121 1646 1206 1692 τις
1222 1630 1306 1682 ἄν·
1327 1630 1436 1682 Καὶ
1452 1631 1499 1682 εί
1515 1626 1679 1681 καλὸν
1701 1626 1956 1695 γυναικὸς
1973 1626 2050 1696 μὴ

467 1710 755 1777 ἅπτεσθαι,
785 1711 926 1775 tivo;
951 1710 1141 1765 ἕνεκεν
1169 1713 1342 1784 γάμος
1365 1711 1658 1781 ἐπεισῆλθε
1687 1711 1767 1782 τῷ
1789 1710 1917 1781 βίῳ;
1941 1708 2050 1764 Ποῦ

463 1792 520 1845 δὲ
563 1793 749 1847 λοιπὸν
786 1794 1106 1865 χρησόμεθα
1135 1798 1199 1866 τῇ
1250 1794 1506 1863 γυναικὶ,
1555 1795 1691 1865 μήτε
1740 1796 1820 1857 εἰς
1847 1793 2049 1863 γάμον,

470 1876 605 1946 μήτε
630 1877 711 1937 είς
740 1876 1082 1930 παιδοποιίαν
1111 1880 1244 1950 ἡμῖν
1276 1877 1718 1950 χρησιμευούσῃ;
1752 1877 1817 1929 Τί
1839 1878 1895 1930 δὲ
1943 1892 2054 1929 κω-

464 1958 620 2012 λύσει
648 1958 708 2011 τὸ
735 1960 844 2012 τῶν
864 1959 1171 2031 ἀνθρώπων
1206 1961 1350 2015 ἆπαν
1382 1959 1745 2030 ἀφανισθῆναι
1761 1960 1937 2029 γένος,
1955 1957 2051 2014 τοῦ

471 2042 571 2111 μὲν
595 2041 827 2095 θανάτου
861 2043 984 2097 καθ’
1005 2042 1246 2114 ἑκάστην
1267 2043 1401 2098 αὐτὸ
1433 2044 1533 2113 τὴν
1555 2043 1772 2113 ἡμέραν
1800 2046 2054 2115 ἐπινεμο-

469 2125 632 2196 μένου
664 2127 757 2179 καὶ
780 2127 1094 2191 κόπτοντος,
1125 2127 1221 2181 τοῦ
1248 2126 1305 2181 δὲ
1323 2127 1485 2195 λόγου
1512 2127 1833 2183 τούτου-οὐκ
1854 2127 2055 2192 ἐῶντος

466 2209 590 2261 ἀντὶ
613 2209 723 2262 τῶν
754 2210 1063 2263 πιπτόντων
1096 2210 1316 2280 ἐτέρους
1363 2208 1722 2274 ἀνίστασθαι;
1759 2211 1824 2264 Εἰ
1850 2211 1959 2282 γὰρ
1993 2210 2056 2265 τὸ

465 2291 632 2345 καλὸν
658 2292 816 2345 τοῦτο
838 2292 1186 2364 ζηλώσαιμεν
1222 2294 1479 2358 ἅπαντες.
1519 2295 1615 2349 καὶ
1663 2294 1738 2366 μὴ
1774 2295 2055 2366 ἀψαίμεθα

465 2374 765 2442 γυναικῶν,
794 2375 971 2429 πάντα
997 2377 1299 2446 οἰχήσεται,
1335 2379 1430 2430 καὶ
1466 2376 1682 2442 πόλεις.
1728 2378 1824 2432 καί⁵
1861 2378 2052 2443 οίκίαι,

465 2460 558 2512 καὶ
581 2460 762 2527 ἀγριε,
786 2460 882 2513 καὶ
909 2454 1119 2530 τέχναι,
1150 2461 1245 2515 καὶ
1274 2459 1411 2523 ζῶα,
1454 2450 1742 2529 καὶφυτά.
1787 2461 2056 2532 Καθάπερ

464 2542 576 2612 γὰρ
604 2542 699 2595 τοῦ
723 2543 1034 2612 στρατηγοῦ
1068 2544 1328 2608 πεσόντος
1358 2545 1510 2599 ¹πᾶσα
1529 2544 1744 2617 ἀνάγκη
1770 2544 1865 2598 τοῦ
1893 2562 2063 2615 στρα-

463 2626 735 2695 τεύματος
764 2625 1167 2697 διασπασθῆναι
1200 2626 1299 2698 τὴν
1327 2628 1599 2695 εὐταξίαν,
1614 2628 1768 2685 ,οὕτω
1796 2629 1892 2683 τοῦ
1918 2630 2056 2684 πάν-

465 2725 574 2761 των
604 2708 718 2796 τῶν
736 2709 831 2760 ἐπὶ
861 2709 965 2796 γῆς
999 2709 1377 2796 βασιλεύοντος
1395 2711 1693 2796 ,ἀνθρώπου
1725 2711 1815 2765 διά
1850 2711 1947 2766 τοῦ
1980 2711 2055 2783 μὴ

465 2794 663 2863 γαμεῖν
695 2793 1087 2862 ἀφανισθέντος
1106 2833 1121 2858 ,
1164 2795 1318 2848 οὐδὲν
1347 2795 1456 2849 τῶν
1480 2793 1683 2849 λοιπῶν
1716 2796 1809 2850 ἐπὶ
1832 2797 1931 2867 τῆς
1960 2798 2057 2850 αὐ-

468 2877 565 2948 τῆς
592 2876 894 2947 ἀσφαλείας
925 2878 1021 2931 καὶ
1071 2876 1326 2943 εὐταξίας
1354 2878 1619 2949 διαμενεῖ,
1650 2881 1743 2933 καὶ
1793 2879 1854 2933 τὸ
1892 2879 2055 2934 καλὸν

465 2960 624 3024 τοῦτο
656 2961 1028 3033 παράγγελμα
1066 2962 1278 3033 μυρίων
1299 2962 1568 3035 ἐμπλήσει
1609 2962 1707 3035 τὴν
1728 2963 2056 3035 οἰκουμένην

457 3036 676 3099 κακῶν.
727 3045 868 3114 Ἐγὼ
895 3045 975 3110 δὲ,
1008 3048 1056 3099 εί
1089 3047 1190 3117 μὲν
1216 3045 1328 3099 τῶν
1356 3046 1568 3119 ἐχθρῶν
1597 3050 1690 3101 καὶ
1712 3048 1961 3102 ἀπίστων
1985 3044 2055 3120 ῆν

466 3129 625 3183 ταυτὶ
651 3129 811 3199 μόνον
835 3129 905 3182 τὸ.
933 3131 1175 3202 ῥήματα,
1215 3129 1422 3201 βραχὺν
1457 3130 1524 3185 ἂν
1569 3132 1749 3186 αὐτῶν
1789 3134 2055 3204 ἐποιησά-

474 3230 579 3286 μην
598 3212 782 3281 λόγον·
818 3213 1005 3285 ἐπειδὴ
1032 3212 1091 3266 δὲ
1126 3212 1218 3267 καὶ
1241 3212 1350 3267 τῶν
1377 3215 1459 3277 είς
1484 3214 1583 3285 τὴν
1612 3215 1945 3288 Ἐκκλησίαν
1969 3217 2055 3271 δο-

466 3294 708 3349 κούντων
736 3295 1007 3350 συντελεῖν
1028 3296 1215 3351 πολλοὶ
1233 3296 1408 3351 ταῦτα
1427 3297 1756 3368 φθέγγονται
1776 3341 1791 3363 ,
1810 3299 1877 3353 δι’
1899 3300 2058 3357 ἀσθέ-

465 3396 615 3434 νειαν
647 3380 747 3449 μὲν
782 3379 1159 3452 προαιρέσεως
1189 3380 1619 3451 ἀπολειφθέντες
1650 3381 1757 3437 τῶν
1786 3382 1928 3454 ὑπὲρ
1956 3385 2053 3455 τῆς

467 3461 768 3534 παρθενίας
803 3463 1043 3535 ἱδρώτων
1064 3503 1079 3527 ,
1108 3462 1187 3534 τῷ
1215 3464 1273 3517 δὲ
1310 3464 1374 3517 τὸ
1402 3467 1638 3536 πρᾶγμα
1675 3466 1922 3531 κακίζειν
1958 3468 2055 3522 καὶ

465 3544 720 3615 περιττὸν
745 3546 1071 3615 ἀποφαίνειν
1114 3545 1435 3617 βουλόμενοι
1456 3547 1774 3613 συσκιάζειν
1802 3549 1899 3621 τὴν
1923 3552 2054 3604 ἐαυ-

464 3628 578 3684 τῶν
602 3629 894 3700 ρᾳθυμίαν,
918 3630 1006 3684 ῖνα
1043 3630 1117 3701 μὴ
1136 3629 1336 3684 δοκῶσι
1357 3629 1423 3683 δι’
1447 3630 1758 3703 ὀλιγωρίαν,
1786 3632 1921 3687 ἀλλά
1964 3634 2054 3691 διὰ

466 3713 649 3783 κρίσιν
676 3713 843 3786 ὀρθὴν
868 3713 1144 3785 λογισμῶν
1163 3714 1272 3768 τῶν
1295 3714 1522 3783 ἀγώνων
1546 3717 1911 3789 ὑστερηκέναι
1930 3719 2054 3773 τού-

465 3814 610 3862 των,
646 3797 779 3869 φέρε
803 3838 818 3862 ,
857 3797 1008 3869 [279]
1040 3797 1168 3860 τοὺς
1214 3798 1443 3869 ἐχθροὺς
1494 3798 1722 3867 ἀφέντες
1750 3800 2054 3871 (Ψυχικὸς

467 3879 577 3951 γὰρ
596 3880 907 3950 ἅνθρωπος
939 3883 1011 3935 οὐ
1039 3879 1275 3950 δέχεται
1301 3882 1375 3935 τὰ
1400 3881 1509 3936 τοῦ
1532 3883 1879 3952 Πνεύματος
1897 3901 1911 3914 ·
1930 3903 2053 3955 μω-

459 3972 566 4040 ρία
592 3972 702 4042 γὰρ
739 3972 900 4037 αὐτῷ
942 3973 1171 4043 ἐστιν’),
1203 3975 1330 4035 τοὺς
1360 3976 1861 4045 προσποιουμένους
1912 3975 2052 4031 εἶναι

472 4054 590 4124 μεθ’
617 4055 797 4125 ἡμῶν,
828 4056 1130 4127 διδάξωμεν
1149 4056 1458 4127 ἀμφότερα,
1483 4056 1559 4121 ὼς
1582 4056 1705 4111 οὔτε
1734 4059 1796 4112 τὸ
1821 4063 2054 4132 πρᾶγμα

468 4139 744 4208 περιττὸν,
776 4138 913 4191 ἀλλά
946 4139 1041 4191 καὶ
1063 4140 1270 4209 σφόδρα
1312 4141 1580 4212 χρήσιμον
1621 4143 1719 4195 καὶ
1757 4142 2053 4212 ἀναγκαῖόν

468 4222 638 4286 ἐστιν,
672 4221 799 4275 οὔτε
850 4224 1034 4299 αὐτοῖς
1088 4224 1323 4295 ἀζήμιος
1372 4226 1406 4295 ή
1451 4224 1676 4297 τοιαύτη
1724 4229 2050 4299 κατηγορία,

467 4305 607 4359 ἀλλά
633 4289 908 4359 τοσοῦτον³
931 4307 1115 4368 αὐτοῖς
1153 4308 1287 4361 οἴσει
1342 4308 1434 4360 τὸν
1480 4289 1743 4370 κίνδυνον,
1781 4289 1904 4363 ὅσον
1939 4289 2054 4375 τοῖς

469 4387 797 4458 κατορθοῦσι
828 4389 920 4442 τὸν
952 4390 1142 4459 μισθὸν
1174 4391 1267 4443 καὶ
1296 4389 1387 4443 τὸν
1424 4390 1666 4445 ἔπαινον.
1699 4392 1917 4462 Ἐπειδὴ
1944 4393 2052 4464 γάρ

468 4473 497 4525 6
529 4471 753 4541 σύμπας
777 4466 930 4536 οὗτος
950 4473 1153 4542 κόσμος
1175 4474 1288 4542 ἀπή
1299 4490 1502 4543 ρτιστο,
1530 4476 1622 4527 καί
1654 4476 1828 4529 πάντα
1852 4477 2052 4547 ηὐτρέ-

470 4572 631 4608 πιστο
661 4555 729 4609 τά
763 4555 900 4626 πρὸς
937 4556 1245 4610 ἀνάπαυσιν
1283 4558 1376 4611 καὶ
1405 4557 1601 4628 χρῆσιν
1626 4558 1725 4630 τὴν
1755 4558 2049 4630 ἡμετέραν,

469 4637 672 4691 ἔπλασε
704 4638 796 4691 τὸν
831 4638 1119 4710 ἄνθρωπον
1153 4641 1181 4692 6
1213 4638 1346 4703 Θεὸς
1372 4680 1386 4702 ,
1414 4639 1481 4693 δι’
1514 4640 1572 4693 ὃν
1600 4641 1696 4694 καὶ
1724 4642 1816 4694 τὸν
1848 4642 2053 4712 κόσμον

468 4722 715 4793 ἐποίησε.
749 4721 1017 4787 Πλασθεὶς
1045 4722 1101 4775 δὲ
1135 4723 1343 4786 ἐκεῖνος
1381 4723 1593 4793 ἔμεινεν
1627 4726 1685 4778 ἐν
1714 4725 2049 4795 παραδείσῳ,

469 4806 566 4859 καὶ
590 4807 770 4876 γάμου
786 4805 943 4875 λόγος
964 4805 1140 4870 οὐδεὶς
1154 4801 1223 4877 ῆν
1244 4824 1258 4837 ο
1285 4806 1505 4878 ἐδέησεν
1519 4807 1668 4878 αὐτῷ
1679 4808 1932 4877 γενέσθαι
1959 4811 2052 4863 καὶ

471 4889 685 4961 βοηθὸν,
726 4889 822 4943 καὶ
866 4890 1117 4959 ἐγένετο·
1148 4891 1244 4944 καὶ
1267 4890 1388 4944 οὐδὲ
1408 4890 1585 4955 οὐτως
1611 4895 1640 4946 6
1670 4892 1850 4963 γάμος
1877 4896 2051 4963 ἀναγ-

470 4979 625 5040 καῖος
663 4972 803 5030 εἶναι
839 4976 1035 5030 ἐδόκει.
1085 4975 1224 5029 Ἀλλ’
1257 4975 1379 5030 οὐδὲ
1409 4977 1662 5046 ἐφαίνετό
1707 4995 1796 5031 πω
1836 4989 1896 5043 ο,
1933 4979 2050 5032 ἀλλ’

471 5060 661 5130 ἔμενον
687 5061 885 5114 ἐκεῖνοι
928 5059 1117 5114 τούτου
1148 5061 1319 5133 χωρὶς
1348 5047 1599 5133 καθάπερ
1630 5063 1690 5116 ἐν
1726 5063 1943 5134 οὐρανῷ
1973 5064 2052 5136 τῷ

469 5144 783 5215 παραδείσῳ
823 5142 1187 5214 διαιτώμενοι.
1225 5144 1320 5198 καὶ⁸
1374 5145 1747 5215 ἐντρυφῶντες
1797 5150 1863 5218 τῇ
1915 5148 2052 5218 πρὸς

469 5227 604 5281 Θεὸν
632 5226 819 5299 ὁμιλίᾳ
843 5245 856 5259 ·
895 5226 1095 5298 μίξεως
1131 5228 1189 5281 δὲ
1217 5227 1482 5298 ἐπιθυμία
1516 5229 1609 5281 καὶ
1660 5228 1922 5298 σύλληψις
1956 5230 2051 5283 καὶ

468 5309 653 5373 ὠδῖνες
684 5310 779 5363 καὶ
797 5311 945 5364 τόκοι
986 5310 1081 5364 καὶ
1113 5312 1221 5364 πᾶν
1256 5306 1396 5375 εἶδος
1440 5310 1645 5381 φθορᾶς
1669 5310 1931 5382 ἐξώριστο
1955 5313 2052 5384 τῆς

470 5395 693 5449 ἐκείνων
722 5393 901 5465 ψυχῆς
922 5411 933 5424 ⁸
965 5394 1154 5467 ὥσπερ
1177 5395 1233 5449 δὲ
1261 5394 1474 5466 ῥεῖθρον
1497 5394 1690 5458 διειδὲς
1717 5398 1782 5449 ὲκ
1803 5397 2053 5468 καθαρᾶς

469 5478 655 5548 πηγῆς
685 5477 895 5550 προϊὸν,
939 5477 1111 5541 οὕτως
1160 5475 1301 5547 ἦσαν
1329 5480 1387 5531 ἐν
1433 5479 1629 5549 ἐκείνῳ
1660 5478 1738 5549 τῷ
1766 5480 1950 5550 χωρίῳ
1982 5482 2050 5551 τῇ

532 5591 557 5620 ⁸
584 5589 708 5652 Reg.
734 5590 993 5651 ἐτόλμησα.
1019 5589 1145 5653 Infra
1164 5596 1274 5653 post
1294 5590 1401 5638 hac
1428 5590 1517 5653 τήν
1541 5592 1812 5652 συμϐουλήν
1829 5590 1955 5653 Reg.
2003 5595 2057 5639 et

470 5653 693 5716 Savil.rin
714 5657 866 5716 marg.
880 5654 949 5716 §ic
964 5652 1167 5716 habent,
1190 5652 1304 5700 ’Ότι
1326 5652 1472 5700 καλὸν
1491 5653 1724 5716 ἀνθρώπῳ
1745 5652 1964 5715 γυναικὸς
1987 5654 2050 5714 μή

467 5715 715 5777 ἀπίεσθαι.
742 5712 837 5777 Διά
852 5712 897 5761 τί
917 5714 1023 5777 γάρ.

528 5775 557 5842 Ι)
583 5774 713 5842 ﬁeg._
729 5776 825 5842 τῶν
844 5773 1218 5842 προσταγμάτων
1241 5777 1305 5832 ὡς
1324 5773 1678 5842 αὐτοῦκᾶφξών
1703 5778 1929 5842 ἔπεμψαν.

482 5840 487 5849 '
532 5840 559 5870 °
581 5834 736 5885 Sam.
760 5834 812 5883 in
832 5834 1196 5899 ite'xlqei'keg.
1216 5853 1327 5885 που.
1356 5834 1798 5889 ΜονοὶηῬιεηιὶιιδ
1820 5834 1869 5889 (ἶι
1893 5838 2041 5888 Ξειγὶι.

454 5902 508 5951 in
539 5914 797 5967 mal-3.10).
827 5898 951 5949 Infra
967 5897 1092 5967 Reg.
1141 5897 1347 5964 καθάπερ
1374 5900 1577 5964 οὐρανῷ.

1818 264 1904 320 DE
1947 265 2403 327 VIRCINITATE.

3641 270 3747 326 5H

2162 379 2429 450 παρθενίᾳ.
2464 378 2850 451 κοσμούμενοι.
2901 381 3011 434 Καὶ
3040 381 3190 434 πᾶσα
3223 381 3343 436 τότε
3369 385 3403 455 ἡ
3435 384 3507 456 γῆ
3542 385 3751 456 ἔρημος

2154 456 2222 532 ἦν
2258 461 2589 532 ἀνθρώπων
2640 462 2800 515 τοῦτο
2841 462 2869 514 ὃ
2896 461 2992 516 νῦν
3031 463 3336 518 δεδοίκασιν
3379 462 3527 521 οὗτοι
3559 473 3610 521 οί
3646 472 3747 539 τῆς

2153 546 2482 616 οἰκουμένης
2512 546 2866 617 μεριμνηταὶ,
2890 546 2940 600 οἱ
2970 547 3040 601 τά
3063 547 3162 618 μὲν
3193 549 3399 619 ἐτέρων
3439 553 3750 618 σπουδαίως

2158 628 2554 699 μεριμνῶντες,
2580 629 2649 682 τά
2676 628 2732 682 δὲ
2760 628 2970 682 ἑαυτῶν
2995 629 3114 683 οὐδὲ
3156 631 3358 685 ἐννοεῖν
3402 634 3751 704 ἀνεχόμενοι,

2156 712 2251 766 καὶ
2278 713 2418 784 ὑπὲρ
2460 713 2559 784 μὲν
2591 712 2686 766 τοῦ
2731 712 2911 766 κοινοῦ
2947 712 3059 766 τῶν
3104 713 3411 785 ἀνθρώπων
3446 714 3752 781 δεδοικότες

2154 794 2346 864 γένους
2395 797 2468 866 μή
2516 814 2648 850 ποτε
2678 795 2934 867 ἐπιλείπῃ
2958 813 2971 826 °
3006 797 3106 868 τῆς
3152 798 3209 852 δὲ
3240 798 3376 864 ίδίας
3413 800 3643 864 ἕκαστος
3671 802 3754 864 ὡς

2155 878 2445 950 ἀλλοτρίας
2472 879 2644 944 οὕτως
2673 878 3000 949 ἀμελοῦντες
3033 880 3234 951 ψυχῆς,
3286 883 3388 947 καὶ,
3407 883 3581 937 ταῦτα
3612 883 3746 953 μέλι

2154 962 2338 1026 λοντες
2367 963 2506 1032 ὑπὲρ
2536 964 2634 1033 μὲν
2660 963 2864 1034 ταύτης
2892 963 2987 1016 καὶ
3014 964 3124 1019 τῶν
3173 966 3517 1037 μικροτάτων
3559 968 3748 1021 ἕνεκεν

2155 1048 2401 1118 ἀκριϐεῖς
2431 1047 2779 1102 ἀπαιτεῖσθαι
2808 1048 2908 1112 τὰς
2938 1047 3170 1111 εὐθύνας
3192 1088 3206 1114 ,
3237 1049 3378 1119 ὑπὲρ
3416 1049 3474 1101 δὲ
3507 1050 3611 1120 τῆς
3637 1052 3746 1105 τῶν

2155 1126 2458 1200 ἀνθρώπων
2501 1130 2816 1201 ὀλιγότητος
2854 1128 2975 1183 οὐδὲ
3025 1132 3118 1183 τὸν
3163 1132 3397 1201 τυχόντα
3424 1131 3583 1200 λόγον
3645 1134 3750 1200 ὐφ-

2156 1211 2321 1276 έξειν.
2356 1212 2471 1265 υύκ
2488 1207 2628 1282 ἦσαν
2645 1212 2767 1266 τότε
2793 1211 3000 1276 πόλεις,
3022 1213 3142 1265 οὐδὲ
3163 1213 3368 1282 τέχναι,
3391 1215 3511 1268 οὐδὲ
3538 1216 3707 1269 οίκίαι
3725 1231 3744 1249 ο

2155 1296 2249 1359 καὶ
2284 1295 2393 1365 7&9
2430 1297 2527 1350 καὶ
2566 1295 2774 1350 τούτων
2811 1296 2941 1367 ὑμῖν
2969 1297 3068 1367 οὐχ
3102 1297 3177 1359 ὡς
3212 1298 3370 1368 ἔτυχε
3409 1299 3594 1368 μέλειο
3626 1299 3744 1352 ἀλλ’

2154 1379 2253 1431 οὐκ
2281 1374 2349 1449 ἦν
2381 1379 2501 1432 τότε
2524 1379 2723 1443 ταῦτα,
2751 1378 2847 1432 καί¹
2883 1379 3034 1449 ὅμως
3068 1379 3164 1450 τὴν
3207 1380 3483 1451 μακαρίαν
3524 1383 3747 1451 ἐκείνην

2156 1460 2302 1533 ζωὴν
2332 1462 2427 1515 καὶ
2467 1460 2649 1532 πολλῷ
2681 1462 2886 1533 ταύτης
2910 1461 3120 1531 ἀμείνω
3152 1461 3306 1514 οὐδὲν
3337 1460 3462 1515 οὔτε
3496 1464 3744 1520 ἐνεπόδι-

2153 1544 2266 1609 ζεν,
2293 1543 2421 1613 οὔτε
2449 1546 2759 1599 ἐνέκοπτεν.
2779 1544 2998 1615 Ἐπειδὴ
3018 1544 3074 1597 δὲ
3101 1547 3456 1615 παρήκουσαν
3475 1544 3571 1600 τοῦ
3585 1546 3754 1616 Θεοῦ,

2153 1628 2247 1682 καὶ
2271 1629 2486 1697 ἐγένετο
2525 1628 2598 1699 γῆ
2627 1627 2722 1681 καὶ
2747 1628 2962 1691 σποδὸς,
3004 1626 3295 1681 ἀπώλεσαν
3343 1628 3485 1698 μετά
3510 1629 3609 1700 τῆς
3642 1648 3747 1700 μα-

2153 1711 2348 1783 καρίας
2386 1711 2602 1781 ἐκείνης
2632 1710 2913 1781 διαγωγῆς
2959 1711 3055 1764 καὶ
3087 1712 3150 1765 τὸ
3183 1714 3284 1782 τῆς
3311 1711 3610 1782 παρθενίας
3641 1731 3744 1767 κα-

2151 1794 2241 1848 λὸν
2263 1793 2311 1860 ἀ,
2348 1795 2444 1848 καὶ
2477 1794 2615 1866 μετά
2647 1795 2741 1848 τοῦ
2766 1795 2902 1849 Θεοῦ
2935 1796 3030 1848 καὶ
3062 1795 3202 1867 αὐτὴ
3236 1795 3618 1851 καταλιποῦσα
3642 1798 3739 1852 αὐο

2151 1878 2279 1942 τοὺς
2314 1876 2684 1949 ἀνεχώρησεν.
2718 1878 2865 1942 Ἕως
2905 1878 3005 1948 μὲν
3043 1877 3153 1950 γάρ
3183 1874 3629 1953 ἦσανιάνάὶωτοι
3665 1879 3754 1950 τῷΔ

2154 1959 2410 2029 διαϐόλῳ,
2432 1960 2528 2014 καὶ
2560 1960 2650 2014 τὸν
2676 1959 2954 2030 Δεσπότην
2982 1959 3210 2032 ᾐδοῦντο
3251 1962 3343 2016 τὸν
3372 1962 3551 2014 αὐτῶν
3568 2002 3583 2027 ,
3612 1980 3747 2035 παρ-

2155 2044 2316 2114 έμενε
2343 2045 2438 2097 καὶ
2468 2044 2500 2113 ἡ
2529 2042 2803 2114 παρθενία
2819 2042 3100 2113 κοσμοῦσα
3126 2043 3324 2107 αὐτοὺς
3346 2044 3592 2114 μᾶλλονῆ
3615 2046 3749 2110 τοὺς

2154 2124 2393 2195 βασιλεῖς
2417 2125 2477 2178 τὸ
2504 2125 2739 2198 διάδημα
2787 2127 2882 2178 καὶ
2907 2125 2975 2179 τά
3004 2125 3195 2195 ἱμάτια
3220 2126 3288 2179 τὰ
3312 2129 3492 2198 χρυσᾶ
3515 2144 3528 2157 ο
3555 2128 3741 2199 ἐπειδὴ

2152 2209 2207 2263 δὲ
2222 2209 2556 2280 αἰχμάλωτοι
2585 2212 2869 2279 γενόμενοι
2895 2208 2993 2280 τὴν
3012 2209 3299 2281 βασιλικὴν
3320 2210 3525 2282 ταύτην
3550 2211 3751 2265 ἀπεδύα

2154 2308 2318 2346 σαντο
2342 2291 2557 2363 στολὴν,
2585 2292 2784 2345 καὶτὸν
2815 2292 3066 2364 οὐράνιον
3086 2292 3353 2345 ἀπέθεντο
3385 2293 3611 2365 κόσμον,
3628 2293 3745 2348 ἐδέ-

2153 2374 2314 2440 ξαντο
2334 2374 2390 2428 δὲ
2413 2376 2513 2447 τὴν
2544 2374 2653 2429 ἀπὸ
2674 2373 2768 2427 τοῦ
2801 2373 3033 2429 θανάτου
3057 2374 3289 2447 φθορὰν,
3326 2377 3418 2429 καὶ
3446 2376 3544 2445 τὴν
3577 2376 3749 2448 ἀρὰν,

2153 2459 2248 2512 καὶ
2275 2459 2373 2530 τὴν
2410 2457 2622 2529 ὀδύνην,
2659 2458 2753 2511 καὶ
2774 2458 2865 2513 τὸν
2899 2459 3155 2513 ἐπίπονον
3191 2459 3329 2530 βίον,
3359 2459 3481 2512 τότε
3503 2460 3532 2511 ὀ
3564 2461 3744 2531 γάμος

2153 2543 2534 2614 ἐπεισέρχεται
2573 2542 2714 2615 μετά
2742 2542 2968 2609 τούτων,
3002 2542 3064 2596 τὸ
3097 2543 3290 2611 θνητὸν
3314 2542 3474 2597 τοῦτο
3494 2544 3588 2597 καὶ
3618 2544 3742 2598 δου-

2152 2627 2304 2681 λικὸν
2335 2628 2572 2698 ἱμάτιον.
2626 2628 2679 2679 '0
2710 2626 2820 2699 7&9
2847 2626 3148 2697 γαμήσας,
3176 2627 3329 2698 φησὶ,
3364 2625 3625 2697 μεριμνᾷ
3670 2629 3744 2683 τὰ

2153 2711 2259 2766 τοῦ
2289 2712 2543 2781 κόσμου.
2588 2709 2750 2782 Ὁρᾷς
2786 2709 2952 2764 πόθεν
2977 2709 3106 2781 ἔσχε
3135 2710 3235 2781 τὴν
3269 2711 3442 2783 ἀρχὴν
3475 2712 3504 2763 6
3542 2710 3749 2783 γάμος,

2153 2793 2318 2847 πόθεν
2344 2796 2646 2862 ἀναγκαῖος
2673 2791 2852 2858 ἔδοξεν
2890 2791 3066 2860 εἶναι;
3125 2794 3262 2848 Ἀπὸ
3299 2795 3398 2866 τῆς
3432 2794 3743 2867 παρακοῆς,

2153 2877 2261 2932 ἀπὸ
2289 2878 2388 2950 τῆς
2421 2878 2581 2951 ἀρᾶς,
2616 2877 2726 2931 ἀπὸ
2754 2876 2848 2931 τοῦ
2875 2878 3124 2933 θανάτου.
3161 2879 3335 2932 Ὅπου
3365 2879 3475 2950 γὰρ
3491 2878 3745 2942 θάνατος,

2152 2964 2272 3016 ἐκεῖ
2293 2963 2471 3033 γάμος
2491 2981 2504 2994 ’
2544 2962 2735 3016 τούτου
2772 2963 2829 3016 δὲ
2858 2963 2958 3016 οὐκ
3002 2954 3157 3025 ὄντος
3185 2962 3305 3015 οὐδέ
3340 2955 3495 3027 οὗτος
3526 2962 3739 3015 ἕπεται.

2166 3044 2305 3097 Ἀλλ’
2336 3045 2433 3115 οὐχ
2465 3047 2500 3116 ἡ
2545 3044 2812 3116 παρθενία
2864 3044 3071 3114 ταύτην
3102 3044 3218 3115 ἔχει
3260 3043 3360 3116 τὴν
3395 3043 3747 3110 ἀκολουθίαν,

2152 3128 2266 3182 ἀλλ’
2299 3127 2388 3181 ἀεὶ
2420 3129 2712 3199 χρήσιμον,
2731 3127 2819 3180 ἀεὶ
2849 3127 3013 3181 καλὸν
3052 3128 3144 3180 καὶ
3180 3129 3470 3198 μακάριον,
3507 3126 3601 3181 καὶ
3636 3127 3747 3198 πρὸ

2152 3210 2246 3265 τοῦ
2276 3210 2509 3265 θανάτου
2540 3211 2634 3265 καὶ
2667 3209 2806 3282 μετὰ
2839 3211 2933 3264 τὸν
2959 3209 3208 3276 θάνατον,
3253 3211 3349 3265 καὶ
3379 3210 3485 3283 πρὸ
3509 3209 3604 3267 τοῦ
3637 3210 3744 3281 γά-

2156 3311 2258 3365 μου
2288 3293 2383 3348 καὶ
2414 3295 2551 3364 μετὰ
2585 3293 2678 3347 τὸν
2706 3293 2907 3364 γάμον.
2938 3295 3097 3357 Ποῖος
3121 3293 3250 3364 γὰρ,
3278 3294 3403 3347 είπέ
3434 3311 3542 3365 μοι,
3566 3294 3747 3364 γάμος

2152 3377 2390 3431 ἀπέτεκε
2421 3376 2514 3431 τὸν
2542 3376 2739 3447 ’Δδὰμ,
2765 3379 2917 3430 ποῖαι
2956 3376 3054 3446 τὴν
3088 3375 3232 3430 Εὔαν
3278 3375 3497 3441 ὠδῖνες;
3534 3375 3650 3431 Οὐκ
3676 3376 3743 3430 ἂν

2153 3460 2297 3533 ἔχοις
2324 3463 2522 3517 εἰπεῖν.
2566 3462 2633 3516 Τί
2681 3456 2776 3515 οὖν
2810 3461 3057 3525 δέδοικας
3094 3459 3220 3531 είκῆ
3254 3461 3352 3514 καὶ
3379 3461 3625 3532 τρέμεις,
3666 3459 3747 3531 μὴ

2152 3545 2504 3614 παυσαμένου
2538 3543 2635 3597 τοῦ
2672 3543 2852 3616 γάμου
2902 3541 3054 3616 [9.80]
3089 3544 3183 3597 καὶ
3214 3543 3276 3596 τὸ
3305 3542 3414 3596 τῶν
3437 3541 3747 3614 ἀνθρώπων·

2152 3626 2432 3699 παύσηται
2469 3627 2660 3697 γένος;
2699 3627 2907 3697 Μύριαι
2941 3626 3201 3697 μυριάδες
3218 3624 3466 3695 ἀγγέλων
3495 3624 3740 3696 λειτουρ-

2151 3709 2309 3779 γοῦσι
2334 3710 2413 3781 τῷ
2441 3711 2582 3780 Θεῷ,
2618 3709 2786 3781 χίλιαι
2819 3710 3054 3781 χιλιάδες
3075 3708 3431 3782 ἀρχαγγέλων
3461 3711 3740 3782 παρεστᾶ-

2153 3811 2238 3847 σιν
2282 3791 2450 3864 αὐτῷ,
2479 3795 2575 3847 καὶ
2612 3794 2791 3858 οὐδεὶς
2840 3793 3046 3847 τούτων
3097 3794 3324 3861 γέγονεν
3370 3793 3434 3844 ἐκ
3466 3791 3744 3863 διαδοχῆς,

2151 3877 2270 3930 οὐδὲ
2303 3879 2367 3930 ἐκ
2422 3876 2598 3932 τόκων
2628 3879 2724 3932 καὶ
2779 3878 2982 3931 ὠδίνων
3017 3877 3113 3931 καὶ
3162 3875 3494 3946 συλλήψεως.
3532 3877 3744 3930 Οὐκοῦν

2153 3959 2331 4033 πολλῷ
2363 3959 2564 4031 μᾶλλον
2583 3959 2904 4030 ἀνθρώπους
2933 3960 3188 4029 ἐποίησεν
3228 3958 3294 4012 ἂν
3336 3959 3517 4029 γάμου
3550 3961 3743 4033 χωρὶς,

2152 4032 2342 4115 ὥσπερ
2380 4037 2473 4096 οὖν
2497 4043 2592 4097 καὶ
2618 4041 2843 4115 ἐποίησε
2877 4043 3004 4105 τοὺς
3047 4040 3317 4114 πρώτους,
3348 4042 3469 4096 ὅθεν
3504 4041 3743 4105 ἅπαντες

2152 4127 2247 4183 ἀνθ
2255 4143 2446 4198 ρωποι.
2908 4180 2937 4190 _,

2224 4212 2322 4266 lE'.
2339 4210 2442 4264 Καὶ
2459 4210 2552 4264 νῦν
2564 4210 2621 4264 δὲ
2642 4211 2740 4280 οὐχ
2756 4212 2788 4280 ὴ
2804 4210 2897 4263 τοῦ
2914 4211 3094 4281 γάμου
3112 4209 3341 4281 δύναμις
3357 4210 3418 4263 τὸ
3433 4211 3589 4278 γένος
3605 4227 3740 4279 συγ-

2152 4293 2427 4366 κροτεῖατὸ
2456 4295 2744 4365 ἡμέτερον,
2771 4293 2885 4346 ἀλλ’
2908 4296 2937 4345 6
2966 4292 3060 4346 τοῦ
3092 4292 3301 4363 Κυρίου
3344 4292 3502 4361 λόγος
3530 4296 3558 4347 6
3591 4295 3744 4365 παρά

2149 4377 2248 4446 τὴν
2277 4375 2452 4446 ἀρχὴν
2489 4378 2680 4441 είπὼν,
2714 4374 3065 4439 Αὺξάνεσθε
3088 4375 3187 4429 καὶ
3215 4377 3739 4443 πνῖηθύνεσθε,κιιὶ

2153 4460 2514 4528 πληρώσατε
2535 4458 2648 4528 τὴν
2670 4460 2807 4530 γῆν.
2834 4459 2898 4511 Τί
2939 4462 3061 4530 7&9.
3092 4461 3210 4513 εἰπέ
3237 4461 3456 4531 μοι,τὸν
3489 4462 3741 4535 ’Δὸραάμ

2152 4548 2231 4609 είς
2254 4545 2596 4598 παιδοποιίαν
2616 4544 2677 4596 τὸ
2700 4546 2931 4615 πρᾶγμα
2955 4542 3165 4615 ὤνησεν
3181 4562 3196 4609 ;
3215 4547 3316 4599 οὐκ
3339 4545 3432 4599 ἐπὶ
3463 4547 3739 4612 τοσούτοις

2152 4629 2301 4700 αὐτῷ
2330 4629 2673 4701 χρησάμενος
2702 4628 2869 4693 ἔτεσι,
2898 4629 3103 4699 ταύτην
3152 4629 3375 4701 ὕστερον
3418 4631 3597 4701 ἀφῆκε
3640 4632 3739 4701 τὴν

2154 4715 2364 4784 φωνήν·
2398 4713 2692 4774 Δέσποτα,
2722 4713 2778 4764 τί
2800 4729 2904 4780 μοι
2926 4711 3182 4777 δώσεις;
3220 4712 3335 4779 ἐγὼ
3368 4712 3436 4765 δὲ
3471 4713 3737 4769 ἀπολύο-

2145 4816 2254 4868 μαι
2281 4799 2551 4861 ἄτεκνος.
2585 4797 2797 4866 Ὥσπερ
2822 4791 2915 4849 οῦν
2932 4796 3069 4851 ,τότε
3092 4796 3199 4848 ἀπὸ
3228 4795 3439 4865 νεκρῶν
3468 4797 3738 4867 σωμάτων

2149 4879 2440 4943 τοσαύταις
2486 4880 2714 4952 μυριάσι
2770 4879 3000 4933 δέδωκεν
3055 4878 3312 4931 ὑπόθεσιν
3364 4880 3456 4932 καὶ
3515 4878 3671 4949 ῥίζαν
3708 4882 3739 4934 ὁ

2150 4965 2305 5029 Θεὸς,
2341 4964 2483 5018 οὕτω
2515 4965 2611 5017 καὶ
2640 4962 2790 5033 παρὰ
2816 4963 2916 5034 τὴν
2946 4962 3139 5033 ἀρχὴν,
3169 4963 3217 5014 εί
3241 4964 3351 5026 τοῖς
3382 4963 3740 5033 προστάγμα-

2152 5066 2237 5103 σιν
2269 5047 2437 5102 αὐτοῦ
2488 5047 2801 5110 πεισθέντες
2850 5047 2901 5099 οἱ
2934 5045 3063 5119 περὶ
3091 5045 3182 5099 τὸν
3223 5044 3394 5116 Ἀδάμ
3422 5045 3520 5115 τῆς
3542 5045 3737 5115 ἡδονῆς

2149 5134 2463 5205 ἐκράτησαν
2488 5130 2581 5186 τοῦ
2612 5132 2795 5199 ξύλου,
2820 5131 2920 5183 οὐκ
2947 5130 3014 5183 ἂν
3042 5130 3322 5203 ἠπόρησεν
3351 5127 3471 5182 ὁδοῦ
3487 5128 3554 5181 δι’
3586 5122 3653 5195 ἧς
3675 5128 3738 5181 τὸ

2150 5217 2257 5271 τῶν
2284 5215 2587 5288 ἀνθρώπων
2613 5215 2769 5283 γένος
2804 5214 3050 5284 αὐξήσει.
3085 5210 3226 5265 Οὔτε
3259 5208 3369 5281 γὰρ
3393 5212 3420 5264 ὀ
3447 5211 3623 5280 γάμος
3659 5212 3736 5281 μὴ

2152 5300 2476 5371 βουλομένου
2509 5298 2644 5352 Θεοῦ
2666 5298 2950 5368 δυνήσεται
2976 5294 3203 5364 ποιῆσαι
3238 5292 3465 5356 πολλοὺς
3491 5293 3619 5355 τοὺς
3642 5293 3732 5350 ὃν·

2150 5401 2250 5449 τας
2270 5381 2611 5454 ἀνθρώπους,
2640 5381 2760 5434 οὐδὲ
2787 5382 2821 5451 ή
2844 5376 3128 5449 παρθενία,
3165 5375 3486 5448 βουλομένου
3506 5374 3737 5441 πολλοὺς

2150 5465 2653 5536 εἷναι,λυμανεῖται
2683 5463 2746 5516 τὸ
2776 5460 2998 5530 πλῆθος.
3054 5458 3194 5512 Ἀλλ’
3228 5458 3402 5522 οὕτως
3442 5458 3730 5529 ἐϐουλήθη,

2152 5554 2308 5622 φησὶ,
2340 5551 2409 5604 δι’
2435 5549 2585 5620 ἡμᾶς
2611 5547 2705 5602 κα)⁵
2732 5545 2820 5599 διὰ
2851 5542 2949 5615 τὴν
2985 5542 3268 5597 ἀπείθειαν
3306 5545 3404 5616 τὴν
3433 5543 3731 5615 ἡμετέραν.

2152 5635 2250 5691 Διά
2276 5635 2328 5686 τί
2359 5633 2469 5703 γὰρ
2500 5630 2577 5702 μὴ
2612 5629 2719 5699 πρὸ
2755 5628 2853 5697 τῆς
2881 5626 3156 5696 ἀπάτηςλό
3190 5627 3367 5697 γάμος
3402 5628 3608 5697 ἐφάνη;
3646 5624 3735 5679 διά

2159 5721 2210 5773 τί
2243 5718 2316 5789 μὴ
2351 5720 2408 5770 ἐν
2438 5714 2745 5784 παραδείσῳ
2774 5714 2806 5781 ἡ
2848 5709 3023 5781 μίξιςς
3048 5709 3136 5768 διὰ
3157 5712 3208 5763 τί
3238 5710 3314 5783 μὴ
3343 5711 3448 5782 πρὸ
3473 5710 3571 5779 τῆς
3597 5711 3732 5780 ἀρᾶς

2155 5805 2371 5866 ὠδῖνες
2425 5802 2545 5854 Ὅτι
2577 5798 2750 5853 ταῦτα
2785 5797 2905 5850 τότε
2958 5796 3056 5868 μὲν
3112 5794 3365 5866 περιττά,
3408 5795 3628 5868 ὕστερον
3676 5794 3732 5846 δὲ

2215 5901 2241 5941 ἀ
2266 5902 2389 5963 Reg.
2423 5901 2505 5948 κεῖ.)
2515 5902 2612 5957 λος.
