4016 6154
306 208 409 268 5ιῦ

304 327 524 397 γέγονεν
560 328 834 396 ἀναγκαῖα
871 330 958 384 διὰ
1000 333 1100 403 τὴν
1150 336 1426 409 ἡμετέραν
1464 337 1748 390 ἀσθένειαν
1781 336 1877 389 καὶ

296 414 471 466 ταῦτα
497 411 592 464 καὶ
627 413 695 464 τά
732 412 864 467 ἀλλα
898 414 1132 482 ᾶπαντα,
1158 419 1216 471 αἱ
1252 420 1455 484 πόλεις,
1498 420 1556 473 αἱ
1595 419 1803 490 τέχναι,
1845 419 1880 488 ἡ

296 492 408 548 τῶν
438 495 669 565 ἱματίων
721 497 982 571 περιϐολὴ
1001 541 1016 563 ,
1044 502 1072 554 6
1100 500 1285 567 λοιπὸς
1318 503 1425 558 τῶν
1458 503 1657 574 χρειῶν
1698 503 1877 573 δχλος.

294 580 481 633 Ταῦτα
511 581 620 652 γὰρ
649 581 866 637 ἅπαντα
895 584 1290 657 ἐπισυρόμενος
1329 588 1619 656 εἰσήλασεν
1658 587 1687 639 6
1718 586 1880 640 θάνα-

290 680 384 722 τος
408 665 527 734 μεθ’
561 665 777 722 ἑαυτοῦ.
814 667 897 740 Μὴ
936 669 1113 723 τοίνυν
1145 670 1173 723 ὃ
1200 671 1289 724 διὰ
1316 670 1415 742 τὴν
1446 670 1730 725 ἀσθένειαν
1754 686 1877 723 συν-

281 745 545 818 εχωρήθη
600 748 700 820 τὴν
756 750 876 822 σὴν,
940 752 1097 807 τοῦτο
1138 753 1239 825 τῆς
1279 754 1578 826 παρθενίας
1611 753 1876 825 προτίμα,

294 829 496 899 μᾶλλον
543 831 600 884 δέ
651 833 784 902 μηδὲ
825 837 884 888 ἐν
926 835 1024 908 ἴσῳ
1070 836 1285 891 τίθεσθ’
1331 840 1455 892 ἐπεὶ
1500 838 1644 893 κατά
1689 836 1878 891 τοῦτον

293 911 500 983 προῖὼν
543 914 634 967 τὸν
671 916 828 986 λόγον
857 919 951 972 καὶ
976 920 1038 973 τὸ
1064 920 1158 974 δύο
1189 925 1452 990 γυναῖκας
1482 923 1628 993 ἐχειν
1657 920 1753 975 τοῦ
1780 921 1879 992 μιᾷ

292 995 583 1066 ἀρκεῖσθαι
636 999 797 1069 μόνον
841 1001 1064 1072 ἀμεινον
1089 999 1229 1057 εἶναι
1284 1006 1498 1075 φήσεις,
1550 1004 1737 1076 ἐπειδὴ
1783 1004 1879 1058 καὶ

291 1077 449 1132 τοῦτο
472 1080 857 1155 συγκεχώρητο
899 1084 957 1137 ἐν
985 1085 1064 1156 τῷ
1095 1087 1245 1157 νόμῳ
1294 1088 1607 1153 Μωῦσέωςο
1645 1089 1741 1142 καὶ
1785 1087 1879 1141 τὸν

293 1160 526 1216 πλοῦτον
548 1163 605 1217 δέ
624 1163 797 1229 οὕτως
821 1167 920 1237 τῆς
955 1169 1206 1224 ἑκουσίου
1251 1173 1613 1242 προτιμήσεις
1664 1170 1872 1233 πενίας,

292 1246 389 1299 καὶ
411 1245 509 1316 τὴν
536 1249 749 1320 τρυφὴν
776 1250 882 1321 τῆς
913 1251 1187 1324 σώφρονος
1209 1254 1440 1326 διαίτης,
1471 1254 1567 1309 καὶ
1594 1254 1655 1308 τὸ
1684 1253 1879 1325 ἀμύνε-

288 1328 415 1383 σθαι
441 1331 535 1382 τοῦ
564 1331 751 1402 φέρειν
771 1333 860 1386 τὸν
885 1334 1175 1390 ἀδικοῦντα
1201 1337 1484 1404 γενναίως.

362 1412 479 1481 Ιφ.
493 1414 566 1469 Σὺ
580 1414 637 1468 δὲ
653 1416 793 1471 αὐτά
811 1419 1076 1484 κακίζεις,
1092 1421 1479 1493 φησί.Κακίζω
1491 1421 1589 1493 μὲν
1603 1421 1872 1492 οὐδαμῶς.

182 1549 187 1559 ,
289 1496 425 1562 Θεὸς
471 1498 581 1571 γὰρ
618 1500 758 1554 αὐτά
811 1503 1180 1575 συνεχώρησε,
1212 1505 1309 1559 καὶ
1342 1505 1565 1576 γέγονεν
1596 1506 1655 1559 ἐν
1698 1506 1878 1577 καιρῷ

291 1581 568 1652 χρήσιμαο
619 1583 792 1655 μικρά
833 1584 890 1638 δέ
936 1586 1077 1640 αὐτά
1123 1582 1262 1641 εἶναί
1294 1606 1468 1660 φημι.
1521 1590 1616 1642 καὶ
1668 1589 1876 1643 παίδων

291 1664 692 1736 κατορθώματα
724 1667 923 1738 μᾶλλον
953 1670 986 1741 ἢ
1021 1670 1249 1742 ἀνδρῶν.
1276 1672 1385 1724 Καὶ
1418 1671 1505 1725 διά
1537 1670 1695 1725 τοῦτο
1729 1674 1875 1743 ἡμᾶς

288 1746 528 1812 τελείους
556 1750 584 1801 6
609 1751 842 1821 Χριστὸς
877 1751 1279 1824 δημιουργήσαι
1314 1754 1657 1829 βουλόμενος,
1690 1756 1878 1808 ἐκεῖνα

294 1832 394 1901 μὲν
421 1832 712 1890 ἀποθέσθαι
748 1835 1052 1903 ἐκέλευσεν,
1084 1837 1273 1908 ῶσπερ
1305 1839 1497 1910 ἱμάτια
1526 1839 1752 1893 παιδικά
1781 1840 1876 1892 καὶ

288 1916 351 1968 οὐ
381 1916 650 1988 δυνάμενα
686 1919 1000 1990 περιϐαλεῖν
1032 1921 1121 1974 τὸν
1164 1922 1331 1993 ἀνδρα
1372 1923 1464 1976 τὸν
1497 1923 1724 1988 τέλειον,
1754 1922 1873 1976 οὐδέ

288 1999 350 2052 τὸ
380 1999 577 2071 μέτρον
621 2002 896 2072 κοσμῆσαι
948 2003 1048 2075 τῆς
1091 2002 1308 2076 ἡλικίας
1360 2004 1454 2059 τοῦ
1505 2006 1874 2078 πληρώματος

287 2080 383 2135 τοῦ
428 2082 693 2154 Χριστοῦ*
740 2083 809 2137 τά
855 2084 913 2138 δέ
959 2086 1182 2141 ἐκείνων
1212 2089 1628 2160 εὐπρεπέστερα
1657 2089 1750 2142 καὶ
1788 2107 1875 2141 τε-

290 2165 536 2239 λειότερα
580 2166 899 2239 περιθέσθαι
942 2169 1250 2235 ἐκέλευσεν,
1294 2174 1395 2226 οὐκ
1441 2172 1873 2244 ἀντινομοθετῶν

290 2249 489 2321 ἐαυτῷ,
519 2250 653 2304 ἀλλά
698 2250 794 2302 καὶ
828 2250 1032 2322 σφόδρα
1064 2252 1394 2309 ἀκολουθῶν.
1434 2256 1498 2308 Et
1533 2256 1639 2326 γὰρ
1681 2257 1776 2309 καὶ
1805 2256 1874 2310 τά

292 2333 693 2404 προστάγματα
737 2331 912 2386 ταῦτα
959 2335 1183 2388 ἐκείνων
1234 2337 1427 2406 μείζω,
1476 2337 1611 2390 ἀλλά
1648 2337 1740 2391 τοῦ
1784 2356 1872 2391 νο-

292 2416 520 2486 μοθέτου
564 2417 815 2479 σκοπὸςό
844 2417 1025 2481 αὐτός.
1060 2417 1157 2481 Τίς
1182 2415 1276 2473 οὖν
1314 2422 1460 2474 ἐστιν
1491 2415 1677 2485 οὗτοςς
1710 2422 1874 2492 Περι-

287 2497 453 2569 κόψαι
492 2499 591 2569 τὴν
641 2499 838 2553 κακίαν
884 2498 987 2570 τῆς
1033 2501 1310 2572 ἡμετέρας
1348 2502 1557 2575 ψυχῆς,
1602 2503 1698 2558 καὶ
1736 2503 1873 2576 πρὸς

286 2582 383 2653 τὴν
413 2582 621 2636 τελείαν
656 2582 826 2655 αὐτὴν
862 2584 1088 2653 ἀγαγεῖν
1131 2586 1353 2657 ἀρετήν.
1383 2588 1447 2640 Εἰ
1487 2588 1667 2642 τοίνυν
1715 2588 1874 2643 τοῦτο

287 2665 635 2730 ἐσπουδάκει,
667 2666 728 2719 οὐ
762 2667 823 2720 τὸ
861 2667 1083 2738 μείζονα
1114 2670 1367 2734 ἐπιτάξαι
1412 2671 1521 2725 τῶν
1567 2671 1869 2744 προτέρων,

285 2747 423 2801 ἀλλά
455 2747 518 2801 τὸ
556 2750 614 2802 ἐν
645 2752 757 2814 τοῖς
785 2751 968 2815 αὐτοῖς
1014 2752 1232 2821 ἀφεῖναι
1270 2753 1584 2819 διαπαντὸς,
1631 2759 1725 2810 καὶ
1762 2774 1868 2828 μη-

284 2830 478 2884 δέποτε
511 2831 613 2902 τῆς
639 2832 912 2896 εὐτελείας
936 2835 1243 2901 ἀπαλλάξαι
1269 2837 1506 2909 ἐκείνης,
1535 2838 1692 2892 τοῦτο
1721 2841 1873 2893 ἐναν-

284 2914 568 2986 τιουμένου
633 2916 836 2987 σφόδρα
878 2913 946 2988 ἦν
994 2919 1192 2989 ἐαυτῷ.
1224 2919 1436 2992 Ὥσπερ
1484 2921 1591 2992 γάρ
1622 2924 1670 2976 εἰ
1720 2923 1874 2996 παρὰ

284 2996 385 3067 τὴν
431 2996 626 3069 ἀρχὴν.
696 2998 784 3052 ὅτε
834 3001 1266 3074 νηπιωδὲστερον
1340 3004 1402 3057 τὸ
1473 3005 1583 3058 τῶν
1661 3006 1873 3078 ἀνθρώ-

286 3097 405 3133 πων
453 3080 684 3134 διέκειτο
752 3082 943 3151 γένος,
1019 3084 1119 3155 τὴν
1197 3088 1601 3159 ἐπιτεταμένην
1665 3089 1871 3161 ταύτην

284 3162 642 3234 ἐνομοθέτησε
694 3165 992 3232 πολιτείαν,
1019 3168 1126 3221 οὐδ’
1160 3166 1227 3222 ἂν
1263 3170 1362 3241 τὴν
1396 3170 1712 3244 σύμμετρον
1752 3174 1870 3227 ἐδεσ-

286 3245 498 3316 ξάμεθά
542 3264 693 3312 ποτε,
743 3249 879 3304 ἀλλά
927 3248 1078 3323 [Ξ81]
1131 3252 1310 3307 πάντα
1352 3253 1422 3306 τά
1454 3255 1553 3325 τῆς
1597 3256 1872 3328 σωτηρίας

282 3332 417 3401 ἡμῖν
455 3331 560 3383 ὑπὸ
587 3330 792 3402 ταύτης
824 3332 891 3386 ἃν
918 3335 1018 3404 τῆς
1047 3334 1317 3406 ἀμετρίας
1344 3335 1665 3408 διέφθαρτοο
1698 3339 1872 3404 οὕτως

284 3414 335 3466 εἰ
376 3412 514 3483 μετά
541 3411 630 3467 τὸν
670 3415 838 3466 πολὺν
880 3416 1072 3487 χρόνον
1112 3417 1320 3472 ἐκεῖνον
1357 3421 1454 3473 καὶ
1491 3421 1589 3491 τὴν
1624 3421 1732 3475 ἀπὸ
1774 3424 1869 3478 τοῦ

285 3497 451 3567 νόμου
503 3496 900 3567 παιδαγωγίαν,
943 3498 1038 3552 τοῦ
1093 3500 1289 3573 καιροῦ
1338 3502 1431 3555 ἐπὶ
1479 3504 1577 3576 τὴν
1619 3506 1871 3578 οὐράνιον

285 3581 488 3653 ταύτην
520 3581 813 3646 καλοῦντος
862 3583 1199 3652 φιλοσοφίαν,
1230 3584 1381 3639 εἴασε
1426 3585 1608 3656 μένειν
1645 3590 1738 3642 ἐπὶ
1774 3590 1871 3660 τῆς

285 3665 410 3736 γῆς,
437 3665 590 3718 οὐδὲν
619 3666 685 3720 ἂν
728 3665 870 3738 μέγα
899 3667 965 3720 ἐκ
1004 3667 1104 3738 τῆς
1131 3670 1591 3737 συγκαταδάσεως
1624 3673 1871 3744 ἐκαρπω-

288 3749 505 3819 σάμεθα
540 3748 771 3819 ἐκείνης,
802 3749 902 3820 τῆς
938 3748 1291 3821 τελειότητος,
1323 3751 1391 3805 δι’
1425 3754 1492 3823 ἢν
1521 3754 1555 3825 ἡ
1599 3758 1870 3825 συγκατά-

288 3831 447 3894 6ασις
470 3831 684 3900 γέγονε,
723 3833 798 3903 μὴ
834 3835 1282 3904 παραγενομένης
1321 3836 1475 3907 ἡμῖν.

357 3916 458 3969 ΙΖ’.
488 3913 604 3968 Νῦν
624 3914 680 3968 δέ
697 3917 997 3988 παρόμοιον
1008 3917 1231 3987 γέγονεν
1245 3914 1356 3972 οἷον
1376 3920 1593 3975 ἐπὶτῶν
1615 3923 1866 3982 νεοττῶν.

287 3997 400 4051 Καὶ
446 3996 556 4068 γάρ
582 3999 825 4063 ἐκείνους
860 4000 990 4054 ὅταν
1037 4000 1281 4074 ἐκθρέψῃ
1316 4006 1350 4075 ἡ
1390 4004 1594 4076 μήτηρ,
1634 4008 1868 4077 προάγει

290 4082 392 4152 μέν
427 4082 527 4153 τῆς
575 4081 798 4147 καλιᾶς·
831 4082 898 4137 ἀν
940 4083 999 4137 δὲ
1031 4084 1391 4149 ἀσθενοῦντας
1424 4087 1527 4161 ἴδῃ,
1554 4091 1649 4142 καὶ
1695 4108 1863 4145 κατα-

288 4164 585 4230 πίπτοντας
608 4168 702 4220 καὶ
722 4165 1007 4237 δεομένους
1030 4166 1110 4220 ἔτι
1134 4168 1232 4238 τῆς
1257 4167 1404 4222 ἐνδον
1431 4172 1619 4242 μονῆς,
1644 4173 1869 4245 ἀφίησιν

285 4246 368 4301 ἔτι
411 4248 625 4313 πλείους
670 4250 914 4322 ἡμέρας,
961 4251 1058 4322 οὐχ
1109 4252 1194 4319 ζνα
1244 4251 1535 4318 διαπαντὸς
1583 4254 1731 4309 ἔνδον
1772 4258 1869 4328 μέ-

285 4348 472 4394 νωσιν,
498 4332 615 4386 ἀλλ’
640 4332 728 4385 ἵνα
758 4333 1041 4401 παγέντων
1070 4335 1252 4399 αὐτοῖς
1283 4334 1466 4400 καλῶς
1492 4339 1601 4394 τῶν
1626 4341 1863 4411 πτερῶν,

286 4417 382 4470 καὶ¹
413 4415 513 4486 τῆς
550 4416 734 4487 ἰσχύος
770 4417 1211 4487 προσγενομένης
1250 4419 1489 4488 ἀπάσης,
1525 4421 1663 4491 μετὰ
1691 4424 1867 4493 ἀσφα.

284 4500 434 4563 λείας
465 4499 649 4552 λοιπὸν
679 4498 780 4570 τῆς
815 4500 1065 4569 πτήσεως
1105 4499 1354 4569 ἔχωνται.
1386 4502 1543 4556 Οὕτω
1572 4506 1664 4559 καὶ
1695 4509 1723 4560 6
1757 4508 1869 4562 Κύ-

287 4600 403 4672 ρξος
617 4581 677 4672 εξ
702 4583 879 4654 ἀρχῆς
1040 4576 1219 4672 εἷλκεν
1248 4585 1341 4637 ἐπὶ
1365 4586 1457 4672 τὸν
1490 4588 1740 4672 οὐρανὸν,
1772 4594 1866 4647 καὶ

234 4670 239 4671 “
283 4667 384 4741 τὴν
431 4665 548 4719 ἐκεῖ
579 4666 849 4737 φέρουσαν
892 4665 1011 4719 ὁδὸν
1058 4665 1289 4732 ἐδείκνυ,
1337 4669 1438 4722 οὐκ
1482 4671 1693 4740 ἀγνοῶν
1745 4676 1864 4746 μὲν,

286 4751 425 4808 ἀλλά
454 4751 547 4805 καὶ
577 4751 782 4833 σφόδρα
812 4750 988 4815 είδὼς,
1016 4751 1098 4805 δτι
1127 4751 1228 4803 οὐκ
1255 4752 1561 4824 ἀρκέσομεν
1595 4757 1728 4829 πρὸς
1766 4762 1865 4833 τὴν

288 4835 487 4906 πτῆσιν
539 4832 777 4905 ἐκείνην,
819 4834 989 4898 δεῖξαι
1022 4833 1081 4886 δέ
1128 4835 1260 4906 ἡμῖν
1291 4834 1634 4907 βουλόμενος,
1675 4843 1758 4896 ὅτι
1804 4832 1862 4897 οὐ

287 4919 438 4990 παρά
469 4916 570 4995 τὴν
598 4914 763 4970 αὐτοῦ
798 4915 1071 4987 βούλησιν,
1108 4916 1244 4971 ἀλλά
1288 4919 1436 4992 παρά
1462 4920 1561 4993 τὴν
1590 4924 1865 4997 ἡμετέραν

283 5003 571 5057 ἀσθένειαν
620 4999 682 5053 τὸ
731 4996 934 5069 πτῶμα
988 4999 1219 5067 γίνεται.
1269 5002 1485 5074 Ἐπειδὴ
1538 5005 1595 5059 δὲ
1643 4996 1861 5077 ἔδειξεν,

282 5083 427 5139 οῦτω
479 5083 665 5139 λοιπὸν
719 5080 946 5153 ἀφίησιν
988 5081 1176 5156 ῶσπερ
1224 5086 1282 5138 ἐν
1331 5085 1495 5160 καλιᾷ
1547 5089 1625 5160 τῷ
1675 5091 1865 5164 κόσμῳ

281 5169 459 5241 τούτῳ
488 5169 584 5222 καὶ
609 5165 689 5236 τῷ
716 5166 880 5237 γάμῳ
921 5167 1216 5238 τρέφεσθαι
1251 5170 1441 5241 χρόνον
1470 5171 1658 5227 πολύν.
1696 5175 1783 5238 Ὠς
1807 5175 1864 5229 δέ

288 5255 416 5325 ἡμῖν
443 5253 501 5305 ἐν
540 5250 617 5323 τῷ
645 5249 825 5321 πολλῷ
856 5252 1035 5324 χρόνῳ
1065 5252 1133 5305 τά
1165 5253 1265 5325 τῆς
1298 5255 1498 5327 ἀρετῆς
1523 5256 1625 5327 ἔφυ
1665 5258 1856 5330 πτερά,

280 5336 403 5389 τότε
446 5334 630 5407 ἠρέμα
658 5333 754 5388 καὶ
782 5334 924 5388 κατά
955 5336 1152 5408 μικρὸν
1188 5337 1357 5392 ἐλθὼν
1385 5338 1620 5411 ἐξήγαγε
1649 5341 1750 5411 τῆς
1776 5344 1864 5395 ἐν-

279 5417 457 5474 ταῦθα
492 5416 683 5489 μονῆς,
712 5416 978 5473 διδάσκων
1016 5419 1323 5493 ὑψηλότερα
1352 5422 1640 5478 πέτασθάι.
1671 5425 1733 5478 Ol
1763 5424 1863 5495 μὲν

277 5498 376 5558 οὖν
403 5500 485 5555 ἐτι
512 5499 848 5575 νωθρότερον
874 5503 1230 5575 διακείμενοι,
1261 5506 1355 5560 καὶ
1381 5505 1474 5559 τὸν
1500 5505 1669 5577 βαθὺν
1695 5504 1862 5563 ὕπνον

279 5585 650 5651 καθεύδοντες,
679 5587 1148 5661 ἐμφιλοχωροῦσιν
1187 5588 1271 5643 ἐτι
1306 5592 1372 5661 τῇ
1404 5588 1590 5662 καλιᾷ,
1620 5593 1732 5656 τοῖς
1765 5593 1860 5647 τοῦ

280 5673 486 5743 κόσμου
522 5670 940 5744 προσηλωμένοι
967 5672 1317 5744 πράγμασιν·
1349 5673 1399 5727 οἱ
1425 5674 1483 5726 δὲ
1529 5673 1698 5738 δντως
1737 5691 1853 5743 γεν-

281 5760 436 5820 ναῖοι,
477 5755 571 5810 καὶ
610 5752 707 5808 τοῦ
748 5755 925 5824 φωτὸς
956 5756 1219 5826 ἐρασταὶ,
1265 5756 1405 5826 μετά
1452 5756 1652 5827 πολλῆς
1696 5758 1855 5812 εὐκοο

276 5840 394 5906 λίας
418 5839 646 5911 ἀςεντες
673 5836 861 5910 αὐτὴν,
888 5838 1024 5915 πρὸς
1054 5837 1122 5893 τὰ
1160 5839 1412 5913 μετέωρα
1444 5840 1725 5907 πέτανται,
1757 5844 1851 5896 καὶ

1010 216 1067 272 S.
1108 216 1395 274 JOANNIS
1433 214 1927 274 CHRYSOSTOMI
1979 215 2298 273 ARCHIEP.
2342 213 2895 273 CONSTANTINOP.

3465 213 3570 268 346

1987 336 2094 390 τῶν
2125 332 2371 406 οὐρανῶν
2399 332 2635 404 ἔχονται,
2669 331 2849 386 πάντα
2882 330 2975 383 ἐπὶ
3024 329 3121 400 τῆς
3166 328 3267 399 γῆς
3318 329 3573 382 καταλεί-

1981 419 2245 486 ψαντεςο,
2271 417 2364 471 τὸν
2397 418 2594 487 γάμον,
2629 416 2699 469 τὰ
2738 414 3019 486 χρήματα,
3044 413 3143 476 τάς
3166 411 3471 483 φροντίδας,
3501 414 3571 467 τά

1982 501 2117 554 ἄλλα
2143 501 2321 554 πάντα
2343 501 2442 554 ὅσα
2472 499 2609 571 πρὸς
2639 499 2738 570 τὴν
2769 498 2873 567 γῆν
2902 497 3051 568 ἡμᾶς
3078 495 3365 550 καθέλκειν
3389 495 3569 553 εἴωθε.

1980 585 2072 656 Μὴ
2102 583 2283 637 τοίνυν
2314 583 2412 653 τὴν
2456 583 2516 649 ἐξ
2557 581 2735 653 ἀρχῆς
2781 579 3081 651 γενομένην
3124 577 3427 650 ἐπιτροπὴν
3473 579 3570 633 τοῦ

1980 667 2184 738 γάμου,
2209 666 2412 738 ταύτην
2441 665 2688 735 ἀνάγκην
2718 665 2798 728 είς
2825 663 2886 717 τὸ
2917 662 3045 732 ἑξῆς
3069 656 3567 733 εἶναι’νομίζωμεν,

1980 749 2297 803 κωλύουσαν
2349 750 2654 819 ἀναχωρεῖν
2712 745 2807 800 τοῦ
2861 745 3073 816 γάμουο
3125 745 3208 798 δτι
3262 745 3373 817 γάρ
3422 747 3572 815 ἡμᾶς

1980 833 2143 886 αὐτὸν
2178 834 2398 902 ἀφεῖναι
2440 830 2721 902 βούλεται,
2763 829 2997 885 ἀκουσον
3041 828 3093 881 τί
3135 845 3327 900 φησιν’
3375 829 3430 881 '0
3467 827 3571 882 δυ-

1978 915 2239 985 νάμενος
2269 914 2483 985 χωρεῖν
2516 913 2794 984 χωρείτω.
2826 913 2890 965 Et
2927 912 2983 966 δέ
3025 912 3099 984 μὴ
3147 911 3301 983 παρά
3329 909 3428 983 τὴν
3471 915 3572 983 ἀρ-

1978 998 2077 1069 χὴν
2116 998 2275 1052 τοῦτο
2306 996 2556 1064 ἐπέταξε,
2600 996 2675 1068 μὴ
2704 996 3011 1068 θαυμάσῃς.
3059 994 3196 1049 υύδέ
3243 994 3352 1066 γὰρ
3389 995 3572 1067 ἰατρὸς

1980 1081 2156 1134 πάντα
2209 1081 2299 1151 ὑφ’
2342 1080 2400 1134 ἓν
2450 1083 2565 1146 τοῖς
2617 1079 2890 1150 κάμνουσι
2930 1080 3026 1133 καὶ
3070 1077 3214 1131 κατὰ
3260 1077 3354 1132 τὸν
3405 1077 3570 1132 αὐτὸν

1978 1174 2173 1236 καιρὸν
2207 1165 2557 1237 προστάττει.
2589 1164 2706 1217 ἀλλ’
2740 1163 2869 1217 ὅταν
2915 1162 3013 1233 μὲν
3044 1162 3150 1215 ὐπὸ
3187 1160 3282 1215 τοῦ
3329 1161 3567 1235 πυρετοῦ

1978 1247 2339 1318 κατέχωνται,
2384 1248 2485 1319 τῆς
2520 1248 2746 1320 στερεᾶς
2784 1246 2984 1309 αὐτοὺς
3038 1245 3294 1315 ἀπείργει
3322 1245 3526 1316 τροφῆς
3548 1262 3561 1275 ⁸

1978 1331 2106 1385 ὅταν
2132 1332 2187 1385 δὲ
2221 1331 2534 1385 ἀποθῶνται
2562 1332 2739 1384 ἐκεῖνο
2770 1329 2832 1382 τὸ
2872 1328 2984 1399 πῦρ
3018 1330 3114 1382 καὶ
3148 1328 3245 1400 τὴν
3278 1329 3373 1381 ἀπ’
3400 1326 3567 1381 αὐτοῦ

1976 1414 2055 1484 τῷ
2106 1415 2319 1483 σώματι
2372 1413 2817 1485 προσγενομένην
2856 1411 3161 1477 ἀσθένειαν,
3210 1411 3333 1466 τότε
3381 1410 3568 1464 λοιπὸν

1977 1497 2293 1564 ἀπαλλάξας
2332 1498 2532 1561 αὐτοὺς
2575 1497 2684 1549 τῶν
2722 1494 3072 1565 δυσαρέστων
3112 1494 3297 1548 σιτίων
3346 1494 3440 1548 ἐπὶ
3467 1492 3568 1564 τὴν

1980 1581 2182 1652 συνήθη
2224 1580 2382 1653 φέρει
2415 1580 2645 1634 δίαιταν.
2677 1580 2889 1649 Ὥσπερ
2917 1579 2975 1631 δὲ
3014 1580 3072 1631 ἐν
3105 1582 3217 1642 τοῖς
3247 1577 3464 1650 σώμασι
3496 1577 3568 1630 τά

1979 1667 2220 1735 στοιχεῖα
2270 1664 2408 1735 πρὸς
2454 1663 2663 1735 ἄλληλα
2716 1660 3077 1726 στασιάζοντα
3113 1662 3256 1717 κατὰ
3291 1662 3353 1716 τὸ
3404 1661 3567 1716 πλέον

1977 1746 2265 1816 ἢέλαττον
2297 1746 2397 1818 τὴν
2431 1747 2587 1801 νόσον
2639 1745 2955 1818 ἐργάζεται,
2985 1745 3129 1799 οὕτω
3177 1746 3273 1800 καὶ
3322 1745 3417 1800 ἐπὶ
3465 1745 3568 1809 τῆς

1975 1830 2156 1901 ψυχῆς
2205 1831 2262 1884 αί
2316 1830 2425 1884 τῶν
2483 1829 2672 1883 παθῶν
2726 1829 2988 1901 ἀμετρίαι
3042 1829 3416 1901 διαφθείρουσι
3467 1828 3567 1899 τὴν

1977 1914 2189 1982 ὑγίειαν
2226 1914 2431 1984 αὐτῆςο
2465 1915 2558 1967 καὶ
2604 1913 2688 1967 δεῖ
2722 1913 2960 1984 μάλιστα
3003 1911 3196 1985 καιροῦ
3245 1912 3338 1965 τοῦ
3371 1912 3567 1965 καταλ-

1975 1997 2152 2067 λήλως
2172 2000 2285 2060 τοῖς
2302 1996 2687 2068 ὑποκειμένοις
2711 1995 2941 2050 πάθεσιν
2958 1995 3103 2066 ἔχειν
3127 1995 3188 2048 τὸ
3212 1994 3563 2066 πρόσταγμα,

1975 2079 2051 2143 ὡς
2082 2079 2287 2132 τούτων
2319 2079 2449 2132 ἄνευ
2496 2077 2824 2149 ἀμφοτέρων
2860 2079 2962 2132 οὐκ
3002 2077 3068 2131 ἂν
3108 2077 3362 2149 ἀρκέσειε
3401 2078 3565 2148 νόμος

1975 2160 2097 2214 καθ’
2139 2160 2332 2214 ἐαυτὸν
2376 2159 2668 2231 διορθῶσαι
2719 2161 2818 2231 τὴν
2862 2161 2920 2213 ἐν
2951 2162 3020 2231 τῇ
3069 2160 3216 2232 ψυχῇ
3266 2159 3564 2230 γενομένην

1972 2244 2327 2315 διαστροφὴν,
2354 2243 2546 2316 ῶσπερ
2576 2240 2669 2299 οὖν
2707 2244 2830 2298 οὐδὲ
2859 2246 2893 2315 ἡ
2917 2243 3027 2296 τῶν
3056 2243 3363 2315 φαρμάκων
3402 2242 3564 2312 φύσις

1974 2327 2112 2399 αὐτὴ
2158 2327 2281 2381 καθ’
2324 2328 2525 2398 ἐαυτὴν
2561 2328 2762 2382 δύναιτ’
2805 2328 2871 2382 ἂν
2911 2327 3068 2391 ἐλκος
3105 2328 3365 2398 ἀφανίσαι
3398 2327 3558 2381 ποτέο

1973 2410 2110 2480 ὅπερ
2158 2410 2269 2481 γὰρ
2316 2412 2409 2465 ἐπὶ
2458 2411 2567 2466 τῶν
2604 2411 2934 2485 τραυμάτων
2962 2412 3032 2466 τά
3079 2412 3367 2484 φάρμακα,
3405 2410 3564 2465 τοῦτο

1974 2495 2068 2548 ἐπὶ
2110 2496 2219 2548 τῶν
2253 2496 2670 2567 ἁμαρτημάτων
2709 2498 2759 2551 οἱ
2796 2496 2974 2566 νόμοι.
3012 2496 3085 2549 Σὺ
3131 2495 3187 2549 δέ
3230 2495 3411 2565 ἰατρὸν
3467 2493 3564 2548 νῦν

1977 2580 2076 2650 μέν
2125 2579 2430 2652 τέμνοντα,
2476 2578 2571 2632 νῦν
2629 2580 2687 2632 δὲ
2733 2580 2979 2645 καίοντα,
3032 2577 3127 2632 νῦν
3177 2578 3235 2632 δέ
3281 2578 3563 2648 οὐδέτερον

1971 2663 2179 2717 τούτων
2226 2663 2485 2717 ποιοῦντα
2522 2666 2614 2717 ἐπὶ
2654 2662 2763 2718 τῶν
2796 2662 2976 2717 αὐτῶν
3016 2661 3275 2724 πολλάκις
3305 2660 3569 2731 τραυμά-Δ

1971 2765 2100 2810 των,
2127 2747 2188 2801 οὐ
2229 2748 2725 2820 πολυπραγμονεῖς,
2761 2748 2854 2802 καὶ
2902 2746 3072 2801 ταῦτα
3119 2745 3379 2810 πολλάκις
3406 2743 3561 2818 [2821

1972 2832 2354 2901 ἀποσφαλέντα
2380 2833 2474 2886 τοῦ
2519 2833 2702 2897 τέλους
2721 2850 2735 2863 ⁵
2772 2833 2862 2885 τὸν
2891 2832 2949 2886 δέ
2976 2831 3109 2885 Θεὸν
3148 2830 3434 2900 ἄνθρωπος
3462 2830 3561 2892 ὢν,

1972 2916 2060 2969 τὸν
2084 2916 2321 2988 οὐδαμοῦ
2355 2918 2452 2989 μὲν
2479 2918 2917 2989 διαμαρτάνοντα
2935 2956 2950 2980 ,
2984 2916 3160 2970 πάντα
3185 2915 3241 2967 δὲ
3273 2913 3436 2980 ἀξίως
3463 2914 3565 2983 τῆς

1971 2999 2178 3064 οἰκείας
2221 3000 2606 3072 οἱκονομοῦντα
2656 3001 2880 3071 σοφίας,
2930 3000 3290 3072 περιεργάσῃ,
3324 2997 3418 3050 καί
3455 2995 3563 3048 τῶν

1973 3084 2414 3155 προσταγμάτων
2441 3084 2672 3148 εὐθύνας
2707 3085 3051 3156 ἀπαιτήσεις,
3088 3082 3182 3136 καὶ
3209 3080 3270 3133 οὐ
3302 3096 3562 3151 παραχω-

1976 3169 2162 3238 ρήσεις
2191 3167 2269 3239 τῷ
2290 3168 2391 3240 τῆς
2423 3168 2614 3238 σοφίας
2642 3169 2885 3239 ἀπείρως
2920 3166 3032 3220 Καὶ
3064 3163 3182 3228 πῶς
3203 3163 3301 3216 οὐκ
3327 3164 3564 3234 ἐσχάτης

1970 3251 2145 3306 ταῦτα
2180 3251 2604 3324 παραπληξίας;
2652 3248 2842 3312 Εἶπεν,
2878 3249 3228 3315 Αὑξάνεσθε
3261 3247 3358 3301 καὶ
3405 3250 3561 3314 πλη-

1972 3338 2247 3392 θύνεσθε.
2284 3336 2455 3390 Τοῦτο
2500 3335 2610 3408 γὰρ
2654 3338 2682 3388 ό
2712 3334 2903 3406 καιρὸς
2952 3332 3172 3405 ἀπῄτει.
3206 3334 3306 3402 τῆς
3349 3330 3563 3400 φύσεως

1975 3420 2330 3491 μαινομένης,
2359 3421 2454 3474 καὶ
2481 3420 2572 3474 τὸν
2613 3416 2722 3472 τῶν
2752 3418 2941 3473 παθῶν
2970 3413 3183 3489 οἶστρον
3220 3415 3294 3487 μὴ
3329 3414 3560 3485 δυναμέ-

1972 3520 2069 3572 νης
2101 3503 2366 3570 ἐνεγκεῖν,
2412 3503 2535 3556 οὐδὲ
2580 3501 2813 3572 ἐχούσης
2847 3502 2924 3565 εἰς
2972 3500 3160 3571 ἕτερόν
3204 3515 3325 3552 τινα
3366 3497 3562 3569 λιμένα

1971 3587 2308 3655 καταφυγεῖν
2363 3585 2422 3638 ἐν
2473 3586 2659 3657 ἐκείνῃ
2711 3588 2778 3657 τῇ
2828 3585 2986 3659 ζάλῃ.
3028 3584 3187 3638 Ἀλλά
3225 3584 3278 3636 τί
3320 3581 3561 3636 κελεύειν

1970 3670 2173 3740 ἐχρῆνς
2216 3670 2276 3721 ἐν
2319 3666 2616 3739 ἐγκρατείᾳ
2663 3669 2757 3721 καὶ
2792 3669 3061 3740 παρθενίᾳ
3109 3667 3350 3735 διάγειν;
3402 3664 3563 3719 Ἀλλά

1968 3752 2128 3806 τοῦτο
2161 3751 2345 3823 μεῖζον
2369 3751 2435 3806 ἀν
2459 3751 2521 3805 τὸ
2547 3752 2749 3824 πτῶμα
2774 3752 3093 3824 εἰργάσατο,
3124 3751 3220 3804 καὶ
3249 3750 3347 3821 τὴν
3386 3750 3562 3820 φλόγα

1971 3834 2331 3908 σφοδροτέραν
2369 3834 2613 3906 ἐποίησε.
2644 3836 2753 3889 Καὶ
2790 3836 2900 3907 γὰρ
2925 3836 3052 3898 τοὺς
3085 3832 3358 3901 γάλακτος
3396 3833 3558 3904 μόνον

1967 3918 2254 3989 δεομένους
2284 3918 2477 3984 παῖδας
2503 3922 2554 3974 εί
2589 3937 2672 3983 τις
2708 3920 2924 3991 ἐκείνης
2974 3919 3276 3987 ἀπαγαγὼν
3307 3917 3407 3986 τῆς
3435 3933 3561 3988 τροο

1969 4001 2096 4072 φῆς,
2125 4001 2226 4072 τῆς
2258 4002 2486 4073 ἀνδράσι
2516 4003 2900 4073 προσηκούσης
2939 4000 3240 4069 ἀναγκάζοι
3278 3998 3559 4069 μεταλαμ-

1970 4084 2172 4148 δάνειν,
2202 4085 2353 4139 οὐδὲν
2392 4085 2453 4139 τὸ
2497 4085 2705 4140 κωλύον
2755 4087 2953 4150 αὐτοὺς
3002 4084 3299 4138 ἀπολέσθαι
3331 4082 3559 4146 εὐθέωςε

1969 4170 2232 4224 Τοσοῦτον
2266 4172 2300 4242 ἡ
2329 4169 2555 4240 ἀκαιρία
2582 4171 2771 4224 κακόν.
2803 4169 2900 4223 Διά
2949 4168 3124 4222 ταῦτα
3162 4167 3223 4233 ἐξ
3249 4167 3426 4240 ἀρχῆς
3455 4167 3557 4224 οὐκ

1969 4252 2124 4325 ἐδόθη
2160 4255 2193 4325 ἡ
2228 4252 2754 4324 παρθενία·“μᾶλλον
2782 4252 2838 4306 δὲ
2867 4254 2900 4324 ἡ
2937 4252 3205 4324 παρθενία
3237 4252 3336 4323 μὲν
3365 4252 3425 4317 ἐξ
3456 4252 3555 4323 ἀρ-

1968 4336 2072 4407 χῆς
2101 4338 2196 4392 καὶ
2232 4336 2327 4391 τοῦ
2362 4337 2541 4409 γάμου
2574 4336 2815 4409 προτέρα
2854 4339 2989 4408 ἡμῖν
3026 4338 3226 4409 ἐφάνη·
3258 4335 3348 4390 διὰ
3379 4336 3555 4390 ταῦτα

1966 4420 2022 4472 δὲ
2044 4419 2360 4491 ἐπεισῆλθεν
2377 4420 2603 4491 ὕστερον
2620 4423 2648 4473 6
2668 4421 2866 4491 γάμος,
2891 4421 2985 4474 καὶ
3007 4422 3238 4492 πρᾶγμα
3259 4421 3555 4485 ἀναγκαῖον

1967 4504 2247 4575 ἐνομίζετο
2274 4498 2434 4564 εἶναι,
2459 4504 2535 4566 ὡς
2561 4502 2615 4555 εί
2643 4520 2707 4572 γε
2736 4502 2950 4575 ἔμεινεν
2981 4504 3268 4558 ὑπακούων
3300 4506 3328 4556 ό
3360 4501 3552 4571 Ἀδὰμ,

1966 4586 2067 4640 οὐκ
2088 4586 2155 4640 ἂν
2178 4585 2365 4655 ἐδέησε
2390 4585 2602 4639 τούτου.
2623 4587 2733 4639 Καὶ
2759 4586 2874 4650 πῶς
2899 4585 2985 4651 ἂν,
3010 4587 3196 4658 φησὶν,
3219 4587 3275 4639 αἱ
3296 4584 3554 4638 τοσαῦται

1971 4669 2227 4742 μυριάδες
2256 4670 2537 4739 ἐγένοντο;
2575 4669 2718 4737 Ἐγὼ
2756 4670 2814 4722 δέ
2842 4686 2900 4721 σε
2941 4671 3103 4724 πάλιν
3131 4668 3339 4739 ἐρωτῶ,
3364 4667 3551 4738 ἐπειδή

1968 4770 2029 4807 σε
2059 4753 2264 4825 σφόδρα
2298 4753 2598 4826 παρέμεινε
2634 4751 2940 4807 κατασείων
2977 4747 3128 4815 οὗτος
3154 4754 3182 4804 ό
3220 4750 3404 4820 φόϐος,
3436 4751 3553 4814 πῶς

1965 4839 1993 4891 ό
2028 4836 2233 4908 Ἀδὰμ,
2277 4836 2396 4901 πῶς
2431 4836 2489 4889 δὲ
2534 4837 2567 4906 ἡ
2601 4834 2750 4900 Εὕα,
2797 4835 2873 4907 μὴ
2924 4836 3297 4905 μεσιτεύοντος
3334 4833 3549 4904 γάμου;

1967 4919 2032 4971 Τί
2062 4917 2213 4987 οὗνςκ
2245 4919 2437 4983 οὕτως,
2483 4919 2671 4990 φησὶν,
2719 4918 2945 4988 ἔμελλον
2993 4917 3233 4979 ἅπαντες
3275 4915 3550 4988 ἄνθρωποι

1965 5001 2240 5070 γίνεσθαις
2288 5001 2412 5056 Εἴτε
2452 5002 2649 5067 οὕτως,
2676 5002 2786 5056 εἴτε
2818 5001 3040 5072 ἑτέρως,
3061 4999 3162 5054 οὐκ
3193 4999 3303 5069 ἔχω
3336 4999 3545 5068 λέγειν·

1964 5086 2025 5139 τδ
2051 5087 2160 5158 γὰρ
2201 5086 2531 5157 ζητούμενον
2559 5086 2674 5150 νῦν,
2711 5086 2794 5139 δτι
2822 5086 3000 5155 γάμου
3033 5085 3136 5137 οὐκ
3166 5082 3274 5136 ἔδει
3311 5083 3390 5155 τῷ
3430 5082 3549 5154 Θεῷ

1964 5170 2099 5242 πρὸς
2123 5170 2185 5224 τὸ
2208 5170 2435 5234 πολλοὺς
2453 5170 2678 5241 ποιῆσαι
2700 5170 2824 5232 τοὺς
2843 5168 2936 5221 ἐπὶ
2956 5168 3057 5238 τῆς
3079 5168 3184 5238 γῆς
3206 5167 3544 5241 ἀνθρώπους.

2036 5252 2140 5310 IH'.
2182 5255 2298 5308 Ὀτι
2322 5253 2380 5307 δὲ
2393 5254 2490 5325 οὐχ
2511 5255 2545 5324 ἡ
2573 5252 2844 5325 παρθενία
2866 5256 3012 5306 ποιεῖ
3032 5251 3094 5306 τὸ
3115 5253 3223 5306 τῶν
3243 5251 3549 5325 ἀνθρώπων

1962 5337 2119 5406 γένος
2167 5337 2461 5402 ἐπιλιπεῖν,
2493 5336 2607 5390 ἀλλ’
2636 5339 2670 5407 ὴ
2719 5336 2967 5407 ἁμαρτία
2999 5337 3093 5391 καὶ
3123 5336 3182 5399 αῖ
3210 5337 3401 5390 ἄτοποι
3451 5336 3546 5407 μί-
3587 5334 3599 5346 ’

1964 5420 2095 5487 ξεις,
2142 5421 2339 5488 ἔδειξεν
2371 5410 2401 5474 6
2434 5421 2575 5475 κατά
2603 5421 2695 5474 τὸν
2733 5420 2858 5473 Νῶε
2898 5422 3198 5492 γενόμενος
3237 5421 3545 5492 ἀφανισμὸς
3589 5464 3598 5475 .

1962 5505 2055 5558 καὶ
2089 5503 2391 5575 ἀνθρώπων
2426 5505 2521 5558 καὶ⁹
2563 5503 2777 5576 κτηνῶν
2810 5504 2906 5560 καὶ⁹
2948 5504 3166 5560 πάντων
3204 5501 3391 5565 ἁπλῶς
3434 5502 3544 5555 τῶν

1962 5588 2306 5658 ἐμπνεόντων
2345 5587 2438 5641 ἐπὶ
2469 5588 2568 5653 τῆς
2603 5588 2727 5659 γῆς.
2757 5589 2822 5642 Εἰ
2862 5588 2970 5662 γάρ
2998 5588 3233 5659 ἔστησαν
3275 5583 3416 5656 πρὸς
3443 5585 3545 5654 τὴν

1963 5671 2164 5726 ἄτοπον
2189 5670 2310 5725 τότε
2345 5672 2642 5743 ἐπιθυμίαν
2667 5672 2884 5744 ἐκείνην
2913 5673 2964 5725 οἱ
2994 5672 3101 5726 υἱοὶ
3126 5668 3223 5725 τοῦ
3251 5667 3409 5729 Θεοῦ.
3448 5670 3546 5723 καὶ

1963 5754 2062 5827 τὴν
2095 5754 2391 5828 παρθενίαν
2419 5755 2706 5828 ἐτίμησαν,
2733 5757 2780 5809 εἰ
2813 5756 2888 5826 μὴ
2927 5751 3064 5808 εἶδον
3094 5754 3297 5817 ἀδίκοις
3334 5752 3543 5824 δμμασι

2021 5857 2043 5885 ⁸
2070 5853 2191 5917 Reg.
2218 5851 2371 5902 πάντα
2388 5853 2448 5901 τά
2469 5858 2553 5913 τῆς
2573 5859 2659 5921 γῆς
2681 5854 2756 5902 ἐπὶ
2776 5860 2862 5915 γῆς
2885 5852 3051 5905 κοταλ.
