  <div class='ocr_page' id='page_1' title='image "/cluster/home/n/w/nwhite01/storage/ocr_20150623/48/mdp.39015032114640/026.png"; bbox 0 0 4016 6154; ppageno 0'>
   <div class='ocr_carea' id='block_1_1' title="bbox 417 253 519 310">
    <p class='ocr_par' dir='ltr' id='par_1_1' title="bbox 417 253 519 310">
     <span class='ocr_line' id='line_1_1' title="bbox 417 253 519 310; baseline -0.029 -3"><span class='ocrx_word' id='word_1_1' title='bbox 417 257 450 309; x_wconf 75' lang='lat'><strong>5</strong></span> <span class='ocrx_word' id='word_1_2' title='bbox 462 253 519 310; x_wconf 66' lang='lat' dir='ltr'><strong>i3</strong></span> 
     </span>
    </p>
   </div>
   <div class='ocr_carea' id='block_1_2' title="bbox 413 354 1990 423">
    <p class='ocr_par' dir='ltr' id='par_1_2' title="bbox 413 354 1990 423">
     <span class='ocr_line' id='line_1_2' title="bbox 413 354 1990 423; baseline -0.01 -1"><span class='ocrx_word' id='word_1_3' title='bbox 413 366 775 423; x_wconf 78' lang='lat' dir='ltr'><strong>imbecillitate</strong></span> <span class='ocrx_word' id='word_1_4' title='bbox 820 373 999 420; x_wconf 86' lang='lat' dir='ltr'><strong>nostra</strong></span> <span class='ocrx_word' id='word_1_5' title='bbox 1048 364 1179 417; x_wconf 86' lang='lat' dir='ltr'><strong>facta</strong></span> <span class='ocrx_word' id='word_1_6' title='bbox 1210 360 1507 417; x_wconf 86' lang='lat' dir='ltr'><strong>necessaria</strong></span> <span class='ocrx_word' id='word_1_7' title='bbox 1539 368 1662 412; x_wconf 93' lang='lat' dir='ltr'><strong>sunt</strong></span> <span class='ocrx_word' id='word_1_8' title='bbox 1704 371 1822 410; x_wconf 91' lang='lat' dir='ltr'><strong>cum</strong></span> <span class='ocrx_word' id='word_1_9' title='bbox 1854 354 1990 418; x_wconf 76' lang='lat' dir='ltr'><strong>lucc,</strong></span> 
     </span>
    </p>
   </div>
   <div class='ocr_carea' id='block_1_3' title="bbox 415 446 1994 524">
    <p class='ocr_par' dir='ltr' id='par_1_3' title="bbox 415 446 1994 524">
     <span class='ocr_line' id='line_1_3' title="bbox 415 446 1994 524; baseline -0.01 -12"><span class='ocrx_word' id='word_1_10' title='bbox 415 467 526 513; x_wconf 91' lang='lat' dir='ltr'><strong>tum</strong></span> <span class='ocrx_word' id='word_1_11' title='bbox 548 469 739 513; x_wconf 68' lang='lat' dir='ltr'><strong>caetera</strong></span> <span class='ocrx_word' id='word_1_12' title='bbox 768 459 964 521; x_wconf 85' lang='lat' dir='ltr'><strong>omnia,</strong></span> <span class='ocrx_word' id='word_1_13' title='bbox 990 455 1204 524; x_wconf 87' lang='lat' dir='ltr'><strong>oppida,</strong></span> <span class='ocrx_word' id='word_1_14' title='bbox 1227 452 1471 516; x_wconf 89' lang='lat' dir='ltr'><strong>artiﬁcia,</strong></span> <span class='ocrx_word' id='word_1_15' title='bbox 1495 448 1719 503; x_wconf 90' lang='lat' dir='ltr'><strong>vestium</strong></span> <span class='ocrx_word' id='word_1_16' title='bbox 1750 446 1994 510; x_wconf 82' lang='lat' dir='ltr'><strong>amictus,</strong></span> 
     </span>
    </p>
   </div>
   <div class='ocr_carea' id='block_1_4' title="bbox 412 539 1997 618">
    <p class='ocr_par' dir='ltr' id='par_1_4' title="bbox 412 539 1997 618">
     <span class='ocr_line' id='line_1_4' title="bbox 412 539 1997 618; baseline -0.01 -14"><span class='ocrx_word' id='word_1_17' title='bbox 412 564 475 604; x_wconf 89' lang='lat' dir='ltr'><strong>ac</strong></span> <span class='ocrx_word' id='word_1_18' title='bbox 521 549 727 618; x_wconf 86' lang='lat' dir='ltr'><strong>reliqua</strong></span> <span class='ocrx_word' id='word_1_19' title='bbox 774 547 1191 601; x_wconf 86' lang='lat' dir='ltr'><strong>necessariorum</strong></span> <span class='ocrx_word' id='word_1_20' title='bbox 1239 543 1426 606; x_wconf 87' lang='lat' dir='ltr'><strong>turba;</strong></span> <span class='ocrx_word' id='word_1_21' title='bbox 1472 541 1586 593; x_wconf 71' lang='lat' dir='ltr'><strong>lucc</strong></span> <span class='ocrx_word' id='word_1_22' title='bbox 1631 539 1775 592; x_wconf 90' lang='lat' dir='ltr'><strong>enim</strong></span> <span class='ocrx_word' id='word_1_23' title='bbox 1807 547 1997 592; x_wconf 90' lang='lat' dir='ltr'><strong>cuncta</strong></span> 
     </span>
    </p>
   </div>
   <div class='ocr_carea' id='block_1_5' title="bbox 413 630 1999 702">
    <p class='ocr_par' dir='ltr' id='par_1_5' title="bbox 413 630 1999 702">
     <span class='ocr_line' id='line_1_5' title="bbox 413 630 1999 702; baseline -0.008 -7"><span class='ocrx_word' id='word_1_24' title='bbox 413 656 559 697; x_wconf 91' lang='lat' dir='ltr'><strong>mors</strong></span> <span class='ocrx_word' id='word_1_25' title='bbox 586 656 766 696; x_wconf 87' lang='lat' dir='ltr'><strong>secum</strong></span> <span class='ocrx_word' id='word_1_26' title='bbox 796 640 1013 693; x_wconf 88' lang='lat' dir='ltr'><strong>trahens</strong></span> <span class='ocrx_word' id='word_1_27' title='bbox 1036 637 1254 692; x_wconf 82' lang='lat' dir='ltr'><strong>invexit.</strong></span> <span class='ocrx_word' id='word_1_28' title='bbox 1277 635 1452 702; x_wconf 91' lang='lat' dir='ltr'><strong>Quare</strong></span> <span class='ocrx_word' id='word_1_29' title='bbox 1478 647 1576 687; x_wconf 90' lang='lat' dir='ltr'><strong>nec</strong></span> <span class='ocrx_word' id='word_1_30' title='bbox 1595 630 1735 701; x_wconf 91' lang='lat' dir='ltr'><strong>quod</strong></span> <span class='ocrx_word' id='word_1_31' title='bbox 1763 630 1999 684; x_wconf 82' lang='lat' dir='ltr'><strong>imbecil-</strong></span> 
     </span>
    </p>
   </div>
   <div class='ocr_carea' id='block_1_6' title="bbox 415 722 1997 797">
    <p class='ocr_par' dir='ltr' id='par_1_6' title="bbox 415 722 1997 797">
     <span class='ocr_line' id='line_1_6' title="bbox 415 722 1997 797; baseline -0.009 -9"><span class='ocrx_word' id='word_1_32' title='bbox 415 734 544 788; x_wconf 86' lang='lat' dir='ltr'><strong>litati</strong></span> <span class='ocrx_word' id='word_1_33' title='bbox 574 743 676 788; x_wconf 79' lang='lat' dir='ltr'><strong>tua:</strong></span> <span class='ocrx_word' id='word_1_34' title='bbox 705 733 1059 788; x_wconf 87' lang='lat' dir='ltr'><strong>condonatum</strong></span> <span class='ocrx_word' id='word_1_35' title='bbox 1085 731 1154 783; x_wconf 90' lang='lat' dir='ltr'><strong>sit</strong></span> <span class='ocrx_word' id='word_1_36' title='bbox 1173 727 1458 797; x_wconf 79' lang='lat' dir='ltr'><strong>virginitati</strong></span> <span class='ocrx_word' id='word_1_37' title='bbox 1490 723 1681 794; x_wconf 68' lang='lat' dir='ltr'><strong>prtefer</strong></span> <span class='ocrx_word' id='word_1_38' title='bbox 1707 741 1720 776; x_wconf 90' lang='lat'><strong>:</strong></span> <span class='ocrx_word' id='word_1_39' title='bbox 1749 722 1875 792; x_wconf 89' lang='lat' dir='ltr'><strong>quin</strong></span> <span class='ocrx_word' id='word_1_40' title='bbox 1899 735 1997 774; x_wconf 89' lang='lat' dir='ltr'><strong>uec</strong></span> 
     </span>
    </p>
   </div>
   <div class='ocr_carea' id='block_1_7' title="bbox 415 812 1999 894">
    <p class='ocr_par' dir='ltr' id='par_1_7' title="bbox 415 812 1999 894">
     <span class='ocr_line' id='line_1_7' title="bbox 415 812 1999 894; baseline -0.014 -9"><span class='ocrx_word' id='word_1_41' title='bbox 415 842 656 894; x_wconf 73' lang='lat' dir='ltr'><strong>exzequa.</strong></span> <span class='ocrx_word' id='word_1_42' title='bbox 695 824 825 879; x_wconf 88' lang='lat' dir='ltr'><strong>Nam</strong></span> <span class='ocrx_word' id='word_1_43' title='bbox 867 823 967 876; x_wconf 86' lang='lat' dir='ltr'><strong>hac</strong></span> <span class='ocrx_word' id='word_1_44' title='bbox 991 822 1203 876; x_wconf 91' lang='lat' dir='ltr'><strong>demum</strong></span> <span class='ocrx_word' id='word_1_45' title='bbox 1230 819 1437 873; x_wconf 84' lang='lat' dir='ltr'><strong>ratione</strong></span> <span class='ocrx_word' id='word_1_46' title='bbox 1464 817 1595 870; x_wconf 86' lang='lat' dir='ltr'><strong>duas</strong></span> <span class='ocrx_word' id='word_1_47' title='bbox 1621 815 1779 870; x_wconf 90' lang='lat' dir='ltr'><strong>etiam</strong></span> <span class='ocrx_word' id='word_1_48' title='bbox 1809 812 1999 881; x_wconf 87' lang='lat' dir='ltr'><strong>conju-</strong></span> 
     </span>
    </p>
   </div>
   <div class='ocr_carea' id='block_1_8' title="bbox 415 903 2001 987">
    <p class='ocr_par' dir='ltr' id='par_1_8' title="bbox 415 903 2001 987">
     <span class='ocr_line' id='line_1_8' title="bbox 415 903 2001 987; baseline -0.01 -14"><span class='ocrx_word' id='word_1_49' title='bbox 415 934 508 987; x_wconf 89' lang='lat' dir='ltr'><strong>ges</strong></span> <span class='ocrx_word' id='word_1_50' title='bbox 533 917 747 980; x_wconf 89' lang='lat' dir='ltr'><strong>habere,</strong></span> <span class='ocrx_word' id='word_1_51' title='bbox 784 931 943 985; x_wconf 88' lang='lat' dir='ltr'><strong>quam</strong></span> <span class='ocrx_word' id='word_1_52' title='bbox 971 930 1071 968; x_wconf 82' lang='lat' dir='ltr'><strong>una</strong></span> <span class='ocrx_word' id='word_1_53' title='bbox 1112 920 1422 967; x_wconf 90' lang='lat' dir='ltr'><strong>contentum</strong></span> <span class='ocrx_word' id='word_1_54' title='bbox 1455 923 1595 971; x_wconf 89' lang='lat' dir='ltr'><strong>esse,</strong></span> <span class='ocrx_word' id='word_1_55' title='bbox 1642 914 1898 976; x_wconf 69' lang='lat' dir='ltr'><strong>prmstare</strong></span> <span class='ocrx_word' id='word_1_56' title='bbox 1922 903 2001 957; x_wconf 82' lang='lat' dir='ltr'><strong>di-</strong></span> 
     </span>
    </p>
   </div>
   <div class='ocr_carea' id='block_1_9' title="bbox 416 997 2001 1079">
    <p class='ocr_par' dir='ltr' id='par_1_9' title="bbox 416 997 2001 1079">
     <span class='ocr_line' id='line_1_9' title="bbox 416 997 2001 1079; baseline -0.009 -16"><span class='ocrx_word' id='word_1_57' title='bbox 416 1024 527 1075; x_wconf 81' lang='lat' dir='ltr'><strong>(es,</strong></span> <span class='ocrx_word' id='word_1_58' title='bbox 556 1009 804 1079; x_wconf 90' lang='lat' dir='ltr'><strong>quoniam</strong></span> <span class='ocrx_word' id='word_1_59' title='bbox 834 1006 886 1060; x_wconf 95' lang='lat' dir='ltr'><strong>id</strong></span> <span class='ocrx_word' id='word_1_60' title='bbox 912 1005 1072 1059; x_wconf 78' lang='lat' dir='ltr'><strong>Musis</strong></span> <span class='ocrx_word' id='word_1_61' title='bbox 1114 1004 1232 1072; x_wconf 83' lang='lat' dir='ltr'><strong>lege</strong></span> <span class='ocrx_word' id='word_1_62' title='bbox 1274 1001 1593 1073; x_wconf 90' lang='lat' dir='ltr'><strong>permissum</strong></span> <span class='ocrx_word' id='word_1_63' title='bbox 1625 1005 1772 1062; x_wconf 86' lang='lat' dir='ltr'><strong>erat;</strong></span> <span class='ocrx_word' id='word_1_64' title='bbox 1818 997 2001 1064; x_wconf 76' lang='lat' dir='ltr'><strong>siCque</strong></span> 
     </span>
    </p>
   </div>
   <div class='ocr_carea' id='block_1_10' title="bbox 421 1088 2000 1167">
    <p class='ocr_par' dir='ltr' id='par_1_10' title="bbox 421 1088 2000 1167">
     <span class='ocr_line' id='line_1_10' title="bbox 421 1088 2000 1167; baseline -0.009 -14"><span class='ocrx_word' id='word_1_65' title='bbox 421 1098 627 1153; x_wconf 82' lang='lat' dir='ltr'><strong>divitias</strong></span> <span class='ocrx_word' id='word_1_66' title='bbox 645 1112 803 1167; x_wconf 89' lang='lat' dir='ltr'><strong>quam</strong></span> <span class='ocrx_word' id='word_1_67' title='bbox 825 1094 1176 1150; x_wconf 83' lang='lat' dir='ltr'><strong>voluntariam</strong></span> <span class='ocrx_word' id='word_1_68' title='bbox 1198 1099 1585 1163; x_wconf 85' lang='lat' dir='ltr'><strong>paupertatem,</strong></span> <span class='ocrx_word' id='word_1_69' title='bbox 1604 1088 1821 1143; x_wconf 87' lang='lat' dir='ltr'><strong>delicias</strong></span> <span class='ocrx_word' id='word_1_70' title='bbox 1842 1101 2000 1156; x_wconf 92' lang='lat' dir='ltr'><strong>quam</strong></span> 
     </span>
    </p>
   </div>
   <div class='ocr_carea' id='block_1_11' title="bbox 415 1174 2002 1259">
    <p class='ocr_par' dir='ltr' id='par_1_11' title="bbox 415 1174 2002 1259">
     <span class='ocr_line' id='line_1_11' title="bbox 415 1174 2002 1259; baseline -0.006 -16"><span class='ocrx_word' id='word_1_71' title='bbox 415 1190 794 1259; x_wconf 79' lang='lat' dir='ltr'><strong>frugalitatem,</strong></span> <span class='ocrx_word' id='word_1_72' title='bbox 819 1188 1064 1258; x_wconf 88' lang='lat' dir='ltr'><strong>injuriam</strong></span> <span class='ocrx_word' id='word_1_73' title='bbox 1082 1174 1270 1241; x_wconf 79' lang='lat' dir='ltr'><strong>ulcisci</strong></span> <span class='ocrx_word' id='word_1_74' title='bbox 1301 1198 1459 1254; x_wconf 84' lang='lat' dir='ltr'><strong>quam</strong></span> <span class='ocrx_word' id='word_1_75' title='bbox 1487 1182 1694 1236; x_wconf 87' lang='lat' dir='ltr'><strong>fortiter</strong></span> <span class='ocrx_word' id='word_1_76' title='bbox 1723 1179 1879 1245; x_wconf 90' lang='lat' dir='ltr'><strong>ferre,</strong></span> <span class='ocrx_word' id='word_1_77' title='bbox 1908 1194 2002 1249; x_wconf 88' lang='lat' dir='ltr'><strong>po-</strong></span> 
     </span>
    </p>
   </div>
   <div class='ocr_carea' id='block_1_12' title="bbox 419 1283 734 1336">
    <p class='ocr_par' dir='ltr' id='par_1_12' title="bbox 419 1283 734 1336">
     <span class='ocr_line' id='line_1_12' title="bbox 419 1283 734 1336; baseline 0.003 -1"><span class='ocrx_word' id='word_1_78' title='bbox 419 1284 520 1335; x_wconf 87' lang='lat' dir='ltr'><strong>tius</strong></span> <span class='ocrx_word' id='word_1_79' title='bbox 549 1283 734 1336; x_wconf 88' lang='lat' dir='ltr'><strong>duces.</strong></span> 
     </span>
    </p>
   </div>
   <div class='ocr_carea' id='block_1_13' title="bbox 490 1364 1999 1439">
    <p class='ocr_par' dir='ltr' id='par_1_13' title="bbox 490 1364 1999 1439">
     <span class='ocr_line' id='line_1_13' title="bbox 490 1364 1999 1439; baseline -0.007 -12"><span class='ocrx_word' id='word_1_80' title='bbox 490 1372 626 1427; x_wconf 77' lang='lat' dir='ltr'><strong>XVI.</strong></span> <span class='ocrx_word' id='word_1_81' title='bbox 672 1371 1053 1425; x_wconf 82' lang='lat' dir='ltr'><strong>Matrimonium</strong></span> <span class='ocrx_word' id='word_1_82' title='bbox 1096 1369 1423 1439; x_wconf 74' lang='lat' dir='ltr'><strong>indulgentia:</strong></span> <span class='ocrx_word' id='word_1_83' title='bbox 1461 1383 1589 1420; x_wconf 76' lang='lat' dir='ltr'><strong>esse.</strong></span> <span class='ocrx_word' id='word_1_84' title='bbox 1630 1395 1701 1405; x_wconf 89' lang='lat'><strong>-—</strong></span> <span class='ocrx_word' id='word_1_85' title='bbox 1738 1364 1815 1418; x_wconf 89' lang='lat' dir='ltr'><strong>Tu</strong></span> <span class='ocrx_word' id='word_1_86' title='bbox 1850 1378 1999 1428; x_wconf 88' lang='lat' dir='ltr'><strong>vero,</strong></span> 
     </span>
    </p>
   </div>
   <div class='ocr_carea' id='block_1_14' title="bbox 419 1456 2002 1533">
    <p class='ocr_par' dir='ltr' id='par_1_14' title="bbox 419 1456 2002 1533">
     <span class='ocr_line' id='line_1_14' title="bbox 419 1456 2002 1533; baseline -0.006 -16"><span class='ocrx_word' id='word_1_87' title='bbox 419 1463 613 1533; x_wconf 89' lang='lat' dir='ltr'><strong>inquit,</strong></span> <span class='ocrx_word' id='word_1_88' title='bbox 658 1462 772 1516; x_wconf 77' lang='lat' dir='ltr'><strong>ha-c</strong></span> <span class='ocrx_word' id='word_1_89' title='bbox 803 1461 1090 1531; x_wconf 88' lang='lat' dir='ltr'><strong>improbas.</strong></span> <span class='ocrx_word' id='word_1_90' title='bbox 1121 1460 1379 1529; x_wconf 88' lang='lat' dir='ltr'><strong>Equidem</strong></span> <span class='ocrx_word' id='word_1_91' title='bbox 1411 1471 1513 1511; x_wconf 87' lang='lat' dir='ltr'><strong>non</strong></span> <span class='ocrx_word' id='word_1_92' title='bbox 1546 1456 1789 1526; x_wconf 88' lang='lat' dir='ltr'><strong>improbo</strong></span> <span class='ocrx_word' id='word_1_93' title='bbox 1824 1472 1837 1508; x_wconf 93' lang='lat'><strong>:</strong></span> <span class='ocrx_word' id='word_1_94' title='bbox 1879 1470 2002 1508; x_wconf 87' lang='lat' dir='ltr'><strong>nam</strong></span> 
     </span>
    </p>
   </div>
   <div class='ocr_carea' id='block_1_15' title="bbox 419 1544 2003 1617">
    <p class='ocr_par' dir='ltr' id='par_1_15' title="bbox 419 1544 2003 1617">
     <span class='ocr_line' id='line_1_15' title="bbox 419 1544 2003 1617; baseline -0.007 -7"><span class='ocrx_word' id='word_1_95' title='bbox 419 1571 481 1610; x_wconf 88' lang='lat' dir='ltr'><strong>ea</strong></span> <span class='ocrx_word' id='word_1_96' title='bbox 510 1564 563 1609; x_wconf 88' lang='lat' dir='ltr'><strong>et</strong></span> <span class='ocrx_word' id='word_1_97' title='bbox 594 1554 735 1608; x_wconf 88' lang='lat' dir='ltr'><strong>Deus</strong></span> <span class='ocrx_word' id='word_1_98' title='bbox 755 1552 1043 1617; x_wconf 81' lang='lat' dir='ltr'><strong>concessit,</strong></span> <span class='ocrx_word' id='word_1_99' title='bbox 1068 1561 1123 1605; x_wconf 89' lang='lat' dir='ltr'><strong>et</strong></span> <span class='ocrx_word' id='word_1_100' title='bbox 1148 1559 1302 1605; x_wconf 86' lang='lat' dir='ltr'><strong>erant</strong></span> <span class='ocrx_word' id='word_1_101' title='bbox 1326 1563 1421 1602; x_wconf 91' lang='lat' dir='ltr'><strong>suo</strong></span> <span class='ocrx_word' id='word_1_102' title='bbox 1444 1557 1684 1616; x_wconf 88' lang='lat' dir='ltr'><strong>tempore</strong></span> <span class='ocrx_word' id='word_1_103' title='bbox 1708 1545 1853 1599; x_wconf 88' lang='lat' dir='ltr'><strong>utilia</strong></span> <span class='ocrx_word' id='word_1_104' title='bbox 1876 1562 1889 1598; x_wconf 92' lang='lat'>:</span> <span class='ocrx_word' id='word_1_105' title='bbox 1909 1544 2003 1599; x_wconf 89' lang='lat' dir='ltr'><strong>sed</strong></span> 
     </span>
    </p>
   </div>
   <div class='ocr_carea' id='block_1_16' title="bbox 421 1638 2007 1712">
    <p class='ocr_par' dir='ltr' id='par_1_16' title="bbox 421 1638 2007 1712">
     <span class='ocr_line' id='line_1_16' title="bbox 421 1638 2007 1712; baseline -0.005 -13"><span class='ocrx_word' id='word_1_106' title='bbox 421 1645 553 1700; x_wconf 86' lang='lat' dir='ltr'><strong>levia</strong></span> <span class='ocrx_word' id='word_1_107' title='bbox 584 1656 800 1710; x_wconf 86' lang='lat' dir='ltr'><strong>censeo,</strong></span> <span class='ocrx_word' id='word_1_108' title='bbox 823 1654 878 1698; x_wconf 92' lang='lat' dir='ltr'><strong>et</strong></span> <span class='ocrx_word' id='word_1_109' title='bbox 906 1658 1191 1712; x_wconf 90' lang='lat' dir='ltr'><strong>puerorum</strong></span> <span class='ocrx_word' id='word_1_110' title='bbox 1222 1641 1388 1710; x_wconf 86' lang='lat' dir='ltr'><strong>magis</strong></span> <span class='ocrx_word' id='word_1_111' title='bbox 1408 1655 1564 1709; x_wconf 90' lang='lat' dir='ltr'><strong>quam</strong></span> <span class='ocrx_word' id='word_1_112' title='bbox 1593 1638 1829 1692; x_wconf 88' lang='lat' dir='ltr'><strong>virorum</strong></span> <span class='ocrx_word' id='word_1_113' title='bbox 1862 1646 2007 1691; x_wconf 87' lang='lat' dir='ltr'><strong>recte</strong></span> 
     </span>
    </p>
   </div>
   <div class='ocr_carea' id='block_1_17' title="bbox 420 1728 2007 1804">
    <p class='ocr_par' dir='ltr' id='par_1_17' title="bbox 420 1728 2007 1804">
     <span class='ocr_line' id='line_1_17' title="bbox 420 1728 2007 1804; baseline -0.002 -17"><span class='ocrx_word' id='word_1_114' title='bbox 420 1734 576 1789; x_wconf 80' lang='lat' dir='ltr'><strong>facta.</strong></span> <span class='ocrx_word' id='word_1_115' title='bbox 610 1734 842 1804; x_wconf 92' lang='lat' dir='ltr'><strong>Ideoque</strong></span> <span class='ocrx_word' id='word_1_116' title='bbox 862 1734 1105 1788; x_wconf 85' lang='lat' dir='ltr'><strong>Christus</strong></span> <span class='ocrx_word' id='word_1_117' title='bbox 1133 1732 1317 1787; x_wconf 92' lang='lat' dir='ltr'><strong>volens</strong></span> <span class='ocrx_word' id='word_1_118' title='bbox 1343 1745 1442 1785; x_wconf 86' lang='lat' dir='ltr'><strong>nos</strong></span> <span class='ocrx_word' id='word_1_119' title='bbox 1483 1728 1751 1799; x_wconf 87' lang='lat' dir='ltr'><strong>perfectos</strong></span> <span class='ocrx_word' id='word_1_120' title='bbox 1767 1728 2007 1784; x_wconf 78' lang='lat' dir='ltr'><strong>reddere</strong></span> 
     </span>
    </p>
   </div>
   <div class='ocr_carea' id='block_1_18' title="bbox 420 1826 2008 1904">
    <p class='ocr_par' dir='ltr' id='par_1_18' title="bbox 420 1826 2008 1904">
     <span class='ocr_line' id='line_1_18' title="bbox 420 1826 2008 1904; baseline -0.008 -15"><span class='ocrx_word' id='word_1_121' title='bbox 420 1835 583 1904; x_wconf 87' lang='lat' dir='ltr'><strong>jussit</strong></span> <span class='ocrx_word' id='word_1_122' title='bbox 596 1833 699 1898; x_wconf 86' lang='lat' dir='ltr'><strong>his,</strong></span> <span class='ocrx_word' id='word_1_123' title='bbox 720 1843 989 1903; x_wconf 85' lang='lat' dir='ltr'><strong>tamquam</strong></span> <span class='ocrx_word' id='word_1_124' title='bbox 1008 1831 1309 1903; x_wconf 87' lang='lat' dir='ltr'><strong>puerilibus</strong></span> <span class='ocrx_word' id='word_1_125' title='bbox 1320 1828 1581 1892; x_wconf 83' lang='lat' dir='ltr'><strong>vestibus,</strong></span> <span class='ocrx_word' id='word_1_126' title='bbox 1594 1826 1874 1888; x_wconf 87' lang='lat' dir='ltr'><strong>detractis,</strong></span> <span class='ocrx_word' id='word_1_127' title='bbox 1887 1838 2008 1893; x_wconf 71' lang='lat' dir='ltr'><strong>quae</strong></span> 
     </span>
    </p>
   </div>
   <div class='ocr_carea' id='block_1_19' title="bbox 425 1916 2006 1988">
    <p class='ocr_par' dir='ltr' id='par_1_19' title="bbox 425 1916 2006 1988">
     <span class='ocr_line' id='line_1_19' title="bbox 425 1916 2006 1988; baseline -0.008 -8"><span class='ocrx_word' id='word_1_128' title='bbox 425 1933 482 1980; x_wconf 86' lang='lat' dir='ltr'><strong>et</strong></span> <span class='ocrx_word' id='word_1_129' title='bbox 509 1925 687 1979; x_wconf 89' lang='lat' dir='ltr'><strong>virum</strong></span> <span class='ocrx_word' id='word_1_130' title='bbox 710 1926 951 1980; x_wconf 91' lang='lat' dir='ltr'><strong>adultum</strong></span> <span class='ocrx_word' id='word_1_131' title='bbox 972 1924 1214 1988; x_wconf 87' lang='lat' dir='ltr'><strong>amicire,</strong></span> <span class='ocrx_word' id='word_1_132' title='bbox 1235 1933 1291 1978; x_wconf 87' lang='lat' dir='ltr'><strong>et</strong></span> <span class='ocrx_word' id='word_1_133' title='bbox 1306 1935 1617 1976; x_wconf 88' lang='lat' dir='ltr'><strong>mensuram</strong></span> <span class='ocrx_word' id='word_1_134' title='bbox 1636 1916 1810 1972; x_wconf 71' lang='lat' dir='ltr'><strong>aetatis</strong></span> <span class='ocrx_word' id='word_1_135' title='bbox 1831 1916 2006 1985; x_wconf 82' lang='lat' dir='ltr'><strong>pleni-</strong></span> 
     </span>
    </p>
   </div>
   <div class='ocr_carea' id='block_1_20' title="bbox 427 2010 2006 2089">
    <p class='ocr_par' dir='ltr' id='par_1_20' title="bbox 427 2010 2006 2089">
     <span class='ocr_line' id='line_1_20' title="bbox 427 2010 2006 2089; baseline -0.008 -17"><span class='ocrx_word' id='word_1_136' title='bbox 427 2017 633 2072; x_wconf 90' lang='lat' dir='ltr'><strong>tudinis</strong></span> <span class='ocrx_word' id='word_1_137' title='bbox 649 2017 848 2072; x_wconf 86' lang='lat' dir='ltr'><strong>Christi</strong></span> <span class='ocrx_word' id='word_1_138' title='bbox 869 2018 1079 2089; x_wconf 82' lang='lat' dir='ltr'><strong>(Ephcs.</strong></span> <span class='ocrx_word' id='word_1_139' title='bbox 1098 2016 1149 2069; x_wconf 77' lang='grc'><strong>4.</strong></span> <span class='ocrx_word' id='word_1_140' title='bbox 1174 2017 1280 2086; x_wconf 80' lang='grc'><strong>15),</strong></span> <span class='ocrx_word' id='word_1_141' title='bbox 1301 2028 1497 2068; x_wconf 90' lang='lat' dir='ltr'><strong>ornare</strong></span> <span class='ocrx_word' id='word_1_142' title='bbox 1517 2010 1741 2064; x_wconf 90' lang='lat' dir='ltr'><strong>minime</strong></span> <span class='ocrx_word' id='word_1_143' title='bbox 1760 2014 2006 2079; x_wconf 86' lang='lat' dir='ltr'><strong>possent,</strong></span> 
     </span>
    </p>
   </div>
   <div class='ocr_carea' id='block_1_21' title="bbox 418 2098 2006 2181">
    <p class='ocr_par' dir='ltr' id='par_1_21' title="bbox 418 2098 2006 2181">
     <span class='ocr_line' id='line_1_21' title="bbox 418 2098 2006 2181; baseline -0.007 -17"><span class='ocrx_word' id='word_1_144' title='bbox 418 2114 818 2181; x_wconf 55' lang='lat' dir='ltr'><strong>splendidiores</strong></span> <span class='ocrx_word' id='word_1_145' title='bbox 863 2103 1119 2168; x_wconf 78' lang='lat' dir='ltr'><strong>quasdam</strong></span> <span class='ocrx_word' id='word_1_146' title='bbox 1152 2117 1212 2155; x_wconf 91' lang='lat' dir='ltr'><strong>ac</strong></span> <span class='ocrx_word' id='word_1_147' title='bbox 1254 2100 1599 2169; x_wconf 82' lang='lat' dir='ltr'><strong>perfectiores</strong></span> <span class='ocrx_word' id='word_1_148' title='bbox 1629 2098 1869 2164; x_wconf 86' lang='lat' dir='ltr'><strong>induere,</strong></span> <span class='ocrx_word' id='word_1_149' title='bbox 1899 2114 2006 2153; x_wconf 89' lang='lat' dir='ltr'><strong>non</strong></span> 
     </span>
    </p>
   </div>
   <div class='ocr_carea' id='block_1_22' title="bbox 420 2189 2004 2273">
    <p class='ocr_par' dir='ltr' id='par_1_22' title="bbox 420 2189 2004 2273">
     <span class='ocr_line' id='line_1_22' title="bbox 420 2189 2004 2273; baseline -0.008 -19"><span class='ocrx_word' id='word_1_150' title='bbox 420 2206 513 2259; x_wconf 77' lang='lat' dir='ltr'><strong>ille</strong></span> <span class='ocrx_word' id='word_1_151' title='bbox 535 2203 745 2273; x_wconf 75' lang='lat' dir='ltr'><strong>quidem</strong></span> <span class='ocrx_word' id='word_1_152' title='bbox 777 2209 959 2256; x_wconf 76' lang='lat' dir='ltr'><strong>secum</strong></span> <span class='ocrx_word' id='word_1_153' title='bbox 989 2206 1244 2262; x_wconf 82' lang='lat' dir='ltr'><strong>pugnans,</strong></span> <span class='ocrx_word' id='word_1_154' title='bbox 1269 2190 1362 2245; x_wconf 89' lang='lat' dir='ltr'><strong>sed</strong></span> <span class='ocrx_word' id='word_1_155' title='bbox 1390 2191 1621 2244; x_wconf 81' lang='lat' dir='ltr'><strong>maxime</strong></span> <span class='ocrx_word' id='word_1_156' title='bbox 1645 2189 2004 2244; x_wconf 82' lang='lat' dir='ltr'><strong>consentiens.</strong></span> 
     </span>
    </p>
   </div>
   <div class='ocr_carea' id='block_1_23' title="bbox 418 2282 2007 2356">
    <p class='ocr_par' dir='ltr' id='par_1_23' title="bbox 418 2282 2007 2356">
     <span class='ocr_line' id='line_1_23' title="bbox 418 2282 2007 2356; baseline -0.008 -10"><span class='ocrx_word' id='word_1_157' title='bbox 418 2295 552 2350; x_wconf 85' lang='lat' dir='ltr'><strong>Nam</strong></span> <span class='ocrx_word' id='word_1_158' title='bbox 583 2295 682 2351; x_wconf 70' lang='grc' dir='ltr'><strong>εικὶ</strong></span> <span class='ocrx_word' id='word_1_159' title='bbox 709 2294 823 2349; x_wconf 67' lang='grc' dir='ltr'><strong>Ιιτεο</strong></span> <span class='ocrx_word' id='word_1_160' title='bbox 848 2288 953 2350; x_wconf 82' lang='lat' dir='ltr'><strong>illis</strong></span> <span class='ocrx_word' id='word_1_161' title='bbox 973 2286 1173 2356; x_wconf 86' lang='lat' dir='ltr'><strong>majora</strong></span> <span class='ocrx_word' id='word_1_162' title='bbox 1202 2293 1327 2339; x_wconf 88' lang='lat' dir='ltr'><strong>sunt</strong></span> <span class='ocrx_word' id='word_1_163' title='bbox 1350 2292 1632 2355; x_wconf 58' lang='lat' dir='ltr'><strong>praecepta,</strong></span> <span class='ocrx_word' id='word_1_164' title='bbox 1657 2282 1797 2336; x_wconf 91' lang='lat' dir='ltr'><strong>idem</strong></span> <span class='ocrx_word' id='word_1_165' title='bbox 1830 2290 2007 2335; x_wconf 89' lang='lat' dir='ltr'><strong>tamen</strong></span> 
     </span>
    </p>
   </div>
   <div class='ocr_carea' id='block_1_24' title="bbox 417 2373 2008 2456">
    <p class='ocr_par' dir='ltr' id='par_1_24' title="bbox 417 2373 2008 2456">
     <span class='ocr_line' id='line_1_24' title="bbox 417 2373 2008 2456; baseline -0.011 -10"><span class='ocrx_word' id='word_1_166' title='bbox 417 2388 698 2444; x_wconf 82' lang='lat' dir='ltr'><strong>consilium</strong></span> <span class='ocrx_word' id='word_1_167' title='bbox 713 2398 794 2443; x_wconf 89' lang='lat' dir='ltr'><strong>est</strong></span> <span class='ocrx_word' id='word_1_168' title='bbox 808 2378 1434 2456; x_wconf 79' lang='lat' dir='ltr'><strong>legislatoris.Quodnam</strong></span> <span class='ocrx_word' id='word_1_169' title='bbox 1452 2375 1623 2431; x_wconf 90' lang='lat' dir='ltr'><strong>idest?</strong></span> <span class='ocrx_word' id='word_1_170' title='bbox 1642 2374 1827 2429; x_wconf 77' lang='lat' dir='ltr'><strong>Reciso</strong></span> <span class='ocrx_word' id='word_1_171' title='bbox 1844 2373 2008 2428; x_wconf 89' lang='lat' dir='ltr'><strong>animi</strong></span> 
     </span>
    </p>
   </div>
   <div class='ocr_carea' id='block_1_25' title="bbox 419 2467 2005 2544">
    <p class='ocr_par' dir='ltr' id='par_1_25' title="bbox 419 2467 2005 2544">
     <span class='ocr_line' id='line_1_25' title="bbox 419 2467 2005 2544; baseline -0.01 -9"><span class='ocrx_word' id='word_1_172' title='bbox 419 2485 586 2538; x_wconf 89' lang='lat' dir='ltr'><strong>nostri</strong></span> <span class='ocrx_word' id='word_1_173' title='bbox 607 2482 888 2537; x_wconf 82' lang='lat' dir='ltr'><strong>vitiositate</strong></span> <span class='ocrx_word' id='word_1_174' title='bbox 912 2492 1036 2535; x_wconf 81' lang='lat' dir='ltr'><strong>eum</strong></span> <span class='ocrx_word' id='word_1_175' title='bbox 1052 2474 1117 2529; x_wconf 86' lang='lat' dir='ltr'><strong>ad</strong></span> <span class='ocrx_word' id='word_1_176' title='bbox 1147 2472 1436 2544; x_wconf 84' lang='lat' dir='ltr'><strong>perfectam</strong></span> <span class='ocrx_word' id='word_1_177' title='bbox 1454 2470 1704 2524; x_wconf 84' lang='lat' dir='ltr'><strong>virtutem</strong></span> <span class='ocrx_word' id='word_1_178' title='bbox 1720 2467 2005 2523; x_wconf 89' lang='lat' dir='ltr'><strong>deducere.</strong></span> 
     </span>
    </p>
   </div>
   <div class='ocr_carea' id='block_1_26' title="bbox 422 2560 2008 2645">
    <p class='ocr_par' dir='ltr' id='par_1_26' title="bbox 422 2560 2008 2645">
     <span class='ocr_line' id='line_1_26' title="bbox 422 2560 2008 2645; baseline -0.009 -18"><span class='ocrx_word' id='word_1_179' title='bbox 422 2576 605 2645; x_wconf 84' lang='lat' dir='ltr'><strong>Itaque</strong></span> <span class='ocrx_word' id='word_1_180' title='bbox 634 2575 675 2629; x_wconf 90' lang='lat' dir='ltr'><strong>si</strong></span> <span class='ocrx_word' id='word_1_181' title='bbox 704 2575 750 2630; x_wconf 89' lang='lat' dir='ltr'><strong>ei</strong></span> <span class='ocrx_word' id='word_1_182' title='bbox 779 2588 997 2644; x_wconf 83' lang='lat' dir='ltr'><strong>operam</strong></span> <span class='ocrx_word' id='word_1_183' title='bbox 1019 2566 1278 2629; x_wconf 80' lang='lat' dir='ltr'><strong>dedisset,</strong></span> <span class='ocrx_word' id='word_1_184' title='bbox 1309 2578 1414 2618; x_wconf 89' lang='lat' dir='ltr'><strong>non</strong></span> <span class='ocrx_word' id='word_1_185' title='bbox 1439 2571 1496 2615; x_wconf 91' lang='lat' dir='ltr'><strong>ut</strong></span> <span class='ocrx_word' id='word_1_186' title='bbox 1520 2561 1785 2631; x_wconf 83' lang='lat' dir='ltr'><strong>prioribus</strong></span> <span class='ocrx_word' id='word_1_187' title='bbox 1810 2560 2008 2629; x_wconf 82' lang='lat' dir='ltr'><strong>majora</strong></span> 
     </span>
    </p>
   </div>
   <div class='ocr_carea' id='block_1_27' title="bbox 420 2651 2011 2737">
    <p class='ocr_par' dir='ltr' id='par_1_27' title="bbox 420 2651 2011 2737">
     <span class='ocr_line' id='line_1_27' title="bbox 420 2651 2011 2737; baseline -0.012 -14"><span class='ocrx_word' id='word_1_188' title='bbox 420 2670 739 2737; x_wconf 87' lang='lat' dir='ltr'><strong>imponeret,</strong></span> <span class='ocrx_word' id='word_1_189' title='bbox 771 2666 865 2721; x_wconf 88' lang='lat' dir='ltr'><strong>sed</strong></span> <span class='ocrx_word' id='word_1_190' title='bbox 904 2667 955 2719; x_wconf 92' lang='lat' dir='ltr'><strong>in</strong></span> <span class='ocrx_word' id='word_1_191' title='bbox 983 2664 1173 2718; x_wconf 84' lang='lat' dir='ltr'><strong>iisdem</strong></span> <span class='ocrx_word' id='word_1_192' title='bbox 1205 2664 1463 2727; x_wconf 90' lang='lat' dir='ltr'><strong>perpetuo</strong></span> <span class='ocrx_word' id='word_1_193' title='bbox 1489 2654 1711 2717; x_wconf 89' lang='lat' dir='ltr'><strong>sineret,</strong></span> <span class='ocrx_word' id='word_1_194' title='bbox 1745 2668 1918 2722; x_wconf 90' lang='lat' dir='ltr'><strong>neque</strong></span> <span class='ocrx_word' id='word_1_195' title='bbox 1943 2651 2011 2704; x_wconf 90' lang='lat' dir='ltr'><strong>ab</strong></span> 
     </span>
    </p>
   </div>
   <div class='ocr_carea' id='block_1_28' title="bbox 420 2743 2011 2827">
    <p class='ocr_par' dir='ltr' id='par_1_28' title="bbox 420 2743 2011 2827">
     <span class='ocr_line' id='line_1_28' title="bbox 420 2743 2011 2827; baseline -0.012 -12"><span class='ocrx_word' id='word_1_196' title='bbox 420 2775 484 2815; x_wconf 83' lang='lat' dir='ltr'><strong>ea</strong></span> <span class='ocrx_word' id='word_1_197' title='bbox 507 2759 707 2813; x_wconf 86' lang='lat' dir='ltr'><strong>vilitate</strong></span> <span class='ocrx_word' id='word_1_198' title='bbox 728 2771 975 2827; x_wconf 81' lang='lat' dir='ltr'><strong>umquam</strong></span> <span class='ocrx_word' id='word_1_199' title='bbox 1003 2754 1330 2813; x_wconf 80' lang='lat' dir='ltr'><strong>sublevaret,</strong></span> <span class='ocrx_word' id='word_1_200' title='bbox 1366 2746 1557 2801; x_wconf 91' lang='lat' dir='ltr'><strong>fuisset</strong></span> <span class='ocrx_word' id='word_1_201' title='bbox 1582 2744 1631 2798; x_wconf 87' lang='lat' dir='ltr'><strong>id</strong></span> <span class='ocrx_word' id='word_1_202' title='bbox 1665 2743 2011 2797; x_wconf 88' lang='lat' dir='ltr'><strong>vehementer</strong></span> 
     </span>
    </p>
   </div>
   <div class='ocr_carea' id='block_1_29' title="bbox 420 2835 2012 2921">
    <p class='ocr_par' dir='ltr' id='par_1_29' title="bbox 420 2835 2012 2921">
     <span class='ocr_line' id='line_1_29' title="bbox 420 2835 2012 2921; baseline -0.013 -14"><span class='ocrx_word' id='word_1_203' title='bbox 420 2867 604 2906; x_wconf 86' lang='lat' dir='ltr'><strong>secum</strong></span> <span class='ocrx_word' id='word_1_204' title='bbox 646 2849 950 2921; x_wconf 78' lang='lat' dir='ltr'><strong>pugnantis.</strong></span> <span class='ocrx_word' id='word_1_205' title='bbox 974 2847 1043 2903; x_wconf 88' lang='lat' dir='ltr'><strong>Ut</strong></span> <span class='ocrx_word' id='word_1_206' title='bbox 1064 2846 1206 2902; x_wconf 87' lang='lat' dir='ltr'><strong>enim</strong></span> <span class='ocrx_word' id='word_1_207' title='bbox 1236 2842 1280 2896; x_wconf 90' lang='lat' dir='ltr'><strong>si</strong></span> <span class='ocrx_word' id='word_1_208' title='bbox 1309 2840 1480 2905; x_wconf 90' lang='lat' dir='ltr'><strong>initio,</strong></span> <span class='ocrx_word' id='word_1_209' title='bbox 1512 2853 1633 2893; x_wconf 93' lang='lat' dir='ltr'><strong>cum</strong></span> <span class='ocrx_word' id='word_1_210' title='bbox 1656 2837 1911 2909; x_wconf 91' lang='lat' dir='ltr'><strong>puerilius</strong></span> <span class='ocrx_word' id='word_1_211' title='bbox 1933 2835 2012 2888; x_wconf 88' lang='lat' dir='ltr'><strong>af-</strong></span> 
     </span>
    </p>
   </div>
   <div class='ocr_carea' id='block_1_30' title="bbox 421 2927 2013 3012">
    <p class='ocr_par' dir='ltr' id='par_1_30' title="bbox 421 2927 2013 3012">
     <span class='ocr_line' id='line_1_30' title="bbox 421 2927 2013 3012; baseline -0.013 -12"><span class='ocrx_word' id='word_1_212' title='bbox 421 2946 619 3000; x_wconf 85' lang='lat' dir='ltr'><strong>fectum</strong></span> <span class='ocrx_word' id='word_1_213' title='bbox 641 2950 780 2999; x_wconf 77' lang='lat' dir='ltr'><strong>esset</strong></span> <span class='ocrx_word' id='word_1_214' title='bbox 802 2956 970 3012; x_wconf 89' lang='lat' dir='ltr'><strong>genus</strong></span> <span class='ocrx_word' id='word_1_215' title='bbox 996 2939 1309 2995; x_wconf 81' lang='lat' dir='ltr'><strong>humanum,</strong></span> <span class='ocrx_word' id='word_1_216' title='bbox 1340 2938 1647 2985; x_wconf 88' lang='lat' dir='ltr'><strong>accuratum</strong></span> <span class='ocrx_word' id='word_1_217' title='bbox 1677 2928 1777 2982; x_wconf 89' lang='lat' dir='ltr'><strong>hoc</strong></span> <span class='ocrx_word' id='word_1_218' title='bbox 1802 2927 2013 2981; x_wconf 87' lang='lat' dir='ltr'><strong>institu-</strong></span> 
     </span>
    </p>
   </div>
   <div class='ocr_carea' id='block_1_31' title="bbox 425 3018 2010 3101">
    <p class='ocr_par' dir='ltr' id='par_1_31' title="bbox 425 3018 2010 3101">
     <span class='ocr_line' id='line_1_31' title="bbox 425 3018 2010 3101; baseline -0.014 -8"><span class='ocrx_word' id='word_1_219' title='bbox 425 3049 538 3093; x_wconf 86' lang='lat' dir='ltr'><strong>tum</strong></span> <span class='ocrx_word' id='word_1_220' title='bbox 567 3036 832 3092; x_wconf 79' lang='lat' dir='ltr'><strong>sanxisset</strong></span> <span class='ocrx_word' id='word_1_221' title='bbox 871 3046 1155 3101; x_wconf 90' lang='lat' dir='ltr'><strong>numquam</strong></span> <span class='ocrx_word' id='word_1_222' title='bbox 1184 3043 1283 3082; x_wconf 85' lang='lat' dir='ltr'><strong>nec</strong></span> <span class='ocrx_word' id='word_1_223' title='bbox 1326 3024 1662 3079; x_wconf 89' lang='lat' dir='ltr'><strong>moderatum</strong></span> <span class='ocrx_word' id='word_1_224' title='bbox 1710 3018 2010 3089; x_wconf 81' lang='lat' dir='ltr'><strong>accepisse—</strong></span> 
     </span>
    </p>
   </div>
   <div class='ocr_carea' id='block_1_32' title="bbox 422 3111 2013 3195">
    <p class='ocr_par' dir='ltr' id='par_1_32' title="bbox 422 3111 2013 3195">
     <span class='ocr_line' id='line_1_32' title="bbox 422 3111 2013 3195; baseline -0.014 -9"><span class='ocrx_word' id='word_1_225' title='bbox 422 3145 565 3195; x_wconf 87' lang='lat' dir='ltr'><strong>mus,</strong></span> <span class='ocrx_word' id='word_1_226' title='bbox 596 3128 691 3183; x_wconf 86' lang='lat' dir='ltr'><strong>sed</strong></span> <span class='ocrx_word' id='word_1_227' title='bbox 718 3124 1157 3181; x_wconf 90' lang='lat' dir='ltr'><strong>immoderatione</strong></span> <span class='ocrx_word' id='word_1_228' title='bbox 1182 3136 1244 3175; x_wconf 86' lang='lat' dir='ltr'><strong>ea</strong></span> <span class='ocrx_word' id='word_1_229' title='bbox 1273 3117 1417 3174; x_wconf 80' lang='lat' dir='ltr'><strong>salus</strong></span> <span class='ocrx_word' id='word_1_230' title='bbox 1444 3114 1596 3169; x_wconf 91' lang='lat' dir='ltr'><strong>nobis</strong></span> <span class='ocrx_word' id='word_1_231' title='bbox 1626 3113 1801 3168; x_wconf 90' lang='lat' dir='ltr'><strong>omnis</strong></span> <span class='ocrx_word' id='word_1_232' title='bbox 1825 3111 2013 3180; x_wconf 89' lang='lat' dir='ltr'><strong>periis-</strong></span> 
     </span>
    </p>
   </div>
   <div class='ocr_carea' id='block_1_33' title="bbox 424 3203 2014 3289">
    <p class='ocr_par' dir='ltr' id='par_1_33' title="bbox 424 3203 2014 3289">
     <span class='ocr_line' id='line_1_33' title="bbox 424 3203 2014 3289; baseline -0.014 -12"><span class='ocrx_word' id='word_1_233' title='bbox 424 3232 513 3278; x_wconf 90' lang='lat' dir='ltr'><strong>set</strong></span> <span class='ocrx_word' id='word_1_234' title='bbox 544 3239 558 3274; x_wconf 89' lang='lat'><strong>:</strong></span> <span class='ocrx_word' id='word_1_235' title='bbox 602 3222 673 3275; x_wconf 90' lang='lat' dir='ltr'><strong>ita</strong></span> <span class='ocrx_word' id='word_1_236' title='bbox 700 3219 745 3274; x_wconf 90' lang='lat' dir='ltr'><strong>si</strong></span> <span class='ocrx_word' id='word_1_237' title='bbox 771 3227 892 3289; x_wconf 91' lang='lat' dir='ltr'><strong>post</strong></span> <span class='ocrx_word' id='word_1_238' title='bbox 915 3217 1127 3284; x_wconf 84' lang='lat' dir='ltr'><strong>longum</strong></span> <span class='ocrx_word' id='word_1_239' title='bbox 1156 3214 1261 3268; x_wconf 90' lang='lat' dir='ltr'><strong>hoc</strong></span> <span class='ocrx_word' id='word_1_240' title='bbox 1294 3208 1546 3279; x_wconf 89' lang='lat' dir='ltr'><strong>spatium,</strong></span> <span class='ocrx_word' id='word_1_241' title='bbox 1576 3221 1640 3260; x_wconf 90' lang='lat' dir='ltr'><strong>ae</strong></span> <span class='ocrx_word' id='word_1_242' title='bbox 1664 3204 1762 3260; x_wconf 88' lang='lat' dir='ltr'><strong>sub</strong></span> <span class='ocrx_word' id='word_1_243' title='bbox 1791 3205 1906 3273; x_wconf 87' lang='lat' dir='ltr'><strong>lege</strong></span> <span class='ocrx_word' id='word_1_244' title='bbox 1933 3203 2014 3257; x_wconf 90' lang='lat' dir='ltr'><strong>di-</strong></span> 
     </span>
    </p>
   </div>
   <div class='ocr_carea' id='block_1_34' title="bbox 421 3293 2011 3383">
    <p class='ocr_par' dir='ltr' id='par_1_34' title="bbox 421 3293 2011 3383">
     <span class='ocr_line' id='line_1_34' title="bbox 421 3293 2011 3383; baseline -0.015 -13"><span class='ocrx_word' id='word_1_245' title='bbox 421 3314 836 3383; x_wconf 83' lang='lat' dir='ltr'><strong>sciplinam,tem</strong></span> <span class='ocrx_word' id='word_1_246' title='bbox 845 3324 972 3378; x_wconf 90' lang='lat' dir='ltr'><strong>pore</strong></span> <span class='ocrx_word' id='word_1_247' title='bbox 993 3321 1089 3361; x_wconf 89' lang='lat' dir='ltr'><strong>nos</strong></span> <span class='ocrx_word' id='word_1_248' title='bbox 1103 3304 1167 3359; x_wconf 90' lang='lat' dir='ltr'><strong>ad</strong></span> <span class='ocrx_word' id='word_1_249' title='bbox 1184 3303 1451 3358; x_wconf 73' lang='lat' dir='ltr'><strong>caelestem</strong></span> <span class='ocrx_word' id='word_1_250' title='bbox 1470 3298 1609 3352; x_wconf 84' lang='lat' dir='ltr'><strong>hanc</strong></span> <span class='ocrx_word' id='word_1_251' title='bbox 1625 3293 2011 3366; x_wconf 84' lang='lat' dir='ltr'><strong>philosophiam</strong></span> 
     </span>
    </p>
   </div>
   <div class='ocr_carea' id='block_1_35' title="bbox 423 3387 2013 3467">
    <p class='ocr_par' dir='ltr' id='par_1_35' title="bbox 423 3387 2013 3467">
     <span class='ocr_line' id='line_1_35' title="bbox 423 3387 2013 3467; baseline -0.013 -8"><span class='ocrx_word' id='word_1_252' title='bbox 423 3413 673 3467; x_wconf 88' lang='lat' dir='ltr'><strong>vocante,</strong></span> <span class='ocrx_word' id='word_1_253' title='bbox 717 3401 923 3455; x_wconf 69' lang='lat' dir='ltr'><strong>haerere</strong></span> <span class='ocrx_word' id='word_1_254' title='bbox 950 3398 1001 3451; x_wconf 91' lang='lat' dir='ltr'><strong>in</strong></span> <span class='ocrx_word' id='word_1_255' title='bbox 1034 3405 1174 3450; x_wconf 89' lang='lat' dir='ltr'><strong>terra</strong></span> <span class='ocrx_word' id='word_1_256' title='bbox 1204 3393 1438 3453; x_wconf 87' lang='lat' dir='ltr'><strong>sivisset,</strong></span> <span class='ocrx_word' id='word_1_257' title='bbox 1470 3387 1606 3443; x_wconf 89' lang='lat' dir='ltr'><strong>nihil</strong></span> <span class='ocrx_word' id='word_1_258' title='bbox 1657 3400 1905 3455; x_wconf 87' lang='lat' dir='ltr'><strong>magnum</strong></span> <span class='ocrx_word' id='word_1_259' title='bbox 1947 3399 2013 3438; x_wconf 80' lang='lat' dir='ltr'><strong>ex</strong></span> 
     </span>
    </p>
   </div>
   <div class='ocr_carea' id='block_1_36' title="bbox 425 3478 2015 3563">
    <p class='ocr_par' dir='ltr' id='par_1_36' title="bbox 425 3478 2015 3563">
     <span class='ocr_line' id='line_1_36' title="bbox 425 3478 2015 3563; baseline -0.014 -14"><span class='ocrx_word' id='word_1_260' title='bbox 425 3492 752 3563; x_wconf 82' lang='lat' dir='ltr'><strong>indulgentia</strong></span> <span class='ocrx_word' id='word_1_261' title='bbox 796 3505 857 3545; x_wconf 90' lang='lat' dir='ltr'><strong>ea</strong></span> <span class='ocrx_word' id='word_1_262' title='bbox 886 3488 1329 3560; x_wconf 90' lang='lat' dir='ltr'><strong>percepissemus,</strong></span> <span class='ocrx_word' id='word_1_263' title='bbox 1357 3496 1479 3536; x_wconf 92' lang='lat' dir='ltr'><strong>eum</strong></span> <span class='ocrx_word' id='word_1_264' title='bbox 1512 3478 1770 3550; x_wconf 83' lang='lat' dir='ltr'><strong>perfectio</strong></span> <span class='ocrx_word' id='word_1_265' title='bbox 1800 3483 2015 3545; x_wconf 89' lang='lat' dir='ltr'><strong>propter</strong></span> 
     </span>
    </p>
   </div>
   <div class='ocr_carea' id='block_1_37' title="bbox 426 3570 1848 3658">
    <p class='ocr_par' dir='ltr' id='par_1_37' title="bbox 426 3570 1848 3658">
     <span class='ocr_line' id='line_1_37' title="bbox 426 3570 1848 3658; baseline -0.014 -18"><span class='ocrx_word' id='word_1_266' title='bbox 426 3602 586 3658; x_wconf 88' lang='lat' dir='ltr'><strong>quam</strong></span> <span class='ocrx_word' id='word_1_267' title='bbox 618 3584 752 3640; x_wconf 82' lang='lat' dir='ltr'><strong>facta</strong></span> <span class='ocrx_word' id='word_1_268' title='bbox 782 3580 1108 3652; x_wconf 82' lang='lat' dir='ltr'><strong>indulgentia</strong></span> <span class='ocrx_word' id='word_1_269' title='bbox 1134 3587 1219 3633; x_wconf 90' lang='lat' dir='ltr'><strong>est</strong></span> <span class='ocrx_word' id='word_1_270' title='bbox 1239 3574 1391 3631; x_wconf 91' lang='lat' dir='ltr'><strong>nobis</strong></span> <span class='ocrx_word' id='word_1_271' title='bbox 1423 3588 1529 3627; x_wconf 91' lang='lat' dir='ltr'><strong>non</strong></span> <span class='ocrx_word' id='word_1_272' title='bbox 1552 3570 1848 3640; x_wconf 88' lang='lat' dir='ltr'><strong>obtigisset.</strong></span> 
     </span>
    </p>
   </div>
   <div class='ocr_carea' id='block_1_38' title="bbox 502 3659 2013 3742">
    <p class='ocr_par' dir='ltr' id='par_1_38' title="bbox 502 3659 2013 3742">
     <span class='ocr_line' id='line_1_38' title="bbox 502 3659 2013 3742; baseline -0.012 -10"><span class='ocrx_word' id='word_1_273' title='bbox 502 3677 664 3732; x_wconf 73' lang='lat' dir='ltr'><strong>XVII.</strong></span> <span class='ocrx_word' id='word_1_274' title='bbox 713 3674 783 3728; x_wconf 85' lang='lat' dir='ltr'><strong>De</strong></span> <span class='ocrx_word' id='word_1_275' title='bbox 804 3674 897 3728; x_wconf 87' lang='lat' dir='ltr'><strong>Dei</strong></span> <span class='ocrx_word' id='word_1_276' title='bbox 925 3671 1260 3742; x_wconf 81' lang='lat' dir='ltr'><strong>indulgentia.</strong></span> <span class='ocrx_word' id='word_1_277' title='bbox 1282 3697 1356 3708; x_wconf 94' lang='lat'><strong>—</strong></span> <span class='ocrx_word' id='word_1_278' title='bbox 1383 3665 1535 3721; x_wconf 90' lang='lat' dir='ltr'><strong>Nunc</strong></span> <span class='ocrx_word' id='word_1_279' title='bbox 1562 3662 1737 3719; x_wconf 89' lang='lat' dir='ltr'><strong>simile</strong></span> <span class='ocrx_word' id='word_1_280' title='bbox 1764 3659 2013 3731; x_wconf 90' lang='lat' dir='ltr'><strong>quiddam</strong></span> 
     </span>
    </p>
   </div>
   <div class='ocr_carea' id='block_1_39' title="bbox 428 3754 2011 3834">
    <p class='ocr_par' dir='ltr' id='par_1_39' title="bbox 428 3754 2011 3834">
     <span class='ocr_line' id='line_1_39' title="bbox 428 3754 2011 3834; baseline -0.011 -13"><span class='ocrx_word' id='word_1_281' title='bbox 428 3768 586 3822; x_wconf 88' lang='lat' dir='ltr'><strong>nobis</strong></span> <span class='ocrx_word' id='word_1_282' title='bbox 610 3782 672 3821; x_wconf 91' lang='lat' dir='ltr'><strong>ac</strong></span> <span class='ocrx_word' id='word_1_283' title='bbox 701 3766 853 3834; x_wconf 84' lang='lat' dir='ltr'><strong>pullis</strong></span> <span class='ocrx_word' id='word_1_284' title='bbox 878 3763 1120 3832; x_wconf 87' lang='lat' dir='ltr'><strong>contigit.</strong></span> <span class='ocrx_word' id='word_1_285' title='bbox 1151 3760 1285 3815; x_wconf 89' lang='lat' dir='ltr'><strong>Nam</strong></span> <span class='ocrx_word' id='word_1_286' title='bbox 1314 3758 1408 3813; x_wconf 90' lang='lat' dir='ltr'><strong>ubi</strong></span> <span class='ocrx_word' id='word_1_287' title='bbox 1436 3771 1528 3811; x_wconf 92' lang='lat' dir='ltr'><strong>eos</strong></span> <span class='ocrx_word' id='word_1_288' title='bbox 1548 3754 1795 3811; x_wconf 84' lang='lat' dir='ltr'><strong>educavit</strong></span> <span class='ocrx_word' id='word_1_289' title='bbox 1820 3761 2011 3817; x_wconf 89' lang='lat' dir='ltr'><strong>mater,</strong></span> 
     </span>
    </p>
   </div>
   <div class='ocr_carea' id='block_1_40' title="bbox 435 3842 2015 3928">
    <p class='ocr_par' dir='ltr' id='par_1_40' title="bbox 435 3842 2015 3928">
     <span class='ocr_line' id='line_1_40' title="bbox 435 3842 2015 3928; baseline -0.011 -16"><span class='ocrx_word' id='word_1_290' title='bbox 435 3858 641 3928; x_wconf 86' lang='lat' dir='ltr'><strong>profert</strong></span> <span class='ocrx_word' id='word_1_291' title='bbox 685 3857 803 3910; x_wconf 92' lang='lat' dir='ltr'><strong>illos</strong></span> <span class='ocrx_word' id='word_1_292' title='bbox 829 3853 1042 3924; x_wconf 90' lang='lat' dir='ltr'><strong>quidem</strong></span> <span class='ocrx_word' id='word_1_293' title='bbox 1072 3867 1102 3905; x_wconf 93' lang='lat' dir='ltr'><strong>e</strong></span> <span class='ocrx_word' id='word_1_294' title='bbox 1149 3850 1302 3913; x_wconf 88' lang='lat' dir='ltr'><strong>nido;</strong></span> <span class='ocrx_word' id='word_1_295' title='bbox 1350 3847 1444 3903; x_wconf 90' lang='lat' dir='ltr'><strong>sed</strong></span> <span class='ocrx_word' id='word_1_296' title='bbox 1475 3848 1518 3901; x_wconf 92' lang='lat' dir='ltr'><strong>si</strong></span> <span class='ocrx_word' id='word_1_297' title='bbox 1551 3844 1847 3901; x_wconf 87' lang='lat' dir='ltr'><strong>imbecilles</strong></span> <span class='ocrx_word' id='word_1_298' title='bbox 1876 3842 2015 3896; x_wconf 84' lang='lat' dir='ltr'><strong>videt</strong></span> 
     </span>
    </p>
   </div>
   <div class='ocr_carea' id='block_1_41' title="bbox 431 3936 2014 4015">
    <p class='ocr_par' dir='ltr' id='par_1_41' title="bbox 431 3936 2014 4015">
     <span class='ocr_line' id='line_1_41' title="bbox 431 3936 2014 4015; baseline -0.011 -11"><span class='ocrx_word' id='word_1_299' title='bbox 431 3966 497 4004; x_wconf 88' lang='lat' dir='ltr'><strong>ac</strong></span> <span class='ocrx_word' id='word_1_300' title='bbox 545 3949 804 4013; x_wconf 91' lang='lat' dir='ltr'><strong>labentes,</strong></span> <span class='ocrx_word' id='word_1_301' title='bbox 833 3955 888 4001; x_wconf 92' lang='lat' dir='ltr'><strong>et</strong></span> <span class='ocrx_word' id='word_1_302' title='bbox 915 3944 1005 4015; x_wconf 88' lang='lat' dir='ltr'><strong>qui</strong></span> <span class='ocrx_word' id='word_1_303' title='bbox 1030 3943 1204 3997; x_wconf 91' lang='lat' dir='ltr'><strong>adhuc</strong></span> <span class='ocrx_word' id='word_1_304' title='bbox 1231 3955 1365 4010; x_wconf 92' lang='lat' dir='ltr'><strong>opus</strong></span> <span class='ocrx_word' id='word_1_305' title='bbox 1404 3939 1632 3994; x_wconf 84' lang='lat' dir='ltr'><strong>habeant</strong></span> <span class='ocrx_word' id='word_1_306' title='bbox 1664 3938 1804 3991; x_wconf 87' lang='lat' dir='ltr'><strong>intus</strong></span> <span class='ocrx_word' id='word_1_307' title='bbox 1840 3936 2014 3990; x_wconf 81' lang='lat' dir='ltr'><strong>Conti-</strong></span> 
     </span>
    </p>
   </div>
   <div class='ocr_carea' id='block_1_42' title="bbox 419 4026 2016 4110">
    <p class='ocr_par' dir='ltr' id='par_1_42' title="bbox 419 4026 2016 4110">
     <span class='ocr_line' id='line_1_42' title="bbox 419 4026 2016 4110; baseline -0.009 -14"><span class='ocrx_word' id='word_1_308' title='bbox 419 4042 568 4110; x_wconf 15' lang='lat' dir='ltr'><strong>Vneri,</strong></span> <span class='ocrx_word' id='word_1_309' title='bbox 599 4040 722 4094; x_wconf 91' lang='lat' dir='ltr'><strong>sinit</strong></span> <span class='ocrx_word' id='word_1_310' title='bbox 753 4040 967 4107; x_wconf 90' lang='lat' dir='ltr'><strong>insuper</strong></span> <span class='ocrx_word' id='word_1_311' title='bbox 999 4035 1174 4105; x_wconf 89' lang='lat' dir='ltr'><strong>plures</strong></span> <span class='ocrx_word' id='word_1_312' title='bbox 1194 4033 1327 4094; x_wconf 90' lang='lat' dir='ltr'><strong>dies,</strong></span> <span class='ocrx_word' id='word_1_313' title='bbox 1359 4046 1464 4084; x_wconf 92' lang='lat' dir='ltr'><strong>non</strong></span> <span class='ocrx_word' id='word_1_314' title='bbox 1494 4041 1549 4084; x_wconf 92' lang='lat' dir='ltr'><strong>ut</strong></span> <span class='ocrx_word' id='word_1_315' title='bbox 1576 4038 1832 4099; x_wconf 89' lang='lat' dir='ltr'><strong>perpetuo</strong></span> <span class='ocrx_word' id='word_1_316' title='bbox 1872 4026 2016 4081; x_wconf 89' lang='lat' dir='ltr'><strong>intus</strong></span> 
     </span>
    </p>
   </div>
   <div class='ocr_carea' id='block_1_43' title="bbox 431 4116 2015 4195">
    <p class='ocr_par' dir='ltr' id='par_1_43' title="bbox 431 4116 2015 4195">
     <span class='ocr_line' id='line_1_43' title="bbox 431 4116 2015 4195; baseline -0.011 -10"><span class='ocrx_word' id='word_1_317' title='bbox 431 4133 693 4195; x_wconf 70' lang='lat' dir='ltr'><strong>hmreaut,</strong></span> <span class='ocrx_word' id='word_1_318' title='bbox 738 4128 833 4184; x_wconf 86' lang='lat' dir='ltr'><strong>sed</strong></span> <span class='ocrx_word' id='word_1_319' title='bbox 863 4139 919 4181; x_wconf 89' lang='lat' dir='ltr'><strong>ut</strong></span> <span class='ocrx_word' id='word_1_320' title='bbox 958 4127 1057 4181; x_wconf 90' lang='lat' dir='ltr'><strong>alis</strong></span> <span class='ocrx_word' id='word_1_321' title='bbox 1098 4124 1263 4195; x_wconf 91' lang='lat' dir='ltr'><strong>probe</strong></span> <span class='ocrx_word' id='word_1_322' title='bbox 1285 4121 1633 4185; x_wconf 83' lang='lat' dir='ltr'><strong>confirmatis,</strong></span> <span class='ocrx_word' id='word_1_323' title='bbox 1679 4130 1837 4188; x_wconf 90' lang='lat' dir='ltr'><strong>atque</strong></span> <span class='ocrx_word' id='word_1_324' title='bbox 1869 4116 2015 4171; x_wconf 89' lang='lat' dir='ltr'><strong>omni</strong></span> 
     </span>
    </p>
   </div>
   <div class='ocr_carea' id='block_1_44' title="bbox 430 4208 2017 4283">
    <p class='ocr_par' dir='ltr' id='par_1_44' title="bbox 430 4208 2017 4283">
     <span class='ocr_line' id='line_1_44' title="bbox 430 4208 2017 4283; baseline -0.008 -8"><span class='ocrx_word' id='word_1_325' title='bbox 430 4230 705 4277; x_wconf 88' lang='lat' dir='ltr'><strong>c0ntracto</strong></span> <span class='ocrx_word' id='word_1_326' title='bbox 750 4218 964 4283; x_wconf 89' lang='lat' dir='ltr'><strong>robore,</strong></span> <span class='ocrx_word' id='word_1_327' title='bbox 1009 4217 1129 4271; x_wconf 83' lang='lat' dir='ltr'><strong>exin</strong></span> <span class='ocrx_word' id='word_1_328' title='bbox 1173 4214 1344 4269; x_wconf 90' lang='lat' dir='ltr'><strong>securi</strong></span> <span class='ocrx_word' id='word_1_329' title='bbox 1384 4212 1616 4265; x_wconf 85' lang='lat' dir='ltr'><strong>volatum</strong></span> <span class='ocrx_word' id='word_1_330' title='bbox 1679 4211 1877 4263; x_wconf 89' lang='lat' dir='ltr'><strong>ineant.</strong></span> <span class='ocrx_word' id='word_1_331' title='bbox 1928 4208 2017 4263; x_wconf 92' lang='lat' dir='ltr'><strong>Sic</strong></span> 
     </span>
    </p>
   </div>
   <div class='ocr_carea' id='block_1_45' title="bbox 432 4299 2014 4374">
    <p class='ocr_par' dir='ltr' id='par_1_45' title="bbox 432 4299 2014 4374">
     <span class='ocr_line' id='line_1_45' title="bbox 432 4299 2014 4374; baseline -0.01 -9"><span class='ocrx_word' id='word_1_332' title='bbox 432 4327 536 4365; x_wconf 91' lang='lat' dir='ltr'><strong>nos</strong></span> <span class='ocrx_word' id='word_1_333' title='bbox 582 4311 831 4365; x_wconf 84' lang='lat' dir='ltr'><strong>Dominus</strong></span> <span class='ocrx_word' id='word_1_334' title='bbox 867 4318 1046 4361; x_wconf 86' lang='lat' dir='ltr'><strong>noster</strong></span> <span class='ocrx_word' id='word_1_335' title='bbox 1089 4306 1199 4374; x_wconf 90' lang='lat' dir='ltr'><strong>jam</strong></span> <span class='ocrx_word' id='word_1_336' title='bbox 1231 4304 1356 4359; x_wconf 92' lang='lat' dir='ltr'><strong>olim</strong></span> <span class='ocrx_word' id='word_1_337' title='bbox 1406 4302 1472 4357; x_wconf 90' lang='lat' dir='ltr'><strong>ad</strong></span> <span class='ocrx_word' id='word_1_338' title='bbox 1518 4302 1705 4357; x_wconf 64' lang='lat' dir='ltr'><strong>caelum</strong></span> <span class='ocrx_word' id='word_1_339' title='bbox 1750 4299 2014 4365; x_wconf 86' lang='lat' dir='ltr'><strong>trahebat,</strong></span> 
     </span>
    </p>
   </div>
   <div class='ocr_carea' id='block_1_46' title="bbox 434 4389 2016 4471">
    <p class='ocr_par' dir='ltr' id='par_1_46' title="bbox 434 4389 2016 4471">
     <span class='ocr_line' id='line_1_46' title="bbox 434 4389 2016 4471; baseline -0.006 -20"><span class='ocrx_word' id='word_1_340' title='bbox 434 4403 683 4471; x_wconf 83' lang='lat' dir='ltr'><strong>viamque</strong></span> <span class='ocrx_word' id='word_1_341' title='bbox 708 4415 823 4469; x_wconf 77' lang='lat' dir='ltr'><strong>qua:</strong></span> <span class='ocrx_word' id='word_1_342' title='bbox 843 4414 909 4453; x_wconf 91' lang='lat' dir='ltr'><strong>eo</strong></span> <span class='ocrx_word' id='word_1_343' title='bbox 936 4398 1096 4451; x_wconf 82' lang='lat' dir='ltr'><strong>ferret</strong></span> <span class='ocrx_word' id='word_1_344' title='bbox 1126 4394 1491 4458; x_wconf 90' lang='lat' dir='ltr'><strong>monstrabat;</strong></span> <span class='ocrx_word' id='word_1_345' title='bbox 1526 4408 1629 4446; x_wconf 92' lang='lat' dir='ltr'><strong>non</strong></span> <span class='ocrx_word' id='word_1_346' title='bbox 1673 4392 1763 4446; x_wconf 90' lang='lat' dir='ltr'><strong>ille</strong></span> <span class='ocrx_word' id='word_1_347' title='bbox 1801 4389 2016 4460; x_wconf 89' lang='lat' dir='ltr'><strong>quidem</strong></span> 
     </span>
    </p>
   </div>
   <div class='ocr_carea' id='block_1_47' title="bbox 436 4481 2015 4562">
    <p class='ocr_par' dir='ltr' id='par_1_47' title="bbox 436 4481 2015 4562">
     <span class='ocr_line' id='line_1_47' title="bbox 436 4481 2015 4562; baseline -0.008 -17"><span class='ocrx_word' id='word_1_348' title='bbox 436 4494 708 4562; x_wconf 86' lang='lat' dir='ltr'><strong>ignorans,</strong></span> <span class='ocrx_word' id='word_1_349' title='bbox 736 4491 861 4560; x_wconf 89' lang='lat' dir='ltr'><strong>quin</strong></span> <span class='ocrx_word' id='word_1_350' title='bbox 889 4489 1029 4543; x_wconf 89' lang='lat' dir='ltr'><strong>belle</strong></span> <span class='ocrx_word' id='word_1_351' title='bbox 1058 4488 1215 4542; x_wconf 87' lang='lat' dir='ltr'><strong>etiam</strong></span> <span class='ocrx_word' id='word_1_352' title='bbox 1238 4484 1505 4549; x_wconf 88' lang='lat' dir='ltr'><strong>conscius,</strong></span> <span class='ocrx_word' id='word_1_353' title='bbox 1539 4484 1770 4552; x_wconf 87' lang='lat' dir='ltr'><strong>impares</strong></span> <span class='ocrx_word' id='word_1_354' title='bbox 1798 4481 1864 4535; x_wconf 86' lang='lat' dir='ltr'><strong>ad</strong></span> <span class='ocrx_word' id='word_1_355' title='bbox 1894 4495 2015 4534; x_wconf 90' lang='lat' dir='ltr'><strong>eum</strong></span> 
     </span>
    </p>
   </div>
   <div class='ocr_carea' id='block_1_48' title="bbox 432 4573 2017 4643">
    <p class='ocr_par' dir='ltr' id='par_1_48' title="bbox 432 4573 2017 4643">
     <span class='ocr_line' id='line_1_48' title="bbox 432 4573 2017 4643; baseline -0.007 -8"><span class='ocrx_word' id='word_1_356' title='bbox 432 4585 670 4636; x_wconf 54' lang='lat' dir='ltr'><strong>villatum</strong></span> <span class='ocrx_word' id='word_1_357' title='bbox 701 4581 924 4643; x_wconf 91' lang='lat' dir='ltr'><strong>futuros,</strong></span> <span class='ocrx_word' id='word_1_358' title='bbox 948 4578 1042 4633; x_wconf 89' lang='lat' dir='ltr'><strong>sed</strong></span> <span class='ocrx_word' id='word_1_359' title='bbox 1067 4577 1351 4632; x_wconf 88' lang='lat' dir='ltr'><strong>ostendere</strong></span> <span class='ocrx_word' id='word_1_360' title='bbox 1377 4575 1530 4629; x_wconf 91' lang='lat' dir='ltr'><strong>nobis</strong></span> <span class='ocrx_word' id='word_1_361' title='bbox 1555 4573 1761 4638; x_wconf 85' lang='lat' dir='ltr'><strong>volens,</strong></span> <span class='ocrx_word' id='word_1_362' title='bbox 1792 4588 1897 4625; x_wconf 92' lang='lat' dir='ltr'><strong>non</strong></span> <span class='ocrx_word' id='word_1_363' title='bbox 1921 4586 2017 4624; x_wconf 88' lang='lat' dir='ltr'><strong>vo-</strong></span> 
     </span>
    </p>
   </div>
   <div class='ocr_carea' id='block_1_49' title="bbox 436 4662 2016 4739">
    <p class='ocr_par' dir='ltr' id='par_1_49' title="bbox 436 4662 2016 4739">
     <span class='ocr_line' id='line_1_49' title="bbox 436 4662 2016 4739; baseline -0.009 -9"><span class='ocrx_word' id='word_1_364' title='bbox 436 4675 645 4730; x_wconf 90' lang='lat' dir='ltr'><strong>luntate</strong></span> <span class='ocrx_word' id='word_1_365' title='bbox 685 4689 801 4739; x_wconf 90' lang='lat' dir='ltr'><strong>sua,</strong></span> <span class='ocrx_word' id='word_1_366' title='bbox 843 4671 937 4726; x_wconf 88' lang='lat' dir='ltr'><strong>sed</strong></span> <span class='ocrx_word' id='word_1_367' title='bbox 986 4668 1351 4724; x_wconf 88' lang='lat' dir='ltr'><strong>imbecillitate</strong></span> <span class='ocrx_word' id='word_1_368' title='bbox 1397 4677 1578 4721; x_wconf 89' lang='lat' dir='ltr'><strong>nostra</strong></span> <span class='ocrx_word' id='word_1_369' title='bbox 1624 4665 1830 4734; x_wconf 90' lang='lat' dir='ltr'><strong>lapsum</strong></span> <span class='ocrx_word' id='word_1_370' title='bbox 1881 4662 2016 4717; x_wconf 89' lang='lat' dir='ltr'><strong>ﬁeri.</strong></span> 
     </span>
    </p>
   </div>
   <div class='ocr_carea' id='block_1_50' title="bbox 436 4758 2017 4836">
    <p class='ocr_par' dir='ltr' id='par_1_50' title="bbox 436 4758 2017 4836">
     <span class='ocr_line' id='line_1_50' title="bbox 436 4758 2017 4836; baseline -0.007 -17"><span class='ocrx_word' id='word_1_371' title='bbox 436 4767 589 4836; x_wconf 85' lang='lat' dir='ltr'><strong>Quod</strong></span> <span class='ocrx_word' id='word_1_372' title='bbox 619 4767 705 4821; x_wconf 91' lang='lat' dir='ltr'><strong>ubi</strong></span> <span class='ocrx_word' id='word_1_373' title='bbox 737 4764 988 4828; x_wconf 88' lang='lat' dir='ltr'><strong>ostendit,</strong></span> <span class='ocrx_word' id='word_1_374' title='bbox 1017 4762 1141 4818; x_wconf 90' lang='lat' dir='ltr'><strong>sivit</strong></span> <span class='ocrx_word' id='word_1_375' title='bbox 1165 4776 1325 4831; x_wconf 90' lang='lat' dir='ltr'><strong>porro</strong></span> <span class='ocrx_word' id='word_1_376' title='bbox 1366 4761 1417 4813; x_wconf 90' lang='lat' dir='ltr'><strong>in</strong></span> <span class='ocrx_word' id='word_1_377' title='bbox 1464 4760 1566 4813; x_wconf 91' lang='lat' dir='ltr'><strong>hoc</strong></span> <span class='ocrx_word' id='word_1_378' title='bbox 1595 4758 1791 4812; x_wconf 91' lang='lat' dir='ltr'><strong>mundo</strong></span> <span class='ocrx_word' id='word_1_379' title='bbox 1819 4765 1873 4811; x_wconf 91' lang='lat' dir='ltr'><strong>et</strong></span> <span class='ocrx_word' id='word_1_380' title='bbox 1902 4771 2017 4809; x_wconf 88' lang='lat' dir='ltr'><strong>ma-</strong></span> 
     </span>
    </p>
   </div>
   <div class='ocr_carea' id='block_1_51' title="bbox 439 4845 2019 4926">
    <p class='ocr_par' dir='ltr' id='par_1_51' title="bbox 439 4845 2019 4926">
     <span class='ocr_line' id='line_1_51' title="bbox 439 4845 2019 4926; baseline -0.009 -14"><span class='ocrx_word' id='word_1_381' title='bbox 439 4858 691 4912; x_wconf 87' lang='lat' dir='ltr'><strong>trimonio</strong></span> <span class='ocrx_word' id='word_1_382' title='bbox 722 4868 988 4926; x_wconf 89' lang='lat' dir='ltr'><strong>tamquam</strong></span> <span class='ocrx_word' id='word_1_383' title='bbox 1019 4854 1145 4908; x_wconf 88' lang='lat' dir='ltr'><strong>nido</strong></span> <span class='ocrx_word' id='word_1_384' title='bbox 1186 4851 1413 4921; x_wconf 90' lang='lat' dir='ltr'><strong>quodam</strong></span> <span class='ocrx_word' id='word_1_385' title='bbox 1459 4849 1660 4903; x_wconf 91' lang='lat' dir='ltr'><strong>diutius</strong></span> <span class='ocrx_word' id='word_1_386' title='bbox 1703 4848 1796 4910; x_wconf 91' lang='lat' dir='ltr'><strong>ali,</strong></span> <span class='ocrx_word' id='word_1_387' title='bbox 1848 4845 2019 4899; x_wconf 90' lang='lat' dir='ltr'><strong>donec</strong></span> 
     </span>
    </p>
   </div>
   <div class='ocr_carea' id='block_1_52' title="bbox 440 4940 2005 5018">
    <p class='ocr_par' dir='ltr' id='par_1_52' title="bbox 440 4940 2005 5018">
     <span class='ocr_line' id='line_1_52' title="bbox 440 4940 2005 5018; baseline -0.008 -15"><span class='ocrx_word' id='word_1_388' title='bbox 440 4950 653 5005; x_wconf 86' lang='lat' dir='ltr'><strong>tandem</strong></span> <span class='ocrx_word' id='word_1_389' title='bbox 680 4950 889 5004; x_wconf 88' lang='lat' dir='ltr'><strong>virtutis</strong></span> <span class='ocrx_word' id='word_1_390' title='bbox 915 4948 1065 5018; x_wconf 87' lang='lat' dir='ltr'><strong>quasi</strong></span> <span class='ocrx_word' id='word_1_391' title='bbox 1088 4945 1400 5017; x_wconf 89' lang='lat' dir='ltr'><strong>quibusdam</strong></span> <span class='ocrx_word' id='word_1_392' title='bbox 1429 4943 1616 5012; x_wconf 90' lang='lat' dir='ltr'><strong>pennis</strong></span> <span class='ocrx_word' id='word_1_393' title='bbox 1657 4942 1814 5009; x_wconf 88' lang='lat' dir='ltr'><strong>longo</strong></span> <span class='ocrx_word' id='word_1_394' title='bbox 1845 4940 2005 4992; x_wconf 88' lang='lat' dir='ltr'><strong>inter-</strong></span> 
     </span>
    </p>
   </div>
   <div class='ocr_carea' id='block_1_53' title="bbox 438 5034 2014 5111">
    <p class='ocr_par' dir='ltr' id='par_1_53' title="bbox 438 5034 2014 5111">
     <span class='ocr_line' id='line_1_53' title="bbox 438 5034 2014 5111; baseline -0.006 -16"><span class='ocrx_word' id='word_1_395' title='bbox 438 5043 580 5111; x_wconf 83' lang='lat' dir='ltr'><strong>vallo</strong></span> <span class='ocrx_word' id='word_1_396' title='bbox 631 5043 837 5106; x_wconf 88' lang='lat' dir='ltr'><strong>enatis,</strong></span> <span class='ocrx_word' id='word_1_397' title='bbox 868 5040 1066 5097; x_wconf 87' lang='lat' dir='ltr'><strong>sensim</strong></span> <span class='ocrx_word' id='word_1_398' title='bbox 1118 5050 1277 5109; x_wconf 90' lang='lat' dir='ltr'><strong>atque</strong></span> <span class='ocrx_word' id='word_1_399' title='bbox 1326 5036 1646 5107; x_wconf 86' lang='lat' dir='ltr'><strong>pedetentim</strong></span> <span class='ocrx_word' id='word_1_400' title='bbox 1702 5034 2014 5103; x_wconf 88' lang='lat' dir='ltr'><strong>ingressus,</strong></span> 
     </span>
    </p>
   </div>
   <div class='ocr_carea' id='block_1_54' title="bbox 436 5125 2018 5193">
    <p class='ocr_par' dir='ltr' id='par_1_54' title="bbox 436 5125 2018 5193">
     <span class='ocr_line' id='line_1_54' title="bbox 436 5125 2018 5193; baseline -0.008 -4"><span class='ocrx_word' id='word_1_401' title='bbox 436 5134 710 5189; x_wconf 84' lang='lat' dir='ltr'><strong>domicilio</strong></span> <span class='ocrx_word' id='word_1_402' title='bbox 750 5134 854 5188; x_wconf 82' lang='lat' dir='ltr'><strong>hoc</strong></span> <span class='ocrx_word' id='word_1_403' title='bbox 892 5132 1113 5188; x_wconf 90' lang='lat' dir='ltr'><strong>eductos</strong></span> <span class='ocrx_word' id='word_1_404' title='bbox 1161 5131 1317 5184; x_wconf 89' lang='lat' dir='ltr'><strong>altius</strong></span> <span class='ocrx_word' id='word_1_405' title='bbox 1362 5128 1541 5183; x_wconf 91' lang='lat' dir='ltr'><strong>docuit</strong></span> <span class='ocrx_word' id='word_1_406' title='bbox 1586 5126 1817 5182; x_wconf 90' lang='lat' dir='ltr'><strong>evolare.</strong></span> <span class='ocrx_word' id='word_1_407' title='bbox 1870 5125 2018 5193; x_wconf 88' lang='lat' dir='ltr'><strong>Ergo</strong></span> 
     </span>
    </p>
   </div>
   <div class='ocr_carea' id='block_1_55' title="bbox 437 5216 2017 5291">
    <p class='ocr_par' dir='ltr' id='par_1_55' title="bbox 437 5216 2017 5291">
     <span class='ocr_line' id='line_1_55' title="bbox 437 5216 2017 5291; baseline -0.01 -8"><span class='ocrx_word' id='word_1_408' title='bbox 437 5229 530 5283; x_wconf 87' lang='lat' dir='ltr'><strong>alii</strong></span> <span class='ocrx_word' id='word_1_409' title='bbox 572 5228 745 5282; x_wconf 89' lang='lat' dir='ltr'><strong>adhuc</strong></span> <span class='ocrx_word' id='word_1_410' title='bbox 794 5227 1082 5280; x_wconf 89' lang='lat' dir='ltr'><strong>oscitantes</strong></span> <span class='ocrx_word' id='word_1_411' title='bbox 1113 5265 1128 5287; x_wconf 92' lang='lat'><strong>,</strong></span> <span class='ocrx_word' id='word_1_412' title='bbox 1177 5231 1429 5291; x_wconf 88' lang='lat' dir='ltr'><strong>arctoque</strong></span> <span class='ocrx_word' id='word_1_413' title='bbox 1473 5234 1663 5274; x_wconf 86' lang='lat' dir='ltr'><strong>somno</strong></span> <span class='ocrx_word' id='word_1_414' title='bbox 1706 5216 1967 5285; x_wconf 88' lang='lat' dir='ltr'><strong>consopiti</strong></span> <span class='ocrx_word' id='word_1_415' title='bbox 2001 5256 2017 5283; x_wconf 96' lang='lat'><strong>,</strong></span> 
     </span>
    </p>
   </div>
   <div class='ocr_carea' id='block_1_56' title="bbox 441 5307 2015 5375">
    <p class='ocr_par' dir='ltr' id='par_1_56' title="bbox 441 5307 2015 5375">
     <span class='ocr_line' id='line_1_56' title="bbox 441 5307 2015 5375; baseline -0.01 -1"><span class='ocrx_word' id='word_1_416' title='bbox 441 5320 572 5375; x_wconf 88' lang='lat' dir='ltr'><strong>nido</strong></span> <span class='ocrx_word' id='word_1_417' title='bbox 596 5320 884 5375; x_wconf 89' lang='lat' dir='ltr'><strong>etiamnum</strong></span> <span class='ocrx_word' id='word_1_418' title='bbox 909 5324 1281 5374; x_wconf 88' lang='lat' dir='ltr'><strong>consuescunt,</strong></span> <span class='ocrx_word' id='word_1_419' title='bbox 1325 5310 1608 5366; x_wconf 88' lang='lat' dir='ltr'><strong>mundanis</strong></span> <span class='ocrx_word' id='word_1_420' title='bbox 1633 5308 1777 5363; x_wconf 84' lang='lat' dir='ltr'><strong>afﬁxi</strong></span> <span class='ocrx_word' id='word_1_421' title='bbox 1807 5307 1969 5361; x_wconf 90' lang='lat' dir='ltr'><strong>rebus</strong></span> <span class='ocrx_word' id='word_1_422' title='bbox 2001 5325 2015 5360; x_wconf 90' lang='lat'><strong>:</strong></span> 
     </span>
    </p>
   </div>
   <div class='ocr_carea' id='block_1_57' title="bbox 440 5398 2023 5480">
    <p class='ocr_par' dir='ltr' id='par_1_57' title="bbox 440 5398 2023 5480">
     <span class='ocr_line' id='line_1_57' title="bbox 440 5398 2023 5480; baseline -0.009 -12"><span class='ocrx_word' id='word_1_423' title='bbox 440 5414 531 5468; x_wconf 84' lang='lat' dir='ltr'><strong>alii</strong></span> <span class='ocrx_word' id='word_1_424' title='bbox 586 5425 714 5466; x_wconf 88' lang='lat' dir='ltr'><strong>vero</strong></span> <span class='ocrx_word' id='word_1_425' title='bbox 757 5408 1019 5480; x_wconf 86' lang='lat' dir='ltr'><strong>generosi,</strong></span> <span class='ocrx_word' id='word_1_426' title='bbox 1073 5421 1137 5462; x_wconf 89' lang='lat' dir='ltr'><strong>ac</strong></span> <span class='ocrx_word' id='word_1_427' title='bbox 1178 5405 1313 5460; x_wconf 90' lang='lat' dir='ltr'><strong>lucis</strong></span> <span class='ocrx_word' id='word_1_428' title='bbox 1357 5412 1645 5464; x_wconf 88' lang='lat' dir='ltr'><strong>amatores,</strong></span> <span class='ocrx_word' id='word_1_429' title='bbox 1679 5415 1744 5455; x_wconf 88' lang='lat' dir='ltr'><strong>eo</strong></span> <span class='ocrx_word' id='word_1_430' title='bbox 1774 5398 2023 5454; x_wconf 88' lang='lat' dir='ltr'><strong>facillime</strong></span> 
     </span>
    </p>
   </div>
   <div class='ocr_carea' id='block_1_58' title="bbox 437 5492 2024 5562">
    <p class='ocr_par' dir='ltr' id='par_1_58' title="bbox 437 5492 2024 5562">
     <span class='ocr_line' id='line_1_58' title="bbox 437 5492 2024 5562; baseline -0.009 -4"><span class='ocrx_word' id='word_1_431' title='bbox 437 5505 661 5558; x_wconf 87' lang='lat' dir='ltr'><strong>deserto</strong></span> <span class='ocrx_word' id='word_1_432' title='bbox 704 5501 770 5555; x_wconf 87' lang='lat' dir='ltr'><strong>ad</strong></span> <span class='ocrx_word' id='word_1_433' title='bbox 799 5500 1043 5555; x_wconf 90' lang='lat' dir='ltr'><strong>sublimia</strong></span> <span class='ocrx_word' id='word_1_434' title='bbox 1072 5497 1269 5561; x_wconf 88' lang='lat' dir='ltr'><strong>volant,</strong></span> <span class='ocrx_word' id='word_1_435' title='bbox 1302 5494 1652 5562; x_wconf 89' lang='lat' dir='ltr'><strong>omnibusque</strong></span> <span class='ocrx_word' id='word_1_436' title='bbox 1692 5492 1742 5545; x_wconf 92' lang='lat' dir='ltr'><strong>in</strong></span> <span class='ocrx_word' id='word_1_437' title='bbox 1769 5499 1908 5545; x_wconf 87' lang='lat' dir='ltr'><strong>terra</strong></span> <span class='ocrx_word' id='word_1_438' title='bbox 1934 5504 2024 5544; x_wconf 81' lang='lat' dir='ltr'><strong>re-</strong></span> 
     </span>
    </p>
   </div>
   <div class='ocr_carea' id='block_1_59' title="bbox 441 5578 2022 5660">
    <p class='ocr_par' dir='ltr' id='par_1_59' title="bbox 441 5578 2022 5660">
     <span class='ocr_line' id='line_1_59' title="bbox 441 5578 2022 5660; baseline -0.011 -12"><span class='ocrx_word' id='word_1_439' title='bbox 441 5595 607 5660; x_wconf 84' lang='lat' dir='ltr'><strong>lictis,</strong></span> <span class='ocrx_word' id='word_1_440' title='bbox 654 5591 1017 5653; x_wconf 89' lang='lat' dir='ltr'><strong>matrimonio,</strong></span> <span class='ocrx_word' id='word_1_441' title='bbox 1063 5587 1314 5647; x_wconf 89' lang='lat' dir='ltr'><strong>nummis,</strong></span> <span class='ocrx_word' id='word_1_442' title='bbox 1346 5584 1510 5646; x_wconf 87' lang='lat' dir='ltr'><strong>curis,</strong></span> <span class='ocrx_word' id='word_1_443' title='bbox 1553 5580 1865 5649; x_wconf 86' lang='lat' dir='ltr'><strong>cunctisque</strong></span> <span class='ocrx_word' id='word_1_444' title='bbox 1894 5578 2022 5633; x_wconf 86' lang='lat' dir='ltr'><strong>reli-</strong></span> 
     </span>
    </p>
   </div>
   <div class='ocr_carea' id='block_1_60' title="bbox 441 5671 2021 5758">
    <p class='ocr_par' dir='ltr' id='par_1_60' title="bbox 441 5671 2021 5758">
     <span class='ocr_line' id='line_1_60' title="bbox 441 5671 2021 5758; baseline -0.007 -21"><span class='ocrx_word' id='word_1_445' title='bbox 441 5686 568 5758; x_wconf 80' lang='lat' dir='ltr'><strong>quis</strong></span> <span class='ocrx_word' id='word_1_446' title='bbox 593 5701 708 5754; x_wconf 78' lang='lat' dir='ltr'><strong>quze</strong></span> <span class='ocrx_word' id='word_1_447' title='bbox 747 5683 810 5739; x_wconf 83' lang='lat' dir='ltr'><strong>ad</strong></span> <span class='ocrx_word' id='word_1_448' title='bbox 850 5693 1042 5738; x_wconf 84' lang='lat' dir='ltr'><strong>terram</strong></span> <span class='ocrx_word' id='word_1_449' title='bbox 1075 5694 1172 5734; x_wconf 91' lang='lat' dir='ltr'><strong>nos</strong></span> <span class='ocrx_word' id='word_1_450' title='bbox 1198 5676 1477 5734; x_wconf 85' lang='lat' dir='ltr'><strong>detrahere</strong></span> <span class='ocrx_word' id='word_1_451' title='bbox 1513 5674 1725 5743; x_wconf 90' lang='lat' dir='ltr'><strong>solent,</strong></span> <span class='ocrx_word' id='word_1_452' title='bbox 1761 5671 1894 5729; x_wconf 65' lang='lat' dir='ltr'><strong>caelo</strong></span> <span class='ocrx_word' id='word_1_453' title='bbox 1934 5671 2021 5727; x_wconf 85' lang='lat' dir='ltr'><strong>in-</strong></span> 
     </span>
    </p>
   </div>
   <div class='ocr_carea' id='block_1_61' title="bbox 1742 238 2330 299">
    <p class='ocr_par' dir='ltr' id='par_1_61' title="bbox 1742 238 2330 299">
     <span class='ocr_line' id='line_1_61' title="bbox 1742 238 2330 299; baseline -0.009 0"><span class='ocrx_word' id='word_1_454' title='bbox 1742 244 1831 299; x_wconf 86' lang='lat' dir='ltr'><strong>DE</strong></span> <span class='ocrx_word' id='word_1_455' title='bbox 1870 238 2330 297; x_wconf 75' lang='lat' dir='ltr'><strong>VIRGINITATE.</strong></span> 
     </span>
    </p>
   </div>
   <div class='ocr_carea' id='block_1_62' title="bbox 3500 212 3693 307">
    <p class='ocr_par' dir='ltr' id='par_1_62' title="bbox 3500 212 3693 307">
     <span class='ocr_line' id='line_1_62' title="bbox 3500 212 3693 307; baseline -0.005 0"><span class='ocrx_word' id='word_1_456' title='bbox 3500 212 3503 213; x_wconf 16' lang='grc' dir='ltr'>ί</span> <span class='ocrx_word' id='word_1_457' title='bbox 3591 253 3693 307; x_wconf 65' lang='grc' dir='ltr'><strong>διε</strong></span> 
     </span>
    </p>
   </div>
   <div class='ocr_carea' id='block_1_63' title="bbox 2115 356 3695 438">
    <p class='ocr_par' dir='ltr' id='par_1_63' title="bbox 2115 356 3695 438">
     <span class='ocr_line' id='line_1_63' title="bbox 2115 356 3695 438; baseline 0.01 -29"><span class='ocrx_word' id='word_1_458' title='bbox 2115 356 2281 411; x_wconf 87' lang='lat' dir='ltr'><strong>hiant.</strong></span> <span class='ocrx_word' id='word_1_459' title='bbox 2302 358 2475 425; x_wconf 87' lang='lat' dir='ltr'><strong>Quare</strong></span> <span class='ocrx_word' id='word_1_460' title='bbox 2498 375 2564 415; x_wconf 89' lang='lat' dir='ltr'><strong>ne</strong></span> <span class='ocrx_word' id='word_1_461' title='bbox 2588 370 2855 431; x_wconf 89' lang='lat' dir='ltr'><strong>putemus,</strong></span> <span class='ocrx_word' id='word_1_462' title='bbox 2881 365 3201 420; x_wconf 88' lang='lat' dir='ltr'><strong>matrimonii</strong></span> <span class='ocrx_word' id='word_1_463' title='bbox 3230 368 3357 422; x_wconf 89' lang='lat' dir='ltr'><strong>olim</strong></span> <span class='ocrx_word' id='word_1_464' title='bbox 3391 372 3695 438; x_wconf 80' lang='lat' dir='ltr'><strong>permissio-</strong></span> 
     </span>
    </p>
   </div>
   <div class='ocr_carea' id='block_1_64' title="bbox 2112 452 3686 530">
    <p class='ocr_par' dir='ltr' id='par_1_64' title="bbox 2112 452 3686 530">
     <span class='ocr_line' id='line_1_64' title="bbox 2112 452 3686 530; baseline 0.008 -27"><span class='ocrx_word' id='word_1_465' title='bbox 2112 466 2233 504; x_wconf 90' lang='lat' dir='ltr'><strong>nem</strong></span> <span class='ocrx_word' id='word_1_466' title='bbox 2277 452 2643 508; x_wconf 88' lang='lat' dir='ltr'><strong>necessitatem</strong></span> <span class='ocrx_word' id='word_1_467' title='bbox 2670 455 2922 526; x_wconf 85' lang='lat' dir='ltr'><strong>deinceps</strong></span> <span class='ocrx_word' id='word_1_468' title='bbox 2963 472 3101 522; x_wconf 90' lang='lat' dir='ltr'><strong>esse,</strong></span> <span class='ocrx_word' id='word_1_469' title='bbox 3135 459 3201 513; x_wconf 89' lang='lat' dir='ltr'><strong>ab</strong></span> <span class='ocrx_word' id='word_1_470' title='bbox 3228 474 3293 513; x_wconf 90' lang='lat' dir='ltr'><strong>eo</strong></span> <span class='ocrx_word' id='word_1_471' title='bbox 3321 460 3559 530; x_wconf 84' lang='lat' dir='ltr'><strong>refugere</strong></span> <span class='ocrx_word' id='word_1_472' title='bbox 3594 477 3686 516; x_wconf 76' lang='lat' dir='ltr'><strong>ve-</strong></span> 
     </span>
    </p>
   </div>
   <div class='ocr_carea' id='block_1_65' title="bbox 2113 549 3694 627">
    <p class='ocr_par' dir='ltr' id='par_1_65' title="bbox 2113 549 3694 627">
     <span class='ocr_line' id='line_1_65' title="bbox 2113 549 3694 627; baseline 0.009 -31"><span class='ocrx_word' id='word_1_473' title='bbox 2113 552 2344 609; x_wconf 87' lang='lat' dir='ltr'><strong>tantem;</strong></span> <span class='ocrx_word' id='word_1_474' title='bbox 2379 561 2499 599; x_wconf 90' lang='lat' dir='ltr'><strong>nam</strong></span> <span class='ocrx_word' id='word_1_475' title='bbox 2545 549 2688 617; x_wconf 91' lang='lat' dir='ltr'><strong>quod</strong></span> <span class='ocrx_word' id='word_1_476' title='bbox 2719 549 2847 603; x_wconf 91' lang='lat' dir='ltr'><strong>velit</strong></span> <span class='ocrx_word' id='word_1_477' title='bbox 2881 559 2937 604; x_wconf 90' lang='lat' dir='ltr'><strong>ut</strong></span> <span class='ocrx_word' id='word_1_478' title='bbox 2965 550 3014 605; x_wconf 92' lang='lat' dir='ltr'><strong>id</strong></span> <span class='ocrx_word' id='word_1_479' title='bbox 3042 551 3389 621; x_wconf 90' lang='lat' dir='ltr'><strong>dimittamus,</strong></span> <span class='ocrx_word' id='word_1_480' title='bbox 3423 556 3544 610; x_wconf 88' lang='lat' dir='ltr'><strong>andi</strong></span> <span class='ocrx_word' id='word_1_481' title='bbox 3570 557 3694 627; x_wconf 89' lang='lat' dir='ltr'><strong>quid</strong></span> 
     </span>
    </p>
   </div>
   <div class='ocr_carea' id='block_1_66' title="bbox 2112 635 3695 719">
    <p class='ocr_par' dir='ltr' id='par_1_66' title="bbox 2112 635 3695 719">
     <span class='ocr_line' id='line_1_66' title="bbox 2112 635 3695 719; baseline 0.009 -31"><span class='ocrx_word' id='word_1_482' title='bbox 2112 635 2271 702; x_wconf 89' lang='lat' dir='ltr'><strong>dicat,</strong></span> <span class='ocrx_word' id='word_1_483' title='bbox 2305 638 2405 704; x_wconf 82' lang='lat' dir='ltr'><strong>Qui</strong></span> <span class='ocrx_word' id='word_1_484' title='bbox 2427 649 2585 707; x_wconf 81' lang='lat' dir='ltr'><strong>potest</strong></span> <span class='ocrx_word' id='word_1_485' title='bbox 2610 658 2809 710; x_wconf 86' lang='lat' dir='ltr'><strong>capere,</strong></span> <span class='ocrx_word' id='word_1_486' title='bbox 2835 645 3003 713; x_wconf 85' lang='lat' dir='ltr'><strong>capiat</strong></span> <span class='ocrx_word' id='word_1_487' title='bbox 3034 644 3247 715; x_wconf 81' lang='lat' dir='ltr'><strong>(Matth.</strong></span> <span class='ocrx_word' id='word_1_488' title='bbox 3285 647 3369 703; x_wconf 78' lang='lat' dir='ltr'><strong>i9.</strong></span> <span class='ocrx_word' id='word_1_489' title='bbox 3404 650 3516 719; x_wconf 73' lang='grc'><strong>12).</strong></span> <span class='ocrx_word' id='word_1_490' title='bbox 3546 652 3695 717; x_wconf 81' lang='lat' dir='ltr'><strong>Quod</strong></span> 
     </span>
    </p>
   </div>
   <div class='ocr_carea' id='block_1_67' title="bbox 2111 727 3693 810">
    <p class='ocr_par' dir='ltr' id='par_1_67' title="bbox 2111 727 3693 810">
     <span class='ocr_line' id='line_1_67' title="bbox 2111 727 3693 810; baseline 0.011 -31"><span class='ocrx_word' id='word_1_491' title='bbox 2111 727 2154 779; x_wconf 91' lang='lat' dir='ltr'><strong>si</strong></span> <span class='ocrx_word' id='word_1_492' title='bbox 2186 727 2235 780; x_wconf 87' lang='lat' dir='ltr'><strong>id</strong></span> <span class='ocrx_word' id='word_1_493' title='bbox 2264 728 2525 798; x_wconf 84' lang='lat' dir='ltr'><strong>principio</strong></span> <span class='ocrx_word' id='word_1_494' title='bbox 2552 730 2725 784; x_wconf 84' lang='lat' dir='ltr'><strong>minus</strong></span> <span class='ocrx_word' id='word_1_495' title='bbox 2745 732 2922 801; x_wconf 86' lang='lat' dir='ltr'><strong>jussit,</strong></span> <span class='ocrx_word' id='word_1_496' title='bbox 2957 734 3085 789; x_wconf 88' lang='lat' dir='ltr'><strong>nihil</strong></span> <span class='ocrx_word' id='word_1_497' title='bbox 3113 738 3302 792; x_wconf 90' lang='lat' dir='ltr'><strong>mirum</strong></span> <span class='ocrx_word' id='word_1_498' title='bbox 3327 757 3339 792; x_wconf 92' lang='lat'>:</span> <span class='ocrx_word' id='word_1_499' title='bbox 3364 755 3535 810; x_wconf 88' lang='lat' dir='ltr'><strong>neque</strong></span> <span class='ocrx_word' id='word_1_500' title='bbox 3555 743 3693 797; x_wconf 79' lang='lat' dir='ltr'><strong>enim</strong></span> 
     </span>
    </p>
   </div>
   <div class='ocr_carea' id='block_1_68' title="bbox 2111 819 3702 901">
    <p class='ocr_par' dir='ltr' id='par_1_68' title="bbox 2111 819 3702 901">
     <span class='ocr_line' id='line_1_68' title="bbox 2111 819 3702 901; baseline 0.01 -30"><span class='ocrx_word' id='word_1_501' title='bbox 2111 819 2349 874; x_wconf 89' lang='lat' dir='ltr'><strong>medicus</strong></span> <span class='ocrx_word' id='word_1_502' title='bbox 2370 821 2544 875; x_wconf 88' lang='lat' dir='ltr'><strong>omnia</strong></span> <span class='ocrx_word' id='word_1_503' title='bbox 2571 822 2727 877; x_wconf 90' lang='lat' dir='ltr'><strong>simul</strong></span> <span class='ocrx_word' id='word_1_504' title='bbox 2749 827 2961 895; x_wconf 79' lang='lat' dir='ltr'><strong>:rgrotis</strong></span> <span class='ocrx_word' id='word_1_505' title='bbox 2982 826 3278 899; x_wconf 89' lang='lat' dir='ltr'><strong>eodemque</strong></span> <span class='ocrx_word' id='word_1_506' title='bbox 3306 840 3545 901; x_wconf 88' lang='lat' dir='ltr'><strong>tempore</strong></span> <span class='ocrx_word' id='word_1_507' title='bbox 3565 848 3702 901; x_wconf 70' lang='lat' dir='ltr'><strong>prm-</strong></span> 
     </span>
    </p>
   </div>
   <div class='ocr_carea' id='block_1_69' title="bbox 2112 910 3701 983">
    <p class='ocr_par' dir='ltr' id='par_1_69' title="bbox 2112 910 3701 983">
     <span class='ocr_line' id='line_1_69' title="bbox 2112 910 3701 983; baseline 0.01 -21"><span class='ocrx_word' id='word_1_508' title='bbox 2112 910 2313 976; x_wconf 86' lang='lat' dir='ltr'><strong>seribit,</strong></span> <span class='ocrx_word' id='word_1_509' title='bbox 2349 911 2440 966; x_wconf 89' lang='lat' dir='ltr'><strong>sed</strong></span> <span class='ocrx_word' id='word_1_510' title='bbox 2469 928 2588 968; x_wconf 92' lang='lat' dir='ltr'><strong>cum</strong></span> <span class='ocrx_word' id='word_1_511' title='bbox 2621 929 2648 967; x_wconf 91' lang='lat' dir='ltr'><strong>a</strong></span> <span class='ocrx_word' id='word_1_512' title='bbox 2679 914 2809 970; x_wconf 90' lang='lat' dir='ltr'><strong>febri</strong></span> <span class='ocrx_word' id='word_1_513' title='bbox 2839 926 3103 983; x_wconf 90' lang='lat' dir='ltr'><strong>tenentur,</strong></span> <span class='ocrx_word' id='word_1_514' title='bbox 3136 934 3166 973; x_wconf 91' lang='lat' dir='ltr'><strong>a</strong></span> <span class='ocrx_word' id='word_1_515' title='bbox 3199 920 3417 975; x_wconf 90' lang='lat' dir='ltr'><strong>ﬁrmiori</strong></span> <span class='ocrx_word' id='word_1_516' title='bbox 3461 923 3581 977; x_wconf 86' lang='lat' dir='ltr'><strong>cibo</strong></span> <span class='ocrx_word' id='word_1_517' title='bbox 3604 938 3701 978; x_wconf 87' lang='lat' dir='ltr'><strong>eos</strong></span> 
     </span>
    </p>
   </div>
   <div class='ocr_carea' id='block_1_70' title="bbox 2111 1008 3700 1083">
    <p class='ocr_par' dir='ltr' id='par_1_70' title="bbox 2111 1008 3700 1083">
     <span class='ocr_line' id='line_1_70' title="bbox 2111 1008 3700 1083; baseline 0.009 -29"><span class='ocrx_word' id='word_1_518' title='bbox 2111 1013 2291 1068; x_wconf 88' lang='lat' dir='ltr'><strong>arcet;</strong></span> <span class='ocrx_word' id='word_1_519' title='bbox 2319 1019 2437 1057; x_wconf 91' lang='lat' dir='ltr'><strong>cum</strong></span> <span class='ocrx_word' id='word_1_520' title='bbox 2458 1021 2584 1059; x_wconf 90' lang='lat' dir='ltr'><strong>vero</strong></span> <span class='ocrx_word' id='word_1_521' title='bbox 2605 1016 2791 1060; x_wconf 66' lang='lat' dir='ltr'><strong>aestum</strong></span> <span class='ocrx_word' id='word_1_522' title='bbox 2814 1008 2958 1062; x_wconf 91' lang='lat' dir='ltr'><strong>illum</strong></span> <span class='ocrx_word' id='word_1_523' title='bbox 2979 1019 3135 1079; x_wconf 88' lang='lat' dir='ltr'><strong>atque</strong></span> <span class='ocrx_word' id='word_1_524' title='bbox 3156 1010 3224 1064; x_wconf 89' lang='lat' dir='ltr'><strong>ab</strong></span> <span class='ocrx_word' id='word_1_525' title='bbox 3248 1027 3314 1067; x_wconf 91' lang='lat' dir='ltr'><strong>eo</strong></span> <span class='ocrx_word' id='word_1_526' title='bbox 3338 1014 3547 1083; x_wconf 89' lang='lat' dir='ltr'><strong>corpori</strong></span> <span class='ocrx_word' id='word_1_527' title='bbox 3568 1029 3700 1069; x_wconf 87' lang='lat' dir='ltr'><strong>con-</strong></span> 
     </span>
    </p>
   </div>
   <div class='ocr_carea' id='block_1_71' title="bbox 2113 1094 3699 1175">
    <p class='ocr_par' dir='ltr' id='par_1_71' title="bbox 2113 1094 3699 1175">
     <span class='ocr_line' id='line_1_71' title="bbox 2113 1094 3699 1175; baseline 0.01 -30"><span class='ocrx_word' id='word_1_528' title='bbox 2113 1101 2332 1146; x_wconf 90' lang='lat' dir='ltr'><strong>tractam</strong></span> <span class='ocrx_word' id='word_1_529' title='bbox 2360 1094 2720 1151; x_wconf 89' lang='lat' dir='ltr'><strong>inﬁrmitatem</strong></span> <span class='ocrx_word' id='word_1_530' title='bbox 2745 1098 3084 1167; x_wconf 90' lang='lat' dir='ltr'><strong>depulerunt,</strong></span> <span class='ocrx_word' id='word_1_531' title='bbox 3109 1110 3218 1157; x_wconf 91' lang='lat' dir='ltr'><strong>tum</strong></span> <span class='ocrx_word' id='word_1_532' title='bbox 3243 1104 3460 1175; x_wconf 89' lang='lat' dir='ltr'><strong>ingratis</strong></span> <span class='ocrx_word' id='word_1_533' title='bbox 3485 1106 3699 1160; x_wconf 88' lang='lat' dir='ltr'><strong>demum</strong></span> 
     </span>
    </p>
   </div>
   <div class='ocr_carea' id='block_1_72' title="bbox 2112 1184 3699 1262">
    <p class='ocr_par' dir='ltr' id='par_1_72' title="bbox 2112 1184 3699 1262">
     <span class='ocr_line' id='line_1_72' title="bbox 2112 1184 3699 1262; baseline 0.009 -25"><span class='ocrx_word' id='word_1_534' title='bbox 2112 1184 2245 1239; x_wconf 92' lang='lat' dir='ltr'><strong>cibis</strong></span> <span class='ocrx_word' id='word_1_535' title='bbox 2284 1184 2539 1241; x_wconf 89' lang='lat' dir='ltr'><strong>liberatos</strong></span> <span class='ocrx_word' id='word_1_536' title='bbox 2567 1199 2783 1244; x_wconf 88' lang='lat' dir='ltr'><strong>assueto</strong></span> <span class='ocrx_word' id='word_1_537' title='bbox 2828 1193 2987 1245; x_wconf 91' lang='lat' dir='ltr'><strong>victui</strong></span> <span class='ocrx_word' id='word_1_538' title='bbox 3018 1192 3212 1247; x_wconf 84' lang='lat' dir='ltr'><strong>reddit.</strong></span> <span class='ocrx_word' id='word_1_539' title='bbox 3242 1194 3699 1262; x_wconf 89' lang='lat' dir='ltr'><strong>Quemadmodum</strong></span> 
     </span>
    </p>
   </div>
   <div class='ocr_carea' id='block_1_73' title="bbox 2112 1278 3701 1349">
    <p class='ocr_par' dir='ltr' id='par_1_73' title="bbox 2112 1278 3701 1349">
     <span class='ocr_line' id='line_1_73' title="bbox 2112 1278 3701 1349; baseline 0.011 -21"><span class='ocrx_word' id='word_1_540' title='bbox 2112 1290 2239 1331; x_wconf 89' lang='lat' dir='ltr'><strong>vero</strong></span> <span class='ocrx_word' id='word_1_541' title='bbox 2264 1278 2314 1330; x_wconf 92' lang='lat' dir='ltr'><strong>in</strong></span> <span class='ocrx_word' id='word_1_542' title='bbox 2334 1279 2647 1349; x_wconf 87' lang='lat' dir='ltr'><strong>corporibus</strong></span> <span class='ocrx_word' id='word_1_543' title='bbox 2673 1283 2937 1336; x_wconf 83' lang='lat' dir='ltr'><strong>elementa</strong></span> <span class='ocrx_word' id='word_1_544' title='bbox 2958 1284 3096 1338; x_wconf 90' lang='lat' dir='ltr'><strong>inter</strong></span> <span class='ocrx_word' id='word_1_545' title='bbox 3112 1301 3171 1340; x_wconf 92' lang='lat' dir='ltr'><strong>se</strong></span> <span class='ocrx_word' id='word_1_546' title='bbox 3187 1286 3449 1341; x_wconf 87' lang='lat' dir='ltr'><strong>discordia</strong></span> <span class='ocrx_word' id='word_1_547' title='bbox 3476 1303 3701 1344; x_wconf 75' lang='lat' dir='ltr'><strong>excessu</strong></span> 
     </span>
    </p>
   </div>
   <div class='ocr_carea' id='block_1_74' title="bbox 2112 1365 3698 1442">
    <p class='ocr_par' dir='ltr' id='par_1_74' title="bbox 2112 1365 3698 1442">
     <span class='ocr_line' id='line_1_74' title="bbox 2112 1365 3698 1442; baseline 0.011 -24"><span class='ocrx_word' id='word_1_548' title='bbox 2112 1365 2388 1423; x_wconf 86' lang='lat' dir='ltr'><strong>defectuve</strong></span> <span class='ocrx_word' id='word_1_549' title='bbox 2420 1371 2663 1426; x_wconf 90' lang='lat' dir='ltr'><strong>morbum</strong></span> <span class='ocrx_word' id='word_1_550' title='bbox 2703 1371 2992 1442; x_wconf 79' lang='lat' dir='ltr'><strong>concitant,</strong></span> <span class='ocrx_word' id='word_1_551' title='bbox 3029 1376 3098 1430; x_wconf 90' lang='lat' dir='ltr'><strong>ita</strong></span> <span class='ocrx_word' id='word_1_552' title='bbox 3128 1385 3182 1431; x_wconf 92' lang='lat' dir='ltr'><strong>et</strong></span> <span class='ocrx_word' id='word_1_553' title='bbox 3224 1377 3386 1431; x_wconf 91' lang='lat' dir='ltr'><strong>animi</strong></span> <span class='ocrx_word' id='word_1_554' title='bbox 3418 1379 3698 1435; x_wconf 87' lang='lat' dir='ltr'><strong>sanitatem</strong></span> 
     </span>
    </p>
   </div>
   <div class='ocr_carea' id='block_1_75' title="bbox 2111 1459 3702 1540">
    <p class='ocr_par' dir='ltr' id='par_1_75' title="bbox 2111 1459 3702 1540">
     <span class='ocr_line' id='line_1_75' title="bbox 2111 1459 3702 1540; baseline 0.007 -27"><span class='ocrx_word' id='word_1_555' title='bbox 2111 1459 2395 1516; x_wconf 76' lang='lat' dir='ltr'><strong>affectuum</strong></span> <span class='ocrx_word' id='word_1_556' title='bbox 2430 1463 2899 1521; x_wconf 85' lang='lat' dir='ltr'><strong>immoderationes</strong></span> <span class='ocrx_word' id='word_1_557' title='bbox 2918 1476 3301 1537; x_wconf 84' lang='lat' dir='ltr'><strong>corrumpunt;</strong></span> <span class='ocrx_word' id='word_1_558' title='bbox 3323 1469 3377 1522; x_wconf 90' lang='lat' dir='ltr'><strong>in</strong></span> <span class='ocrx_word' id='word_1_559' title='bbox 3409 1470 3702 1540; x_wconf 88' lang='lat' dir='ltr'><strong>primisque</strong></span> 
     </span>
    </p>
   </div>
   <div class='ocr_carea' id='block_1_76' title="bbox 2112 1540 3767 1632">
    <p class='ocr_par' dir='ltr' id='par_1_76' title="bbox 2112 1540 3767 1632">
     <span class='ocr_line' id='line_1_76' title="bbox 2112 1540 3767 1632; baseline 0.004 -18"><span class='ocrx_word' id='word_1_560' title='bbox 2112 1575 2245 1630; x_wconf 92' lang='lat' dir='ltr'><strong>opus</strong></span> <span class='ocrx_word' id='word_1_561' title='bbox 2258 1567 2339 1613; x_wconf 91' lang='lat' dir='ltr'><strong>est</strong></span> <span class='ocrx_word' id='word_1_562' title='bbox 2353 1559 2783 1629; x_wconf 86' lang='lat' dir='ltr'><strong>tempestivitate,</strong></span> <span class='ocrx_word' id='word_1_563' title='bbox 2799 1570 2955 1630; x_wconf 85' lang='lat' dir='ltr'><strong>atque</strong></span> <span class='ocrx_word' id='word_1_564' title='bbox 2969 1561 3099 1615; x_wconf 88' lang='lat' dir='ltr'><strong>utad</strong></span> <span class='ocrx_word' id='word_1_565' title='bbox 3112 1562 3377 1632; x_wconf 75' lang='lat' dir='ltr'><strong>subjectos</strong></span> <span class='ocrx_word' id='word_1_566' title='bbox 3392 1563 3703 1620; x_wconf 77' lang='lat' dir='ltr'><strong>affectiones</strong></span> <span class='ocrx_word' id='word_1_567' title='bbox 3762 1540 3767 1557; x_wconf 64' lang='grc'><em>’</em></span> 
     </span>
    </p>
   </div>
   <div class='ocr_carea' id='block_1_77' title="bbox 2112 1650 3704 1723">
    <p class='ocr_par' dir='ltr' id='par_1_77' title="bbox 2112 1650 3704 1723">
     <span class='ocr_line' id='line_1_77' title="bbox 2112 1650 3704 1723; baseline 0.003 -18"><span class='ocrx_word' id='word_1_568' title='bbox 2112 1650 2569 1706; x_wconf 89' lang='lat' dir='ltr'><strong>accommodatum</strong></span> <span class='ocrx_word' id='word_1_569' title='bbox 2588 1662 2909 1722; x_wconf 65' lang='lat' dir='ltr'><strong>praeceptum</strong></span> <span class='ocrx_word' id='word_1_570' title='bbox 2927 1654 3015 1719; x_wconf 88' lang='lat' dir='ltr'><strong>sit;</strong></span> <span class='ocrx_word' id='word_1_571' title='bbox 3031 1653 3224 1723; x_wconf 90' lang='lat' dir='ltr'><strong>alioqui</strong></span> <span class='ocrx_word' id='word_1_572' title='bbox 3243 1654 3326 1707; x_wconf 74' lang='lat' dir='ltr'><strong>lex</strong></span> <span class='ocrx_word' id='word_1_573' title='bbox 3343 1654 3457 1707; x_wconf 90' lang='lat' dir='ltr'><strong>sine</strong></span> <span class='ocrx_word' id='word_1_574' title='bbox 3472 1654 3534 1708; x_wconf 92' lang='lat' dir='ltr'><strong>iis</strong></span> <span class='ocrx_word' id='word_1_575' title='bbox 3551 1656 3704 1710; x_wconf 52' lang='lat' dir='ltr'><strong>utris.</strong></span> 
     </span>
    </p>
   </div>
   <div class='ocr_carea' id='block_1_78' title="bbox 2112 1742 3701 1814">
    <p class='ocr_par' dir='ltr' id='par_1_78' title="bbox 2112 1742 3701 1814">
     <span class='ocr_line' id='line_1_78' title="bbox 2112 1742 3701 1814; baseline 0.003 -19"><span class='ocrx_word' id='word_1_576' title='bbox 2112 1758 2214 1812; x_wconf 90' lang='lat' dir='ltr'><strong>que</strong></span> <span class='ocrx_word' id='word_1_577' title='bbox 2229 1742 2295 1797; x_wconf 88' lang='lat' dir='ltr'><strong>ad</strong></span> <span class='ocrx_word' id='word_1_578' title='bbox 2308 1743 2677 1812; x_wconf 87' lang='lat' dir='ltr'><strong>corrigendam</strong></span> <span class='ocrx_word' id='word_1_579' title='bbox 2695 1743 2982 1797; x_wconf 85' lang='lat' dir='ltr'><strong>excitatam</strong></span> <span class='ocrx_word' id='word_1_580' title='bbox 3005 1743 3055 1797; x_wconf 92' lang='lat' dir='ltr'><strong>in</strong></span> <span class='ocrx_word' id='word_1_581' title='bbox 3074 1743 3252 1798; x_wconf 89' lang='lat' dir='ltr'><strong>animo</strong></span> <span class='ocrx_word' id='word_1_582' title='bbox 3269 1745 3701 1814; x_wconf 88' lang='lat' dir='ltr'><strong>depravationem</strong></span> 
     </span>
    </p>
   </div>
   <div class='ocr_carea' id='block_1_79' title="bbox 2112 1834 3705 1898">
    <p class='ocr_par' dir='ltr' id='par_1_79' title="bbox 2112 1834 3705 1898">
     <span class='ocr_line' id='line_1_79' title="bbox 2112 1834 3705 1898; baseline 0.004 -10"><span class='ocrx_word' id='word_1_583' title='bbox 2112 1834 2331 1890; x_wconf 92' lang='lat' dir='ltr'><strong>minime</strong></span> <span class='ocrx_word' id='word_1_584' title='bbox 2358 1836 2604 1898; x_wconf 89' lang='lat' dir='ltr'><strong>sufﬁciet,</strong></span> <span class='ocrx_word' id='word_1_585' title='bbox 2634 1836 2773 1890; x_wconf 91' lang='lat' dir='ltr'><strong>sicut</strong></span> <span class='ocrx_word' id='word_1_586' title='bbox 2793 1851 2893 1890; x_wconf 89' lang='lat' dir='ltr'><strong>nec</strong></span> <span class='ocrx_word' id='word_1_587' title='bbox 2920 1836 3426 1891; x_wconf 88' lang='lat' dir='ltr'><strong>medicamentorum</strong></span> <span class='ocrx_word' id='word_1_588' title='bbox 3451 1839 3531 1892; x_wconf 89' lang='lat' dir='ltr'><strong>vis</strong></span> <span class='ocrx_word' id='word_1_589' title='bbox 3552 1839 3705 1895; x_wconf 88' lang='lat' dir='ltr'><strong>ulcus</strong></span> 
     </span>
    </p>
   </div>
   <div class='ocr_carea' id='block_1_80' title="bbox 2113 1927 3699 1996">
    <p class='ocr_par' dir='ltr' id='par_1_80' title="bbox 2113 1927 3699 1996">
     <span class='ocr_line' id='line_1_80' title="bbox 2113 1927 3699 1996; baseline 0.001 -15"><span class='ocrx_word' id='word_1_590' title='bbox 2113 1941 2302 1981; x_wconf 88' lang='lat' dir='ltr'><strong>sanare</strong></span> <span class='ocrx_word' id='word_1_591' title='bbox 2328 1941 2420 1995; x_wconf 90' lang='lat' dir='ltr'><strong>per</strong></span> <span class='ocrx_word' id='word_1_592' title='bbox 2443 1941 2502 1981; x_wconf 91' lang='lat' dir='ltr'><strong>se</strong></span> <span class='ocrx_word' id='word_1_593' title='bbox 2532 1928 2725 1995; x_wconf 89' lang='lat' dir='ltr'><strong>poterit</strong></span> <span class='ocrx_word' id='word_1_594' title='bbox 2749 1944 2763 1982; x_wconf 91' lang='lat'><strong>:</strong></span> <span class='ocrx_word' id='word_1_595' title='bbox 2794 1942 2914 1981; x_wconf 91' lang='lat' dir='ltr'><strong>nam</strong></span> <span class='ocrx_word' id='word_1_596' title='bbox 2946 1927 3086 1996; x_wconf 89' lang='lat' dir='ltr'><strong>quod</strong></span> <span class='ocrx_word' id='word_1_597' title='bbox 3115 1927 3346 1982; x_wconf 89' lang='lat' dir='ltr'><strong>remedia</strong></span> <span class='ocrx_word' id='word_1_598' title='bbox 3374 1929 3699 1993; x_wconf 89' lang='lat' dir='ltr'><strong>vulneribus,</strong></span> 
     </span>
    </p>
   </div>
   <div class='ocr_carea' id='block_1_81' title="bbox 2115 2017 3700 2088">
    <p class='ocr_par' dir='ltr' id='par_1_81' title="bbox 2115 2017 3700 2088">
     <span class='ocr_line' id='line_1_81' title="bbox 2115 2017 3700 2088; baseline 0.002 -18"><span class='ocrx_word' id='word_1_599' title='bbox 2115 2017 2165 2071; x_wconf 93' lang='lat' dir='ltr'><strong>id</strong></span> <span class='ocrx_word' id='word_1_600' title='bbox 2193 2018 2336 2072; x_wconf 91' lang='lat' dir='ltr'><strong>vitiis</strong></span> <span class='ocrx_word' id='word_1_601' title='bbox 2362 2018 2506 2087; x_wconf 85' lang='lat' dir='ltr'><strong>leges</strong></span> <span class='ocrx_word' id='word_1_602' title='bbox 2535 2026 2810 2087; x_wconf 81' lang='lat' dir='ltr'><strong>praestant.</strong></span> <span class='ocrx_word' id='word_1_603' title='bbox 2844 2019 2921 2072; x_wconf 92' lang='lat' dir='ltr'><strong>Tu</strong></span> <span class='ocrx_word' id='word_1_604' title='bbox 2952 2033 3079 2073; x_wconf 89' lang='lat' dir='ltr'><strong>vero</strong></span> <span class='ocrx_word' id='word_1_605' title='bbox 3107 2019 3369 2073; x_wconf 88' lang='lat' dir='ltr'><strong>medicum</strong></span> <span class='ocrx_word' id='word_1_606' title='bbox 3396 2034 3537 2088; x_wconf 70' lang='lat' dir='ltr'><strong>srepe</strong></span> <span class='ocrx_word' id='word_1_607' title='bbox 3560 2020 3700 2075; x_wconf 92' lang='lat' dir='ltr'><strong>idem</strong></span> 
     </span>
    </p>
   </div>
   <div class='ocr_carea' id='block_1_82' title="bbox 2113 2110 3700 2176">
    <p class='ocr_par' dir='ltr' id='par_1_82' title="bbox 2113 2110 3700 2176">
     <span class='ocr_line' id='line_1_82' title="bbox 2113 2110 3700 2176; baseline 0.001 -12"><span class='ocrx_word' id='word_1_608' title='bbox 2113 2110 2306 2164; x_wconf 85' lang='lat' dir='ltr'><strong>vulnus</strong></span> <span class='ocrx_word' id='word_1_609' title='bbox 2337 2125 2477 2163; x_wconf 91' lang='lat' dir='ltr'><strong>nunc</strong></span> <span class='ocrx_word' id='word_1_610' title='bbox 2506 2121 2799 2174; x_wconf 89' lang='lat' dir='ltr'><strong>secantem,</strong></span> <span class='ocrx_word' id='word_1_611' title='bbox 2842 2125 2983 2164; x_wconf 92' lang='lat' dir='ltr'><strong>nunc</strong></span> <span class='ocrx_word' id='word_1_612' title='bbox 3009 2119 3289 2176; x_wconf 73' lang='lat' dir='ltr'><strong>iurentem,</strong></span> <span class='ocrx_word' id='word_1_613' title='bbox 3333 2125 3474 2164; x_wconf 90' lang='lat' dir='ltr'><strong>nunc</strong></span> <span class='ocrx_word' id='word_1_614' title='bbox 3512 2110 3700 2165; x_wconf 90' lang='lat' dir='ltr'><strong>horum</strong></span> 
     </span>
    </p>
   </div>
   <div class='ocr_carea' id='block_1_83' title="bbox 2114 2202 3705 2273">
    <p class='ocr_par' dir='ltr' id='par_1_83' title="bbox 2114 2202 3705 2273">
     <span class='ocr_line' id='line_1_83' title="bbox 2114 2202 3705 2273; baseline 0 -15"><span class='ocrx_word' id='word_1_615' title='bbox 2114 2214 2359 2259; x_wconf 90' lang='lat' dir='ltr'><strong>neutrum</strong></span> <span class='ocrx_word' id='word_1_616' title='bbox 2404 2204 2703 2267; x_wconf 88' lang='lat' dir='ltr'><strong>facientem,</strong></span> <span class='ocrx_word' id='word_1_617' title='bbox 2751 2204 3046 2272; x_wconf 64' lang='lat' dir='ltr'><strong>prmsertim</strong></span> <span class='ocrx_word' id='word_1_618' title='bbox 3076 2202 3165 2273; x_wconf 92' lang='lat' dir='ltr'><strong>qui</strong></span> <span class='ocrx_word' id='word_1_619' title='bbox 3209 2202 3514 2272; x_wconf 86' lang='lat' dir='ltr'><strong>frequenter</strong></span> <span class='ocrx_word' id='word_1_620' title='bbox 3541 2220 3571 2258; x_wconf 92' lang='lat' dir='ltr'><strong>a</strong></span> <span class='ocrx_word' id='word_1_621' title='bbox 3598 2206 3705 2259; x_wconf 87' lang='lat' dir='ltr'><strong>ﬁne</strong></span> 
     </span>
    </p>
   </div>
   <div class='ocr_carea' id='block_1_84' title="bbox 2113 2294 3703 2366">
    <p class='ocr_par' dir='ltr' id='par_1_84' title="bbox 2113 2294 3703 2366">
     <span class='ocr_line' id='line_1_84' title="bbox 2113 2294 3703 2366; baseline 0 -17"><span class='ocrx_word' id='word_1_622' title='bbox 2113 2296 2345 2359; x_wconf 90' lang='lat' dir='ltr'><strong>aberret,</strong></span> <span class='ocrx_word' id='word_1_623' title='bbox 2373 2311 2477 2349; x_wconf 90' lang='lat' dir='ltr'><strong>non</strong></span> <span class='ocrx_word' id='word_1_624' title='bbox 2509 2310 2664 2366; x_wconf 80' lang='lat' dir='ltr'><strong>urges</strong></span> <span class='ocrx_word' id='word_1_625' title='bbox 2688 2311 2702 2348; x_wconf 89' lang='lat'>:</span> <span class='ocrx_word' id='word_1_626' title='bbox 2736 2295 2900 2349; x_wconf 89' lang='lat' dir='ltr'><strong>Deum</strong></span> <span class='ocrx_word' id='word_1_627' title='bbox 2928 2310 3076 2361; x_wconf 91' lang='lat' dir='ltr'><strong>vero,</strong></span> <span class='ocrx_word' id='word_1_628' title='bbox 3104 2295 3192 2364; x_wconf 92' lang='lat' dir='ltr'><strong>qui</strong></span> <span class='ocrx_word' id='word_1_629' title='bbox 3221 2294 3382 2348; x_wconf 86' lang='lat' dir='ltr'><strong>homo</strong></span> <span class='ocrx_word' id='word_1_630' title='bbox 3419 2295 3513 2360; x_wconf 89' lang='lat' dir='ltr'><strong>sis,</strong></span> <span class='ocrx_word' id='word_1_631' title='bbox 3544 2312 3703 2349; x_wconf 80' lang='lat' dir='ltr'><strong>num-</strong></span> 
     </span>
    </p>
   </div>
   <div class='ocr_carea' id='block_1_85' title="bbox 2114 2378 3702 2458">
    <p class='ocr_par' dir='ltr' id='par_1_85' title="bbox 2114 2378 3702 2458">
     <span class='ocr_line' id='line_1_85' title="bbox 2114 2378 3702 2458; baseline -0.001 -17"><span class='ocrx_word' id='word_1_632' title='bbox 2114 2403 2271 2458; x_wconf 87' lang='lat' dir='ltr'><strong>quam</strong></span> <span class='ocrx_word' id='word_1_633' title='bbox 2298 2378 2657 2452; x_wconf 86' lang='lat' dir='ltr'><strong>abcrrautein,</strong></span> <span class='ocrx_word' id='word_1_634' title='bbox 2687 2386 2782 2441; x_wconf 92' lang='lat' dir='ltr'><strong>sed</strong></span> <span class='ocrx_word' id='word_1_635' title='bbox 2810 2386 2986 2440; x_wconf 93' lang='lat' dir='ltr'><strong>omnia</strong></span> <span class='ocrx_word' id='word_1_636' title='bbox 3014 2396 3069 2440; x_wconf 94' lang='lat' dir='ltr'><strong>ut</strong></span> <span class='ocrx_word' id='word_1_637' title='bbox 3091 2388 3207 2455; x_wconf 91' lang='lat' dir='ltr'><strong>ejus</strong></span> <span class='ocrx_word' id='word_1_638' title='bbox 3235 2385 3448 2455; x_wconf 89' lang='lat' dir='ltr'><strong>dignum</strong></span> <span class='ocrx_word' id='word_1_639' title='bbox 3487 2387 3702 2457; x_wconf 79' lang='lat' dir='ltr'><strong>sapien-</strong></span> 
     </span>
    </p>
   </div>
   <div class='ocr_carea' id='block_1_86' title="bbox 2115 2476 3780 2546">
    <p class='ocr_par' dir='ltr' id='par_1_86' title="bbox 2115 2476 3780 2546">
     <span class='ocr_line' id='line_1_86' title="bbox 2115 2476 3780 2546; baseline -0.001 -13"><span class='ocrx_word' id='word_1_640' title='bbox 2115 2479 2185 2533; x_wconf 90' lang='lat' dir='ltr'><strong>tia</strong></span> <span class='ocrx_word' id='word_1_641' title='bbox 2208 2487 2292 2533; x_wconf 87' lang='lat' dir='ltr'><strong>est</strong></span> <span class='ocrx_word' id='word_1_642' title='bbox 2316 2477 2703 2543; x_wconf 89' lang='lat' dir='ltr'><strong>moderantem,</strong></span> <span class='ocrx_word' id='word_1_643' title='bbox 2727 2477 2996 2541; x_wconf 82' lang='lat' dir='ltr'><strong>Obtundis,</strong></span> <span class='ocrx_word' id='word_1_644' title='bbox 3027 2476 3094 2529; x_wconf 89' lang='lat' dir='ltr'><strong>ab</strong></span> <span class='ocrx_word' id='word_1_645' title='bbox 3117 2492 3287 2546; x_wconf 91' lang='lat' dir='ltr'><strong>eoque</strong></span> <span class='ocrx_word' id='word_1_646' title='bbox 3315 2486 3701 2546; x_wconf 65' lang='lat' dir='ltr'><strong>praeceptorum</strong></span> <span class='ocrx_word' id='word_1_647' title='bbox 3776 2515 3780 2518; x_wconf 80' lang='lat'><strong><em>-</em></strong></span> 
     </span>
    </p>
   </div>
   <div class='ocr_carea' id='block_1_87' title="bbox 2114 2567 3702 2638">
    <p class='ocr_par' dir='ltr' id='par_1_87' title="bbox 2114 2567 3702 2638">
     <span class='ocr_line' id='line_1_87' title="bbox 2114 2567 3702 2638; baseline 0 -16"><span class='ocrx_word' id='word_1_648' title='bbox 2114 2569 2375 2623; x_wconf 90' lang='lat' dir='ltr'><strong>rationem</strong></span> <span class='ocrx_word' id='word_1_649' title='bbox 2401 2568 2594 2638; x_wconf 82' lang='lat' dir='ltr'><strong>exigis,</strong></span> <span class='ocrx_word' id='word_1_650' title='bbox 2612 2583 2783 2638; x_wconf 91' lang='lat' dir='ltr'><strong>neque</strong></span> <span class='ocrx_word' id='word_1_651' title='bbox 2805 2568 3024 2621; x_wconf 66' lang='lat' dir='ltr'><strong>inﬁnitae</strong></span> <span class='ocrx_word' id='word_1_652' title='bbox 3045 2567 3317 2636; x_wconf 73' lang='lat' dir='ltr'><strong>sapientia:</strong></span> <span class='ocrx_word' id='word_1_653' title='bbox 3345 2576 3610 2636; x_wconf 89' lang='lat' dir='ltr'><strong>tamquam</strong></span> <span class='ocrx_word' id='word_1_654' title='bbox 3635 2569 3702 2622; x_wconf 85' lang='lat' dir='ltr'><strong>de</strong></span> 
     </span>
    </p>
   </div>
   <div class='ocr_carea' id='block_1_88' title="bbox 2114 2657 3752 2724">
    <p class='ocr_par' dir='ltr' id='par_1_88' title="bbox 2114 2657 3752 2724">
     <span class='ocr_line' id='line_1_88' title="bbox 2114 2657 3752 2724; baseline 0.001 -11"><span class='ocrx_word' id='word_1_655' title='bbox 2114 2661 2195 2715; x_wconf 88' lang='lat' dir='ltr'><strong>via</strong></span> <span class='ocrx_word' id='word_1_656' title='bbox 2226 2660 2414 2714; x_wconf 86' lang='lat' dir='ltr'><strong>cedis?</strong></span> <span class='ocrx_word' id='word_1_657' title='bbox 2454 2660 2535 2713; x_wconf 90' lang='lat' dir='ltr'><strong>An</strong></span> <span class='ocrx_word' id='word_1_658' title='bbox 2565 2675 2670 2713; x_wconf 90' lang='lat' dir='ltr'><strong>non</strong></span> <span class='ocrx_word' id='word_1_659' title='bbox 2703 2675 2763 2714; x_wconf 91' lang='lat' dir='ltr'><strong>ea</strong></span> <span class='ocrx_word' id='word_1_660' title='bbox 2791 2668 3028 2714; x_wconf 81' lang='lat' dir='ltr'><strong>extrema</strong></span> <span class='ocrx_word' id='word_1_661' title='bbox 3054 2660 3283 2713; x_wconf 88' lang='lat' dir='ltr'><strong>amentia</strong></span> <span class='ocrx_word' id='word_1_662' title='bbox 3322 2659 3443 2714; x_wconf 83' lang='lat' dir='ltr'><strong>est?</strong></span> <span class='ocrx_word' id='word_1_663' title='bbox 3468 2657 3702 2724; x_wconf 69' lang='lat' dir='ltr'><strong>Crescite,</strong></span> <span class='ocrx_word' id='word_1_664' title='bbox 3748 2694 3752 2700; x_wconf 94' lang='lat'><strong><em>-</em></strong></span> 
     </span>
    </p>
   </div>
   <div class='ocr_carea' id='block_1_89' title="bbox 2115 2755 3706 2828">
    <p class='ocr_par' dir='ltr' id='par_1_89' title="bbox 2115 2755 3706 2828">
     <span class='ocr_line' id='line_1_89' title="bbox 2115 2755 3706 2828; baseline 0 -20"><span class='ocrx_word' id='word_1_665' title='bbox 2115 2755 2209 2819; x_wconf 90' lang='lat' dir='ltr'><strong>ait,</strong></span> <span class='ocrx_word' id='word_1_666' title='bbox 2251 2765 2298 2809; x_wconf 80' lang='lat' dir='ltr'><strong>et</strong></span> <span class='ocrx_word' id='word_1_667' title='bbox 2338 2756 2749 2825; x_wconf 83' lang='lat' dir='ltr'><strong>multiplicamini</strong></span> <span class='ocrx_word' id='word_1_668' title='bbox 2778 2755 2928 2828; x_wconf 83' lang='lat' dir='ltr'><strong>(Gen.</strong></span> <span class='ocrx_word' id='word_1_669' title='bbox 2979 2758 3030 2811; x_wconf 83' lang='grc'><strong>1.</strong></span> <span class='ocrx_word' id='word_1_670' title='bbox 3072 2756 3185 2827; x_wconf 74' lang='grc'><strong>28).</strong></span> <span class='ocrx_word' id='word_1_671' title='bbox 3238 2755 3293 2810; x_wconf 86' lang='lat' dir='ltr'><strong>Id</strong></span> <span class='ocrx_word' id='word_1_672' title='bbox 3320 2757 3462 2811; x_wconf 90' lang='lat' dir='ltr'><strong>enim</strong></span> <span class='ocrx_word' id='word_1_673' title='bbox 3494 2765 3706 2824; x_wconf 87' lang='lat' dir='ltr'><strong>tempus</strong></span> 
     </span>
    </p>
   </div>
   <div class='ocr_carea' id='block_1_90' title="bbox 2118 2847 3702 2919">
    <p class='ocr_par' dir='ltr' id='par_1_90' title="bbox 2118 2847 3702 2919">
     <span class='ocr_line' id='line_1_90' title="bbox 2118 2847 3702 2919; baseline 0.002 -19"><span class='ocrx_word' id='word_1_674' title='bbox 2118 2847 2439 2916; x_wconf 88' lang='lat' dir='ltr'><strong>postulabat,</strong></span> <span class='ocrx_word' id='word_1_675' title='bbox 2471 2847 2682 2904; x_wconf 90' lang='lat' dir='ltr'><strong>furente</strong></span> <span class='ocrx_word' id='word_1_676' title='bbox 2712 2859 2921 2915; x_wconf 90' lang='lat' dir='ltr'><strong>natura,</strong></span> <span class='ocrx_word' id='word_1_677' title='bbox 2952 2864 3016 2904; x_wconf 88' lang='lat' dir='ltr'><strong>ac</strong></span> <span class='ocrx_word' id='word_1_678' title='bbox 3044 2864 3214 2919; x_wconf 90' lang='lat' dir='ltr'><strong>neque</strong></span> <span class='ocrx_word' id='word_1_679' title='bbox 3242 2849 3306 2903; x_wconf 92' lang='lat' dir='ltr'><strong>ad</strong></span> <span class='ocrx_word' id='word_1_680' title='bbox 3335 2849 3570 2904; x_wconf 88' lang='lat' dir='ltr'><strong>libidinis</strong></span> <span class='ocrx_word' id='word_1_681' title='bbox 3599 2850 3702 2903; x_wconf 88' lang='lat' dir='ltr'><strong>im-</strong></span> 
     </span>
    </p>
   </div>
   <div class='ocr_carea' id='block_1_91' title="bbox 2118 2942 3703 3011">
    <p class='ocr_par' dir='ltr' id='par_1_91' title="bbox 2118 2942 3703 3011">
     <span class='ocr_line' id='line_1_91' title="bbox 2118 2942 3703 3011; baseline 0 -17"><span class='ocrx_word' id='word_1_682' title='bbox 2118 2950 2295 3009; x_wconf 92' lang='lat' dir='ltr'><strong>petum</strong></span> <span class='ocrx_word' id='word_1_683' title='bbox 2335 2942 2682 3004; x_wconf 90' lang='lat' dir='ltr'><strong>consistente,</strong></span> <span class='ocrx_word' id='word_1_684' title='bbox 2717 2957 2890 3011; x_wconf 90' lang='lat' dir='ltr'><strong>ncque</strong></span> <span class='ocrx_word' id='word_1_685' title='bbox 2931 2942 2982 2995; x_wconf 94' lang='lat' dir='ltr'><strong>in</strong></span> <span class='ocrx_word' id='word_1_686' title='bbox 3028 2956 3088 2995; x_wconf 89' lang='lat' dir='ltr'><strong>ea</strong></span> <span class='ocrx_word' id='word_1_687' title='bbox 3138 2949 3451 3010; x_wconf 86' lang='lat' dir='ltr'><strong>tempestate</strong></span> <span class='ocrx_word' id='word_1_688' title='bbox 3494 2949 3703 3007; x_wconf 89' lang='lat' dir='ltr'><strong>portum</strong></span> 
     </span>
    </p>
   </div>
   <div class='ocr_carea' id='block_1_92' title="bbox 2117 3032 3702 3102">
    <p class='ocr_par' dir='ltr' id='par_1_92' title="bbox 2117 3032 3702 3102">
     <span class='ocr_line' id='line_1_92' title="bbox 2117 3032 3702 3102; baseline 0 -17"><span class='ocrx_word' id='word_1_689' title='bbox 2117 3033 2278 3086; x_wconf 91' lang='lat' dir='ltr'><strong>alium</strong></span> <span class='ocrx_word' id='word_1_690' title='bbox 2306 3047 2410 3100; x_wconf 93' lang='lat' dir='ltr'><strong>quo</strong></span> <span class='ocrx_word' id='word_1_691' title='bbox 2442 3032 2752 3101; x_wconf 76' lang='lat' dir='ltr'><strong>confugeret</strong></span> <span class='ocrx_word' id='word_1_692' title='bbox 2780 3033 3024 3087; x_wconf 87' lang='lat' dir='ltr'><strong>habente.</strong></span> <span class='ocrx_word' id='word_1_693' title='bbox 3056 3032 3157 3088; x_wconf 90' lang='lat' dir='ltr'><strong>Sed</strong></span> <span class='ocrx_word' id='word_1_694' title='bbox 3189 3032 3315 3102; x_wconf 93' lang='lat' dir='ltr'><strong>quid</strong></span> <span class='ocrx_word' id='word_1_695' title='bbox 3340 3032 3702 3100; x_wconf 89' lang='lat' dir='ltr'><strong>imperandum</strong></span> 
     </span>
    </p>
   </div>
   <div class='ocr_carea' id='block_1_93' title="bbox 2116 3114 3705 3186">
    <p class='ocr_par' dir='ltr' id='par_1_93' title="bbox 2116 3114 3705 3186">
     <span class='ocr_line' id='line_1_93' title="bbox 2116 3114 3705 3186; baseline 0.001 -17"><span class='ocrx_word' id='word_1_696' title='bbox 2116 3114 2250 3170; x_wconf 91' lang='lat' dir='ltr'><strong>fuit?</strong></span> <span class='ocrx_word' id='word_1_697' title='bbox 2281 3124 2339 3171; x_wconf 89' lang='lat' dir='ltr'><strong>ut</strong></span> <span class='ocrx_word' id='word_1_698' title='bbox 2359 3118 2408 3170; x_wconf 91' lang='lat' dir='ltr'><strong>in</strong></span> <span class='ocrx_word' id='word_1_699' title='bbox 2435 3117 2760 3171; x_wconf 85' lang='lat' dir='ltr'><strong>continentia</strong></span> <span class='ocrx_word' id='word_1_700' title='bbox 2792 3131 2854 3169; x_wconf 89' lang='lat' dir='ltr'><strong>ac</strong></span> <span class='ocrx_word' id='word_1_701' title='bbox 2879 3118 3179 3186; x_wconf 86' lang='lat' dir='ltr'><strong>virginitate</strong></span> <span class='ocrx_word' id='word_1_702' title='bbox 3198 3117 3490 3186; x_wconf 83' lang='lat' dir='ltr'><strong>degerent?</strong></span> <span class='ocrx_word' id='word_1_703' title='bbox 3511 3118 3579 3170; x_wconf 88' lang='lat' dir='ltr'><strong>At</strong></span> <span class='ocrx_word' id='word_1_704' title='bbox 3604 3117 3705 3171; x_wconf 89' lang='lat' dir='ltr'><strong>hoc</strong></span> 
     </span>
    </p>
   </div>
   <div class='ocr_carea' id='block_1_94' title="bbox 2116 3208 3704 3279">
    <p class='ocr_par' dir='ltr' id='par_1_94' title="bbox 2116 3208 3704 3279">
     <span class='ocr_line' id='line_1_94' title="bbox 2116 3208 3704 3279; baseline -0.003 -14"><span class='ocrx_word' id='word_1_705' title='bbox 2116 3220 2171 3265; x_wconf 88' lang='lat' dir='ltr'><strong>et</strong></span> <span class='ocrx_word' id='word_1_706' title='bbox 2200 3210 2404 3279; x_wconf 91' lang='lat' dir='ltr'><strong>lapsum</strong></span> <span class='ocrx_word' id='word_1_707' title='bbox 2437 3210 2717 3279; x_wconf 89' lang='lat' dir='ltr'><strong>majorem,</strong></span> <span class='ocrx_word' id='word_1_708' title='bbox 2746 3218 2801 3264; x_wconf 90' lang='lat' dir='ltr'><strong>et</strong></span> <span class='ocrx_word' id='word_1_709' title='bbox 2827 3208 3280 3264; x_wconf 86' lang='lat' dir='ltr'><strong>vehementiorem</strong></span> <span class='ocrx_word' id='word_1_710' title='bbox 3322 3208 3588 3262; x_wconf 83' lang='lat' dir='ltr'><strong>ﬂammam</strong></span> <span class='ocrx_word' id='word_1_711' title='bbox 3620 3208 3704 3263; x_wconf 83' lang='lat' dir='ltr'><strong>ef-</strong></span> 
     </span>
    </p>
   </div>
   <div class='ocr_carea' id='block_1_95' title="bbox 2118 3300 3705 3372">
    <p class='ocr_par' dir='ltr' id='par_1_95' title="bbox 2118 3300 3705 3372">
     <span class='ocr_line' id='line_1_95' title="bbox 2118 3300 3705 3372; baseline -0.001 -18"><span class='ocrx_word' id='word_1_712' title='bbox 2118 3300 2348 3356; x_wconf 88' lang='lat' dir='ltr'><strong>fecisset.</strong></span> <span class='ocrx_word' id='word_1_713' title='bbox 2378 3301 2506 3355; x_wconf 89' lang='lat' dir='ltr'><strong>Nam</strong></span> <span class='ocrx_word' id='word_1_714' title='bbox 2538 3302 2582 3356; x_wconf 92' lang='lat' dir='ltr'><strong>si</strong></span> <span class='ocrx_word' id='word_1_715' title='bbox 2612 3302 2730 3372; x_wconf 91' lang='lat' dir='ltr'><strong>quis</strong></span> <span class='ocrx_word' id='word_1_716' title='bbox 2758 3316 2976 3371; x_wconf 90' lang='lat' dir='ltr'><strong>pueros,</strong></span> <span class='ocrx_word' id='word_1_717' title='bbox 3023 3301 3110 3371; x_wconf 93' lang='lat' dir='ltr'><strong>qui</strong></span> <span class='ocrx_word' id='word_1_718' title='bbox 3143 3300 3278 3355; x_wconf 84' lang='lat' dir='ltr'><strong>lacte</strong></span> <span class='ocrx_word' id='word_1_719' title='bbox 3321 3300 3492 3355; x_wconf 89' lang='lat' dir='ltr'><strong>solum</strong></span> <span class='ocrx_word' id='word_1_720' title='bbox 3525 3310 3705 3370; x_wconf 86' lang='lat' dir='ltr'><strong>egent,</strong></span> 
     </span>
    </p>
   </div>
   <div class='ocr_carea' id='block_1_96' title="bbox 2118 3390 3705 3463">
    <p class='ocr_par' dir='ltr' id='par_1_96' title="bbox 2118 3390 3705 3463">
     <span class='ocr_line' id='line_1_96' title="bbox 2118 3390 3705 3463; baseline -0.003 -13"><span class='ocrx_word' id='word_1_721' title='bbox 2118 3397 2185 3452; x_wconf 90' lang='lat' dir='ltr'><strong>ab</strong></span> <span class='ocrx_word' id='word_1_722' title='bbox 2216 3412 2280 3449; x_wconf 90' lang='lat' dir='ltr'><strong>eo</strong></span> <span class='ocrx_word' id='word_1_723' title='bbox 2310 3395 2430 3450; x_wconf 91' lang='lat' dir='ltr'><strong>cibo</strong></span> <span class='ocrx_word' id='word_1_724' title='bbox 2458 3404 2694 3449; x_wconf 90' lang='lat' dir='ltr'><strong>remotos</strong></span> <span class='ocrx_word' id='word_1_725' title='bbox 2722 3395 2851 3448; x_wconf 89' lang='lat' dir='ltr'><strong>viris</strong></span> <span class='ocrx_word' id='word_1_726' title='bbox 2894 3407 3131 3463; x_wconf 88' lang='lat' dir='ltr'><strong>congruo</strong></span> <span class='ocrx_word' id='word_1_727' title='bbox 3170 3392 3310 3446; x_wconf 89' lang='lat' dir='ltr'><strong>vesci</strong></span> <span class='ocrx_word' id='word_1_728' title='bbox 3358 3399 3533 3462; x_wconf 83' lang='lat' dir='ltr'><strong>cogat,</strong></span> <span class='ocrx_word' id='word_1_729' title='bbox 3574 3390 3705 3445; x_wconf 87' lang='lat' dir='ltr'><strong>nihil</strong></span> 
     </span>
    </p>
   </div>
   <div class='ocr_carea' id='block_1_97' title="bbox 2119 3482 3703 3559">
    <p class='ocr_par' dir='ltr' id='par_1_97' title="bbox 2119 3482 3703 3559">
     <span class='ocr_line' id='line_1_97' title="bbox 2119 3482 3703 3559; baseline -0.004 -17"><span class='ocrx_word' id='word_1_730' title='bbox 2119 3490 2392 3559; x_wconf 89' lang='lat' dir='ltr'><strong>impediet,</strong></span> <span class='ocrx_word' id='word_1_731' title='bbox 2417 3504 2522 3557; x_wconf 93' lang='lat' dir='ltr'><strong>quo</strong></span> <span class='ocrx_word' id='word_1_732' title='bbox 2548 3489 2726 3542; x_wconf 89' lang='lat' dir='ltr'><strong>minus</strong></span> <span class='ocrx_word' id='word_1_733' title='bbox 2755 3502 2784 3542; x_wconf 86' lang='lat' dir='ltr'><strong>c</strong></span> <span class='ocrx_word' id='word_1_734' title='bbox 2815 3485 3038 3555; x_wconf 87' lang='lat' dir='ltr'><strong>vestigio</strong></span> <span class='ocrx_word' id='word_1_735' title='bbox 3064 3493 3304 3554; x_wconf 86' lang='lat' dir='ltr'><strong>pereant.</strong></span> <span class='ocrx_word' id='word_1_736' title='bbox 3336 3482 3565 3537; x_wconf 82' lang='lat' dir='ltr'><strong>Tantum</strong></span> <span class='ocrx_word' id='word_1_737' title='bbox 3591 3498 3703 3536; x_wconf 38' lang='lat' dir='ltr'><strong>mai</strong></span> 
     </span>
    </p>
   </div>
   <div class='ocr_carea' id='block_1_98' title="bbox 2119 3575 3704 3651">
    <p class='ocr_par' dir='ltr' id='par_1_98' title="bbox 2119 3575 3704 3651">
     <span class='ocr_line' id='line_1_98' title="bbox 2119 3575 3704 3651; baseline -0.006 -14"><span class='ocrx_word' id='word_1_738' title='bbox 2119 3582 2227 3637; x_wconf 93' lang='lat' dir='ltr'><strong>lum</strong></span> <span class='ocrx_word' id='word_1_739' title='bbox 2258 3591 2339 3638; x_wconf 89' lang='lat' dir='ltr'><strong>est</strong></span> <span class='ocrx_word' id='word_1_740' title='bbox 2378 3580 2839 3651; x_wconf 86' lang='lat' dir='ltr'><strong>intempestivitas.</strong></span> <span class='ocrx_word' id='word_1_741' title='bbox 2890 3580 3189 3648; x_wconf 84' lang='lat' dir='ltr'><strong>Eaproptcr</strong></span> <span class='ocrx_word' id='word_1_742' title='bbox 3230 3576 3507 3647; x_wconf 86' lang='lat' dir='ltr'><strong>virginitas</strong></span> <span class='ocrx_word' id='word_1_743' title='bbox 3552 3575 3704 3629; x_wconf 91' lang='lat' dir='ltr'><strong>initio</strong></span> 
     </span>
    </p>
   </div>
   <div class='ocr_carea' id='block_1_99' title="bbox 2118 3668 3705 3740">
    <p class='ocr_par' dir='ltr' id='par_1_99' title="bbox 2118 3668 3705 3740">
     <span class='ocr_line' id='line_1_99' title="bbox 2118 3668 3705 3740; baseline -0.008 -9"><span class='ocrx_word' id='word_1_744' title='bbox 2118 3676 2238 3731; x_wconf 88' lang='lat' dir='ltr'><strong>data</strong></span> <span class='ocrx_word' id='word_1_745' title='bbox 2276 3690 2381 3729; x_wconf 90' lang='lat' dir='ltr'><strong>non</strong></span> <span class='ocrx_word' id='word_1_746' title='bbox 2408 3686 2523 3738; x_wconf 89' lang='lat' dir='ltr'><strong>est;</strong></span> <span class='ocrx_word' id='word_1_747' title='bbox 2554 3674 2661 3727; x_wconf 92' lang='lat' dir='ltr'><strong>imo</strong></span> <span class='ocrx_word' id='word_1_748' title='bbox 2684 3687 2812 3727; x_wconf 90' lang='lat' dir='ltr'><strong>vero</strong></span> <span class='ocrx_word' id='word_1_749' title='bbox 2840 3671 3116 3740; x_wconf 89' lang='lat' dir='ltr'><strong>virginitas</strong></span> <span class='ocrx_word' id='word_1_750' title='bbox 3148 3679 3204 3724; x_wconf 90' lang='lat' dir='ltr'><strong>et</strong></span> <span class='ocrx_word' id='word_1_751' title='bbox 3234 3670 3403 3731; x_wconf 90' lang='lat' dir='ltr'><strong>initio,</strong></span> <span class='ocrx_word' id='word_1_752' title='bbox 3434 3678 3489 3723; x_wconf 92' lang='lat' dir='ltr'><strong>et</strong></span> <span class='ocrx_word' id='word_1_753' title='bbox 3517 3668 3705 3721; x_wconf 86' lang='lat' dir='ltr'><strong>matri-</strong></span> 
     </span>
    </p>
   </div>
   <div class='ocr_carea' id='block_1_100' title="bbox 2119 3761 3704 3835">
    <p class='ocr_par' dir='ltr' id='par_1_100' title="bbox 2119 3761 3704 3835">
     <span class='ocr_line' id='line_1_100' title="bbox 2119 3761 3704 3835; baseline -0.006 -12"><span class='ocrx_word' id='word_1_754' title='bbox 2119 3767 2299 3822; x_wconf 88' lang='lat' dir='ltr'><strong>monio</strong></span> <span class='ocrx_word' id='word_1_755' title='bbox 2330 3767 2475 3835; x_wconf 81' lang='lat' dir='ltr'><strong>prior</strong></span> <span class='ocrx_word' id='word_1_756' title='bbox 2508 3764 2732 3830; x_wconf 82' lang='lat' dir='ltr'><strong>exstitit,</strong></span> <span class='ocrx_word' id='word_1_757' title='bbox 2765 3763 2857 3819; x_wconf 92' lang='lat' dir='ltr'><strong>sed</strong></span> <span class='ocrx_word' id='word_1_758' title='bbox 2890 3773 3175 3833; x_wconf 90' lang='lat' dir='ltr'><strong>eapropter</strong></span> <span class='ocrx_word' id='word_1_759' title='bbox 3205 3761 3396 3815; x_wconf 90' lang='lat' dir='ltr'><strong>invasit</strong></span> <span class='ocrx_word' id='word_1_760' title='bbox 3425 3761 3704 3814; x_wconf 76' lang='lat' dir='ltr'><strong>matrimo-</strong></span> 
     </span>
    </p>
   </div>
   <div class='ocr_carea' id='block_1_101' title="bbox 2120 3850 3707 3926">
    <p class='ocr_par' dir='ltr' id='par_1_101' title="bbox 2120 3850 3707 3926">
     <span class='ocr_line' id='line_1_101' title="bbox 2120 3850 3707 3926; baseline -0.006 -14"><span class='ocrx_word' id='word_1_761' title='bbox 2120 3860 2264 3913; x_wconf 91' lang='lat' dir='ltr'><strong>nium</strong></span> <span class='ocrx_word' id='word_1_762' title='bbox 2291 3859 2566 3926; x_wconf 82' lang='lat' dir='ltr'><strong>visumque</strong></span> <span class='ocrx_word' id='word_1_763' title='bbox 2593 3856 2951 3910; x_wconf 81' lang='lat' dir='ltr'><strong>necessarium</strong></span> <span class='ocrx_word' id='word_1_764' title='bbox 2979 3864 3082 3918; x_wconf 60' lang='lat' dir='ltr'><strong>est,</strong></span> <span class='ocrx_word' id='word_1_765' title='bbox 3101 3868 3246 3920; x_wconf 92' lang='lat' dir='ltr'><strong>cum,</strong></span> <span class='ocrx_word' id='word_1_766' title='bbox 3266 3853 3307 3905; x_wconf 86' lang='lat' dir='ltr'><strong>si</strong></span> <span class='ocrx_word' id='word_1_767' title='bbox 3328 3851 3541 3923; x_wconf 88' lang='lat' dir='ltr'><strong>quidem</strong></span> <span class='ocrx_word' id='word_1_768' title='bbox 3566 3850 3707 3905; x_wconf 85' lang='lat' dir='ltr'><strong>Ada-</strong></span> 
     </span>
    </p>
   </div>
   <div class='ocr_carea' id='block_1_102' title="bbox 2120 3942 3702 4013">
    <p class='ocr_par' dir='ltr' id='par_1_102' title="bbox 2120 3942 3702 4013">
     <span class='ocr_line' id='line_1_102' title="bbox 2120 3942 3702 4013; baseline -0.007 -9"><span class='ocrx_word' id='word_1_769' title='bbox 2120 3966 2239 4004; x_wconf 92' lang='lat' dir='ltr'><strong>mus</strong></span> <span class='ocrx_word' id='word_1_770' title='bbox 2268 3949 2526 4005; x_wconf 89' lang='lat' dir='ltr'><strong>obediens</strong></span> <span class='ocrx_word' id='word_1_771' title='bbox 2553 3950 2858 4010; x_wconf 86' lang='lat' dir='ltr'><strong>mansisset,</strong></span> <span class='ocrx_word' id='word_1_772' title='bbox 2883 3960 2947 3999; x_wconf 92' lang='lat' dir='ltr'><strong>eo</strong></span> <span class='ocrx_word' id='word_1_773' title='bbox 2971 3960 3105 4013; x_wconf 81' lang='lat' dir='ltr'><strong>Opus</strong></span> <span class='ocrx_word' id='word_1_774' title='bbox 3128 3960 3232 3998; x_wconf 91' lang='lat' dir='ltr'><strong>non</strong></span> <span class='ocrx_word' id='word_1_775' title='bbox 3267 3944 3469 3998; x_wconf 81' lang='lat' dir='ltr'><strong>fuisset.</strong></span> <span class='ocrx_word' id='word_1_776' title='bbox 3500 3942 3702 4012; x_wconf 86' lang='lat' dir='ltr'><strong>Atqui,</strong></span> 
     </span>
    </p>
   </div>
   <div class='ocr_carea' id='block_1_103' title="bbox 2120 4035 3753 4111">
    <p class='ocr_par' dir='ltr' id='par_1_103' title="bbox 2120 4035 3753 4111">
     <span class='ocr_line' id='line_1_103' title="bbox 2120 4035 3753 4111; baseline -0.004 -15"><span class='ocrx_word' id='word_1_777' title='bbox 2120 4043 2311 4111; x_wconf 89' lang='lat' dir='ltr'><strong>inquit,</strong></span> <span class='ocrx_word' id='word_1_778' title='bbox 2344 4051 2422 4096; x_wconf 90' lang='lat' dir='ltr'><strong>tot</strong></span> <span class='ocrx_word' id='word_1_779' title='bbox 2440 4042 2602 4095; x_wconf 88' lang='lat' dir='ltr'><strong>millia</strong></span> <span class='ocrx_word' id='word_1_780' title='bbox 2641 4037 3125 4108; x_wconf 85' lang='lat' dir='ltr'><strong>prodiissent?Ego</strong></span> <span class='ocrx_word' id='word_1_781' title='bbox 3150 4052 3298 4101; x_wconf 87' lang='lat' dir='ltr'><strong>vero,</strong></span> <span class='ocrx_word' id='word_1_782' title='bbox 3348 4036 3562 4105; x_wconf 90' lang='lat' dir='ltr'><strong>quando</strong></span> <span class='ocrx_word' id='word_1_783' title='bbox 3591 4035 3705 4089; x_wconf 76' lang='lat' dir='ltr'><strong>haec</strong></span> <span class='ocrx_word' id='word_1_784' title='bbox 3750 4036 3753 4037; x_wconf 61' lang='grc'><strong><em>⁷</em></strong></span> 
     </span>
    </p>
   </div>
   <div class='ocr_carea' id='block_1_104' title="bbox 2121 4124 3705 4190">
    <p class='ocr_par' dir='ltr' id='par_1_104' title="bbox 2121 4124 3705 4190">
     <span class='ocr_line' id='line_1_104' title="bbox 2121 4124 3705 4190; baseline -0.009 0"><span class='ocrx_word' id='word_1_785' title='bbox 2121 4145 2175 4190; x_wconf 90' lang='lat' dir='ltr'><strong>te</strong></span> <span class='ocrx_word' id='word_1_786' title='bbox 2200 4133 2425 4189; x_wconf 88' lang='lat' dir='ltr'><strong>formido</strong></span> <span class='ocrx_word' id='word_1_787' title='bbox 2452 4131 2736 4187; x_wconf 87' lang='lat' dir='ltr'><strong>admodum</strong></span> <span class='ocrx_word' id='word_1_788' title='bbox 2761 4128 3051 4183; x_wconf 78' lang='lat' dir='ltr'><strong>sollicitans</strong></span> <span class='ocrx_word' id='word_1_789' title='bbox 3080 4135 3276 4189; x_wconf 90' lang='lat' dir='ltr'><strong>manet,</strong></span> <span class='ocrx_word' id='word_1_790' title='bbox 3308 4126 3496 4179; x_wconf 85' lang='lat' dir='ltr'><strong>iterum</strong></span> <span class='ocrx_word' id='word_1_791' title='bbox 3526 4124 3618 4178; x_wconf 85' lang='lat' dir='ltr'><strong>abs</strong></span> <span class='ocrx_word' id='word_1_792' title='bbox 3647 4133 3705 4177; x_wconf 89' lang='lat' dir='ltr'><strong>te</strong></span> 
     </span>
    </p>
   </div>
   <div class='ocr_carea' id='block_1_105' title="bbox 2120 4216 3705 4298">
    <p class='ocr_par' dir='ltr' id='par_1_105' title="bbox 2120 4216 3705 4298">
     <span class='ocr_line' id='line_1_105' title="bbox 2120 4216 3705 4298; baseline -0.009 -15"><span class='ocrx_word' id='word_1_793' title='bbox 2120 4243 2324 4298; x_wconf 80' lang='lat' dir='ltr'><strong>quaero,</strong></span> <span class='ocrx_word' id='word_1_794' title='bbox 2354 4225 2495 4279; x_wconf 89' lang='lat' dir='ltr'><strong>unde</strong></span> <span class='ocrx_word' id='word_1_795' title='bbox 2523 4223 2675 4277; x_wconf 90' lang='lat' dir='ltr'><strong>nobis</strong></span> <span class='ocrx_word' id='word_1_796' title='bbox 2717 4221 2967 4281; x_wconf 86' lang='lat' dir='ltr'><strong>Adamus,</strong></span> <span class='ocrx_word' id='word_1_797' title='bbox 3000 4217 3141 4271; x_wconf 91' lang='lat' dir='ltr'><strong>unde</strong></span> <span class='ocrx_word' id='word_1_798' title='bbox 3166 4216 3298 4280; x_wconf 82' lang='lat' dir='ltr'><strong>Eva,</strong></span> <span class='ocrx_word' id='word_1_799' title='bbox 3332 4230 3436 4268; x_wconf 88' lang='lat' dir='ltr'><strong>non</strong></span> <span class='ocrx_word' id='word_1_800' title='bbox 3469 4216 3705 4269; x_wconf 82' lang='lat' dir='ltr'><strong>interve-</strong></span> 
     </span>
    </p>
   </div>
   <div class='ocr_carea' id='block_1_106' title="bbox 2121 4306 3709 4380">
    <p class='ocr_par' dir='ltr' id='par_1_106' title="bbox 2121 4306 3709 4380">
     <span class='ocr_line' id='line_1_106' title="bbox 2121 4306 3709 4380; baseline -0.01 -5"><span class='ocrx_word' id='word_1_801' title='bbox 2121 4322 2301 4375; x_wconf 89' lang='lat' dir='ltr'><strong>niente</strong></span> <span class='ocrx_word' id='word_1_802' title='bbox 2316 4312 2692 4372; x_wconf 82' lang='lat' dir='ltr'><strong>matrimonio?</strong></span> <span class='ocrx_word' id='word_1_803' title='bbox 2707 4312 2841 4380; x_wconf 89' lang='lat' dir='ltr'><strong>Quid</strong></span> <span class='ocrx_word' id='word_1_804' title='bbox 2866 4310 3054 4379; x_wconf 85' lang='lat' dir='ltr'><strong>igitur?</strong></span> <span class='ocrx_word' id='word_1_805' title='bbox 3076 4309 3236 4370; x_wconf 83' lang='lat' dir='ltr'><strong>itane,</strong></span> <span class='ocrx_word' id='word_1_806' title='bbox 3257 4307 3446 4377; x_wconf 90' lang='lat' dir='ltr'><strong>inquit,</strong></span> <span class='ocrx_word' id='word_1_807' title='bbox 3466 4306 3709 4359; x_wconf 84' lang='lat' dir='ltr'><strong>homines</strong></span> 
     </span>
    </p>
   </div>
   <div class='ocr_carea' id='block_1_107' title="bbox 2122 4398 3707 4467">
    <p class='ocr_par' dir='ltr' id='par_1_107' title="bbox 2122 4398 3707 4467">
     <span class='ocr_line' id='line_1_107' title="bbox 2122 4398 3707 4467; baseline -0.009 0"><span class='ocrx_word' id='word_1_808' title='bbox 2122 4426 2307 4467; x_wconf 90' lang='lat' dir='ltr'><strong>omnes</strong></span> <span class='ocrx_word' id='word_1_809' title='bbox 2343 4417 2495 4463; x_wconf 84' lang='lat' dir='ltr'><strong>erant</strong></span> <span class='ocrx_word' id='word_1_810' title='bbox 2520 4403 2811 4459; x_wconf 88' lang='lat' dir='ltr'><strong>nascituri?</strong></span> <span class='ocrx_word' id='word_1_811' title='bbox 2840 4402 2952 4456; x_wconf 86' lang='lat' dir='ltr'><strong>Hoc</strong></span> <span class='ocrx_word' id='word_1_812' title='bbox 2976 4416 3041 4454; x_wconf 90' lang='lat' dir='ltr'><strong>an</strong></span> <span class='ocrx_word' id='word_1_813' title='bbox 3073 4400 3177 4453; x_wconf 90' lang='lat' dir='ltr'><strong>alio</strong></span> <span class='ocrx_word' id='word_1_814' title='bbox 3199 4399 3376 4466; x_wconf 92' lang='lat' dir='ltr'><strong>modo,</strong></span> <span class='ocrx_word' id='word_1_815' title='bbox 3409 4398 3545 4452; x_wconf 91' lang='lat' dir='ltr'><strong>haud</strong></span> <span class='ocrx_word' id='word_1_816' title='bbox 3578 4413 3707 4452; x_wconf 88' lang='lat' dir='ltr'><strong>sane</strong></span> 
     </span>
    </p>
   </div>
   <div class='ocr_carea' id='block_1_108' title="bbox 2124 4488 3703 4568">
    <p class='ocr_par' dir='ltr' id='par_1_108' title="bbox 2124 4488 3703 4568">
     <span class='ocr_line' id='line_1_108' title="bbox 2124 4488 3703 4568; baseline -0.01 -11"><span class='ocrx_word' id='word_1_817' title='bbox 2124 4504 2294 4557; x_wconf 88' lang='lat' dir='ltr'><strong>habeo</strong></span> <span class='ocrx_word' id='word_1_818' title='bbox 2313 4502 2521 4563; x_wconf 87' lang='lat' dir='ltr'><strong>dicere;</strong></span> <span class='ocrx_word' id='word_1_819' title='bbox 2546 4496 2673 4551; x_wconf 89' lang='lat' dir='ltr'><strong>illud</strong></span> <span class='ocrx_word' id='word_1_820' title='bbox 2696 4495 2997 4568; x_wconf 88' lang='lat' dir='ltr'><strong>enimnunc</strong></span> <span class='ocrx_word' id='word_1_821' title='bbox 3018 4492 3211 4562; x_wconf 88' lang='lat' dir='ltr'><strong>agitur,</strong></span> <span class='ocrx_word' id='word_1_822' title='bbox 3238 4490 3347 4544; x_wconf 90' lang='lat' dir='ltr'><strong>Deo</strong></span> <span class='ocrx_word' id='word_1_823' title='bbox 3363 4488 3426 4543; x_wconf 86' lang='lat' dir='ltr'><strong>ad</strong></span> <span class='ocrx_word' id='word_1_824' title='bbox 3450 4488 3703 4558; x_wconf 82' lang='lat' dir='ltr'><strong>frequen-</strong></span> 
     </span>
    </p>
   </div>
   <div class='ocr_carea' id='block_1_109' title="bbox 2125 4581 3698 4663">
    <p class='ocr_par' dir='ltr' id='par_1_109' title="bbox 2125 4581 3698 4663">
     <span class='ocr_line' id='line_1_109' title="bbox 2125 4581 3698 4663; baseline -0.011 -12"><span class='ocrx_word' id='word_1_825' title='bbox 2125 4596 2315 4652; x_wconf 89' lang='lat' dir='ltr'><strong>tandos</strong></span> <span class='ocrx_word' id='word_1_826' title='bbox 2347 4595 2399 4649; x_wconf 93' lang='lat' dir='ltr'><strong>in</strong></span> <span class='ocrx_word' id='word_1_827' title='bbox 2430 4602 2569 4663; x_wconf 81' lang='lat' dir='ltr'><strong>terra</strong></span> <span class='ocrx_word' id='word_1_828' title='bbox 2592 4588 2836 4644; x_wconf 90' lang='lat' dir='ltr'><strong>homines</strong></span> <span class='ocrx_word' id='word_1_829' title='bbox 2862 4585 3203 4640; x_wconf 87' lang='lat' dir='ltr'><strong>matrimonio</strong></span> <span class='ocrx_word' id='word_1_830' title='bbox 3223 4598 3354 4654; x_wconf 81' lang='lat' dir='ltr'><strong>opus</strong></span> <span class='ocrx_word' id='word_1_831' title='bbox 3377 4597 3480 4636; x_wconf 93' lang='lat' dir='ltr'><strong>nou</strong></span> <span class='ocrx_word' id='word_1_832' title='bbox 3512 4581 3698 4635; x_wconf 82' lang='lat' dir='ltr'><strong>fuisse.</strong></span> 
     </span>
    </p>
   </div>
   <div class='ocr_carea' id='block_1_110' title="bbox 2194 4696 3707 4776">
    <p class='ocr_par' dir='ltr' id='par_1_110' title="bbox 2194 4696 3707 4776">
     <span class='ocr_line' id='line_1_110' title="bbox 2194 4696 3707 4776; baseline -0.013 -12"><span class='ocrx_word' id='word_1_833' title='bbox 2194 4708 2381 4764; x_wconf 82' lang='lat' dir='ltr'><strong>XVIII.</strong></span> <span class='ocrx_word' id='word_1_834' title='bbox 2411 4705 2533 4760; x_wconf 88' lang='lat' dir='ltr'><strong>Non</strong></span> <span class='ocrx_word' id='word_1_835' title='bbox 2571 4703 2906 4775; x_wconf 84' lang='lat' dir='ltr'><strong>virginitatem</strong></span> <span class='ocrx_word' id='word_1_836' title='bbox 2936 4717 3090 4776; x_wconf 83' lang='lat' dir='ltr'><strong>genus</strong></span> <span class='ocrx_word' id='word_1_837' title='bbox 3118 4707 3343 4752; x_wconf 80' lang='lat' dir='ltr'><strong>nostrum</strong></span> <span class='ocrx_word' id='word_1_838' title='bbox 3370 4696 3667 4748; x_wconf 79' lang='lat' dir='ltr'><strong>imminuere</strong></span> <span class='ocrx_word' id='word_1_839' title='bbox 3693 4734 3707 4755; x_wconf 93' lang='lat'><strong>,</strong></span> 
     </span>
    </p>
   </div>
   <div class='ocr_carea' id='block_1_111' title="bbox 2124 4786 3713 4870">
    <p class='ocr_par' dir='ltr' id='par_1_111' title="bbox 2124 4786 3713 4870">
     <span class='ocr_line' id='line_1_111' title="bbox 2124 4786 3713 4870; baseline -0.011 -15"><span class='ocrx_word' id='word_1_840' title='bbox 2124 4802 2212 4855; x_wconf 80' lang='lat' dir='ltr'><strong>sed</strong></span> <span class='ocrx_word' id='word_1_841' title='bbox 2237 4809 2514 4870; x_wconf 86' lang='lat' dir='ltr'><strong>peccatum.</strong></span> <span class='ocrx_word' id='word_1_842' title='bbox 2545 4826 2612 4836; x_wconf 93' lang='lat'><strong>—-</strong></span> <span class='ocrx_word' id='word_1_843' title='bbox 2643 4795 2753 4850; x_wconf 87' lang='lat' dir='ltr'><strong>Nec</strong></span> <span class='ocrx_word' id='word_1_844' title='bbox 2783 4809 2909 4848; x_wconf 92' lang='lat' dir='ltr'><strong>vero</strong></span> <span class='ocrx_word' id='word_1_845' title='bbox 2940 4791 3239 4846; x_wconf 89' lang='lat' dir='ltr'><strong>mortalium</strong></span> <span class='ocrx_word' id='word_1_846' title='bbox 3283 4788 3461 4857; x_wconf 86' lang='lat' dir='ltr'><strong>generi</strong></span> <span class='ocrx_word' id='word_1_847' title='bbox 3493 4786 3713 4854; x_wconf 81' lang='lat' dir='ltr'><strong>virgini-</strong></span> 
     </span>
    </p>
   </div>
   <div class='ocr_carea' id='block_1_112' title="bbox 2126 4877 3711 4955">
    <p class='ocr_par' dir='ltr' id='par_1_112' title="bbox 2126 4877 3711 4955">
     <span class='ocr_line' id='line_1_112' title="bbox 2126 4877 3711 4955; baseline -0.009 -9"><span class='ocrx_word' id='word_1_848' title='bbox 2126 4902 2285 4946; x_wconf 90' lang='lat' dir='ltr'><strong>tatem</strong></span> <span class='ocrx_word' id='word_1_849' title='bbox 2336 4891 2603 4945; x_wconf 90' lang='lat' dir='ltr'><strong>interitum</strong></span> <span class='ocrx_word' id='word_1_850' title='bbox 2666 4899 3013 4955; x_wconf 73' lang='lat' dir='ltr'><strong>comparare,</strong></span> <span class='ocrx_word' id='word_1_851' title='bbox 3060 4882 3153 4937; x_wconf 90' lang='lat' dir='ltr'><strong>sed</strong></span> <span class='ocrx_word' id='word_1_852' title='bbox 3199 4879 3394 4949; x_wconf 85' lang='lat' dir='ltr'><strong>flagitia</strong></span> <span class='ocrx_word' id='word_1_853' title='bbox 3442 4889 3494 4933; x_wconf 91' lang='lat' dir='ltr'><strong>et</strong></span> <span class='ocrx_word' id='word_1_854' title='bbox 3541 4877 3711 4933; x_wconf 65' lang='lat' dir='ltr'><strong>faedos</strong></span> 
     </span>
    </p>
   </div>
   <div class='ocr_carea' id='block_1_113' title="bbox 2125 4968 3713 5048">
    <p class='ocr_par' dir='ltr' id='par_1_113' title="bbox 2125 4968 3713 5048">
     <span class='ocr_line' id='line_1_113' title="bbox 2125 4968 3713 5048; baseline -0.011 -10"><span class='ocrx_word' id='word_1_855' title='bbox 2125 4984 2319 5048; x_wconf 90' lang='lat' dir='ltr'><strong>coitus,</strong></span> <span class='ocrx_word' id='word_1_856' title='bbox 2350 4980 2582 5035; x_wconf 88' lang='lat' dir='ltr'><strong>ostendit</strong></span> <span class='ocrx_word' id='word_1_857' title='bbox 2606 4979 2692 5032; x_wconf 90' lang='lat' dir='ltr'><strong>illa</strong></span> <span class='ocrx_word' id='word_1_858' title='bbox 2718 4976 2829 5031; x_wconf 88' lang='lat' dir='ltr'><strong>Noe</strong></span> <span class='ocrx_word' id='word_1_859' title='bbox 2847 4981 3158 5043; x_wconf 89' lang='lat' dir='ltr'><strong>tempestate</strong></span> <span class='ocrx_word' id='word_1_860' title='bbox 3186 4971 3481 5033; x_wconf 91' lang='lat' dir='ltr'><strong>hominum,</strong></span> <span class='ocrx_word' id='word_1_861' title='bbox 3502 4968 3713 5036; x_wconf 82' lang='lat' dir='ltr'><strong>jumen-</strong></span> 
     </span>
    </p>
   </div>
   <div class='ocr_carea' id='block_1_114' title="bbox 2130 5061 3712 5141">
    <p class='ocr_par' dir='ltr' id='par_1_114' title="bbox 2130 5061 3712 5141">
     <span class='ocr_line' id='line_1_114' title="bbox 2130 5061 3712 5141; baseline -0.013 -10"><span class='ocrx_word' id='word_1_862' title='bbox 2130 5088 2322 5141; x_wconf 90' lang='lat' dir='ltr'><strong>torum,</strong></span> <span class='ocrx_word' id='word_1_863' title='bbox 2362 5074 2594 5128; x_wconf 87' lang='lat' dir='ltr'><strong>breviter</strong></span> <span class='ocrx_word' id='word_1_864' title='bbox 2622 5071 2858 5126; x_wconf 91' lang='lat' dir='ltr'><strong>omnium</strong></span> <span class='ocrx_word' id='word_1_865' title='bbox 2891 5068 2942 5121; x_wconf 91' lang='lat' dir='ltr'><strong>in</strong></span> <span class='ocrx_word' id='word_1_866' title='bbox 2984 5066 3140 5120; x_wconf 91' lang='lat' dir='ltr'><strong>terris</strong></span> <span class='ocrx_word' id='word_1_867' title='bbox 3172 5061 3517 5118; x_wconf 88' lang='lat' dir='ltr'><strong>animantium</strong></span> <span class='ocrx_word' id='word_1_868' title='bbox 3549 5061 3712 5113; x_wconf 88' lang='lat' dir='ltr'><strong>inter-</strong></span> 
     </span>
    </p>
   </div>
   <div class='ocr_carea' id='block_1_115' title="bbox 2128 5151 3713 5222">
    <p class='ocr_par' dir='ltr' id='par_1_115' title="bbox 2128 5151 3713 5222">
     <span class='ocr_line' id='line_1_115' title="bbox 2128 5151 3713 5222; baseline -0.011 0"><span class='ocrx_word' id='word_1_869' title='bbox 2128 5167 2301 5222; x_wconf 88' lang='lat' dir='ltr'><strong>necio.</strong></span> <span class='ocrx_word' id='word_1_870' title='bbox 2348 5166 2478 5220; x_wconf 81' lang='lat' dir='ltr'><strong>Nam</strong></span> <span class='ocrx_word' id='word_1_871' title='bbox 2508 5165 2551 5218; x_wconf 90' lang='lat' dir='ltr'><strong>si</strong></span> <span class='ocrx_word' id='word_1_872' title='bbox 2595 5173 2705 5218; x_wconf 88' lang='lat' dir='ltr'><strong>tum</strong></span> <span class='ocrx_word' id='word_1_873' title='bbox 2751 5161 3019 5215; x_wconf 70' lang='lat' dir='ltr'><strong>obscmnze</strong></span> <span class='ocrx_word' id='word_1_874' title='bbox 3047 5157 3095 5212; x_wconf 90' lang='lat' dir='ltr'><strong>ei</strong></span> <span class='ocrx_word' id='word_1_875' title='bbox 3141 5153 3346 5208; x_wconf 88' lang='lat' dir='ltr'><strong>libidini</strong></span> <span class='ocrx_word' id='word_1_876' title='bbox 3392 5151 3713 5206; x_wconf 86' lang='lat' dir='ltr'><strong>restitissent</strong></span> 
     </span>
    </p>
   </div>
   <div class='ocr_carea' id='block_1_116' title="bbox 2130 5243 3711 5325">
    <p class='ocr_par' dir='ltr' id='par_1_116' title="bbox 2130 5243 3711 5325">
     <span class='ocr_line' id='line_1_116' title="bbox 2130 5243 3711 5325; baseline -0.011 -13"><span class='ocrx_word' id='word_1_877' title='bbox 2130 5258 2225 5312; x_wconf 89' lang='lat' dir='ltr'><strong>Dei</strong></span> <span class='ocrx_word' id='word_1_878' title='bbox 2251 5256 2365 5322; x_wconf 87' lang='lat' dir='ltr'><strong>filii,</strong></span> <span class='ocrx_word' id='word_1_879' title='bbox 2417 5254 2569 5325; x_wconf 87' lang='lat' dir='ltr'><strong>(Gen.</strong></span> <span class='ocrx_word' id='word_1_880' title='bbox 2592 5252 2644 5307; x_wconf 87' lang='lat'><strong>6.</strong></span> <span class='ocrx_word' id='word_1_881' title='bbox 2657 5251 2714 5322; x_wconf 72' lang='lat'><strong>2)</strong></span> <span class='ocrx_word' id='word_1_882' title='bbox 2738 5264 2801 5304; x_wconf 90' lang='lat' dir='ltr'><strong>ac</strong></span> <span class='ocrx_word' id='word_1_883' title='bbox 2814 5244 3174 5316; x_wconf 88' lang='lat' dir='ltr'><strong>virginitatem</strong></span> <span class='ocrx_word' id='word_1_884' title='bbox 3189 5243 3503 5305; x_wconf 91' lang='lat' dir='ltr'><strong>coluissent,</strong></span> <span class='ocrx_word' id='word_1_885' title='bbox 3538 5256 3711 5309; x_wconf 84' lang='lat' dir='ltr'><strong>neque</strong></span> 
     </span>
    </p>
   </div>
   <div class='ocr_carea' id='block_1_117' title="bbox 2130 5333 3709 5410">
    <p class='ocr_par' dir='ltr' id='par_1_117' title="bbox 2130 5333 3709 5410">
     <span class='ocr_line' id='line_1_117' title="bbox 2130 5333 3709 5410; baseline -0.014 -7"><span class='ocrx_word' id='word_1_886' title='bbox 2130 5348 2404 5403; x_wconf 89' lang='lat' dir='ltr'><strong>hominum</strong></span> <span class='ocrx_word' id='word_1_887' title='bbox 2430 5343 2567 5398; x_wconf 87' lang='lat' dir='ltr'><strong>ﬁlias</strong></span> <span class='ocrx_word' id='word_1_888' title='bbox 2596 5342 2793 5410; x_wconf 90' lang='lat' dir='ltr'><strong>iniquis</strong></span> <span class='ocrx_word' id='word_1_889' title='bbox 2835 5336 3003 5392; x_wconf 89' lang='lat' dir='ltr'><strong>oculis</strong></span> <span class='ocrx_word' id='word_1_890' title='bbox 3028 5333 3379 5402; x_wconf 79' lang='lat' dir='ltr'><strong>aspexissent,</strong></span> <span class='ocrx_word' id='word_1_891' title='bbox 3423 5347 3709 5403; x_wconf 90' lang='lat' dir='ltr'><strong>numquam</strong></span> 
     </span>
    </p>
   </div>
   <div class='ocr_carea' id='block_1_118' title="bbox 2132 5422 3710 5505">
    <p class='ocr_par' dir='ltr' id='par_1_118' title="bbox 2132 5422 3710 5505">
     <span class='ocr_line' id='line_1_118' title="bbox 2132 5422 3710 5505; baseline -0.012 -12"><span class='ocrx_word' id='word_1_892' title='bbox 2132 5438 2249 5494; x_wconf 80' lang='lat' dir='ltr'><strong>Iuec</strong></span> <span class='ocrx_word' id='word_1_893' title='bbox 2275 5451 2371 5491; x_wconf 89' lang='lat' dir='ltr'><strong>eos</strong></span> <span class='ocrx_word' id='word_1_894' title='bbox 2397 5432 2661 5505; x_wconf 81' lang='lat' dir='ltr'><strong>pernicies</strong></span> <span class='ocrx_word' id='word_1_895' title='bbox 2690 5427 3061 5498; x_wconf 85' lang='lat' dir='ltr'><strong>oppressisset.</strong></span> <span class='ocrx_word' id='word_1_896' title='bbox 3103 5424 3277 5494; x_wconf 86' lang='lat' dir='ltr'><strong>Atque</strong></span> <span class='ocrx_word' id='word_1_897' title='bbox 3302 5422 3416 5478; x_wconf 72' lang='lat' dir='ltr'><strong>hmc</strong></span> <span class='ocrx_word' id='word_1_898' title='bbox 3446 5423 3609 5478; x_wconf 87' lang='lat' dir='ltr'><strong>nolim</strong></span> <span class='ocrx_word' id='word_1_899' title='bbox 3642 5424 3710 5475; x_wconf 82' lang='lat' dir='ltr'><strong>ita</strong></span> 
     </span>
    </p>
   </div>
   <div class='ocr_carea' id='block_1_119' title="bbox 2130 5514 3709 5598">
    <p class='ocr_par' dir='ltr' id='par_1_119' title="bbox 2130 5514 3709 5598">
     <span class='ocr_line' id='line_1_119' title="bbox 2130 5514 3709 5598; baseline -0.013 -13"><span class='ocrx_word' id='word_1_900' title='bbox 2130 5528 2317 5598; x_wconf 85' lang='lat' dir='ltr'><strong>accipi,</strong></span> <span class='ocrx_word' id='word_1_901' title='bbox 2345 5525 2495 5597; x_wconf 86' lang='lat' dir='ltr'><strong>quasi</strong></span> <span class='ocrx_word' id='word_1_902' title='bbox 2539 5538 2725 5580; x_wconf 90' lang='lat' dir='ltr'><strong>eorum</strong></span> <span class='ocrx_word' id='word_1_903' title='bbox 2751 5518 2955 5574; x_wconf 83' lang='lat' dir='ltr'><strong>cladem</strong></span> <span class='ocrx_word' id='word_1_904' title='bbox 2992 5516 3045 5570; x_wconf 89' lang='lat' dir='ltr'><strong>in</strong></span> <span class='ocrx_word' id='word_1_905' title='bbox 3075 5516 3473 5570; x_wconf 89' lang='lat' dir='ltr'><strong>matrimonium</strong></span> <span class='ocrx_word' id='word_1_906' title='bbox 3500 5514 3709 5569; x_wconf 81' lang='lat' dir='ltr'><strong>confer-</strong></span> 
     </span>
    </p>
   </div>
   <div class='ocr_carea' id='block_1_120' title="bbox 2130 5609 3707 5687">
    <p class='ocr_par' dir='ltr' id='par_1_120' title="bbox 2130 5609 3707 5687">
     <span class='ocr_line' id='line_1_120' title="bbox 2130 5609 3707 5687; baseline -0.012 -9"><span class='ocrx_word' id='word_1_907' title='bbox 2130 5636 2283 5687; x_wconf 87' lang='lat' dir='ltr'><strong>rem;</strong></span> <span class='ocrx_word' id='word_1_908' title='bbox 2313 5634 2419 5687; x_wconf 79' lang='lat' dir='ltr'><strong>non</strong></span> <span class='ocrx_word' id='word_1_909' title='bbox 2463 5616 2605 5673; x_wconf 91' lang='lat' dir='ltr'><strong>enim</strong></span> <span class='ocrx_word' id='word_1_910' title='bbox 2648 5613 2699 5668; x_wconf 91' lang='lat' dir='ltr'><strong>id</strong></span> <span class='ocrx_word' id='word_1_911' title='bbox 2746 5625 2885 5666; x_wconf 91' lang='lat' dir='ltr'><strong>nunc</strong></span> <span class='ocrx_word' id='word_1_912' title='bbox 2930 5609 3072 5677; x_wconf 88' lang='lat' dir='ltr'><strong>dico,</strong></span> <span class='ocrx_word' id='word_1_913' title='bbox 3119 5609 3214 5664; x_wconf 86' lang='lat' dir='ltr'><strong>sed</strong></span> <span class='ocrx_word' id='word_1_914' title='bbox 3259 5624 3425 5681; x_wconf 86' lang='lat' dir='ltr'><strong>genus</strong></span> <span class='ocrx_word' id='word_1_915' title='bbox 3470 5617 3707 5663; x_wconf 81' lang='lat' dir='ltr'><strong>nostrum</strong></span> 
     </span>
    </p>
   </div>
  </div>
