4016 6154
251 272 356 327 5i?
417 283 424 291 ’

255 392 520 459 perimere
547 401 610 442 ac
633 386 834 449 delere,
865 385 915 439 id
946 398 1073 439 vero
1106 397 1210 436 non
1239 393 1358 435 esse
1386 373 1723 447 virginitatis,
1742 371 1836 425 sed

255 480 475 551 peccati.
1546 466 1552 471 ⁸

326 569 485 624 XIX.
527 568 854 623 Matrimonia
909 565 1031 621 olim
1075 563 1202 616 duas
1250 562 1406 633 fuisse
1448 572 1652 619 causas,
1703 568 1839 606 nunc

255 677 410 714 uitam
433 674 556 715 esse.
582 688 653 700 ——
673 658 852 729 Itaque
871 673 991 711 cum
1020 656 1241 710 liberum
1259 649 1663 722 qmerettdorttttt
1679 658 1839 699 causa

258 750 524 822 peoditum
554 749 950 805 matrimonium
978 756 1080 812 est,
1115 755 1224 799 tum
1256 742 1424 796 multo
1466 738 1632 808 magis
1654 735 1719 790 ad
1748 748 1841 788 na-

258 853 392 898 tura:
418 841 663 896 ardorem
691 838 1142 910 restinguendum.
1185 837 1360 901 Atque
1384 832 1436 886 id
1463 831 1654 885 Paulus
1680 836 1841 881 testa-

260 944 365 996 tur,
395 930 581 986 dicens
607 948 622 986 :
652 931 760 985 Sed
787 939 988 998 promer
1029 924 1409 996 fornicationem
1449 934 1594 974 suam
1634 916 1843 987 quisque

254 1037 464 1076 uxorem
486 1022 663 1075 habeat
678 1037 697 1075 :
714 1036 818 1075 non
842 1028 1056 1089 propter
1078 1017 1363 1071 liberorum
1388 1009 1838 1081 procreationem;
1864 1056 1881 1065 ,

256 1128 587 1182 rursumque
605 1112 889 1167 convenire
909 1110 1079 1178 jubet,
1102 1122 1205 1161 non
1232 1116 1289 1159 ut
1303 1103 1587 1158 multorum
1610 1100 1838 1153 ﬁliorum

274 1213 525 1271 parentes
563 1202 730 1261 (iam:
782 1202 876 1256 sed
902 1200 1036 1254 cur?
1084 1197 1167 1251 Ne
1194 1213 1280 1250 eos
1301 1204 1470 1257 tentet,
1501 1192 1688 1262 inquit,
1706 1200 1843 1244 sata-

265 1312 361 1350 nnc
382 1316 402 1360 ,-
426 1310 490 1349 ac
530 1308 841 1364 progressus
870 1309 975 1347 non
998 1291 1164 1357 dixit,
1207 1289 1261 1344 Si
1284 1295 1465 1356 optant
1493 1285 1721 1347 liberos,
1747 1279 1841 1335 sed

260 1387 431 1458 quid?
469 1388 569 1454 Qui
594 1404 647 1442 se
674 1404 776 1440 non
812 1387 1088 1449 continent,
1119 1379 1495 1437 matrimonium
1518 1377 1840 1432 contrahant.

260 1482 343 1549 (I.
389 1482 506 1533 Cor.
549 1481 602 1533 7.
635 1478 690 1534 2.
731 1479 784 1533 5.
812 1477 891 1547 9).
944 1476 1209 1547 Principio
1252 1473 1418 1538 enim,
1460 1480 1519 1525 ut
1563 1469 1839 1531 dicebam,

260 1573 529 1642 duplicem
559 1573 695 1627 hanc
722 1572 1057 1629 occasionem
1087 1567 1335 1629 habebat,
1365 1565 1459 1620 sed
1484 1561 1679 1618 deinde
1705 1570 1844 1615 terra

262 1680 326 1720 ac
352 1665 508 1730 mari,
554 1674 715 1735 atque
758 1666 890 1720 orbe
938 1662 1082 1718 omni
1129 1660 1355 1730 repleto,
1396 1670 1533 1711 unus
1572 1655 1846 1709 dumtaxat

265 1765 555 1824 prattextus
583 1765 666 1811 est
692 1756 946 1826 reliquus,
980 1754 1227 1823 nequitis:
1252 1761 1308 1806 et
1333 1748 1563 1803 libidinis
1604 1744 1842 1801 abolitio.

260 1845 396 1910 Nam
425 1862 520 1902 eos
554 1847 643 1917 qui
671 1848 962 1901 etiamnum
1007 1859 1066 1899 se
1093 1845 1144 1899 in
1186 1842 1269 1897 his
1297 1841 1436 1896 vitiis
1464 1848 1615 1895 erant
1644 1838 1846 1891 voluta-

266 1938 390 2001 turi,
417 1947 472 1992 et
512 1952 794 2007 porcorum
825 1938 985 1990 vitam
1029 1950 1187 2005 agere
1222 1944 1381 2001 atque
1409 1934 1462 1988 itt
1505 1931 1846 2000 lupanaribus

264 2032 440 2099 perire
467 2031 703 2099 cupiunt,
750 2045 857 2083 non
898 2029 1174 2083 minintum
1214 2026 1364 2095 juvat
1408 2023 1803 2081 matrimonium
1827 2060 1842 2085 ,

264 2123 404 2194 quod
432 2123 750 2178 necessitate
776 2137 840 2177 ea
867 2132 1027 2191 atque
1070 2119 1306 2174 lmditate
1335 2117 1588 2172 liberatos
1633 2125 1848 2168 sanctos

263 2224 547 2283 castosque
599 2223 827 2268 tueatur.
877 2214 947 2267 At
992 2212 1135 2265 enim
1185 2210 1306 2279 quis
1353 2206 1646 2261 umbratilis
1691 2205 1849 2273 hujus

266 2321 458 2375 pugna:
490 2305 694 2358 futurus
731 2303 919 2357 modus
943 2303 1066 2357 est?
1095 2301 1162 2355 Et
1188 2314 1283 2353 vos
1310 2299 1451 2352 enim
1481 2296 1570 2365 qui
1595 2295 1711 2349 bwe
1735 2292 1851 2348 dis-

266 2395 446 2456 seritis
471 2409 577 2448 non
604 2394 779 2448 minus
803 2408 961 2462 quam
992 2405 1090 2446 nos
1130 2388 1444 2460 virginitatis
1480 2385 1851 2443 excellentiam

271 2483 487 2548 tenetis,
517 2482 822 2551 omniaque,
855 2498 973 2552 quae
1000 2496 1032 2535 a
1061 2481 1211 2535 vobis
1248 2479 1515 2544 dicuntur,
1550 2484 1853 2532 commenta

268 2590 334 2630 ac
362 2583 649 2644 praetextas
677 2583 802 2628 sunt
825 2585 881 2630 et
910 2573 1145 2629 libidinis
1173 2580 1498 2644 tegumenta.

342 2666 462 2722 XX.
511 2666 726 2721 Etiamsi
754 2666 952 2720 nullum
973 2663 1254 2735 periculum
1279 2673 1406 2719 esset
1443 2664 1505 2717 iis
1539 2662 1626 2734 qui
1648 2660 1857 2731 uirgini-

270 2767 422 2811 tatem
448 2757 750 2826 despiciant,
781 2767 947 2810 tamen
994 2773 1057 2810 ne
1100 2755 1175 2810 sic
1197 2755 1397 2825 quidem
1425 2756 1587 2808 ttitum
1613 2768 1718 2807 esse
1742 2767 1856 2805 eam

272 2850 543 2920 despicere.
578 2880 648 2890 —
680 2850 872 2905 Verum
920 2859 977 2903 ut
1022 2848 1137 2905 haec
1183 2850 1397 2918 impune
1439 2848 1616 2903 dicere
1661 2846 1856 2913 liceat,

274 2950 452 2996 tamen
480 2940 562 2995 vel
594 2940 692 2995 hac
730 2939 932 2995 ratione
956 2954 986 2993 a
1010 2940 1274 2995 calumnia
1321 2947 1670 3010 temperatum
1699 2951 1861 3007 opor-

276 3032 396 3086 tuit.
442 3031 573 3086 Nam
622 3034 711 3102 qui
754 3031 823 3086 de
876 3032 1039 3087 rebus
1096 3030 1365 3100 praeclaris
1410 3044 1565 3086 secus
1619 3030 1855 3095 sentiat,

275 3131 475 3193 praeter
508 3122 610 3177 alia
639 3122 830 3178 damna
875 3139 979 3177 non
1025 3123 1144 3178 leve
1170 3123 1329 3178 etiam
1358 3122 1496 3192 apud
1541 3137 1727 3177 omnes
1754 3122 1857 3176 im-

278 3211 557 3283 probitatis
584 3228 692 3268 suae
721 3214 1102 3280 testimonium,
1134 3228 1327 3282 nempe
1350 3212 1486 3268 adeo
1512 3212 1856 3282 depravatum

274 3312 330 3358 et
357 3303 592 3374 iniquum
632 3303 889 3373 judicium
929 3302 1153 3374 profert.
1202 3303 1380 3373 Itaque
1403 3303 1449 3358 si
1493 3304 1637 3357 nulla
1664 3302 1765 3357 alia
1791 3302 1861 3358 de

276 3409 460 3461 causa,
491 3404 545 3448 at
563 3409 631 3449 ne
658 3403 763 3449 tam
786 3403 978 3450 tetram
1003 3385 1309 3463 opinionem
1336 3393 1402 3448 de
1422 3407 1481 3448 se
1506 3394 1857 3461 concitarent,

278 3485 511 3554 linguam
553 3486 827 3540 continere
871 3485 1114 3552 decebat,
1143 3485 1456 3554 cogitantes.
1501 3485 1592 3554 qui
1636 3484 1861 3541 summis

277 3574 658 3629 certaminibus
704 3576 938 3630 illustres
979 3575 1177 3640 laudet,
1205 3590 1329 3631 eum
1374 3574 1497 3630 licet
1541 3576 1725 3631 eadem
1753 3591 1859 3631 non

278 3666 523 3737 attingat,
565 3665 720 3721 facile
762 3667 829 3721 ab
857 3667 1107 3721 omnibus
1130 3670 1337 3723 veniam
1365 3669 1616 3737 consequi
1651 3686 1664 3723 :
1690 3679 1748 3723 at
1771 3669 1860 3738 qui

280 3772 381 3813 nec
420 3773 484 3812 ca
528 3766 794 3822 exerceat,
842 3766 897 3812 et
939 3758 1119 3812 multis
1157 3759 1369 3814 coronis
1395 3759 1551 3828 digna
1577 3760 1734 3813 etiam
1764 3760 1861 3814 da-

279 3859 449 3915 ntnet,
498 3850 686 3904 merito
715 3865 834 3904 eum
866 3865 1056 3905 omnes
1083 3850 1290 3906 oderint
1315 3867 1413 3907 ceu
1452 3851 1656 3907 hostem
1702 3850 1863 3923 atque

283 3941 553 3997 inimicum
584 3941 810 4007 virtutis,
838 3950 891 3997 et
931 3943 1128 3997 insanis
1166 3944 1515 3999 miseriorem.
1548 3943 1612 3998 Ili
1638 3944 1782 3999 enim
1810 3952 1865 3999 et

281 4048 400 4103 qua:
430 4033 764 4088 committunt
793 4034 1058 4096 nesciunt,
1106 4050 1206 4090 nec
1246 4050 1364 4105 qua:
1413 4034 1682 4104 patiuntur
1727 4035 1864 4089 ultro

282 4127 585 4189 sustinent;
620 4126 845 4197 ideoque
877 4127 1005 4181 lteso
1026 4129 1333 4198 magistratu
1360 4143 1465 4181 non
1494 4127 1654 4181 modo
1682 4142 1867 4196 pinnas

285 4218 506 4272 ntininte
551 4218 698 4284 dant,
742 4216 837 4275 sed
885 4233 979 4273 eos
1024 4218 1123 4288 ipsi
1169 4218 1329 4273 etiam
1373 4217 1482 4273 laesi
1526 4217 1864 4271 miserantur.

283 4307 435 4375 Quod
464 4309 508 4365 si
536 4310 653 4378 quis
679 4320 855 4364 autem
887 4309 1119 4379 prudens
1141 4323 1203 4364 ea
1222 4308 1482 4379 designet,
1509 4324 1630 4379 quze
1659 4307 1736 4362 illi
1766 4308 1867 4361 im-

285 4393 577 4469 prudentes
607 4399 821 4477 facitqtt,
844 4401 967 4469 jure
993 4402 1230 4455 omnium
1273 4400 1551 4456 sententiis
1580 4408 1639 4454 ut
1665 4408 1868 4455 natura:

285 4501 482 4546 nostra:
522 4492 806 4560 perduellis
832 4491 1132 4546 damnetur.

358 4582 497 4637 XXI.
531 4581 722 4652 Ingens
747 4583 1024 4652 periculum
1047 4599 1153 4637 esse
1177 4583 1238 4638 iis
1260 4582 1346 4652 qui
1360 4582 1691 4652 uirginitatem
1706 4582 1872 4649 despi-

285 4678 440 4728 ciant.
470 4704 539 4714 ——
562 4676 735 4740 Quare
764 4685 817 4727 ut
843 4674 1084 4729 dicebam
1101 4715 1117 4740 ,
1144 4675 1243 4729 etsi
1274 4675 1541 4729 accusatio
1568 4688 1632 4729 ea
1659 4674 1872 4743 impune

288 4777 453 4832 esset,
486 4776 661 4820 tamen
687 4766 757 4820 ob
784 4782 845 4822 ea
872 4784 990 4837 qua:
1006 4767 1115 4836 jam
1143 4767 1252 4822 dixi
1279 4766 1546 4822 abstinere
1572 4766 1868 4837 oportebat.

287 4860 438 4914 Nune
470 4859 604 4915 inest
633 4844 781 4914 ineo
827 4860 1014 4931 ingens
1045 4860 1335 4929 periculum
1365 4878 1378 4912 :
1410 4875 1581 4930 neque
1611 4860 1752 4914 enim
1780 4862 1870 4931 qui

287 4955 482 5009 sedens
525 4961 709 5009 contra
757 4968 912 5007 suum
961 4940 1176 5007 fratrem
1224 4952 1476 5021 loquitur,
1525 4963 1579 5008 et
1620 4953 1873 5008 adversus

289 5046 452 5097 lilium
498 5044 681 5100 matris
722 5058 833 5098 sure
874 5044 1181 5099 scandalum
1226 5045 1374 5115 ponit
1423 5044 1589 5116 (Psal.
1619 5046 1708 5102 49.
1739 5046 1829 5118 ‘20)
1854 5088 1869 5112 ,

287 5151 312 5186 s
338 5136 457 5188 dum
490 5134 754 5202 punietur,
783 5134 875 5189 sed
908 5136 1071 5190 etiam
1113 5136 1201 5205 qui
1232 5152 1348 5206 qua:
1384 5137 1490 5190 Deo
1516 5139 1766 5205 praeclara
1797 5139 1872 5193 vi-

287 5227 513 5281 dcantur
541 5228 757 5297 culpare
785 5229 1010 5282 insistat.
1041 5227 1158 5284 Jatn
1199 5230 1379 5299 accipe
1407 5228 1532 5303 quid
1561 5229 1702 5284 aliud
1747 5245 1871 5297 pro-

290 5316 447 5386 pheta
494 5319 545 5372 in
592 5320 835 5374 eamdem
886 5322 1202 5374 sententiam
1246 5319 1519 5375 disserat:
1561 5317 1648 5375 Vae
1675 5320 1752 5374 illi
1787 5321 1874 5392 qui

287 5414 476 5468 malum
514 5411 718 5478 bonum,
751 5424 797 5467 et
837 5413 1022 5467 bonum
1065 5413 1256 5467 malum
1301 5416 1456 5475 dicit;
1485 5416 1570 5486 qui
1617 5418 1776 5470 lucem
1818 5418 1872 5470 in

287 5506 530 5570 tenebras,
561 5516 607 5560 et
635 5507 860 5560 tenebras
882 5506 934 5559 in
960 5507 1121 5559 lucem
1148 5508 1387 5561 convertit
1410 5523 1429 5571 ,'
1455 5509 1539 5575 qui
1565 5524 1792 5561 amarum
1820 5509 1872 5562 in

284 5597 452 5658 dulce,
475 5607 522 5651 et
551 5598 600 5652 in
621 5614 851 5651 amarum
872 5598 1016 5651 dulce
1034 5608 1194 5651 mutat
1215 5598 1365 5669 (Issi.
1385 5600 1439 5655 5.
1454 5599 1570 5667 20).
1592 5599 1722 5654 Nam
1744 5600 1870 5671 quid

289 5690 585 5761 virginitate
628 5689 851 5757 dulcius,
899 5689 1022 5759 quid
1051 5691 1267 5764 melius
1302 5692 1427 5762 quid
1454 5678 1726 5758 illustrius,
1753 5709 1871 5762 qua:

925 268 983 323 s.
1023 263 1301 322 JOANNIS
1337 244 1812 335 cna‘vsosrotn

1961 252 2170 311 CHIEP.
2211 254 2744 316 CONSTANTINOP.

3422 273 3524 331 553

1944 368 2176 439 fulgores
2206 373 2334 442 ipsis
2362 378 2521 431 etiam
2551 380 2677 434 solis
2722 380 2880 437 radiis
2920 384 3294 440 luculentiores
3322 391 3526 447 euitat

1945 477 2146 532 nosque
2174 467 2241 519 ab
2269 468 2514 523 ontnibus
2563 472 2743 525 saeculi
2779 474 2934 542 hujus
2977 476 3202 545 negotiis
3248 477 3527 547 abjtmctos

1944 553 1995 607 in
2045 553 2264 622 justitia:
2308 557 2475 613 solem
2525 559 2672 628 puris
2718 565 2886 618 oculis
2941 568 3154 623 assidue
3206 581 3525 626 contuentes

1946 646 2199 714 praestet?
2228 649 2400 718 Atque
2448 650 2560 705 hzec
2601 653 2813 723 quidem
2859 653 3021 711 Isaias
3064 659 3133 714 de
3170 656 3234 715 iis
3271 662 3360 731 qtti
3391 662 3527 718 inter

1944 750 2037 790 eos
2062 735 2258 805 judicia
2305 739 2563 797 haberent
2585 755 2834 815 corrupta
2850 733 3217 817 vociferatur;
3250 754 3372 808 audi
3402 770 3528 810 vero

1944 829 2069 898 quid
2112 831 2249 890 alius
2287 833 2447 887 etiam
2476 835 2730 905 propheta
2768 838 2835 893 de
2873 839 2938 894 iis
2980 842 3069 911 qui
3115 856 3207 897 eas
3252 844 3529 913 pestiferas

1944 932 2103 974 voces
2132 920 2184 974 in
2230 922 2416 993 vulgus
2461 935 2712 996 spargant
2738 927 2899 995 dicat,
2947 932 3014 986 ab
3058 932 3246 987 eodem
3274 935 3530 991 adverbio

1946 1008 2126 1063 itidem
2165 1025 2385 1067 exorsus
2417 1031 2431 1065 :
2470 1012 2561 1068 γω
2595 1016 2662 1083 ei,
2688 1018 2775 1082 qui
2818 1021 3050 1085 proximo
3086 1038 3178 1076 suo
3226 1034 3399 1094 potum
3441 1026 3529 1080 dat

1943 1100 2312 1154 subversionem
2354 1102 2603 1158 turbidam
2648 1105 2813 1166 lHab.
2857 1107 2912 1164 2.
2945 1111 3058 1185 15).
3094 1112 3188 1167 Est
3229 1125 3407 1168 autem
3454 1131 3530 1170 ea:

1943 1189 2165 1244 verbum
2213 1207 2317 1247 non
2345 1197 2589 1264 simplex,
2618 1197 2713 1253 sed
2757 1215 2865 1269 quo
2909 1201 3148 1271 ingentes
3191 1206 3531 1263 continentur

1924 1279 2122 1355 minas,
2154 1291 2211 1335 ut
2240 1282 2620 1342 immisericors
2645 1291 2960 1359 supplicium
2986 1296 3365 1366 promulgetur.
3397 1297 3529 1354 Nam

1945 1370 1998 1462 in
2027 1373 2193 1428 sacris
2223 1374 2391 1430 literis
2417 1377 2724 1435 adverbium
2755 1383 2855 1437 hoc
2897 1382 2947 1436 in
2975 1399 3070 1440 eos
3096 1400 3398 1459 usurpatur,
3439 1391 3530 1462 qui

1946 1461 2287 1520 imminentes
2339 1481 2526 1535 [:(Bttas
2576 1471 2801 1540 amplius
2856 1472 3089 1544 effugere
3135 1492 3240 1532 non
3286 1461 3526 1548 possunt.

1947 1551 2176 1609 Rursum
2197 1556 2332 1611 alius
2353 1560 2607 1629 propheta
2634 1560 2847 1619 Judteos
2870 1576 3081 1632 notans,
3111 1565 3314 1636 Vinum,
3341 1571 3530 1642 inquit,

1946 1649 2275 1717 sanctiﬁcatis
2321 1652 2678 1721 pronittavistis
2724 1656 2903 1723 (Amos
2930 1658 2984 1712 2.
3017 1659 3126 1731 12).
3156 1660 3307 1729 Quod
3349 1664 3396 1719 si
3441 1665 3532 1733 qui

1947 1738 2213 1795 Nazarteis
2263 1743 2442 1797 vinum
2494 1747 2773 1815 propinet,
2829 1749 2963 1806 adeo
3014 1753 3353 1810 mulctabitur
3380 1772 3394 1809 :
3426 1772 3533 1827 quo

1948 1844 2054 1885 non
2093 1832 2353 1901 supplicio
2393 1834 2584 1905 dignus
2610 1839 2729 1901 erit,
2757 1840 2844 1909 qui
2872 1840 2922 1895 in
2964 1842 3281 1912 simplicium
3327 1854 3532 1903 mentes

1948 1922 2350 1979 subversionem
2374 1927 2635 1984 turbidam
2657 1930 2931 1987 effundat?
2950 1933 3005 1988 Si
3026 1935 3114 2005 qui
3136 1936 3377 2006 exiguam
3392 1939 3530 2008 ejus,

1946 2032 2064 2087 qua:
2111 2019 2404 2074 secundum
2462 2022 2632 2093 legem
2683 2033 2827 2094 erat,
2877 2029 3273 2084 exercitationis
3328 2042 3534 2101 partem

1949 2107 2205 2174 succidat,
2262 2111 2617 2170 inexorabiles
2672 2131 2859 2185 ptenas
2908 2118 3172 2185 sustinet;
3204 2122 3291 2190 qui
3337 2123 3534 2177 sancti-

1954 2199 2186 2253 moniam
2222 2199 2358 2255 hanc
2385 2215 2599 2258 omnem
2638 2207 2920 2271 convellat,
2965 2209 3157 2278 quibus
3185 2211 3356 2266 modis
3397 2213 3537 2268 acci-

1968 2283 2187 2351 pietur?
2219 2286 2404 2353 (Amos
2438 2288 2627 2360 2.15.)
2665 2293 2727 2348 Si
2764 2298 2880 2364 quis
2925 2299 3394 2371 scandalizaverit,
3435 2306 3533 2369 ait,

1964 2388 2129 2427 unum
2151 2391 2216 2430 ea:
2241 2378 2322 2431 his
2351 2381 2589 2449 pusillis,
2617 2386 2824 2454 expedit
2849 2387 2898 2440 ei
2924 2397 2982 2441 ut
3006 2392 3364 2460 suspendatur
3393 2395 3536 2449 mola

1964 2466 2209 2520 asinaria
2235 2470 2381 2523 circa
2411 2469 2606 2525 collum
2653 2473 2789 2543 ejus,
2822 2485 2872 2527 et
2912 2477 3246 2549 demergatur
3288 2482 3345 2535 in
3388 2500 3536 2537 mare

1965 2554 2183 2627 (Matth.
2209 2559 2297 2615 l8.
2330 2560 2406 2630 6).
2430 2560 2572 2627 Quid
2597 2564 2764 2634 igitur
2780 2566 2986 2632 dicent,
3009 2571 3102 2638 qui
3121 2571 3205 2626 bis
3223 2572 3401 2628 verbis
3424 2588 3533 2628 non

1966 2665 2137 2704 unum
2168 2651 2406 2721 aliquem
2437 2655 2744 2720 minimum.
2768 2660 2863 2714 sed
2887 2661 3088 2717 multos
3116 2664 3537 2717 scaudalizant?

1961 2741 2098 2797 Cum
2114 2743 2261 2797 enim
2286 2745 2332 2799 is
2356 2746 2449 2814 qui
2474 2746 2693 2803 fratrem
2710 2749 2918 2817 fatuum
2933 2761 3085 2806 vocet
3104 2751 3183 2823 (Μ
3191 2752 3324 2807 atth.
3349 2753 3401 2809 5.
3414 2752 3530 2825 22),

1968 2843 2121 2888 recta
2136 2834 2203 2889 ad
2229 2837 2490 2906 gehennae
2511 2840 2690 2910 ignem
2710 2841 3066 2899 abducendus
3083 2845 3157 2900 sit
3172 2863 3184 2900 :
3205 2845 3300 2914 qui
3319 2845 3530 2915 angelis

1962 2927 2175 2995 arquale
2200 2927 2305 2982 hoc
2330 2931 2644 2989 institutum
2680 2945 2921 2998 accuset,
2953 2945 3213 3005 quantam
3239 2953 3341 2990 suo
3360 2938 3529 3009 capiti

1965 3025 2104 3079 iram
2152 3024 2482 3080 contrahet?
2528 3023 2732 3081 Derisit
2768 3025 3064 3098 aliquando
3111 3026 3313 3083 Μυκη]
3364 3027 3538 3084 laris

1963 3115 2158 3187 (Num.
2188 3116 2276 3170 12.
2312 3117 2390 3186 l),
2408 3131 2517 3171 non
2550 3124 2610 3171 ut
2633 3133 2732 3173 vos
2755 3133 2907 3173 nunc
2932 3117 3323 3189 virginitatem,
3346 3121 3441 3175 sed
3462 3120 3541 3175 Ie-'

1962 3208 2085 3263 vius
2104 3208 2276 3262 multo
2294 3223 2360 3263 ac
2374 3209 2732 3272 moderatius;
2752 3211 2956 3281 quippe
2972 3226 3094 3279 qua:
3111 3224 3212 3266 nec
3227 3210 3540 3265 detraheret

1960 3299 2193 3364 homini,
2223 3308 2271 3355 et
2301 3296 2447 3355 beati
2477 3302 2735 3355 virtutem
2752 3316 2860 3356 non
2885 3294 3060 3357 solum
3083 3317 3194 3356 non
3212 3303 3537 3371 exagitaret,

1960 3394 2054 3449 sed
2089 3393 2249 3448 valde
2284 3394 2448 3448 etiam
2478 3394 2815 3462 suspiceret;
2859 3395 2993 3449 illud
3032 3404 3242 3450 tantum
3294 3395 3533 3454 dicebat,

1960 3485 2156 3539 iisdem
2182 3499 2263 3548 se,
2302 3485 2506 3554 quibus
2541 3485 2716 3549 illum,
2749 3486 3070 3555 praulitam;
3098 3495 3154 3541 et
3186 3495 3365 3540 tamen
3398 3484 3537 3538 adeo

1962 3577 2053 3632 Dei
2085 3578 2221 3631 iram
2256 3577 2312 3630 in
2337 3592 2396 3632 se
2424 3577 2650 3639 excivit,
2686 3586 2743 3630 ut
2772 3594 2953 3648 neque
2972 3593 3060 3643 eo,
3089 3579 3182 3648 qui
3209 3580 3370 3633 laesus
3388 3577 3539 3630 vide-

1960 3677 2130 3733 retur,
2180 3670 2409 3723 ntultum
2440 3668 2776 3737 deprecante
2811 3670 3106 3739 quicquam
3147 3671 3533 3739 proﬁceretur,

1956 3766 2013 3812 et
2035 3757 2244 3811 diutius
2276 3772 2439 3826 quam
2464 3758 2699 3811 velletei
2722 3773 2881 3826 poena
2910 3769 3319 3828 prorogaretur.

2035 3846 2204 3902 XXII.
2235 3846 2430 3902 Pueros
2449 3849 2565 3903 illos
2588 3850 2761 3905 ιζιὶεωί
2783 3861 3071 3922 tempestate
3093 3854 3284 3908 utiliter
3319 3857 3542 3923 periisse.

1963 3970 2035 3981 —
2054 3940 2122 3994 Et
2140 3941 2267 4012 quid
2293 3941 2511 4009 Mariam
2540 3944 2660 3999 dico
2679 3985 2693 4009 ,
2719 3960 2837 4000 cunt
2866 3947 3014 4015 pueri
3043 3947 3113 4001 illi
3139 3947 3206 4001 ad
3231 3947 3541 4002 Betltlebent

1966 4033 2228 4100 ludentes,
2270 4035 2359 4104 qtti
2398 4036 2450 4089 id
2494 4036 2686 4092 Elisa-o
2729 4046 2932 4092 tantum
2971 4038 3250 4105 dixissent,
3298 4040 3543 4103 Ascende,

1968 4121 2116 4176 calve
2137 4120 2211 4190 (4.
2242 4120 2365 4192 Reg.
2390 4122 2445 4183 ‘2,
2463 4122 2576 4191 25);
2603 4121 2769 4176 Deum
2799 4132 3082 4193 tantopere
3106 4125 3462 4185 irritaverint,
3481 4133 3540 4176 ut

1972 4212 2159 4268 statim
2178 4227 2341 4269 ursos
2362 4214 2416 4267 in
2433 4228 2623 4267 eorum
2650 4214 3053 4268 multitudinem
3072 4220 3251 4289 (erant
3272 4215 3415 4268 enim
3432 4216 3541 4268 duo

1974 4310 2034 4359 et
2045 4303 2753 4374 quadragintah‘mmitteret
2768 4306 2882 4375 ,qtti
2903 4307 2970 4359 ab
2992 4307 3060 4361 iis
3074 4306 3139 4359 ad
3155 4322 3321 4360 unum
3349 4321 3541 4361 omnes

1972 4413 2095 4455 sont
2134 4402 2407 4472 discerpti,
2439 4416 2613 4471 neque
2657 4403 2747 4455 aut
2785 4411 2935 4470 :etas,
2980 4411 3072 4456 aut
3113 4402 3416 4468 multitudo,
3462 4411 3562 4478 aut.

1969 4494 2091 4562 joco
2114 4492 2330 4559 dixisse,
2363 4494 2596 4561 puerulis
2624 4493 2859 4563 profuit?
2884 4503 2938 4549 et
2955 4494 3074 4563 jure
3100 4495 3312 4565 quidem
3338 4495 3550 4548 merito.

1975 4584 2029 4639 Si
2071 4584 2213 4638 enim
2256 4584 2345 4654 qui
2383 4593 2558 4639 tantos
2604 4585 2816 4641 labores
2852 4588 3148 4655 suscipiunt
3190 4597 3243 4641 et
3288 4586 3463 4655 pueris
3500 4596 3554 4640 et

1974 4678 2101 4733 viris
2132 4677 2356 4731 ludibrio
2384 4678 2508 4740 sint,
2528 4679 2708 4749 ecquis
2730 4680 3130 4734 imbecilliorem
3154 4680 3363 4734 labores
3382 4681 3554 4734 susci-

1976 4780 2102 4837 pere
2127 4767 2180 4821 in
2204 4768 2438 4822 animum
2469 4768 2701 4833 inducet,
2728 4783 2848 4822 eum
2878 4770 2991 4823 risu
3019 4780 3179 4839 atque
3216 4770 3396 4824 sannis
3430 4780 3559 4823 cou-

1971 4858 2224 4929 junctos?
2244 4860 2362 4930 quis
2399 4874 2431 4915 e
2456 4861 2613 4929 vulgo
2634 4860 2883 4914 virtutem
2912 4861 3070 4923 colet,
3103 4876 3221 4915 eam
3261 4860 3396 4916 adeo
3424 4862 3556 4916 ridi-

1976 4953 2151 5006 culam
2188 4951 2453 5007 cernens?
2479 4951 2611 5006 Nam
2642 4952 2686 5005 si
2717 4965 2879 5013 nunc,
2910 4951 3159 5006 omnibus
3203 4951 3399 5022 ubique
3439 4967 3557 5006 eam

1976 5044 2381 5109 admirantibus,
2407 5060 2511 5098 non
2546 5044 2715 5097 solum
2761 5045 2877 5111 ejus
2920 5043 3230 5109 cultoribus,
3261 5043 3355 5099 sed
3397 5044 3556 5099 etiam

1978 5138 2044 5191 iis
2067 5137 2156 5206 qtti
2177 5151 2239 5190 ea
2265 5137 2597 5201 exciderunt,
2624 5136 2867 5191 homines
2897 5136 3055 5204 vulgo
3093 5134 3158 5189 ad
3203 5151 3297 5190 eos
3335 5136 3559 5191 sudores

1978 5240 2177 5299 pavent
2200 5243 2262 5283 ac
2286 5228 2572 5283 formidant
2601 5245 2613 5281 :
2644 5228 2826 5298 ecquis
2848 5226 3001 5282 facile
3043 5244 3160 5282 eam
3186 5229 3362 5294 adeat,
3390 5229 3432 5281 si
3463 5244 3559 5281 ne-

1976 5324 2104 5377 dum
2145 5321 2480 5376 admirationi
2529 5322 2803 5384 habeatur,
2848 5334 2966 5375 cant
2998 5321 3194 5390 passim
3220 5322 3287 5375 ab
3314 5318 3560 5373 omnibus

1976 5414 2177 5483 culpari
2196 5413 2410 5468 videat?
2435 5412 2644 5467 Etenim
2670 5412 2953 5478 ﬁrmiores,
2980 5420 3036 5466 et
3058 5412 3145 5481 qtti
3163 5413 3272 5481 jam
3298 5411 3353 5463 in
3373 5410 3560 5463 etclunt

1977 5510 2411 5578 cmmnigrarunt,
2435 5508 2576 5578 vulgi
2594 5508 2837 5562 solatium
2857 5524 2960 5563 non
2978 5508 3270 5577 requirnnt,
3287 5503 3382 5559 sed
3401 5503 3478 5556 eis
3494 5501 3560 5557 ad

1978 5615 2240 5655 summam
2265 5599 2589 5667 alacritatem
2617 5601 2745 5655 satis
2770 5611 2852 5655 est
2875 5602 2993 5656 laus
3008 5614 3166 5670 quant
3185 5614 3211 5650 a
3237 5597 3345 5650 Deo
3369 5610 3561 5649 conse-

1977 5705 2241 5768 quuntur;
2269 5692 2703 5749 imbecillioribus
2727 5703 2925 5759 autem,
2959 5702 3011 5747 et
3042 5690 3131 5762 qui
3159 5704 3327 5759 nuper
3348 5706 3412 5743 eo
3429 5702 3557 5748 sunt

3990 2976 3997 3055 ἐ

3953 3438 3994 3469 .,

3988 3718 3999 3807 3

3984 4242 3989 4285 ἲ

3988 5050 3997 5151 ἔ
