4016 6154
346 290 442 358 εις)

346 412 548 470 deducti
575 455 591 481 ,
636 428 742 469 non
787 415 919 472 levis
955 430 985 471 e
1023 399 1164 487 vulgi
1226 416 1686 473 commendatione
1737 418 1929 474 virium

346 508 576 561 acoessio
604 506 684 574 fit,
707 508 877 563 donec
903 509 1114 564 tandem
1142 509 1373 580 undique
1401 510 1642 565 instructi
1678 511 1929 581 paulatim

347 597 413 651 ita
438 612 497 652 se
521 610 851 667 comparent,
880 608 936 654 ut
961 615 1021 654 ea
1052 601 1202 670 quasi
1242 601 1653 657 manuductione
1702 616 1806 657 non
1848 602 1931 655 in-

348 686 578 757 di‘geant.
620 687 730 744 Nec
768 704 892 744 vero
935 690 988 744 id
1018 690 1229 744 illorum
1269 699 1471 745 tantum
1499 706 1688 756 causa,
1711 691 1805 747 sed
1836 707 1933 761 pro

242 825 255 836 .
350 781 621 836 irrisorum
674 783 832 837 etiam
877 783 1047 837 salute
1093 784 1146 836 fit
1177 824 1191 848 ,
1237 799 1301 838 ne
1341 785 1431 854 qui
1490 784 1720 854 priorem
1764 784 1933 838 auda—

350 873 482 931 ciam
505 889 608 927 non
637 874 878 940 l‘uissent,
897 875 949 929 in
969 889 1034 930 eo
1051 876 1187 929 ultra
1217 876 1439 930 crimine
1465 875 1931 945 progrederentur.

350 960 451 1020 Sed
478 966 608 1020 mibi
632 966 761 1036 jam,
791 966 917 1021 dum
942 967 1055 1022 haec
1083 983 1343 1035 memoro,
1372 970 1593 1023 veniunt
1619 969 1669 1023 in
1696 977 1928 1023 mentem

343 1075 465 1130 qua:
516 1060 643 1114 Elia:
693 1070 1009 1130 tempestate
1041 1062 1369 1116 acciderunt.
1411 1062 1543 1115 Nam
1592 1060 1732 1131 quod
1779 1061 1929 1131 pueri

346 1152 563 1220 propter
602 1149 854 1204 Elisaeum
897 1151 964 1205 ab
1009 1153 1181 1217 ursis,
1225 1152 1277 1205 id
1332 1161 1548 1221 propter
1590 1151 1704 1218 ejus
1760 1151 1933 1221 magi-

351 1252 515 1297 strum
544 1242 626 1296 bis
655 1243 1035 1313 quinquaginta
1080 1245 1175 1298 viri
1208 1259 1328 1298 cum
1370 1244 1480 1299 suis
1510 1243 1838 1314 principibus
1868 1244 1935 1296 ab

352 1330 468 1401 igne
512 1332 719 1386 caelitus
762 1332 1086 1403 deflagrante
1134 1335 1274 1404 passi
1318 1335 1548 1406 sunt”.
1601 1333 1732 1405 Reg.
1763 1335 1816 1387 I.
1850 1332 1936 1404 9).

351 1421 481 1487 Quia
511 1423 654 1476 enim
682 1431 736 1477 et
776 1412 827 1476 bi
861 1438 954 1491 per
993 1436 1255 1477 summam
1301 1424 1692 1479 simulationem
1735 1423 1938 1493 justum

353 1514 584 1584 aggressi
606 1515 866 1569 vocabant
883 1524 1041 1585 atque
1066 1515 1133 1569 ad
1161 1531 1218 1570 se
1241 1515 1564 1572 descendere
1585 1516 1864 1586 jubebant,
1885 1516 1940 1571 in

354 1605 467 1675 ejus
491 1607 660 1661 vicem
680 1606 1014 1661 descendens
1033 1594 1170 1678 ignis
1187 1618 1372 1663 omnes
1391 1594 1704 1679 absumpsit,
1720 1607 1941 1679 perinde

355 1704 509 1766 atque
538 1697 658 1752 illos
688 1697 835 1751 ferae.
856 1697 1037 1766 Itaque
1070 1699 1182 1752 haec
1202 1699 1495 1769 cogitantes
1512 1714 1697 1754 omnes
1716 1714 1812 1754 vos
1838 1700 1942 1753 vir-

355 1787 587 1858 ginitatis
608 1788 808 1853 hostes,
831 1789 1039 1843 tandem
1057 1788 1273 1858 janham
1295 1798 1453 1859 atque
1474 1800 1653 1845 vectes
1671 1789 1754 1845 ori
1765 1790 1942 1846 admo-

356 1889 496 1946 vetc,
524 1894 591 1935 ne
617 1891 674 1935 et
696 1886 792 1934 vos
817 1868 998 1950 judicii
1027 1891 1286 1952 tempore,
1307 1885 1606 1953 conspectis
1633 1884 1698 1939 iis
1722 1885 1810 1954 qui
1834 1884 1944 1938 illic

358 1971 667 2041 virginitate
712 1971 1098 2041 splendebunt,
1141 1973 1321 2029 dicere
1360 1974 1622 2044 incipiatis
1661 1992 1675 2029 :
1719 1974 1790 2028 Hi
1829 1985 1944 2029 sunt

359 2078 486 2130 quos
524 2063 794 2129 aliquando
830 2065 882 2118 in
917 2065 1135 2120 derisum
1179 2066 1463 2133 habuimus,
1492 2068 1607 2121 etin
1649 2067 1943 2121 similitudi-
2008 2082 2011 2085 '

361 2159 474 2206 nem
498 2152 805 2223 improperii,
824 2170 914 2207 nos
931 2155 1185 2218 insensati,
1204 2156 1290 2224 qui
1309 2171 1481 2209 eorum
1499 2157 1649 2209 vitam
1664 2157 1947 2227 putavimus

360 2243 636 2311 insaniam,
668 2255 713 2298 et
735 2246 919 2299 exitum
942 2262 1115 2300 eorum
1143 2247 1252 2300 sine
1289 2251 1496 2301 honore.
1543 2247 1809 2315 Quomodo
1850 2248 1948 2303 Dei

362 2334 485 2405 ﬁliis
512 2336 850 2403 annumerati,
873 2347 917 2391 et
940 2341 1070 2394 inter
1098 2349 1297 2394 sanctos
1322 2357 1430 2395 sors
1458 2339 1661 2395 illorum
1680 2351 1751 2396 est
1767 2341 1792 2395 ?
1811 2340 1948 2411 Ergo

364 2434 455 2481 nos
476 2444 507 2481 a
536 2429 637 2482 veri
678 2429 758 2482 via
800 2422 1174 2495 deerravimus,
1211 2447 1368 2501 neque
1411 2447 1501 2485 nos
1531 2432 1744 2503 justitia:
1781 2431 1949 2487 lumen

362 2516 627 2572 illustravit
659 2519 825 2590 (Sap.
849 2520 902 2575 5.
933 2519 1025 2593 5).
1049 2522 1120 2575 At
1160 2521 1278 2591 quis
1315 2522 1420 2576 erit
1442 2536 1627 2576 eorum
1662 2524 1947 2579 verborum

362 2606 585 2672 fructus,
625 2621 875 2664 enervata
906 2620 1018 2664 tum
1049 2610 1116 2665 ab
1144 2612 1259 2681 ipso
1287 2618 1529 2682 tempore
1555 2613 1901 2682 paenitentia?

433 2695 620 2753 XXIII.
650 2698 754 2754 Cur
775 2702 859 2771 qui
881 2702 1052 2755 eadem
1078 2702 1409 2767 conuuittunt,
1440 2719 1539 2757 non
1575 2704 1774 2757 easdem
1808 2704 1953 2758 luant

366 2808 558 2861 panos.
588 2822 661 2832 —
687 2790 794 2848 Sed
838 2794 1062 2850 fortasse
1107 2795 1247 2849 dicet
1271 2803 1504 2850 vestrum
1543 2796 1803 2866 quispiam
1839 2814 1850 2848 :
1884 2798 1955 2850 At

366 2896 592 2938 nemone
609 2883 791 2954 postea
822 2883 964 2938 viros
991 2892 1202 2940 sanctos
1226 2885 1480 2940 conviciis
1505 2886 1753 2941 incessit?
1778 2886 1949 2954 Multi,

367 2983 423 3030 et
445 2974 669 3030 diversis
687 2976 737 3030 in
762 2977 1087 3047 regionibus,
1112 2978 1176 3031 Et
1198 2977 1309 3048 qui,
1329 2978 1518 3048 inquit,
1531 2978 1745 3034 easdem
1765 2993 1951 3049 poenas

368 3083 475 3123 non
500 3062 797 3125 dederunt?
828 3070 1098 3125 Dederunt
1123 3085 1251 3125 sane
1270 3113 1284 3138 ,
1317 3078 1372 3126 et
1405 3086 1591 3126 eorum
1621 3071 1818 3127 multos
1851 3073 1954 3127 sci-

368 3173 505 3215 mus.
529 3152 680 3228 Quod
697 3161 740 3214 si
758 3160 845 3230 qui
869 3160 1187 3230 el‘ngerunt,
1206 3171 1259 3215 at
1282 3175 1385 3216 non
1405 3170 1664 3232 perpetuo
1678 3162 1951 3233 effugient.

367 3251 499 3307 Nam
525 3262 583 3307 ut
611 3262 692 3307 est
717 3253 856 3322 apud
902 3252 1115 3307 beatum
1164 3253 1405 3317 Paulum,
1458 3252 1802 3320 Quorumdam
1840 3269 1956 3324 pec-

367 3354 481 3398 cata
506 3343 776 3414 manifesta
804 3354 939 3411 sunt,
962 3343 1296 3414 pratcedentia
1316 3344 1383 3397 ad
1399 3344 1685 3414 judicium;
1707 3343 1953 3413 quosdam

367 3445 535 3491 autem
555 3445 601 3490 et
622 3437 989 3505 subsequuntur
1006 3436 1081 3509 (I.
1113 3435 1244 3490 Tim.
1272 3435 1326 3491 5.
1346 3435 1473 3506 24):
1500 3444 1657 3505 atque
1677 3445 1735 3490 ut
1749 3435 1959 3506 legisla-

368 3535 514 3583 tores
533 3524 836 3582 nocentium
855 3541 1040 3597 ptenas
1064 3527 1232 3582 literis
1249 3526 1586 3596 consignatas
1603 3526 1954 3597 reliquerunt,

372 3621 446 3676 ita
472 3629 528 3678 et
549 3621 803 3676 Dominus
840 3631 1019 3676 noster
1042 3619 1197 3676 Jesus
1235 3618 1481 3674 Christus
1508 3619 1560 3674 in
1592 3635 1753 3674 unum
1800 3629 1959 3690 atque

370 3715 599 3769 alterum
628 3712 981 3769 facinorosum
1007 3712 1456 3779 animadvertens,
1500 3726 1791 3789 eorumque
1829 3728 1960 3782 sup-

370 3805 529 3878 plicia
553 3816 824 3879 tamquam
860 3807 913 3862 in
942 3807 1187 3861 columna
1212 3819 1352 3860 aerea
1378 3814 1536 3875 atque
1562 3805 1732 3860 literis
1762 3819 1961 3876 repra-

372 3909 608 3962 sentans,
624 3914 718 3968 per
738 3914 799 3953 ea
821 3914 938 3969 qua:
965 3898 1069 3952 illis
1089 3897 1399 3954 acciderunt
1421 3910 1609 3953 omnes
1635 3905 1957 3962 commonet,

374 3990 585 4047 etiamsi
611 3990 714 4048 hoc
744 3998 999 4062 tempore,
1037 3991 1127 4061 qui
1164 3992 1350 4047 eadem
1381 3991 1612 4046 audeant
1634 4005 1753 4060 quae
1779 3989 1869 4060 qui
1898 4004 1960 4043 ea

376 4081 624 4148 luerunt,
674 4083 891 4139 easdem
947 4098 1135 4153 poenas
1182 4100 1286 4138 non
1328 4085 1642 4149 exsolvant,
1685 4083 1737 4137 in
1784 4082 1962 4138 futuro

377 4175 574 4230 saeculo
595 4174 713 4229 illos
738 4175 964 4245 graviori
991 4190 1145 4244 paena
1188 4173 1543 4229 mulctandos.

445 4266 636 4322 XXIV.
664 4267 764 4335 Qui
800 4278 1021 4336 peccent,
1045 4283 1133 4321 uec
1171 4266 1467 4337 puniantur,
1490 4266 1554 4319 iis
1578 4282 1678 4319 non
1702 4265 1962 4333 conﬁden-

378 4359 520 4425 dum,
577 4360 667 4414 sed
710 4359 986 4413 timendum
1021 4374 1186 4428 ponus
1220 4374 1342 4412 esse.
1373 4357 1646 4427 --ltaque
1688 4371 1808 4410 cum
1849 4355 1964 4410 sine

379 4452 540 4507 modo
565 4461 846 4520 peccantes
893 4449 1023 4504 nihil
1073 4451 1196 4503 mali
1245 4449 1494 4519 patimur,
1514 4462 1584 4502 ne
1605 4446 1960 4513 confidamus,

378 4543 473 4599 sed
516 4542 637 4599 ideo
675 4543 844 4613 magis
885 4542 1183 4596 timeamus.
1232 4540 1364 4596 Nam
1407 4540 1529 4595 licet
1554 4540 1694 4595 hica
1723 4539 1834 4593 Deo
1860 4538 1963 4592 mi.

382 4638 525 4693 nime
573 4637 877 4706 puniamur,
911 4634 1020 4689 illic
1063 4644 1238 4688 tamen
1277 4648 1397 4687 cum
1447 4630 1646 4687 mundo
1683 4629 1966 4686 damnabi-

380 4731 717 4798 mur.Atque
760 4728 873 4782 haec
916 4742 1125 4781 rursum
1170 4740 1275 4780 non
1315 4740 1454 4789 mea,
1477 4724 1570 4780 sed
1615 4722 1881 4792 loquentis
1910 4721 1963 4775 in

381 4822 548 4878 Paulo
595 4821 794 4878 Christi
837 4820 1099 4874 sententia
1144 4826 1244 4874 est.
1278 4817 1489 4872 Etenim
1525 4831 1619 4871 eos
1665 4816 1962 4884 alloquens,

381 4914 468 4984 qui
512 4913 731 4982 indigne
773 4925 924 4966 sacra
950 4919 1248 4975 sumerent,
1272 4910 1346 4964 ait
1376 4927 1388 4962 :
1412 4908 1540 4963 Ideo
1565 4908 1693 4961 inter
1717 4923 1801 4962 vos
1823 4906 1970 4960 multi

380 5006 573 5068 infirmi
604 5015 650 5057 et
675 5004 960 5069 imbecilles,
995 5013 1040 5057 et
1076 5003 1328 5056 dormiunt
1370 5001 1534 5056 multi.
1583 5001 1732 5068 Quod
1766 5000 1810 5054 si
1854 5015 1971 5053 uos-

386 5100 622 5166 netipsos
661 5095 1076 5166 dijudicaremus,
1107 5111 1208 5148 non
1247 5095 1414 5160 utique
1427 5094 1777 5165 judicaremur
1806 5107 1826 5145 :
1850 5093 1970 5145 dum

383 5190 688 5244 iudicamur
717 5198 903 5245 autem.
932 5203 964 5240 α
997 5186 1212 5242 Domino
1255 5187 1577 5256 corripimur,
1615 5196 1672 5239 ut
1714 5202 1814 5239 non
1855 5201 1969 5238 cum

378 5279 570 5333 mundo
608 5277 908 5332 damnentur
944 5279 1021 5349 (l.
1048 5275 1166 5334 Cor.
1200 5277 1664 5348 H.50.52).Sunt
1690 5277 1832 5331 enim
1881 5276 1971 5346 qui

377 5366 468 5422 hic
512 5369 688 5424 solum
728 5369 974 5439 castigari
1013 5383 1148 5439 opus
1183 5368 1432 5433 habeant,
1455 5383 1682 5439 quorum
1711 5376 1765 5423 et
1799 5368 1967 5436 culpae

379 5459 683 5517 mediocres
701 5459 828 5524 sint,
852 5467 910 5512 ut
936 5459 1175 5529 castigati
1206 5460 1396 5514 iterum
1437 5459 1502 5514 ad
1543 5459 1817 5529 antiquum
1867 5474 1971 5511 non

379 5562 696 5616 recurrant,
742 5565 928 5606 canem
975 5552 1043 5606 ad
1090 5551 1343 5607 vomitum
1389 5567 1661 5607 reversum
1723 5551 1908 5605 imitati
1956 5570 1970 5606 :

382 5654 508 5698 sunt
528 5652 582 5699 et
607 5643 700 5714 qui
730 5650 947 5712 propter
966 5657 1244 5698 excessum
1271 5643 1628 5715 improbitatis
1649 5650 1699 5697 et
1724 5642 1809 5697 hic
1838 5652 1892 5697 et
1913 5642 1974 5697 il-

383 5734 454 5792 lic
480 5732 921 5807 plcctenturzalii
949 5734 1055 5791 illic
1077 5743 1277 5790 tantum
1305 5734 1557 5805 supplicia
1585 5733 1918 5791 sustinebunt
1944 5746 1959 5795 ;

1680 299 1767 363 DE
1808 306 2272 364 VIBGINITATE.

3522 317 3628 370 .550

2039 423 2290 491 quoniam
2307 423 2323 454 ¹
2347 420 2488 477 enim
2514 421 2750 478 omnium
2777 421 3089 493 gravissima
3110 426 3505 494 perpetrarunt,
3523 433 3622 474 non

2038 513 2181 584 digni
2221 514 2387 569 habiti
2417 523 2540 569 sunt
2584 514 2672 585 qui
2712 530 2834 570 cum
2863 514 3169 570 hominibus
3200 513 3623 583 llagellarentur.

2039 620 2164 658 nam
2195 605 2290 670 ait,
2316 604 2382 658 Et
2408 622 2520 660 cum
2566 606 2852 661 hominibus
2889 622 2990 660 non
3032 606 3425 677 ﬂagellabuntur
3453 603 3622 677 (Psal.

2040 697 2128 751 72.
2160 698 2216 767 5)
2244 716 2257 763 ;
2282 698 2359 752 illi
2382 740 2395 761 ,
2426 702 2622 769 quippe
2664 709 3039 765 reservantur,
3076 706 3129 754 ut
3156 714 3276 753 cum
3298 696 3627 752 da'monibus

2040 790 2326 857 puniantur
2351 808 2363 844 :
2385 789 2636 844 Discedite
2655 791 2818 856 enim,
2837 791 2930 855 ait,
2946 807 2976 843 α
2998 807 3075 843 me
3093 791 3144 843 in
3171 788 3395 843 tenebras
3416 788 3603 842 exterit)
3616 814 3629 824 -

2040 900 2119 936 res
2143 893 2349 954 paratas
2373 883 2574 937 diabolo
2594 894 2643 937 et
2663 884 2855 955 angelis
2874 885 2982 954 ejus
3002 882 3212 954 (Matth.
3238 882 3328 937 25.
3353 878 3466 951 Μ).
3485 877 3630 934 Mulli

2040 975 2395 1030 sacerdotium
2439 976 2671 1031 nununis
2697 984 2988 1045 rapuerunt
3014 976 3033 1046 (
3056 975 3180 1030 Vide
3202 984 3303 1029 act.
3326 976 3428 1043 7),
3459 986 3633 1040 neque

2040 1074 2132 1121 aut
2156 1082 2277 1122 eum
2303 1068 2391 1137 qui
2422 1066 2837 1136 reprehenderet
2867 1067 3299 1132 habuerunt,ncc
3326 1063 3467 1134 quod
3502 1062 3627 1114 olim

2045 1174 2076 1214 a
2097 1160 2256 1215 Petro
2275 1158 2460 1214 Simon
2481 1158 2670 1228 Magus
2709 1160 3035 1212 audiverunt
3053 1158 3277 1228 (Act.8);
3302 1165 3356 1210 at
3382 1170 3489 1210 non
3509 1156 3631 1211 ideo

2046 1248 2376 1317 effugerunt,
2395 1248 2486 1302 sed
2508 1249 2677 1302 multo
2698 1248 2977 1317 graviores
2994 1261 3204 1316 poenas,
3228 1260 3391 1316 quam
3407 1260 3527 1314 quae
3542 1246 3629 1298 hic

2047 1341 2842 1410 debebantur,subibunt,quod
2853 1355 2950 1394 nec
2959 1340 3204 1408 exemplo
3216 1337 3489 1394 emendati
3504 1337 3632 1391 sint.

2052 1433 2200 1489 Multi
2219 1434 2405 1489 eadem
2430 1449 2550 1504 qua:
2569 1434 2709 1488 Core
2725 1435 2843 1488 ausi
2865 1439 2995 1488 sunt
3017 1445 3118 1485 nec
3140 1430 3327 1486 eadem
3352 1445 3473 1499 qua:
3490 1428 3631 1483 Core

2049 1526 2219 1596 passi,
2252 1534 2306 1580 at
2328 1533 2448 1596 post
2471 1525 2663 1595 majori
2689 1539 2790 1579 suo
2814 1524 2955 1578 malo
2978 1522 3255 1592 patientur
3285 1519 3476 1590 (Num.
3515 1519 3624 1585 16).

2048 1618 2201 1673 Multi
2225 1618 2523 1673 Pharaonis
2558 1618 2888 1687 impietatem
2921 1615 3120 1670 imitati
3146 1611 3344 1683 (Exod.
3369 1611 3479 1680 il),
3518 1625 3628 1664 non

2050 1715 2215 1769 etiam
2235 1713 2378 1766 sicut
2402 1711 2491 1765 ille
2526 1718 2654 1764 sunt
2680 1708 2937 1772 demersi,
2966 1714 3019 1761 at
3059 1706 3320 1777 gehennae
3334 1716 3520 1772 aequor
3540 1713 3636 1757 eos

2051 1813 2252 1859 manet.
2269 1802 2455 1873 Neque
2474 1803 2618 1857 enim
2639 1802 2731 1869 qui
2750 1800 2945 1856 fratres
2966 1798 3144 1852 fatuos
3165 1802 3387 1857 vocant,
3409 1794 3519 1862 jam
3542 1809 3642 1863 pus-

2050 1899 2151 1953 niti
2170 1906 2297 1952 sunt
2318 1895 2534 1965 (Matth.
2561 1895 2593 1949 5
2597 1908 2637 1964 );
2665 1893 2776 1946 illic
2798 1892 2943 1945 enim
2966 1891 3020 1944 in
3044 1904 3140 1944 eos
3161 1894 3374 1943 servata
3389 1883 3636 1940 animad—

2050 1991 2231 2047 versio
2247 1997 2350 2044 est.
2368 1989 2547 2054 Quare
2562 2003 2627 2040 ne
2644 1993 2830 2055 putate
2845 1983 2936 2038 Dei
2955 1981 3257 2039 sententias
3274 1981 3449 2035 solum
3471 1977 3638 2031 verba

2052 2097 2174 2137 esse
2195 2089 2358 2149 atque
2386 2092 2582 2142 voces;
2603 2091 2725 2129 nam
2744 2089 2861 2128 eam
2882 2076 2950 2129 ub
2972 2085 3084 2127 rem
3108 2084 3175 2125 ex
3202 2068 3268 2123 iis
3289 2067 3553 2139 quasdam
3576 2066 3630 2120 in

2051 2185 2189 2238 opus
2211 2167 2421 2245 eduxit,
2443 2176 2502 2220 ut
2524 2164 2577 2218 in
2598 2150 2865 2232 Sapphira
2893 2160 2953 2231 (Α
2965 2168 3034 2215 ct.
3055 2158 3106 2228 5)
3139 2156 3360 2210 Cbarmi
3395 2153 3531 2225 (los.
3549 2153 3629 2223 7),

2051 2257 2523 2325 Aarone,aiiisque
2534 2255 2720 2309 multis
2737 2251 2813 2324 (N
2819 2252 3074 2321 um.'5),ut
3088 2249 3180 2319 qui
3200 2246 3320 2316 ejus
3334 2246 3513 2301 verbis
3536 2259 3642 2299 non

2054 2349 2304 2413 credunt,
2323 2354 2505 2403 rerum
2526 2345 2941 2401 confirmatione
2961 2342 3208 2397 deterriti
3251 2339 3518 2395 desistant
3542 2338 3643 2393 sibi

2042 2441 2149 2513 ipsi
2174 2443 2452 2511 imponere
2465 2438 2611 2494 velut
2627 2452 2814 2508 pmnas
2828 2451 2935 2490 non
2948 2434 3151 2498 daturi,
3168 2442 3220 2488 et
3236 2431 3538 2500 intelligant
3553 2427 3647 2483 Dei

2056 2532 2445 2604 benignitatem
2462 2530 2891 2599 cupertincre,ut
2904 2524 3185 2579 sceleratis
3202 2523 3436 2590 spatium
3457 2519 3643 2578 donet,-

2056 2638 2162 2679 non
2192 2631 2252 2677 ut
2270 2623 2491 2677 omnino
2510 2628 2617 2675 n'on
2648 2617 2881 2674 vindicet
2905 2617 2957 2672 in
2983 2631 3076 2672 eos
3101 2615 3188 2686 qui
3236 2614 3289 2669 in
3333 2613 3479 2669 vitiis
3515 2626 3642 2683 pera

2056 2723 2327 2770 maneant.
2363 2714 2611 2769 Poteram
2653 2711 2900 2782 equidem
2948 2718 3003 2765 et
3049 2708 3288 2781 pluribus
3335 2705 3639 2769 ostendere.

2058 2813 2310 2875 quantum
2341 2804 2443 2860 sibi
2469 2804 2643 2875 ignem
2666 2801 3004 2867 contrahant,
3033 2800 3122 2869 qui
3168 2798 3481 2868 virginitatis
3521 2796 3639 2852 lana

2058 2898 2180 2953 (lem
2224 2896 2372 2951 nihili
2418 2896 2642 2960 faciant;
2685 2894 2777 2948 sed
2808 2901 2861 2948 et
2882 2891 3027 2947 sanis
3070 2890 3185 2945 haec
3223 2889 3511 2953 sufﬁciunt,
3548 2901 3638 2943 rei

2060 2990 2227 3045 belles
2251 2997 2305 3043 et
2333 2989 2546 3043 insanos
2569 3000 2669 3042 nec
2689 2986 2856 3040 multo
2881 2984 2945 3041 iis
2967 2983 3118 3054 plura
3148 2983 3214 3038 ab
3235 2981 3436 3037 insania
3464 2988 3637 3035 retras

2061 3084 2207 3138 bant.
2241 3083 2421 3153 itaque
2464 3095 2527 3137 ea
2555 3079 2912 3150 disputatione
2955 3077 3371 3147 supersedentes
3395 3075 3459 3130 ad
3485 3082 3646 3130 sanos
3674 3086 3677 3093 '

2061 3189 2364 3231 sermonem
2412 3186 2626 3227 omnem
2678 3178 3072 3232 convertamus,
3117 3169 3311 3222 iterum
3339 3165 3405 3221 ad
3431 3165 3642 3220 beatum

2063 3267 2281 3322 Paulum
2296 3264 2517 3320 reversi.
2537 3262 2612 3317 De
2631 3261 2807 3333 quibus
2824 3270 2991 3314 autem
3010 3259 3130 3312 mihi
3152 3257 3440 3323 scripsistis,
3456 3255 3646 3326 inquit,

2062 3359 2247 3413 bonum
2268 3367 2339 3411 est
2364 3355 2553 3410 homini
2582 3354 2839 3407 mulierem
2880 3366 2981 3405 non
3012 3358 3215 3420 tangere
3245 3344 3460 3415 (LCor.
3490 3345 3545 3401 7.
3569 3345 3650 3410 i).

2063 3448 2266 3504 Pudeat
2305 3461 2444 3501 nunc
2489 3453 2762 3514 utrosque,
2791 3450 2846 3497 et
2871 3440 2961 3510 qui
3006 3437 3402 3494 matrimonium
3450 3437 3652 3511 impro-

2067 3547 2213 3606 oant,
2242 3545 2297 3593 et
2320 3537 2409 3609 qui
2437 3536 2558 3606 plus
2579 3548 2732 3605 aequo
2756 3531 3055 3598 extollunt;
3087 3528 3327 3601 utrisque
3354 3544 3496 3585 etum
3522 3527 3651 3582 beas

2065 3640 2150 3685 tus
2174 3629 2368 3684 Paulus
2403 3642 2525 3684 cum
2561 3625 2646 3682 his
2672 3624 2872 3694 verbis,
2906 3633 3014 3680 tum
3046 3623 3110 3678 iis
3150 3632 3269 3694 quae
3315 3631 3655 3691 consequun-

2068 3729 2172 3783 tur.
2205 3719 2474 3774 silentium
2503 3717 2749 3786 imponit.

2137 3810 2304 3866 XXV.
2326 3808 2351 3863 l
2360 3810 2554 3878 nﬁrmis
2579 3805 2910 3862 necessarium
2930 3820 3037 3860 esse
3056 3803 3448 3858 matrimonium.
3465 3831 3535 3842 —
3552 3800 3655 3857 Bo‘

2069 3917 2194 3958 num
2219 3909 2304 3957 est
2320 3899 2753 3964 matrimonium;
2780 3897 2979 3968 quippe
3006 3894 3147 3966 quod
3174 3904 3229 3950 et
3256 3893 3429 3950 virum
3457 3893 3654 3949 retinet

2067 3993 2124 4048 in
2149 3992 2327 4048 ofﬁcio
2356 3989 2723 4062 temperantia:
2740 4030 2754 4055 ,
2776 4004 2950 4058 neque
2972 3988 3023 4041 in
3047 3986 3294 4041 libidines
3313 3985 3650 4056 provolutum

2068 4086 2288 4142 interire
2311 4085 2457 4142 sinit.
2478 4085 2656 4152 Quare
2692 4098 2761 4138 ne
2785 4082 2838 4136 id
2866 4094 3091 4144 accusa;
3116 4079 3276 4135 habet
3295 4079 3439 4133 enim
3461 4079 3648 4148 ingens

2068 4177 2413 4233 commodum
2431 4216 2446 4240 ,
2471 4176 2670 4232 Christi
2694 4174 2933 4230 membra
2960 4171 3126 4227 scorti
3149 4165 3388 4225 membra
3413 4169 3525 4224 ﬁeri
3549 4184 3654 4222 non

2069 4269 2385 4339 permittens
2409 4307 2424 4329 ,
2455 4280 2558 4321 nec
2602 4278 2814 4320 sacrum
2847 4263 3098 4333 templum
3143 4259 3413 4331 prolanari
3461 4268 3515 4314 et
3552 4259 3655 4314 im-

2073 4375 2264 4432 purum
2318 4358 2432 4412 tlcri
2490 4357 2565 4428 (Ι.
2592 4354 2710 4410 Cor.
2746 4352 2960 4424 6.15).
3003 4353 3207 4407 Bonum
3260 4360 3363 4418 cst,
3414 4351 3654 4422 inquam,

2070 4453 2322 4525 quoniam
2365 4450 2651 4505 habentem
2693 4448 2920 4504 sustinet
2952 4454 3113 4518 atque
3159 4446 3336 4516 erigit.
3380 4443 3485 4500 Sed
3531 4441 3655 4512 quid

2072 4530 2174 4599 hoc
2197 4542 2389 4598 attinet
2432 4540 2497 4595 ad
2523 4555 2644 4596 eum
2674 4539 2768 4609 qui
2809 4547 2947 4602 stat,
2978 4546 3031 4592 et
3054 4538 3144 4608 qui
3179 4536 3295 4607 ejus
3338 4550 3495 4605 Opem
3546 4548 3653 4591 non

2072 4636 2381 4692 desiderat?
2403 4634 2536 4689 Nam
2566 4634 2654 4689 hic
2675 4648 2772 4689 nec
2795 4633 2923 4688 utile
2943 4675 2958 4699 ,
2992 4647 3090 4688 nec
3128 4631 3488 4689 necessarium
3535 4638 3620 4685 est
3640 4670 3655 4695 ,

2073 4726 2166 4784 sed
2204 4727 2270 4782 ad
2314 4713 2564 4782 virtutem
2609 4728 2771 4781 etiam
2829 4724 3300 4796 impedimentum,
3335 4730 3440 4777 nco
3485 4719 3659 4777 solum

2073 4818 2215 4890 quod
2254 4819 2448 4873 multos
2473 4817 2710 4888 praebeat
2745 4817 2926 4872 obices
2949 4856 2964 4881 ,
2996 4814 3089 4871 sed
3115 4815 3275 4870 etiam
3319 4810 3467 4884 quod
3488 4810 3662 4883 majo.

2077 4930 2188 4968 rem
2219 4922 2418 4980 partem
2450 4911 2619 4964 laudis
2643 4910 2909 4964 detrahat.

2149 5004 2338 5060 XXVI.
2385 5000 2484 5069 Qui
2538 5002 2678 5073 virgo
2748 5006 2896 5072 agere
2944 5008 3099 5071 possit
3165 5015 3226 5053 ac
3291 4994 3665 5051 matrimonium

2076 5098 2374 5162 contrahat,
2398 5106 2649 5150 summum
2691 5093 2785 5148 sibi
2834 5093 3077 5146 damnum
3122 5092 3306 5164 facere.
3337 5118 3408 5130 -—
3445 5082 3657 5145 Etenim

2075 5189 2165 5261 qui
2194 5190 2358 5244 armis
2378 5203 2499 5243 eum
2524 5188 2756 5253 instruit
2776 5229 2792 5253 ,
2821 5186 2910 5258 qui
2938 5184 3111 5239 nudus
3144 5196 3379 5253 pugnare
3404 5187 3584 5253 potest
3610 5190 3664 5234 et

2075 5283 2326 5348 vincere,
2355 5280 2489 5337 adeo
2528 5294 2636 5335 non
2663 5279 2849 5348 juvat,
2881 5280 2941 5330 ut
2975 5277 3213 5329 extrema
3258 5271 3421 5327 etiam
3465 5270 3667 5327 afﬂciat

2078 5373 2305 5443 injuria,
2333 5371 2680 5426 admiratione
2727 5384 2848 5424 eum
2880 5370 2935 5422 et
2977 5365 3166 5421 illustri
3208 5378 3407 5419 corona
3453 5363 3663 5419 defrau-

2089 5463 2244 5519 dans.
2300 5461 2434 5517 Nam
2483 5476 2583 5517 nec
2631 5459 2865 5514 hominis
2902 5457 3151 5510 virtutem
3208 5467 3423 5509 omnem
3469 5453 3666 5524 patitur

2142 5555 2156 5585 ¹
2184 5562 2297 5612 Quae
2320 5554 2591 5616 sequuntur
2608 5563 2636 5600 a
2652 5561 2790 5608 voce,
2807 5546 3047 5606 omnium,
3067 5558 3225 5658 usque
3240 5544 3319 5606 ad,
3345 5543 3486 5596 multi
3503 5556 3665 5616 sacers

2142 5614 2281 5658 tium.
2303 5611 2551 5658 desumit]
2574 5610 2737 5658 Morel.
2752 5619 2805 5658 et
2823 5607 3044 5658 Planum.
3074 5620 3130 5658 se
3185 5622 3237 5658 in
3268 5615 3383 5658 nec.
3412 5614 3464 5658 et
3496 5604 3665 5658 ssvdlo

2079 5604 2281 5670 dotium,
2303 5604 2484 5664 desunt
2500 5611 2551 5663 in
2574 5610 2737 5662 Morel.
2752 5604 2805 5660 et
2823 5604 3044 5670 Planum,
3074 5604 3163 5659 sed
3185 5609 3237 5659 in
3268 5604 3383 5672 Reg.
3412 5614 3464 5658 et
3496 5604 3669 5658 suillo

2077 5673 2364 5800 “ﬁlia.
2386 5735 2456 5786 sic
2479 5729 2678 5799 tegitur.
2701 5738 2755 5783 ιί
2776 5732 2824 5784 in
2842 5731 3097 5798 saeviit“,
3118 5731 3166 5784 ῖη
3184 5733 3287 5785 νίπο
3302 5730 3424 5794 4”"
3450 5727 3664 5781 "mm"
