4016 6154
310 322 411 378 831

314 438 521 491 elucere
541 476 555 498 ,
580 447 677 488 nec
705 432 819 499 ejus
841 441 1098 499 tropatum
1129 427 1436 498 percelebre
1464 424 1634 479 reddi.
1684 423 1738 476 ln
1768 437 1882 476 ma-

315 527 564 582 trimonio
593 540 719 580 vero
740 524 949 594 gravior
972 522 1135 577 etiam
1153 520 1361 589 jactura
1389 526 1507 580 cst;
1540 531 1711 586 neque
1737 516 1878 569 enim

313 618 486 671 soluat
512 616 651 684 vulgi
680 614 1138 668 commendatione
1159 653 1171 673 ,
1202 610 1296 664 sed
1327 608 1555 679 prmmiis
1580 609 1739 662 etiam
1778 609 1883 661 vir-

310 708 420 776 gini
447 706 693 779 repositis
717 706 903 774 privat.
927 703 1222 773 Eapropter
1247 701 1442 755 bonum
1490 706 1632 752 esset
1676 695 1878 750 homini

312 797 589 852 mulierem
622 812 726 850 non
759 804 989 865 tangere.
1017 792 1125 848 Cur
1148 793 1307 861 igitur
1337 800 1552 860 tangere
1584 786 1881 857 permittis?

310 886 539 955 Pr0pter
564 885 961 943 fornicationem
984 926 998 951 ,
1029 883 1218 953 inquit.
1248 881 1449 935 Vereor
1482 887 1535 936 te
1564 879 1628 933 ad
1659 878 1879 947 virgini-

311 977 434 1030 tatis
475 975 738 1045 fastigium
776 976 1080 1040 sustollere,
1109 990 1176 1027 ne
1224 974 1276 1027 in
1324 971 1686 1025 fornicationis
1721 970 1879 1024 bara-

311 1068 486 1123 thrum
518 1068 748 1123 decidas.
777 1068 1022 1122 Nondum
1058 1082 1119 1121 ea
1142 1080 1433 1134 pennarum
1462 1064 1672 1118 levitate
1694 1061 1883 1131 pratdi-

310 1170 392 1215 tus
417 1176 508 1224 es,
534 1168 592 1215 ut
628 1168 678 1215 te
713 1159 777 1213 ad
824 1159 873 1213 id
902 1173 1156 1213 cacumen
1199 1157 1389 1211 cll‘errc
1431 1154 1650 1222 possim.
1678 1155 1746 1207 At
1783 1150 1881 1220 ipsi

307 1260 577 1306 certamen
609 1252 977 1319 arripuerunt,
1019 1258 1177 1319 atque
1217 1248 1283 1303 ad
1310 1247 1622 1315 virginitatis
1670 1244 1878 1299 laudem

311 1341 670 1410 prosilierunt.
719 1340 856 1414 Quid
890 1340 1046 1410 igitur
1086 1339 1345 1407 trepidas,
1387 1338 1540 1391 beate
1580 1334 1769 1401 Paule,
1820 1349 1882 1388 ac

312 1430 605 1486 formidas?
634 1431 782 1498 Quod
806 1430 860 1484 hi
892 1430 1120 1484 fortasse
1146 1444 1257 1484 rem
1286 1429 1589 1498 ignorantes
1618 1426 1718 1481 hac
1765 1425 1879 1480 ala-

308 1520 495 1575 critate
525 1521 660 1585 sint;
689 1536 773 1575 me
802 1535 927 1575 usus
952 1519 1348 1590 acpericlitatio
1367 1519 1483 1589 ejus
1508 1533 1694 1588 pugna:
1718 1517 1877 1573 etiam

311 1609 379 1664 ad
407 1610 617 1665 ca-teris
643 1609 1024 1665 consulendum
1056 1608 1375 1663 timidiorem
1402 1607 1594 1663 reddit.

381 1702 593 1756 XXVII.
647 1701 890 1772 Magnum
949 1717 1054 1755 esse
1096 1700 1429 1770 virginitatem
1473 1709 1519 1752 et
1590 1713 1884 1769 magnorum

310 1794 700 1847 conciliatricem
738 1794 998 1846 bonorum.
1037 1821 1108 1833 -—-
1144 1790 1279 1845 Novi
1326 1791 1402 1845 rei
1453 1789 1878 1851 contentionem,

310 1887 431 1942 novi
482 1885 837 1941 certaminum
888 1882 1186 1953 hujusmodi
1225 1882 1529 1936 violentiam
1553 1921 1567 1945 ,
1594 1879 1716 1934 novi
1758 1878 1880 1934 belli

310 1978 643 2047 gravitatem.
694 1975 964 2030 Pervicaci
995 1974 1220 2045 quodam
1259 1982 1314 2028 et
1361 1972 1481 2027 forti
1519 1974 1696 2026 animo
1746 1987 1881 2041 opus

302 2075 392 2120 est
410 2108 425 2130 ,
454 2076 609 2136 atque
637 2081 666 2121 a
693 2065 965 2120 libidinum
995 2079 1153 2119 sensu
1174 2078 1379 2118 averso.
1406 2062 1535 2116 Nam
1564 2078 1656 2131 per
1689 2062 1879 2116 carbo-

304 2172 400 2210 nes
423 2155 500 2208 sic
518 2153 930 2224 Ingrediendum
954 2159 1056 2211 est,
1077 2157 1260 2204 utnon
1292 2151 1472 2205 uraris
1499 2149 1678 2220 (Prov.
1694 2151 1748 2213 6,
1768 2151 1884 2220 28),

307 2256 361 2301 et
406 2252 481 2300 ita
525 2260 623 2314 per
670 2258 963 2297 mucrones
1017 2241 1256 2295 eundum
1302 2249 1404 2304 ,ιιι
1456 2257 1561 2292 non
1618 2243 1891 2297 saneseris

304 2338 384 2391 Ea
407 2344 489 2388 est
515 2335 656 2388 enim
685 2334 915 2391 libidinis
943 2333 1055 2399 vis,
1085 2348 1206 2403 quae
1231 2334 1363 2403 ignis
1383 2341 1538 2405 atque
1555 2333 1711 2399 ferri;
1738 2331 1881 2402 quod

304 2426 408 2481 nisi
437 2427 646 2480 animus
669 2426 737 2481 ita
762 2434 1096 2494 comparatus
1120 2425 1217 2491 sit,
1239 2433 1297 2478 ut
1323 2439 1420 2479 nec
1438 2423 1503 2478 ad
1529 2423 1646 2493 ejus
1667 2423 1881 2478 dolores

309 2526 600 2581 moveatur,
650 2516 888 2585 protinus
916 2531 974 2569 se
1008 2515 1209 2584 perdet.
1243 2514 1420 2584 Itaque
1457 2530 1591 2584 opus
1618 2523 1698 2567 est
1726 2513 1881 2569 nobis

306 2608 640 2665 adamantina
667 2616 864 2667 mente,
895 2608 1049 2661 oculo
1076 2606 1329 2671 insomni,
1354 2606 1628 2661 tolerantia
1649 2621 1875 2672 summa,

308 2700 476 2754 muris
511 2700 708 2763 lit-mis,
749 2698 1167 2753 antemuralihus
1206 2713 1268 2752 ac
1315 2696 1612 2766 repagulis,
1645 2696 1879 2750 custodi-

307 2791 405 2845 bus
436 2789 775 2858 pervigilibus
812 2804 872 2842 ac
902 2789 1196 2857 przuvalidis
1216 2831 1230 2851 ,
1261 2796 1416 2858 atque
1447 2789 1496 2842 in
1547 2789 1730 2857 primis
1769 2803 1875 2842 Cte-

302 2881 424 2934 ‘lesti
480 2879 679 2934 favore.
732 2879 863 2934 Nam
908 2879 1024 2933 Nisi
1069 2879 1314 2934 Dominus
1363 2881 1532 2934 urbem
1597 2882 1873 2949 custodiat,

306 2973 498 3039 frustra
537 2969 747 3039 uigilant
785 2971 870 3040 qui
896 2972 1180 3025 custodiunt
1214 2987 1325 3025 eam
1356 2970 1523 3043 (Psal.
1553 2971 1673 3027 126.
1705 2975 1776 3039 1).
1808 2974 1878 3027 At

304 3074 412 3128 quo
442 3068 594 3128 pacto
624 3075 749 3115 cum
772 3059 1004 3116 favorem
1048 3060 1354 3119 eliciemus?
1383 3061 1438 3119 Si
1478 3072 1653 3117 nostra
1699 3063 1875 3117 omnia

305 3154 641 3207 conteremus
659 3191 672 3213 ,
695 3166 822 3205 sana
861 3151 1081 3207 consilia
1103 3191 1118 3217 ,
1155 3166 1414 3209 summam
1435 3152 1618 3221 jejuuii
1651 3167 1715 3207 ac
1740 3153 1874 3222 vigi-

304 3243 491 3295 liarum
519 3245 908 3297 contentionem
926 3283 940 3306 ,
964 3242 1093 3312 legis
1109 3250 1412 3297 accuratam
1431 3243 1871 3308 observationem,

304 3332 667 3395 mandatorum
717 3333 1050 3399 custodiam,
1095 3341 1150 3387 et
1191 3331 1332 3401 quod
1356 3342 1513 3400 caput
1556 3343 1670 3400 est,
1722 3333 1767 3388 si
1820 3334 1871 3388 in

303 3423 454 3476 ιιυὺίε
476 3423 715 3483 fiduciam
743 3436 848 3476 non
866 3422 1222 3485 collocemus;
1246 3435 1370 3475 nam
1398 3421 1501 3476 etsi
1519 3437 1705 3490 magna
1730 3438 1874 3491 quat-

298 3512 425 3565 dam
468 3519 805 3579 prmstemus,
835 3510 960 3565 illud
1005 3510 1290 3580 apud‘nos
1340 3521 1593 3580 perpetuo
1639 3512 1875 3571 dicamus

292 3615 525 3655 enecesse
553 3612 667 3655 est:
701 3600 817 3656 Nisi
845 3600 1089 3655 Dominus
1112 3601 1430 3668 ardiﬁcaverit
1463 3602 1686 3664 domum,
1716 3604 1766 3656 in
1789 3617 1876 3659 ua-

291 3710 425 3746 smm
452 3694 798 3745 laboraverunt
835 3692 921 3761 qui
948 3690 1201 3759 aediﬁcant
1238 3707 1347 3744 eam
1376 3688 1579 3763 (Ibid.).
1610 3689 1720 3751 Nec
1742 3692 1875 3745 enim

303 3783 444 3836 nobis
471 3783 604 3842 (uola
632 3790 706 3835 est
729 3779 969 3839 adversus
989 3781 1287 3850 sanguinem
1324 3789 1373 3834 et
1412 3796 1632 3846 carnem,
1663 3782 1753 3839 sed
1777 3782 1873 3841 ad-

303 3890 471 3929 versus
498 3873 835 3943 principatus,
867 3875 1104 3929 adamas
1129 3882 1413 3942 potestates,
1442 3871 1678 3931 adversus
1701 3875 1874 3930 tnundi

304 3975 518 4019 rectores
556 3964 867 4023 tenebrarum
905 3964 1055 4033 hujus
1094 3963 1285 4030 saeculi,
1328 3963 1569 4025 adversus
1590 3965 1874 4034 spiritantia

303 4055 535 4125 nequitia!
560 4054 613 4108 in
641 4054 914 4111 cmlcstibus
939 4053 1148 4124 (Ephes.
1188 4054 1239 4108 6.
1272 4053 1388 4124 l2);
1416 4069 1479 4111 ac
1502 4063 1659 4119 nocte
1685 4053 1875 4124 diuque

288 4144 643 4215 cogitationes
699 4143 850 4201 nobis
893 4152 1111 4201 armata:
1164 4151 1310 4198 stent.
1357 4152 1605 4213 oportet,
1657 4153 1717 4203 et.
1776 4144 1877 4207 im.

305 4235 619 4301 [uidentibus
684 4234 989 4297 libidinibus
1063 4232 1339 4289 formidini
1398 4233 1527 4287 sint.
1576 4233 1782 4304 Quippe
1827 4233 1872 4288 si

306 4326 576 4379 tuiuimum
607 4326 910 4390 remittant,
932 4322 1147 4381 adstans
1172 4323 1414 4381 diabolus
1440 4327 1615 4393 ignem
1632 4323 1877 4379 manibus

305 4423 482 4480 tenet,
512 4415 809 4469 vibraturus
858 4430 921 4470 ac
969 4414 1061 4471 Dei
1114 4414 1368 4485 templum
1418 4420 1869 4470 concrematuros.

305 4506 444 4576 Ergo
488 4517 622 4572 opus
658 4512 737 4558 est
765 4502 998 4572 undique
1038 4504 1370 4569 muniantur;
1413 4511 1495 4558 est
1534 4504 1675 4558 enim
1720 4502 1874 4566 nobis

303 4611 474 4665 pugna
499 4609 619 4648 eum
662 4603 862 4648 naturas
890 4592 1232 4661 necessitate,
1262 4593 1567 4662 angelorum
1588 4605 1872 4647 conversa-

304 4688 462 4741 tionis
482 4685 748 4741 :emulatio
768 4727 783 4752 ,
816 4699 934 4739 cum
975 4684 1298 4753 incorporeis
1319 4684 1617 4740 Virtutibus
1653 4697 1869 4748 cursus;

306 4790 443 4832 terra
475 4786 632 4846 atque
675 4776 810 4831 ciuis
838 4775 1089 4831 cialicolis
1117 4774 1313 4845 aequari
1342 4774 1547 4841 nititur,
1577 4774 1874 4831 mortalitas

302 4886 421 4925 eum
454 4869 843 4924 immortalitate
866 4877 1137 4923 certamen
1157 4867 1271 4922 init.
1290 4867 1357 4922 Et
1375 4867 1671 4937 quisquam,
1693 4867 1870 4935 sodes,

306 4960 698 5015 matrimonium
742 4974 804 5013 ac
852 4959 1171 5028 voluptatem
1219 4972 1337 5013 cum
1364 4973 1423 5013 re
1466 4967 1607 5012 tanta
1633 4956 1873 5015 conferre

304 5051 477 5104 ausit?
503 5065 568 5104 an
592 5066 695 5103 non
738 5049 789 5103 id
815 5050 968 5104 valde
995 5048 1249 5111 stolidum
1287 5049 1405 5104 est?
1435 5048 1615 5119 Itaque
1643 5049 1868 5117 Paulus,

303 5142 390 5209 qui
417 5140 529 5194 hate
557 5140 737 5194 omnia
767 5141 961 5205 sciret,
995 5139 1230 5205 dicebat,
1261 5140 1421 5197 Suam
1440 5142 1644 5211 quisque
1667 5158 1872 5198 uxorem

306 5232 480 5284 habeat
510 5230 583 5301 (Ι.
607 5231 724 5286 Cor.
752 5232 802 5284 7.
834 5230 916 5303 2):
948 5230 1068 5287 ideo
1109 5231 1460 5298 detrectabat,
1488 5231 1617 5288 ideo.
1648 5234 1728 5287 eis
1766 5249 1872 5290 non

309 5320 533 5374 audebat
549 5320 616 5375 de
635 5321 933 5392 virginitate
952 5322 1177 5392 primum
1196 5323 1478 5389 disserere;
1506 5323 1600 5378 sed
1619 5324 1670 5379 in
1688 5323 1872 5394 dispu-

307 5410 595 5465 tationibus
610 5410 675 5465 de
694 5412 1029 5469 matrimonio
1054 5424 1312 5481 versatur,
1338 5414 1584 5484 paulatim
1603 5430 1695 5471 eos
1709 5430 1737 5469 a
1755 5431 1870 5470 ma-

304 5502 551 5557 trimonio
580 5502 850 5559 retrahere
878 5506 1090 5572 volens,
1117 5514 1170 5561 et
1192 5505 1405 5562 brevem
1438 5506 1503 5562 de
1544 5506 1887 5562 continentia.

305 5608 604 5650 surtnonem
652 5594 875 5665 longiori
921 5596 994 5651 illi
1036 5596 1394 5662 intermiscet,
1425 5611 1582 5650 aures
1633 5594 1873 5649 admoni-

308 5687 463 5742 tionis
510 5688 792 5744 severitate
838 5688 981 5747 feriri
1037 5690 1252 5746 minime
1319 5703 1525 5761 passus.
1582 5687 1713 5747 Nam
1782 5687 1869 5758 qui

1014 315 1068 370 S.
1109 313 1383 371 JOANNIS
1418 310 1883 367 CllllYSJSTOMl
1923 309 2239 364 AltClllEP.
2270 308 2795 367 CONSTANTINOP.

3454 314 3555 369 553

1987 436 2358 492 usquequaque
2385 437 2414 478 e
2441 424 2597 479 rebus
2641 424 2822 480 arduis
2846 423 3137 479 orationem
3166 427 3295 481 texit
3313 466 3326 488 .
3351 436 3406 481 et
3443 442 3551 480 mo-

1988 513 2155 569 lestus
2182 524 2263 568 est
2291 515 2538 579 auditori,
2558 524 2612 569 ct
2643 517 2951 586 plerumque
2977 517 3205 571 animum
3228 517 3367 587 cogit
3386 516 3551 572 dioto-

1987 619 2102 656 rum
2151 604 2459 672 gravitatem
2510 620 2615 658 non
2659 608 2911 660 ferentem
2943 608 3169 661 resilire.
3202 608 3385 677 Atqui
3434 624 3550 662 eam

1985 693 2185 759 variat,
2217 710 2278 748 ac
2300 694 2468 749 facilia
2500 695 2646 765 plura
2669 712 2825 765 quam
2852 696 3079 751 difﬁcilia
3111 698 3404 761 immiscet,
3431 714 3551 753 cum

1985 782 2306 839 difficultatis
2333 800 2543 841 sensum
2567 788 2755 856 eripit,
2786 797 2894 841 tum
2920 788 3205 843 reficiendo
3234 789 3547 853 auditorem,

1986 874 2056 927 ita
2081 889 2200 929 eum
2224 878 2389 947 magis
2410 877 2607 932 inducit
2638 889 2691 933 et
2730 879 3006 945 conciliat;
3047 880 3187 949 quod
3234 881 3446 950 quidem
3500 888 3553 935 et

1984 963 2172 1020 beatus
2201 966 2395 1022 Paulus
2417 968 2555 1023 fecit.
2586 970 2664 1024 Eo
2689 970 2830 1026 enim
2852 970 2992 1025 dicto
3012 1011 3027 1036 ,
3049 970 3245 1025 Bonum
3268 981 3341 1024 est
3362 971 3552 1024 homini

1985 1058 2244 1112 mulierem
2283 1076 2383 1115 non
2429 1070 2659 1132 tangere,
2690 1064 2933 1131 protinus
2966 1063 3030 1118 ad
3058 1064 3454 1118 matrimonium
3492 1078 3552 1120 se

1984 1150 2220 1219 recepit,
2252 1161 2308 1205 ut
2345 1166 2491 1207 suam
2545 1154 2765 1224 quisque
2809 1172 3022 1210 uxorem
3079 1155 3299 1211 haberet
3345 1157 3548 1212 dicens.

1984 1241 2156 1309 Atque
2181 1251 2460 1298 contentus
2491 1245 2541 1299 id
2566 1245 2774 1307 beatum
2802 1247 3118 1317 praedicasse
3139 1247 3306 1320 (nam,
3332 1248 3547 1316 Bonum,

1985 1330 2183 1401 inquit,
2205 1342 2275 1386 est
2298 1334 2488 1389 homini
2513 1337 2769 1390 mulierem
2801 1355 2901 1392 non
2942 1338 3198 1408 tetigere),
3248 1341 3314 1395 de
3366 1342 3550 1395 matri-

1985 1423 2165 1477 monia
2208 1434 2261 1479 et
2288 1427 2515 1481 consulit
2543 1436 2598 1482 et
2629 1431 2896 1498 praecipit,
2922 1431 3102 1486 addita
3155 1434 3314 1487 etiam
3357 1449 3549 1488 causa:

1985 1513 2060 1566 ait
2105 1514 2282 1578 enim,
2332 1514 2549 1586 Propter
2587 1519 3186 1594 fornicationem;atque
3232 1525 3548 1579 matrimonii

1983 1607 2378 1663 concessionem
2435 1611 2825 1679 reprehendere
2867 1614 3104 1679 videtur;
3155 1616 3248 1670 sed
3311 1633 3369 1673 re
3428 1634 3550 1673 vera

1984 1699 2239 1767 expositis
2284 1702 2605 1757 matrimonii
2650 1706 2824 1759 causis
2873 1708 3028 1763 tacite
3057 1710 3393 1763 continentia
3438 1711 3548 1764 lan-

1984 1788 2104 1844 dem
2133 1790 2448 1859 amplificat,
2484 1808 2588 1848 non
2619 1794 2669 1848 id
2696 1797 2892 1864 apertis
2920 1797 3098 1852 verbis
3120 1798 3394 1852 declarans
3414 1841 3428 1861 ,
3455 1800 3546 1853 sed

1982 1881 2277 1936 auditorum
2322 1886 2661 1940 conscientia)
2698 1888 3021 1955 relinquens.
3051 1888 3178 1941 Nam
3211 1890 3297 1958 qui
3345 1904 3403 1945 se
3434 1905 3549 1943 mo-

1983 1971 2098 2026 neri
2124 1972 2382 2043 intelligat
2409 1985 2465 2029 ut
2491 1977 2883 2032 matrimonium
2921 1980 3238 2042 contrahat,
3267 1996 3370 2034 nou
3409 1980 3549 2051 quod

1982 2065 2376 2120 matrimonium
2404 2068 2673 2136 potissima
2699 2070 2937 2138 quredam
2967 2071 3134 2124 virtus
3160 2069 3260 2136 sit,
3292 2071 3384 2125 sed
3410 2071 3548 2140 quod

1982 2167 2043 2209 se
2065 2154 2256 2210 Paulus
2285 2164 2442 2211 tanta:
2484 2158 2716 2213 libidinis
2745 2160 2989 2223 damnet,
3023 2161 3243 2224 ut,citra
3279 2161 3550 2215 matrimo-

1985 2247 2131 2299 nium
2180 2246 2248 2300 ab
2287 2261 2351 2301 ea
2403 2262 2461 2301 se
2498 2250 2771 2303 continere
2814 2258 3071 2319 nequeat,
3110 2250 3429 2304 erubescens
3488 2262 3549 2302 ac

1982 2333 2289 2403 pudefactus
2306 2375 2320 2400 ,
2353 2336 2590 2404 protinus
2611 2338 2961 2408 virginitatem
2987 2339 3310 2404 adsciscere,
3341 2348 3496 2410 atque
3518 2356 3545 2391 a

1980 2441 2040 2482 se
2067 2434 2264 2482 tantam
2292 2428 2557 2483 infamiam
2588 2431 2856 2498 depellere
2882 2433 3096 2487 nitetur.

2050 2518 2283 2572 XXVIII.
2319 2520 2444 2583 Quae
2468 2520 2529 2575 de
2552 2522 2867 2575 matrimonio
2888 2522 3137 2585 dicantur,
3161 2522 3547 2577 cohortatiouem

1980 2624 2083 2662 esse
2106 2608 2173 2661 ad
2197 2608 2546 2679 virginitatem.
2565 2640 2633 2649 —-
2654 2610 2788 2676 Quid
2812 2627 2938 2667 vero
2953 2611 3098 2666 addit
3121 2611 3367 2681 insuper?
3391 2611 3548 2665 Uxori

1979 2699 2055 2751 uir
2079 2698 2294 2752 debitam
2322 2699 2708 2754 benevolentiam
2736 2701 2931 2765 reddat,
2959 2702 3227 2774 itidemque
3249 2720 3377 2757 uxor
3399 2703 3501 2755 viro
3527 2720 3546 2766 ;

1980 2789 2116 2858 quod
2159 2792 2390 2858 apertius
2439 2791 2727 2859 explanatis
2769 2793 2987 2847 subdit:
3020 2794 3160 2848 Uxor
3204 2794 3283 2847 sui
3327 2794 3547 2863 corporis

1980 2878 2183 2933 doniina
2208 2898 2307 2934 non
2330 2891 2421 2947 est,
2448 2881 2538 2935 sed
2555 2884 2628 2935 vir
2647 2898 2669 2947 ;
2706 2883 2975 2955 itidemque
3001 2885 3076 2937 vir
3095 2884 3174 2938 sui
3203 2886 3431 2955 corporis
3455 2884 3547 2941 da-

1979 2971 2142 3024 minus
2168 2988 2268 3025 non
2294 2981 2383 3034 est,
2407 2973 2495 3026 sed
2520 2989 2649 3026 uxor
2675 2973 2751 3043 (i.
2774 2973 2889 3027 Cor.
2913 2975 2965 3026 7.
2992 2971 3068 3044 5).
3101 2974 3167 3028 Et
3186 2973 3300 3028 hate
3324 2973 3425 3029 dici
3453 2989 3547 3042 pro

1979 3062 2315 3116 matrimonio
2361 3061 2637 3127 videntur;
2684 3079 2868 3117 revera
2911 3068 3088 3115 autem
3129 3076 3223 3129 ea,
3280 3072 3544 3132 tamquam

1979 3151 2193 3204 hamum
2242 3159 2453 3206 assueta
2500 3167 2620 3207 esca
2664 3153 2965 3207 obvolutum
2994 3195 3009 3218 ,
3062 3154 3125 3207 in;
3168 3152 3544 3222 discipulorum

1977 3255 2133 3295 aures
2168 3241 2416 3305 immittit,
2446 3255 2538 3296 eos
2583 3257 2676 3311 per
2711 3256 3010 3297 sermonem
3048 3241 3115 3296 de
3157 3241 3490 3296 matrimonio
3517 3258 3543 3300 τι

1976 3331 2317 3385 matrimonio
2339 3333 2612 3386 retrahere
2634 3331 2836 3387 volens.
2881 3331 2980 3397 Qui
3023 3331 3162 3386 enim
3201 3330 3397 3395 audiat,
3429 3345 3547 3400 post

1978 3423 2369 3478 matrimonium
2401 3440 2506 3478 non
2534 3424 2642 3492 jam
2673 3439 2730 3479 se
2758 3439 2908 3478 suum
2932 3423 3063 3488 fore,
3086 3422 3177 3478 sed
3206 3423 3383 3478 uxoris
3408 3423 3547 3477 arbi-

1980 3513 2080 3568 trio
2119 3514 2415 3583 subjectum
2461 3515 2546 3580 iri,
2576 3528 2673 3569 nec
2708 3529 2875 3577 mora,
2916 3513 3253 3567 acerbissima
3293 3513 3545 3567 servitute

1977 3605 2231 3675 expedire
2260 3620 2319 3659 se
2347 3605 2642 3668 conabitur,
2672 3606 2752 3660 vel
2794 3607 2965 3674 potius
2993 3620 3092 3660 nec
3119 3605 3301 3675 jugum
3329 3606 3540 3664 subire:

1976 3711 2097 3751 cum
2145 3696 2233 3764 qui
2275 3695 2440 3750 semel
2489 3695 2738 3757 subierit,
2786 3695 2832 3750 ei
2874 3711 3033 3766 porro
3072 3694 3407 3750 serviendum
3453 3697 3538 3757 sit,

1977 3785 2231 3851 quamdiu
2269 3785 2322 3839 id
2359 3786 2508 3839 uxori
2557 3786 2815 3840 videatur.
2860 3786 3010 3850 Quod
3041 3796 3213 3839 autem
3241 3786 3326 3840 hic
3352 3801 3453 3840 non
3476 3803 3539 3840 ex

1975 3876 2279 3945 conjectura
2322 3875 2388 3931 de
2429 3875 2578 3930 Pauli
2608 3876 2865 3931 sententia
2900 3875 3104 3945 loquar,
3136 3887 3432 3946 promptum
3464 3889 3540 3932 est

1979 3980 2038 4019 ex
2072 3965 2342 4034 discipulis
2363 3979 2705 4036 cognoscere.
2735 3965 2867 4020 Nam
2895 3980 2993 4020 nec
3017 3965 3053 4019 ii
3079 3981 3237 4035 grave
3275 3980 3338 4021 ac
3372 3966 3540 4021 molo-

1976 4063 2114 4110 stunt
2141 4070 2259 4111 esse
2284 4056 2675 4129 matrimonium
2707 4056 2851 4124 prius
2888 4054 3125 4110 arbitrati
3164 4065 3305 4122 sunt,
3335 4071 3488 4125 quam
3512 4071 3540 4110 a

1975 4146 2199 4202 Domino
2226 4163 2284 4202 se
2312 4148 2364 4201 in
2393 4161 2509 4203 eam
2548 4148 2914 4203 necessitatem
2955 4148 3263 4213 conclusos,
3295 4149 3346 4202 in
3384 4163 3540 4217 quam

1962 4239 2017 4288 et
2044 4248 2075 4286 a
2109 4230 2280 4288 Paulo
2304 4244 2425 4288 tum
2445 4234 2740 4295 Corinthii,
2767 4236 3039 4289 viderunt.
3077 4234 3207 4288 Illud
3236 4234 3404 4297 enim,
3431 4232 3538 4298 Qui

1964 4340 2182 4379 uxorem
2219 4341 2374 4379 suam
2393 4324 2677 4391 dimiserit,
2710 4335 2925 4395 excepta
2950 4326 3320 4395 fornicationis
3353 4339 3537 4390 causa,

1962 4417 2095 4487 facit
2142 4433 2261 4471 eam
2312 4417 2561 4471 machari
2601 4419 2814 4485 (Matth.
2836 4418 2890 4473 5.
2922 4420 3050 4486 32);
3089 4425 3144 4472 et
3176 4418 3299 4481 hoc,
3338 4415 3430 4470 Vir
3453 4416 3537 4469 sui

1961 4507 2195 4575 corporis
2214 4505 2458 4561 dominus
2483 4522 2585 4560 non
2612 4516 2691 4560 est
2721 4506 2796 4577 (1.
2821 4505 2944 4560 Cor.
2976 4507 3025 4559 7.
3049 4508 3139 4576 4);
3166 4502 3527 4561 dissimilibus

1962 4598 2167 4664 verbis,
2191 4598 2291 4654 sed
2306 4598 2495 4653 eodem
2526 4613 2694 4654 sensu
2716 4606 2979 4669 concepta
3003 4606 3151 4652 sunt.
3183 4596 3324 4663 Quin
3352 4597 3398 4652 si
3421 4597 3544 4664 quis

1963 4694 2068 4745 hoc
2087 4688 2241 4744 Pauli
2255 4691 2569 4745 accuratius
2585 4690 3001 4750 animadvertat,
3022 4688 3364 4759 tyrannidem
3381 4693 3544 4754 auget

1976 4781 2162 4850 magis,
2208 4780 2577 4849 durioremque
2613 4778 2919 4833 servitutem
2961 4774 3153 4829 reddit.
3192 4772 3322 4827 Nam
3369 4773 3544 4826 Domi-

1976 4886 2077 4926 nus
2108 4871 2222 4925 viro
2249 4885 2354 4924 non
2383 4868 2638 4939 permittit
2666 4883 2780 4922 eam
2823 4866 2982 4921 domo
3016 4864 3231 4930 exigere
3261 4864 3276 4893 ¹
3306 4880 3320 4916 :
3350 4863 3544 4917 Paulus

1975 4962 2024 5015 ei
2048 4961 2205 5016 etiam
2248 4960 2330 5014 sui
2364 4959 2603 5026 corporis
2627 4956 2862 5011 dominio
2890 4962 3101 5022 erepto,
3136 4967 3293 5007 ontne
3319 4953 3435 5021 ejus
3458 4953 3544 5022 jus

1976 5052 2028 5107 in
2058 5066 2273 5107 uxorem
2293 5049 2514 5113 confert,
2538 5049 2692 5117 eique
2713 5062 2832 5100 eum
2856 5043 3096 5112 emptitio
3117 5042 3313 5097 famulo
3337 5044 3545 5114 gravius

1976 5143 2203 5214 subjicit.
2229 5142 2360 5197 liuic
2390 5140 2529 5196 enim
2560 5140 2683 5194 licet
2708 5138 2970 5193 interdum
3000 5135 3220 5191 solidam
3244 5137 3543 5191 libertatem

1976 5233 2213 5302 adipisci,
2245 5232 2292 5286 si
2330 5230 2543 5301 quidem
2578 5228 2743 5299 possit
2781 5226 3060 5297 aliquando
3101 5236 3283 5282 auctus
3327 5228 3547 5296 pecunia

1977 5322 2107 5377 hero
2130 5321 2354 5391 pretium
2375 5333 2654 5374 numerare
2677 5336 2690 5373 :
2711 5327 2767 5372 at
2784 5317 2883 5384 vir,
2903 5316 3141 5385 quamvis
3156 5317 3390 5371 omnium
3411 5316 3548 5371 diffi-

1976 5411 2224 5466 cillimam
2254 5424 2473 5465 uxorem
2503 5417 2686 5464 nactus
2712 5408 2797 5472 sit,
2821 5407 3133 5462 servitutem
3159 5406 3294 5462 ferre
3318 5408 3545 5475 cogitur,

1977 5516 2076 5559 nec
2103 5515 2208 5573 qua
2233 5515 2302 5557 eo
2327 5499 2597 5555 dominatu
2638 5514 2699 5555 se
2734 5496 2999 5563 absolvat,
3023 5497 3159 5555 inire
3182 5499 3319 5552 viam
3350 5506 3543 5569 potest.

2045 5694 2063 5727 ι
2097 5701 2205 5744 tum
2226 5691 2418 5756 paulum
2438 5689 2633 5741 diverse
2649 5690 2813 5753 jaceat
2832 5690 2883 5740 in
2902 5694 3043 5756 ηε..
3062 5685 3151 5741 sed
3175 5683 3330 5737 minus
3350 5690 3503 5735 recte.
