4016 6154
423 416 521 474 5'”

420 536 489 605 τῇ
522 531 776 604 παρθένῳ
799 546 824 574 ι
852 533 1139 605 κειμένων.
1190 535 1288 589 Διά
1324 536 1494 589 ταῦτα
1529 536 1693 590 καλὸν
1718 537 1991 609 ἀνθρώπῳ

422 614 681 686 γυναικὸς
712 615 786 686 μὴ
813 616 1099 670 ἅπτεσθαι.
1133 617 1198 670 Τί
1230 613 1324 671 οὖν
1347 616 1614 671 ἅπτεσθαι
1650 622 1991 690 συγχωρεῖς;

422 698 526 753 Διά
541 699 646 764 τὰς
661 698 961 765 πορνείας,
980 698 1133 769 φησί.
1158 699 1433 770 Φοϐοῦμαί
1451 716 1510 752 σε
1540 700 1619 763 εἰς
1646 701 1705 753 τὸ
1727 701 1826 770 τῆς
1852 717 1997 771 παρ-

423 781 604 844 θενίας
627 779 771 852 [287]
790 779 921 849 ὐψος
936 781 1250 848 ἀναγαγεῖν,
1280 782 1354 853 μή
1381 784 1695 854 καταπέσῃς
1714 785 1794 847 είς
1820 782 1882 836 τὸ
1897 785 1994 853 τῆς

425 863 677 935 πορνείας
697 863 1000 934 βάραθρον·
1033 862 1187 918 οὐπω
1219 882 1301 918 σοι
1323 865 1524 934 κοῦφον
1553 867 1746 936 γέγονε
1780 866 1841 920 16
1867 884 1996 920 πτε-

425 945 541 1015 ρὸν,
564 945 649 997 ῖνα
672 944 808 1014 πρὸς
833 944 1049 1016 ἐκείνην
1074 945 1264 1019 ἐπάρω
1293 964 1353 1000 σε
1377 946 1476 1018 τὴν
1503 949 1768 1020 κορυφήν.
1807 947 1996 1001 Καίτοι

425 1042 490 1094 γε
521 1028 671 1080 αὐτοὶ
697 1026 804 1079 τῶν
839 1027 1017 1082 ἄθλων
1046 1027 1248 1082 εἴλοντο
1267 1069 1283 1093 ,
1331 1029 1425 1083 καὶ
1455 1029 1535 1101 τῷ
1562 1031 1662 1102 τῆς
1701 1028 1998 1103 παρθενίας

425 1110 774 1180 ἐπεπήδησαν
818 1109 988 1180 καλῷ.
1042 1110 1106 1163 Τί
1138 1111 1315 1167 τοίνυν
1360 1112 1499 1185 φοϐῇ
1542 1114 1636 1167 καὶ
1683 1114 1925 1184 τρέμεις,
1953 1106 1998 1165 ὦ

429 1194 663 1263 μακάριε
717 1192 935 1254 Παῦλες
973 1193 1095 1247 Ὀτι
1145 1188 1290 1250 οὗτοι
1327 1196 1424 1266 μέν
1447 1237 1462 1263 ,
1493 1196 1622 1260 ῐσως
1652 1195 1717 1251 ἂν
1743 1192 1896 1262 εἶπε,
1939 1196 2000 1249 τὸ

427 1275 657 1347 πρᾶγμα
684 1273 1003 1344 ἀγνοοῦντες
1015 1274 1216 1346 ταύτην
1231 1276 1413 1349 ἔχουσι
1437 1277 1535 1349 τὴν
1560 1277 1885 1349 προθυμίαν,
1899 1278 2000 1348 ἐμὲ

421 1358 478 1409 δέ
511 1359 545 1429 ἡ
571 1359 740 1429 πεῖρα
771 1359 865 1412 καὶ
894 1359 954 1411 16
978 1359 1078 1430 ἤδη
1108 1359 1312 1431 ταύτης
1336 1356 1507 1431 ἧφθαι
1532 1361 1632 1430 τῆς
1665 1360 1866 1432 μάχης,
1899 1361 1994 1414 καὶ

424 1439 560 1511 πρὸς
586 1440 647 1493 16
681 1440 1067 1511 συμϐουλεύειν
1095 1442 1304 1515 ἑτέροις
1332 1445 1688 1516 ὀκνηρότερον
1720 1447 1881 1498 ποιεῖ.

493 1524 620 1577 ΚΖ’.
663 1519 795 1577 Οἶδα
840 1524 941 1595 τὴν
999 1523 1120 1594 βίαν
1170 1523 1267 1579 τοῦ
1330 1527 1688 1598 πράγματος,
1739 1523 1858 1581 οἶδα
1891 1525 2001 1580 τῶν

424 1607 824 1676 ἀγωνισμάτων
851 1607 1058 1662 τούτων
1087 1607 1179 1662 τὸν
1204 1610 1357 1663 τόνον
1387 1611 1435 1675 δ,
1469 1607 1587 1665 οἶδα
1624 1609 1718 1665 τοῦ
1763 1609 2001 1681 πολέμου

423 1688 486 1740 τὸ
531 1687 690 1758 βαρύ.
735 1687 1049 1743 Φιλονείκου
1091 1689 1238 1755 τινός
1288 1693 1382 1745 καὶ
1437 1692 1616 1762 βιαίας
1670 1693 1765 1747 καὶ
1813 1694 2007 1747 ἀπονε-

425 1771 690 1842 νοημένης
730 1771 874 1826 κατά
904 1771 1013 1827 τῶν
1051 1772 1352 1847 ἐπιθυμιῶν
1405 1776 1488 1830 δεῖ
1525 1776 1722 1847 ψυχῆς·
1767 1776 1862 1830 ἐπὶ
1893 1774 2004 1847 γὰρ

425 1853 709 1924 ἀνθράκων
751 1854 830 1908 δεῖ
868 1858 1186 1924 περιπατεῖν
1223 1858 1317 1911 καὶ
1352 1857 1427 1929 μὴ
1465 1856 1880 1922 κατακαίεσθαι,
1909 1858 2004 1911 ἐπὶ

428 1934 612 2004 ξίφους
631 1935 864 2006 βαδίζειν
885 1938 978 1991 καί
1013 1938 1085 2010 μὴ
1120 1938 1469 2010 πλήττεσθαι.
1500 1940 1749 2012 Τοσαύτη
1774 1939 1883 2012 γὰρ
1903 1941 2006 2010 τῆς

426 2018 720 2088 ἐπιθυμίας
755 2020 787 2089 ἡ
820 2012 992 2089 ἰσχὺς,
1033 2021 1132 2097 ὅση
1164 2023 1259 2076 καί¹
1287 2023 1459 2095 πυρὸς
1498 2024 1592 2078 καὶ
1627 2024 1865 2096 σιδήρου·
1897 2024 2004 2078 κᾶν

432 2102 509 2172 μὴ
530 2099 670 2154 οὕτω
696 2101 830 2177 τύχη
860 2105 1353 2178 παρεσκευασμένη
1398 2105 1545 2179 ψυχὴ
1583 2106 1717 2178 μηδὲ
1746 2108 2002 2178 ἐπιστρὲ-

430 2184 620 2252 φεσθαι
650 2185 782 2261 πρὸς
816 2186 912 2252 τὰς
954 2187 1166 2259 ἐκείνης
1207 2189 1523 2261 ἀλγηδόνας,
1567 2188 1776 2260 ταχέως
1807 2190 2004 2259 ἑαυτὴν

427 2267 639 2326 ἀπολεῖ.
673 2274 764 2324 Δεῖ
788 2271 964 2323 τοίνυν
994 2272 1126 2341 ἡμῖν
1160 2271 1527 2343 ἀδαμαντίνης
1553 2272 1809 2336 διανοίας,
1843 2272 2007 2343 μηδέ-

420 2367 553 2406 ποτε
600 2352 954 2417 καθεύδοντος
990 2354 1290 2425 ὀφθαλμοῦ,
1327 2355 1620 2426 καρτερίας
1649 2354 1868 2426 πολλῆς,
1894 2372 2005 2407 τει-

424 2439 536 2508 χῶν
573 2436 830 2509 ίσχυρῶν,
867 2436 1108 2508 θριγκῶν
1142 2447 1166 2477 ο
1201 2436 1402 2502 ἔξωθεν
1436 2438 1531 2491 καὶ
1573 2437 1806 2508 μοχλῶν,
1841 2436 2008 2506 φυλά-

424 2537 536 2573 κων
587 2519 965 2590 ἐγρηγορότων
1017 2518 1111 2574 καὶ
1169 2521 1455 2589 γενναίων,
1505 2521 1598 2574 καὶ
1645 2521 1753 2594 πρὸ
1800 2520 2007 2575 τούτων

425 2602 679 2656 ἁπάντων
710 2602 811 2672 τῆς
839 2601 1048 2656 ἀνωθεν
1082 2602 1276 2674 ῥοπῆς.
1320 2604 1455 2656 Ἐάν
1498 2602 1607 2674 γὰρ
1652 2603 1741 2674 μὴ
1792 2603 2006 2671 Κύριος

424 2684 665 2754 φυλάξῃ
697 2686 897 2753 πόλιν,
928 2688 1015 2751 εἰς
1041 2684 1240 2753 μάτην
1266 2686 1668 2755 ἠγρύπνησαν
1688 2689 1743 2741 οἱ
1770 2686 2009 2756 φυλάσ-

424 2781 641 2834 σοντες
664 2767 878 2837 αὑτήν.
924 2767 1052 2830 Πῶς
1091 2762 1183 2821 οὖν
1228 2769 1329 2840 τὴν
1382 2768 1554 2840 ῥοπὴν
1589 2767 2008 2839 ἐπισπασάμεθα

423 2848 666 2921 ταύτην;
704 2850 872 2903 Ὅταν
905 2849 977 2904 τά
1024 2850 1154 2921 παρ’
1183 2850 1390 2904 ἑαυτῶν
1424 2851 1639 2905 ἅπαντα
1679 2850 2009 2919 εἰσενέγκω-

428 2949 548 3001 μεν,
580 2932 837 3004 λογισμὸν
862 2933 1011 3001 ὑγιῆ,
1046 2933 1299 3005 νηστείας
1335 2935 1429 2988 καὶ
1462 2933 1771 3005 ἀγρυπνίας
1807 2932 2007 3004 πολλὴν

425 3016 524 3086 τὴν
569 3015 839 3080 ἐπίτασιν,
879 3015 1199 3090 νομοθεσίας
1238 3017 1544 3090 ἀκρίϐειαν,
1579 3016 1806 3071 ἐντολῶν
1841 3016 2008 3086 φυλα-

425 3099 550 3168 κὴν,
598 3099 691 3152 καί⁵
726 3098 786 3152 16
826 3086 1388 3169 néwwv‘xscpdlaziw,
1418 3100 1479 3152 16
1520 3099 1594 3170 μὴ
1618 3099 1842 3172 θαρρεῖν
1876 3099 2006 3152 ἐαυ-

426 3182 555 3243 τοῖς.
578 3181 699 3235 Κάν
732 3180 839 3252 γὰρ
869 3180 1080 3251 μεγάλα
1108 3182 1511 3252 κατορθωκότες
1532 3181 1803 3254 τύχωμεν,
1833 3185 2008 3237 ἐκεῖνο

425 3266 603 3332 λέγειν
629 3263 922 3332 ἀναγκαῖον
966 3264 1102 3335 πρὸς
1138 3264 1365 3328 ἐαυτοὺς
1400 3264 1713 3331 διαπαντὸς,
1760 3264 1896 3317 Ἐὰν
1918 3265 2005 3334 μὴ

424 3351 644 3418 Κύριος
666 3348 837 3403 οἷκον
854 3346 1245 3419 οἰκοδομήσῃ,
1267 3350 1358 3415 είς
1373 3347 1575 3417 μάτην
1601 3349 1936 3403 ὲκοπίασαν
1955 3352 2009 3404 οἱ

424 3431 877 3501 οἰκοδομοῦντες
899 3431 1106 3486 αὐτόν.
1142 3433 1224 3484 Οὐ
1246 3430 1356 3499 γάρ
1379 3431 1553 3485 ἐστιν
1585 3430 1729 3500 ἡμῖν
1764 3433 1801 3499 ἡ
1842 3432 2006 3500 πάλη

424 3517 575 3585 πρὸς
594 3509 737 3585 αἷμα
763 3515 861 3568 καί
891 3513 1109 3583 σάρκα,
1142 3513 1304 3567 ἀλλὰ
1330 3512 1481 3580 πρὸς
1502 3511 1611 3580 τὰς
1630 3514 1838 3583 ἀρχὰς,
1859 3516 2008 3582 πρὸς

424 3600 531 3665 τὰς
547 3598 850 3663 ἐξουσίας,
885 3598 1032 3666 πρὸς
1054 3595 1192 3661 τοὺς
1224 3594 1710 3664 κοσμοκράτορας
1738 3596 1844 3650 τοῦ
1866 3597 2010 3651 σκό-

425 3699 568 3747 τους
600 3680 706 3734 τοῦ
731 3677 945 3744 αἰῶνος
967 3678 1204 3743 τούτου,
1233 3676 1383 3746 πρὸς
1409 3679 1482 3732 τὰ
1502 3679 1869 3748 πνευματικὰ
1899 3677 2009 3746 τῆς

424 3764 715 3833 πονηρίας
745 3761 816 3815 ἐν
851 3760 974 3827 τοῖς
1015 3760 1416 3828 ἐπουρανίοις·
1441 3759 1533 3813 καὶ
1557 3761 1639 3815 δεῖ
1669 3760 1885 3832 νύκτωρ
1918 3762 2009 3814 καὶ

429 3844 548 3917 μεθ’
591 3845 803 3916 ἡμέραν
848 3842 1225 3914 ὡπλισμένους
1259 3843 1390 3914 ἡμῖν
1430 3843 1653 3898 ἑστάναι
1691 3845 1816 3908 τοὺς
1864 3844 2009 3912 λογι-

429 3926 662 3998 σμούςά.
695 3927 789 3980 καὶ
818 3926 1081 3997 φοϐεροὺς
1106 3921 1246 3979 εἶναι
1278 3928 1399 3990 ταῖς
1418 3926 1793 3997 ἀναισχύντοις
1821 3928 2010 3981 ἐπιθυ-

430 4012 600 4084 μίαις·
624 4010 700 4074 ὡς
727 4009 792 4064 ἃν
822 4010 1016 4080 μικρὸν
1040 4008 1282 4076 ἐνδῶσιν,
1308 4009 1541 4079 ἐστηκεν
1569 4012 1598 4063 6
1627 4010 1870 4073 διάϐολος
1896 4009 2009 4083 πῦρ

427 4093 564 4164 ἔχων
610 4092 748 4163 μετά
794 4095 1003 4163 χεῖρας.
1039 4090 1180 4145 ὥστε
1216 4094 1493 4161 ἐναφεῖναι
1543 4093 1640 4146 καὶ
1671 4093 2007 4162 καταφλέξαι

425 4175 519 4230 τοῦ
562 4174 698 4229 Θεοῦ
738 4175 830 4228 τὸν
875 4174 1021 4228 ναόν.
1051 4174 1320 4228 Πάντοθεν
1364 4170 1459 4228 οῦν
1506 4177 1654 4247 ἡμᾶς
1685 4176 2008 4248 ὠχυρῶσθαι

426 4260 554 4331 χρή.
587 4257 729 4329 Πρὸς
760 4258 868 4329 γὰρ
906 4255 1119 4324 φύσεως
1149 4255 1395 4326 ἀνάγκην
1428 4258 1562 4328 ἡμῖν
1595 4260 1630 4328 ἡ
1671 4258 1839 4330 μάχη,
1872 4260 2008 4331 πρὸς

422 4340 673 4409 ἀγγέλων
720 4338 994 4393 πολιτείαν
1043 4341 1072 4392 6
1117 4338 1300 4409 ζῆλος,
1346 4341 1484 4409 μετά
1515 4341 1822 4411 ἀσωμάτων
1850 4343 2010 4398 δυνά-

429 4439 576 4491 μεων
604 4422 633 4475 6
660 4421 880 4493 δρόμος·
927 4423 962 4493 ἡ
1006 4422 1081 4491 γῆ
1128 4421 1224 4475 καὶ
1275 4423 1305 4476 6
1347 4422 1540 4486 σποδὸς
1565 4425 1677 4487 τοῖς
1703 4424 1763 4477 ἐν
1794 4423 2008 4495 οὐρανῷ

423 4504 788 4577 διατρίϐουσιν
804 4502 1121 4571 ἐξισοῦσθαι
1140 4503 1449 4573 φιλονεικεῖ,
1480 4506 1575 4559 καὶ
1602 4508 1636 4577 ή
1664 4506 1839 4578 φθορά
1873 4507 2010 4578 πρὸς

424 4590 527 4660 τὴν
560 4588 869 4661 ἀφθαρσίαν
896 4586 995 4660 τὴν
1020 4586 1252 4658 ἀμιλλαν
1287 4587 1458 4642 ἔθετο.
1495 4590 1616 4642 Ἔτι
1652 4587 1746 4644 οὖν
1776 4590 1952 4661 γάμον
1983 4602 2007 4631 ο

426 4672 524 4729 καὶ
551 4673 744 4744 ἡδονὴν
772 4670 1011 4741 τοσούτῳ
1041 4671 1326 4743 πράγματι
1374 4672 1712 4742 παραϐαλεῖν
1749 4676 2008 4746 τολμήσει

426 4774 530 4823 τις,
556 4756 682 4810 εἰπέ
741 4770 872 4827 μοι;
932 4755 1024 4807 καὶ
1077 4754 1193 4818 πῶς
1233 4755 1333 4807 οὐκ
1384 4752 1579 4825 εὔηθες
1616 4756 1771 4823 λίαν;
1823 4758 2009 4812 Ταῦτα

431 4842 645 4895 ἅπαντα
703 4840 733 4892 6
780 4836 991 4902 Παῦλος
1035 4836 1289 4901 συνειδὼς
1332 4836 1536 4905 ἔλεγεν·
1568 4839 1859 4907 Ἕκαστος
1895 4840 2009 4907 τὴν

427 4923 644 4978 ἑαυτοῦ
698 4920 953 4991 γυναῖκα
996 4919 1199 4989 ἐχέτω.
1240 4919 1338 4974 Διά
1383 4920 1555 4974 ταῦτα
1599 4921 1869 4987 ἀνεδύετο,
1919 4924 2008 4978 διὰ

428 5004 598 5059 ταῦτα
625 5005 725 5058 οὐκ
750 5004 974 5076 ἐθάρρει
1000 5002 1340 5075 διαλεχθῆναι
1365 5004 1422 5069 ἐξ
1445 5005 1620 5075 ἀρχῆς
1654 5008 1782 5079 περὶ
1814 5006 2010 5080 παρθε-

427 5089 547 5150 νίας
574 5089 775 5151 αὐτοῖς,
809 5086 945 5141 άλλά
968 5089 1082 5150 τοῖς
1117 5087 1245 5157 περί
1273 5086 1368 5141 τοῦ
1397 5087 1575 5158 γάμου
1616 5088 1795 5157 λόγοις
1833 5091 2008 5146 ἐνδια-

427 5173 626 5243 τρίϐει,
656 5172 797 5225 κατά
836 5171 1031 5241 μικρὸν
1061 5170 1368 5254 ἀποστῆσαι
1412 5170 1506 5223 τοῦ
1546 5171 1723 5254 γάμου
1754 5173 2010 5247 βουλόμε-

426 5273 518 5320 νος
566 5254 763 5317 αὐτοὺς
815 5255 909 5308 καὶ
955 5255 1080 5317 τοὺς
1133 5253 1261 5326 περὶ
1302 5256 1401 5327 τῆς
1447 5255 1774 5327 ἐγκρατείας
1819 5259 2009 5328 λόγους

430 5340 653 5410 βραχεῖς
687 5338 1074 5410 ποιησάμενος,
1116 5337 1344 5401 ἐκείνοις
1381 5338 1597 5402 πολλοῖς
1629 5336 1779 5395 οῦσιν
1810 5345 2010 5409 αὐτοὺς

429 5419 804 5492 ἐγκατέμιξεν,
832 5420 931 5473 οὐκ
956 5421 1138 5489 ἀφιεὶς
1170 5420 1443 5493 πληγῆναι
1474 5419 1575 5492 τὴν
1602 5423 1770 5493 ἀκοὴν
1798 5424 1875 5496 τῷ
1909 5427 2009 5496 τῆς

494 5516 517 5543 ⁸
545 5515 745 5578 RegLel
767 5511 982 5563 Savilius
1005 5513 1054 5578 in)
1093 5514 1319 5578 margine
1340 5513 1660 5578 ‘rinqpkyiq.
1690 5514 1813 5564 Infra
1836 5516 1908 5567 sic
1934 5520 2009 5567 le-

494 5529 517 5543 ι·
546 5529 669 5577 ueg.
695 5529 745 5562 el
768 5529 982 5563 bavmus
1005 5529 1054 5561 In
1097 5529 1319 5575 marglne
1340 5529 1398 5576 τῃ
1423 5529 1660 5623 παρυενιᾳ.
1690 5529 1813 5564 Inlra
1836 5530 1908 5567 snc
1935 5529 2007 5567 le-

430 5576 563 5637 gitur
586 5577 637 5640 in
662 5575 784 5640 Reg.
814 5575 1072 5640 συγχωρεῖς
1092 5575 1259 5640 λέγων·
1288 5594 1311 5618 α
1335 5576 1425 5640 Διά
1536 5574 1619 5640 τὰς
1658 5578 1875 5640 πορνείας
1894 5580 2007 5627 ἔκα-

431 5635 545 5701 στος
575 5639 663 5701 τῂν
684 5635 857 5701 ἑαυτοῦ
878 5635 1078 5701 γυναῖκα
1120 5635 1286 5701 ἐχέτω.
1316 5635 1611 5701 »ῨΑΒούλομαί
1653 5654 1710 5701 σε
1727 5635 1811 5695 ἐἰς
1832 5641 1889 5689 τὸ
1923 5647 2008 5701 τῆς

431 5654 545 5692 στος
575 5651 663 5694 την
684 5651 857 5685 εαυτου
878 5652 1078 5697 γυναικα
1120 5651 1143 5682 ε
1161 5651 1286 5696 υετω.
1316 5655 1341 5680 »
1371 5651 1611 5697 βουλομαι
1653 5654 1710 5686 σε
1747 5651 1780 5686 ει

431 5698 678 5768 περθξνίας
697 5698 818 5768 ὕφες
836 5697 1043 5768 ἀγριγεὲῖι
1064 5651 1300 5768 φεέλῖεμαι
1333 5698 1385 5747 δὲ
1407 5698 1469 5768 εὴ
1490 5700 1780 5768 καταπέσης·

491 5757 523 5800 ὃ
544 5759 668 5820 Reg.
694 5757 751 5820 el
775 5757 926 5807 Savil.
954 5758 1061 5820 οἶδα
1074 5757 1169 5804 τῶν
1191 5757 1537 5820 ἀγωνισμάτων
1552 5757 1734 5808 τούτων
1754 5760 1835 5811 τὸν
1852 5763 2002 5814 τόνον.

435 5820 606 5883 Ποτει.
625 5818 687 5883 ξι
710 5819 924 5883 Ριαηιίι-ι.
945 5819 1053 5883 οῖδα
1075 5819 1171 5867 τῶν
1192 5818 1437 5883 παρθένων
1448 5818 1630 5883 τούτων
1661 5822 1759 5872 τόν.

497 5883 522 5943 ε
543 5882 627 5943 Sic
652 5880 775 5941 Reg.
804 5877 899 5943 Alii
923 5879 1121 5943 τοίχων,
1132 5876 1283 5939 τηειρ,
1312 5883 1361 5929 ni
1382 5881 1541 5932 fallor.

497 5942 523 6006 «ί
552 5942 671 6006 ﬂag.
841 5940 1028 6006 ἑστάναί
1049 5941 1146 5998 τοῖς
1161 5943 1420 6006 λογισμοῖς.

501 6005 526 6035 ⁸
550 6001 676 6067 Reg.
714 6003 754 6050 εί
778 6001 858 6049 τὸν
877 6001 1042 6065 γάμον.

1766 424 1851 478 DE
1891 423 2354 483 VIRGINITATE.

3576 435 3683 488 6'33!

2096 543 2469 613 παραινέσεως
2497 543 2773 614 αὐστηρῷ.
2820 543 2877 596 '0
2916 543 3020 615 γὰρ
3049 544 3170 599 ὅλον
3198 538 3418 602 δι”ὅλου
3452 546 3539 599 διὰ
3574 549 3682 601 τῶν

2095 618 2407 691 βαρυτέρων
2438 618 2651 674 πλέκων
2692 620 2783 674 τὸν
2819 620 2974 690 λόγον
3009 624 3254 694 ἐπαχθής
3296 623 3354 676 τέ
3383 625 3498 677 ἐστι
3529 622 3685 697 [288}

2092 696 2170 766 τῷ
2193 699 2464 763 ἀκούοντι,
2496 699 2590 751 καὶ
2616 697 2875 763 πολλάκις
2917 701 3215 769 ἀναγκάζει
3250 696 3684 773 μετασκιρτῆσαι

2093 773 2192 851 τὴν
2215 775 2394 846 ψυχὴν
2429 777 2503 848 μὴ
2535 778 2806 848 φέρουσαν
2834 777 2943 830 τῶν
2966 779 3274 849 λεγομένων
3307 780 3367 833 τὸ
3396 779 3579 851 βάρος.
3624 781 3685 836 ’0

2094 850 2153 905 δέ
2191 853 2478 907 ποικίλλων
2515 856 2697 920 αὐτὸν,
2731 857 2825 909 καὶ
2866 856 3084 911 πλείονα
3112 858 3216 912 ἀπὸ
3250 857 3358 912 τῶν
3395 850 3608 929 ῥᾴστων
3648 857 3682 929 ἢ

2093 930 2203 982 τῶν
2247 930 2521 988 δυσκόλων
2556 933 2726 997 τιθεὶς
2777 933 2874 1005 τὴν
2921 935 3089 1005 μίξιν,
3128 936 3189 989 16
3217 935 3311 989 τοῦ
3359 939 3685 1006 πράγματος

2096 1011 2318 1067 κλέπτει
2361 1014 2522 1087 βαρὺ,
2566 1017 2657 1070 καὶ
2692 1016 3065 1081 διαναπαύσας
3113 1017 3203 1070 τὸν
3236 1017 3513 1089 ἀκροατὴν
3542 1017 3686 1071 οὓτω

2098 1094 2276 1148 πείθει
2305 1098 2401 1150 καὶ
2427 1098 2760 1167 προσάγεται
2793 1098 3011 1167 μᾶλλον·
3041 1101 3178 1171 ὅπερ
3203 1097 3296 1155 οὖν
3325 1102 3420 1154 καὶ
3443 1102 3471 1153 6
3502 1100 3683 1171 μακὰ-

2101 1188 2213 1244 ριος
2249 1175 2461 1240 Παῦλος
2487 1178 2762 1248 ἐποίησεν.
2792 1176 2978 1231 Εἰπὼν
3003 1177 3133 1250 γὰρ,
3167 1179 3370 1233 Καλὸν
3395 1179 3681 1248 ἀνθρώπῳ

2097 1255 2382 1324 γυναικὸς
2409 1255 2493 1324 μὴ
2526 1254 2839 1318 ἅπτεσθαι,
2865 1257 3217 1327 ἀπεπήδησεν
3263 1258 3355 1311 ἐπὶ
3385 1258 3475 1311 τὸν
3508 1258 3686 1328 γάμον

2099 1333 2321 1400 εὐθέως,
2353 1336 2645 1403 Ἕκαστος
2681 1334 2798 1403 τὴν
2826 1336 3043 1390 ἑαυτοῦ
3069 1337 3323 1406 γυναῖκα
3352 1337 3555 1407 ἐχέτω,
3598 1338 3686 1390 λέ-

2099 1429 2231 1480 γων·
2289 1414 2382 1469 καὶ
2432 1415 2493 1468 16
2539 1416 2638 1485 μὲν
2675 1415 2990 1486 μακαρίσας
3046 1416 3206 1486 μόνον
3244 1418 3445 1488 ἀφῆκε·
3485 1416 3687 1471 Καλὸν

2100 1492 2229 1564 γάρ,
2258 1493 2445 1564 φησὶν,
2471 1493 2761 1562 ἀνθρώπῳ
2791 1492 3075 1563 γυναικὸς
3090 1493 3175 1562 μὴ
3203 1494 3514 1550 ἅπτεσθαι·
3558 1499 3686 1567 περί

2100 1574 2159 1627 δέ
2190 1574 2282 1627 τοῦ
2314 1575 2494 1644 γάμου
2517 1574 2873 1645 συμϐουλεύει
2915 1575 3009 1627 καὶ
3034 1575 3332 1639 ἐπιτάττει,
3374 1575 3468 1630 καὶ
3506 1575 3687 1628 αἰτίαν

2102 1652 2447 1725 προστίθησι·
2484 1653 2587 1708 Διὰ
2615 1652 2725 1725 γάρ
2752 1654 2858 1725 τζις
2884 1653 3188 1721 πορνείας,
3226 1653 3380 1724 φησί.
3410 1653 3519 1707 Καὶ
3542 1653 3689 1708 δοκεῖ

2103 1716 2203 1802 μέν
2239 1716 2561 1799 αἰτιολογεῖν
2608 1716 2705 1784 τοῦ
2744 1716 2923 1802 γάμου
2958 1716 3068 1801 ⁷τὴν
3119 1716 3483 1802 συγχώρησιν,
3516 1733 3592 1803 τῷ
3629 1733 3688 1785 δέ

2101 1808 2330 1883 ἀληθεῖ(
2363 1810 2732 1874 λανθανόντως
2789 1812 2846 1863 ἐν
2895 1812 3015 1874 ταῖς
3061 1810 3188 1880 περὶ
3227 1809 3319 1864 τοῦ
3349 1812 3526 1881 γάμου
3560 1827 3690 1881 προ-

2104 1891 2332 1960 φάσεσιν
2388 1889 2605 1961 ἐπαίρει
2664 1890 2724 1943 16
2770 1890 2868 1960 τῆς
2915 1889 3238 1960 ἐγκρατείας
3292 1890 3589 1960 ἐγκώμιον,
3625 1892 3685 1943 οὐ

2105 1971 2353 2042 φανερῶς
2403 1969 2760 2024 ἐκκαλύπτων
2805 1968 2884 2040 τῷ
2934 1969 3097 2041 λόγῳ,
3145 1968 3282 2023 ἀλλά
3320 1969 3400 2039 τῷ
3428 1970 3687 2023 συνειδότι

2101 2049 2210 2103 τῶν
2266 2048 2572 2103 ἀκουόντων
2633 2046 3058 2117 καταλιμπάνων
3101 2046 3252 2101 αὐτό.
3323 2047 3381 2101 '0
3427 2046 3535 2120 γὰρ
3583 2064 3689 2117 μα-

2104 2128 2213 2182 θὼν
2258 2128 2341 2181 ὅτι
2398 2128 2745 2197 παραινεῖται
2799 2126 3019 2193 γαμεῖν,
3069 2125 3170 2178 οὐκ
3213 2125 3399 2195 ἐπειδὴ
3441 2126 3502 2179 16
3554 2126 3690 2196 κρά-

2100 2224 2283 2262 τιστον
2327 2208 2426 2277 τῆς
2477 2205 2677 2277 ἀρετῆς
2730 2206 2758 2257 6
2812 2204 3013 2274 γάμος,
3057 2203 3170 2256 ἀλλ’
3207 2203 3392 2275 ἐπειδὴ
3421 2204 3688 2274 τοσαύτην

2103 2284 2266 2342 αὐτοῦ
2325 2285 2574 2353 κατέγνω
2636 2280 2888 2350 λαγνείαν
2937 2279 2966 2333 6
3010 2280 3241 2345 Παῦλος,
3302 2282 3377 2346 ὡς
3431 2283 3558 2336 ἄνευ
3591 2285 3691 2351 γά-

2107 2382 2210 2435 μου
2260 2363 2335 2435 μὴ
2364 2362 2662 2432 δυναμένου
2709 2358 2965 2427 λαγνείας
3006 2359 3329 2431 ἀπέχεσθαι,
3362 2359 3688 2430 ἐρυθριάσας

2103 2444 2198 2496 καί
2246 2442 2575 2513 αἰσχυνθεὶς,
2626 2438 2915 2493 σπουδάσει
2953 2438 3163 2508 ταχέως
3206 2439 3559 2493 ἐπιλαϐέσθαι
3586 2440 3690 2510 τῆς

2103 2521 2421 2592 παρθενίας,
2446 2521 2538 2573 καὶ
2564 2518 2662 2590 τὴν
2687 2517 2953 2590 τοσαύτην
2980 2517 3421 2591 ἀποκρούσασθαι
3446 2518 3686 2584 ἀδοξίαν.

2175 2599 2307 2654 KH’.
2328 2599 2392 2652 Τί
2405 2599 2462 2652 δέ
2480 2597 2619 2668 μετά
2631 2597 2806 2651 ταῦτά
2820 2613 2951 2666 φησι
2968 2613 2983 2661 ;
3007 2594 3086 2664 Τῇ
3100 2596 3337 2665 γυναικὶ
3355 2600 3386 2651 ό
3402 2597 3555 2666 ἀνὴρ
3575 2597 3692 2664 τὴν

2105 2678 2505 2749 ὀφειλομένην
2548 2677 2793 2730 εὔνοιαν
2851 2674 3202 2729 ἀποδιδότω·
3237 2677 3452 2745 ὁμοίως
3490 2676 3557 2729 δὲ
3590 2677 3690 2730 καὶ

2103 2759 2141 2826 ἡ
2170 2758 2324 2827 γυνὴ
2352 2756 2431 2822 τῷ
2447 2755 2620 2824 ἀνδρί
2636 2756 2684 2811 ⁸.
2724 2749 2856 2807 Εἶτα
2890 2753 3205 2825 ἑρμηνεύων
3243 2755 3373 2807 αὐτὸ
3403 2755 3497 2807 καὶ
3524 2755 3691 2823 σαφέ-

2107 2855 2297 2909 στερον
2337 2836 2505 2889 ποιῶν
2542 2834 2755 2902 ἐπάγει·
2792 2835 2855 2887 Ἡ
2902 2833 3055 2903 γυνὴ
3099 2832 3206 2888 τοῦ
3233 2833 3385 2888 ἰδίου
3413 2834 3688 2903 σώματος

2105 2919 2216 2972 οὐκ
2259 2913 2610 2979 ἐξουσιάζει,
2665 2912 2804 2968 ἀλλ’
2855 2916 2888 2966 ὁ
2922 2912 3108 2981 ἀνήρ·
3162 2913 3376 2983 ὁμοίως
3422 2912 3490 2966 δὲ
3528 2913 3625 2966 καί
3658 2916 3691 2966 ό

2102 2994 2261 3062 ἀνὴρ
2292 2994 2396 3048 τοῦ
2424 2993 2577 3047 ίδίου
2607 2992 2881 3060 σώματος
2922 2995 3034 3045 οὐκ
3074 2991 3431 3056 ἐξουσιάζει,
3479 2992 3618 3047 ἀλλ’
3647 2992 3685 3060 ἡ

2106 3073 2281 3145 γυνή.
2348 3072 2450 3126 Καὶ
2494 3071 2669 3125 ταῦτα
2711 3071 2859 3123 δοκεῖ
2902 3071 2999 3138 μὲν
3047 3071 3187 3141 ὑπὲρ
3231 3071 3325 3124 τοῦ
3372 3070 3551 3141 γάμου
3602 3071 3691 3124 λέ-

2105 3154 2315 3224 γεσθαι·
2363 3152 2422 3206 τὸ
2456 3152 2512 3206 δὲ
2548 3150 2763 3220 ἀληθὲς,
2798 3147 2987 3220 ὥσπερ
3020 3148 3313 3224 ἄγκιστρον
3353 3153 3421 3221 τῇ
3468 3150 3689 3219 συνήθει

2107 3230 2451 3305 περιστείλας
2506 3231 2702 3299 τροφῇ,
2760 3226 2931 3290 οὕτως
2986 3228 3064 3290 είς
3125 3227 3225 3305 τάς
3272 3226 3380 3281 τῶν
3431 3227 3689 3298 μαθητῶν

2106 3304 2313 3380 ἐνίησιν
2340 3309 2531 3373 ἀκοὰς,
2567 3307 2746 3369 αὐτοῖς
2767 3309 2877 3369 τοῖς
2904 3306 3030 3375 περὶ
3064 3304 3158 3358 τοῦ
3192 3305 3370 3376 γάμου
3405 3305 3582 3371 λόγοις
3610 3306 3692 3373 ἐξ·

2106 3390 2333 3457 ἀγαγεῖν
2362 3388 2558 3449 αὐτοὺς
2589 3383 2680 3438 τοῦ
2710 3385 2886 3455 γάμου
2918 3382 3258 3454 βουλόμενος.
3302 3384 3359 3438 '0
3389 3383 3498 3457 γὰρ
3527 3385 3691 3438 ἀκού-

2108 3485 2206 3531 σας
2240 3468 2320 3520 ότι
2359 3465 2497 3535 μετά
2538 3464 2630 3517 16v
2671 3463 2848 3532 γάμον
2891 3464 2991 3516 οὐκ
3034 3462 3186 3515 ἐσται
3224 3461 3426 3533 Κύριος
3469 3462 3684 3524 ἑαυτοῦ,

2107 3546 2222 3599 ἀλλ’
2257 3547 2314 3597 ἐν
2361 3547 2425 3615 τῇ
2473 3543 2571 3613 τῆς
2617 3541 2873 3610 γυναικὸς
2922 3539 3162 3594 κείσεται
3221 3541 3435 3614 γνώμῃ,
3478 3541 3690 3610 ταχέως

2107 3624 2486 3693 ἀπαλλαγῆναι
2540 3620 2827 3675 σπουδάσει
2890 3619 2988 3690 τῆς
3048 3619 3381 3690 πικροτάτης
3422 3618 3685 3682 δουλείας,

2110 3704 2307 3773 μᾶλλον
2337 3703 2393 3756 δὲ
2422 3702 2556 3773 μηδέ
2586 3701 2686 3772 τὴν
2713 3698 2885 3771 ἀρχὴν
2913 3699 3003 3752 τὸν
3040 3697 3201 3765 ζυγὸν
3236 3697 3506 3752 ὑπελθεῖν·
3539 3700 3691 3751 ἐπει-

2105 3781 2170 3853 δὴ
2203 3782 2511 3836 εἰσελθόντα
2560 3779 2706 3844 ἅπαξ
2748 3776 3019 3832 δουλεύειν
3066 3777 3279 3848 ἀνάγκη
3317 3776 3522 3840 λοιπὸν,
3581 3776 3687 3839 ἕως

2107 3861 2174 3915 ἂν
2225 3864 2290 3932 τῇ
2345 3859 2563 3928 γυναικὶ
2612 3858 2772 3910 τοῦτο
2820 3855 2974 3928 δοκῇ.
3042 3856 3154 3910 Καὶ
3205 3857 3284 3910 ὅτι
3342 3857 3439 3926 οὐχ
3500 3855 3689 3919 ἀπλῶς

2109 3937 2643 4011 καταστοχαζόμενος
2702 3936 2846 4003 λέγω
2899 3936 2999 4006 τῆς
3045 3934 3140 3987 τοῦ
3186 3933 3397 3988 Παύλου
3438 3933 3684 4006 γνώμης,

2108 4019 2217 4073 ἀπὸ
2264 4017 2371 4071 τῶν
2412 4014 2670 4088 μαθητῶν
2720 4014 2897 4087 ῥᾴδιον
2941 4011 3101 4088 τοῦτο
3144 4011 3499 4083 καταμαθεῖν.
3549 4012 3686 4067 Οὐδὲ

2106 4096 2216 4168 γὰρ
2245 4087 2438 4149 ἐκεῖνοι
2481 4094 2743 4167 πρότερον
2777 4092 3032 4164 φορτικὸν
3061 4087 3200 4147 εἶναι
3236 4091 3328 4145 καὶ
3350 4090 3566 4161 ἐπαχθῆ
3593 4089 3685 4143 τὸν

2107 4177 2283 4247 γάμον
2330 4174 2606 4246 ἐνόμισαν,
2647 4172 2761 4227 ἀλλ’
2801 4174 2891 4225 ὅτε
2937 4172 3174 4242 ἤκουσαν
3222 4171 3317 4223 τοῦ
3355 4169 3560 4241 Κυρίου
3605 4171 3687 4247 είς

2105 4246 2310 4328 ταύτην
2354 4254 2552 4315 αὐτοὺς
2595 4250 3005 4328 κατακλείοιιτος
3052 4248 3149 4318 τὴν
3185 4247 3452 4328 ἀνάγκην,
3497 4247 3586 4328 ,εἰς
3613 4246 3684 4328 ᾖν

2108 4335 2202 4388 καὶ
2228 4323 2356 4395 τοὺς
2385 4330 2704 4400 Κορινθίους
2736 4330 2765 4382 6
2798 4327 3011 4390 Παῦλος
3048 4327 3191 4381 τότε.
3229 4325 3302 4379 T6
3328 4326 3457 4397 γὰρ,
3486 4326 3583 4391 Ὃς
3605 4323 3684 4381 ἂν

2106 4412 2391 4478 ἀπολύσῃ
2443 4408 2560 4476 τὴν
2609 4405 2863 4478 γυναῖκα
2903 4406 3121 4470 αὑτοῦ,
3166 4404 3460 4474 παρεκτὸς
3497 4405 3685 4473 ,λόγου

2109 4490 2411 4559 πορνείας,
2435 4487 2594 4541 ποιεῖ
2619 4484 2813 4553 αὐτὴν
2830 4483 3177 4554 μοιχᾶσθαι·
3205 4484 3300 4539 καὶ
3327 4482 3406 4551 16,
3444 4483 3506 4537 '0
3526 4482 3682 4552 ἀνὴρ

2107 4570 2214 4625 τοῦ
2236 4568 2390 4623 ἰδίου
2414 4565 2688 4635 σώματος
2708 4565 2819 4618 οὐκ
2843 4562 3193 4629 ἐξουσιάζει,
3214 4564 3422 4635 ῥήμασι
3447 4561 3547 4634 μὲν
3574 4561 3683 4615 ἐτέ-

2112 4665 2245 4720 ροις,
2272 4645 2467 4717 γνώμῃ
2494 4644 2551 4698 δὲ
2576 4645 2790 4714 εἴρηται
2813 4644 2877 4713 τῇ
2905 4643 3064 4713 αὐτῇ.
3093 4643 3156 4696 Εἰ
3186 4642 3246 4696 δέ
3268 4659 3353 4705 τις
3375 4641 3684 4714 ἀκριϐέστε-

2110 4744 2203 4799 ρον
2232 4723 2540 4795 καταμάθοι
2563 4722 2626 4775 16
2657 4721 2751 4775 τοῦ
2777 4720 3013 4785 Παύλου,
3049 4721 3251 4799 μᾶλλον
3294 4720 3549 4773 ἐπιτείνει
3585 4720 3684 4790 τὴν

2106 4796 2415 4877 τυραννίδα,
2475 4802 2570 4856 καὶ
2622 4800 3027 4872 φορτικωτέραν
3069 4796 3362 4870 ἐργάζεται
3413 4800 3509 4869 τὴν
3563 4799 3682 4851 δου-

2108 4883 2276 4938 λείαν.
2313 4883 2342 4922 h
2384 4883 2445 4935 Ὃ
2472 4881 2573 4948 μὲν
2605 4880 2711 4951 γὰρ
2743 4879 2945 4950 Κύριος
2980 4879 3080 4934 οὐκ
3113 4878 3302 4949 ἀφίησι
3331 4876 3517 4950 κύριον
3543 4874 3682 4932 εἶναι

2107 4963 2197 5018 τὸν
2217 4963 2386 5033 ἀνδρα
2412 4959 2507 5014 τοῦ
2544 4960 2644 5030 τῆς
2680 4959 2856 5023 οἰκίας
2887 4959 3138 5013 ἐκϐαλεῖν
3174 4959 3361 5030 αὐτήν·
3392 4960 3422 5012 6
3451 4957 3508 5011 δέ
3538 4956 3684 5012 Παῦ-

2107 5043 2198 5107 λος
2223 5042 2317 5095 καί¹
2354 5041 2452 5109 τὴν
2479 5038 2573 5092 τοῦ
2595 5040 2795 5092 οἰκείου
2832 5038 3084 5110 σώματος
3113 5038 3358 5102 ἐξουσίαν
3396 5040 3683 5110 παραιρεῖ-

2107 5139 2217 5185 ται,
2253 5121 2429 5174 πᾶσαν
2459 5116 2624 5172 αὐτοῦ
2652 5116 2751 5189 τὴν
2782 5118 2954 5190 ἀρχὴν
2978 5120 3043 5190 τῇ
3072 5117 3290 5183 γυναικὶ
3331 5115 3678 5186 παραδιδοὺς,

2108 5201 2203 5256 καὶ
2235 5200 2622 5270 ἀργυρωνήτου
2671 5197 2869 5267 μᾶλλον
2923 5196 3195 5261 ὑποτάξας
3229 5195 3458 5248 οἰκέτου.
3496 5193 3682 5267 Τούτῳ

2111 5279 2210 5349 μὲν
2254 5278 2362 5350 γὰρ
2408 5276 2585 5343 ἔξεστι
2624 5275 2884 5339 πολλάκις
2917 5277 3011 5330 καὶ
3050 5273 3345 5337 παντελοῦς
3373 5274 3682 5347 ἐλευθερίας

2107 5360 2308 5428 τυχεῖν,
2364 5354 2417 5409 εἴ
2462 5372 2526 5423 γε
2578 5354 2830 5425 δυνηθείη
2881 5354 3010 5408 ποτέ
3057 5354 3364 5425 εὐπορήσας
3416 5354 3679 5427 ἀργυρίου

2107 5436 2419 5493 καταθεῖναι
2452 5434 2550 5505 τὴν
2578 5435 2743 5507 τιμὴν
2765 5432 2841 5504 τῷ
2860 5432 3114 5505 δεσπότῃ·
3143 5433 3173 5485 6
3201 5432 3258 5486 δὲ
3286 5432 3425 5505 ἀνὴρ
3453 5432 3557 5489 κᾶν
3581 5435 3680 5503 τὴν

2106 5516 2361 5572 ἁπάντων
2387 5512 2536 5586 [289]
2575 5511 2989 5584 ἀργαλεωτέραν
3021 5510 3117 5582 ἔχῃ
3156 5514 3408 5581 γυναῖκα,
3433 5512 3679 5585 στέργειν

2106 5593 2469 5664 ἀναγκάζεται
2500 5593 2595 5662 τὴν
2617 5590 2856 5644 δουλείαν
2891 5591 2934 5655 ί,
2967 5591 3060 5644 καὶ
3091 5589 3243 5644 λύσιν
3270 5590 3520 5661 οὐδεμίαν
3557 5590 3679 5645 οὐδέ

2105 5673 2332 5742 διέξοδον
2358 5671 2561 5743 ταύτης
2582 5670 2801 5724 δύναται
2828 5669 2927 5740 τῆς
2949 5668 3262 5735 δεσποτείας
3287 5672 3483 5742 εὑρεῖν.

2173 5761 2193 5801 ί
2218 5762 2341 5822 Reg.
2362 5759 2418 5807 16
2444 5760 2496 5807 δέ
2515 5759 2699 5816 ἀληθές.

2171 5813 3448 5904 ⁸9ίέἓὲδὲξξζδηιίοέέτέἒὲἓῖοἴῗὲ.ξίέξξξῖη·θί³¹⁰τ⁸¹’
3474 5813 3676 5863 εκοίάεθ

2110 5882 2376 5944 ranuqum
2397 5893 2457 5928 ex
2479 5882 2604 5941 Heg.
2628 5884 2681 5926 el
2703 5882 2850 5926 Sam.
2875 5882 3166 5926 sal-ciuulur.

2173 5943 2203 5985 ι
2227 5943 2353 6009 μεως
2360 5941 2557 6003 paulum
2572 5939 2775 6009 ῥίγει-ευ
2785 5936 3025 6009 ἀετοῃςὶιι
3057 5938 3303 6009 ιξρκηιεεά
3323 5942 3483 5992 minus
3533 5946 3683 5992 recte.

2178 6009 2194 6048 ι
2221 6005 2303 6056 Sic
2323 5998 2466 6066 Reg,
2487 6000 2665 6051 melius
2683 6012 2827 6062 quam
2850 5998 3037 6063 εύίιίτῇ
3062 5998 3265 6066 δουλείᾳ.
