4016 6154
422 353 527 406 5ῗῶ
1792 349 1875 406 DE
1903 347 2364 404 VIRGINITATE.
3604 339 3713 396 55k

514 469 705 524 XXIX.
735 468 899 536 Illud,
922 467 998 523 Ne
1017 465 1330 522 defraudate
1353 464 1489 519 alter
1504 464 1752 530 alterum,
1786 478 1892 533 ejus
1921 479 2024 517 esse

439 565 527 633 qui
565 563 633 616 nd
672 563 1004 632 virginitatem
1041 561 1262 631 instiget.
1293 587 1364 600 -—
1406 557 1585 627 Itaque
1621 572 1740 611 cum
1783 555 2022 618 dixisset,

444 653 592 713 Uxor
615 655 695 709 sui
718 653 941 721 corporis
968 652 1172 704 domina
1192 666 1292 704 non
1311 659 1402 716 est,
1426 648 1590 710 addit,
1623 646 1705 701 Ne
1731 645 2028 710 defraudate

440 747 572 800 alter
591 746 822 806 alterum,
846 743 941 797 nisi
964 743 1009 796 si
1031 741 1154 814 quid
1175 758 1237 796 ea:
1259 757 1504 794 consensu
1520 739 1586 793 ad
1609 748 1821 808 tempus,
1841 746 1894 790 ut
1923 753 2028 804 pre-

441 839 585 892 cibus
628 847 674 891 et
713 837 912 908 jejunio
958 835 1140 889 vacetis
1170 848 1507 902 :rursumque
1555 831 1729 884 eodem
1774 829 2028 883 convenite

449 928 528 1000 (1.
561 926 680 982 Cor.
718 928 769 980 7.
797 927 852 980 4.
885 926 979 995 5).
1001 925 1194 979 Multos
1225 923 1308 977 hic
1334 938 1518 977 eorum
1558 921 1646 991 qui
1673 919 2026 990 virginitatem

444 1027 570 1074 sunt
592 1017 854 1086 amplexi,
899 1017 952 1069 in
995 1023 1140 1069 tanta
1183 1014 1327 1068 Pauli
1361 1011 1681 1082 indulgentia
1711 1009 2028 1065 erubescere

445 1126 508 1165 ac
535 1107 880 1164 verecundari
912 1107 1176 1161 existimo.
1223 1107 1294 1159 At
1327 1120 1392 1160 ne
1429 1105 1629 1166 timete,
1662 1118 1763 1157 neu
1785 1101 2028 1171 imperite

444 1203 730 1274 quidquam
760 1202 1042 1256 admittite.
1066 1201 1196 1256 Nam
1223 1210 1276 1254 et
1298 1201 1412 1255 haec
1433 1199 1677 1254 videntur
1697 1213 1816 1253 esse
1838 1197 2027 1266 conju-

444 1296 598 1366 gibus
637 1294 990 1365 indulgentis;
1022 1294 1114 1348 sed
1143 1295 1186 1348 si
1216 1294 1334 1363 quis
1359 1307 1421 1347 ea
1446 1300 1693 1347 accurate
1721 1299 1990 1346 scrutetur
2011 1330 2024 1355 ,

446 1386 684 1456 ejusdem
705 1401 827 1440 cum
855 1385 1218 1454 superioribus
1242 1383 1519 1439 sententia:
1553 1383 1862 1452 comperiet.
1893 1382 2030 1436 Alio-

447 1478 536 1548 qui
565 1477 609 1531 si
646 1492 709 1532 ea
739 1476 929 1531 leviter
958 1485 1246 1531 tractamus
1287 1476 1610 1546 pr0positam
1649 1490 1863 1529 causam
1908 1491 2027 1528 mu-

450 1566 627 1629 tando,
657 1559 912 1636 pronubte
941 1567 1120 1635 potius
1147 1581 1303 1637 quam
1330 1566 1569 1635 Apostoli
1589 1565 1753 1620 verba
1770 1565 2028 1637 videbun-

450 1667 534 1710 tur
561 1657 678 1711 :sin
707 1657 984 1712 consilium
1011 1673 1170 1712 omne
1199 1659 1520 1722 evolvamus,
1549 1659 1710 1712 etiam
1751 1658 1887 1712 hanc
1934 1672 1999 1712 co

449 1747 803 1803 hortationem
837 1749 1050 1818 dignam
1071 1749 1361 1818 apostolica
1386 1749 1642 1818 gravitate
1670 1749 2027 1804 inveniemus.

447 1840 584 1908 Quid
620 1849 703 1896 est
737 1841 881 1895 enim
909 1856 1004 1895 cur
1032 1842 1083 1895 in
1117 1842 1215 1896 hac
1245 1841 1601 1912 disputatione
1632 1841 1884 1912 prolixior
1909 1837 2032 1894 est?

449 1948 519 1986 an
575 1947 681 1987 non
729 1933 780 1987 id
827 1935 956 1989 satis
1008 1943 1160 2002 erat,
1192 1945 1249 1989 ut
1295 1951 1416 1990 cum
1470 1934 1834 2005 superioribus
1854 1932 2031 1987 verbis

453 2022 558 2077 hoc
594 2025 824 2093 graviter
865 2034 1305 2094 reprtesentasset
1329 2067 1344 2088 ,
1377 2024 1797 2080 cohortationem
1825 2023 1929 2078 illic
1955 2024 2029 2077 si-

453 2115 653 2168 steret?
679 2130 799 2168 nam
825 2115 948 2185 quid
978 2115 1080 2180 his,
1109 2114 1192 2170 Ne
1215 2117 1512 2188 defraudate
1534 2115 1662 2170 alter
1681 2114 1916 2182 alterum,
1935 2116 2034 2170 nisi

454 2207 500 2260 si
529 2207 650 2276 quid
668 2224 730 2262 ea:
748 2225 987 2262 consensu
1011 2209 1079 2261 ad
1110 2219 1322 2280 tempus,
1347 2211 1464 2280 plus
1485 2209 1678 2265 dicitur
1716 2225 1872 2281 quam
1905 2210 2031 2280 illis,

453 2295 619 2352 Uxori
633 2299 707 2350 vir
723 2299 937 2352 debitam
956 2300 1342 2354 benevolentiam
1357 2301 1535 2355 reddat
1553 2299 1658 2371 (Ib.
1673 2318 1719 2354 v.
1736 2301 1810 2369 ὅ),
1830 2311 1883 2357 et
1910 2302 2029 2369 hoc,

464 2386 551 2440 Vir
576 2388 656 2441 sui
684 2389 908 2458 corporis
934 2389 1167 2444 dominus
1195 2407 1295 2445 non
1323 2401 1392 2446 est
1411 2391 1516 2462 (Ib.
1538 2407 1584 2444 v.
1607 2393 1664 2460 4)
1681 2392 1704 2444 ?
1721 2391 2030 2448 Nihilsane:

452 2479 545 2535 sed
567 2481 706 2550 quod
737 2481 845 2536 illic
870 2482 1102 2537 breviter
1130 2493 1183 2538 et
1209 2483 1435 2538 obscure
1456 2484 1654 2539 dictum
1681 2493 1782 2551 est,
1811 2483 1894 2538 hic
1920 2485 2036 2554 plu-

454 2570 600 2624 ribus
631 2571 874 2626 illustrat.
908 2575 1081 2643 Atque
1112 2574 1162 2628 id
1197 2574 1316 2628 facit
1348 2583 1588 2629 sanctum
1617 2575 1708 2628 Dei
1732 2575 2034 2630 Samuelem

455 2661 705 2715 imitatus.
735 2661 804 2718 Ut
829 2665 968 2717 enim
992 2664 1079 2718 ille
1094 2665 1489 2720 accuratissime
1507 2667 1654 2733 regni
1679 2666 1820 2736 leges
1844 2666 2036 2735 populo

455 2761 719 2816 recenset,
759 2761 950 2809 nonut
991 2768 1079 2808 eas
1112 2756 1438 2824 suscipiant,
1486 2757 1579 2812 sed
1607 2773 1672 2812 ne
1711 2757 2033 2828 suscipiant;

455 2846 645 2915 agique
668 2845 927 2901 institutio
950 2847 1189 2916 quaedam
1220 2849 1446 2914 videtur,
1465 2865 1584 2904 cum
1623 2865 1802 2906 revera
1849 2851 2040 2907 intem-

459 2938 674 3007 pestiva:
703 2954 886 2993 eorum
912 2939 1211 3009 cupiditatis
1237 2940 1535 2996 dehortatio
1557 2943 1625 2996 sit
1651 2960 1664 2997 :
1689 2943 1753 2996 ad
1791 2942 2036 2997 eumdem

459 3027 674 3081 modum
703 3038 755 3082 et
782 3029 976 3084 Paulus
1008 3031 1326 3084 matrimonii
1355 3033 1686 3102 tyrannidem
1708 3031 2040 3103 frequentius

456 3129 509 3174 et
534 3122 768 3190 apertius
798 3121 1045 3186 inculcat,
1073 3137 1165 3176 eos
1195 3122 1274 3176 his
1307 3124 1480 3178 verbis
1506 3125 1687 3178 volens
1725 3124 1846 3178 inde
1882 3139 2038 3178 revo-

456 3229 601 3269 care.
653 3215 835 3284 Itaque
875 3216 924 3270 ei
968 3217 1265 3278 sententiae,
1303 3215 1444 3270 Uxor
1474 3218 1551 3269 sui
1582 3218 1806 3287 corporis
1834 3217 2040 3270 domina

457 3321 557 3357 non
587 3313 680 3371 est,
704 3305 869 3370 addit,
904 3306 986 3358 Ne
1006 3307 1306 3378 defraudate
1326 3309 1453 3361 alter
1472 3308 1706 3372 alterunt,
1735 3309 1831 3361 nisi
1858 3309 1901 3361 si
1921 3307 2042 3376 quid

457 3411 523 3449 ea:
545 3411 807 3461 consensu,
827 3407 880 3450 ut
893 3398 1092 3467 jejunio
1121 3409 1166 3451 et
1194 3399 1421 3468 precibus
1441 3400 1642 3453 vacetis.
1676 3398 1836 3453 Vides
1865 3406 1922 3453 ut
1943 3407 2044 3454 nec

457 3486 676 3556 opinato
699 3494 754 3542 et
773 3487 890 3542 sine
917 3489 1176 3552 molestia,
1205 3505 1298 3544 eos
1323 3491 1410 3559 qui
1435 3491 1486 3544 in
1512 3490 1853 3544 matrimonio
1882 3491 2042 3560 dege-

459 3588 581 3633 rent
600 3579 665 3632 ad
693 3580 1033 3635 continentiae
1064 3581 1294 3635 studium
1323 3582 1578 3637 inducat?
1619 3582 1752 3636 Nam
1783 3582 2043 3653 principio

461 3685 574 3725 rem
608 3671 836 3725 laudavit
869 3672 1051 3728 dicens
1071 3715 1084 3740 ,
1110 3673 1306 3728 Bonum
1341 3684 1414 3729 est
1439 3675 1630 3729 homini
1658 3677 1916 3730 mulierem
1941 3694 2044 3731 non

461 3769 666 3830 tangere
685 3763 760 3831 (1.
780 3761 896 3817 Cor.
921 3765 972 3818 7.
998 3763 1052 3833 1)
1079 3781 1091 3816 :
1116 3766 1200 3818 hic
1211 3766 1426 3822 adhibet
1446 3768 1602 3821 etiam
1621 3767 2042 3823 cohortationem

463 3852 545 3906 his
567 3854 758 3918 verbis,
791 3853 874 3908 Ne
899 3855 1205 3924 defraudetis
1233 3858 1360 3911 alter
1387 3859 1619 3926 alterum,
1647 3862 1744 3914 nisi
1771 3862 1816 3914 si
1843 3862 1962 3930 quid
1983 3877 2045 3916 ex

461 3960 722 3999 consensu.
754 3945 820 4000 Et
849 3961 946 4001 cur
964 3949 1103 4018 quod
1125 3951 1469 4004 constitutum
1501 3952 1730 4016 volebat,
1764 3951 2046 4007 hortabun-

413 4076 415 4078 .
463 4034 582 4101 dus,
612 4051 716 4090 non
742 4037 1153 4106 imperabundus
1183 4041 1468 4109 preponit?
1508 4041 1689 4112 Neque
1718 4043 1857 4098 enim
1888 4043 2040 4106 dixit,

466 4127 783 4184 Defraudate
803 4131 935 4184 alter
961 4132 1203 4198 alterum,
1227 4132 1514 4188 dummodo
1536 4151 1601 4188 ex
1627 4150 1920 4200 consensu;
1950 4135 2044 4188 sed

463 4218 625 4286 quid?
653 4217 735 4273 Ne
759 4218 1057 4289 defraudate
1080 4222 1204 4275 alter
1229 4224 1462 4289 alterunt,
1495 4225 1592 4278 nisi
1625 4227 1668 4278 si
1693 4227 1814 4294 quid
1841 4243 1904 4280 ex
1922 4243 2045 4279 con-

463 4325 630 4363 sensu.
662 4309 794 4378 Quia
822 4310 907 4366 hic
933 4327 1109 4366 sermo
1139 4313 1304 4367 levior
1331 4323 1438 4380 est,
1470 4315 1701 4370 doctoris
1729 4321 2044 4371 sententLam

464 4398 833 4456 demonstrans
859 4441 874 4468 ,
905 4417 1022 4472 qua:
1047 4403 1212 4472 rigide
1237 4405 1286 4457 id
1319 4422 1422 4458 non
1448 4406 1640 4475 exigat,
1669 4421 1788 4460 cum
1819 4407 2047 4462 maxime

466 4504 674 4544 summa
704 4491 1070 4547 benevolentia
1100 4495 1444 4562 persolvatur.
1469 4496 1648 4566 Neque
1673 4512 1737 4550 eo
1760 4497 1874 4551 solo
1899 4499 2050 4552 audi-

467 4589 634 4634 torem
662 4582 881 4646 solatur,
911 4586 1004 4637 sed
1033 4585 1190 4638 etiam
1214 4587 1352 4655 quod
1377 4603 1620 4655 aSperum
1652 4589 1900 4643 brevibus
1927 4606 2048 4643 ver-

467 4670 549 4724 bis
578 4673 884 4740 complexus
913 4675 1058 4743 prius
1078 4676 1143 4729 ad
1167 4677 1399 4745 jucunda
1421 4690 1738 4746 revertatur,
1764 4697 1919 4750 quam
1950 4698 2047 4736 au-

466 4761 692 4817 ditorem
719 4764 873 4818 dolor
892 4767 1130 4837 attingat,
1159 4768 1209 4821 in
1242 4771 1410 4839 iisque
1437 4772 1601 4840 magis
1628 4781 1883 4826 moretur.

541 4856 710 4910 XXX.
740 4855 843 4912 Cur
863 4859 906 4912 si
928 4861 1226 4914 honoratum
1254 4864 1627 4916 matrimonium
1649 4875 1740 4930 est,
1758 4867 2048 4935 jejunantes

467 4947 692 5001 hortetur
737 4947 937 5004 Paulus
992 4969 1260 5023 congressu
1313 4956 1873 5026 abstinere—Atque
1921 4959 2049 5012 illud

465 5040 624 5093 etiam
668 5043 958 5110 quastione
1009 5044 1224 5114 dignum
1271 5057 1372 5110 est,
1423 5064 1538 5112 cur,
1590 5049 1635 5102 si
1683 5050 1893 5118 quidem
1956 5051 2051 5104 ho-

468 5133 706 5188 uorabile
753 5147 831 5189 est
889 5138 1282 5191 matrimonium
1335 5147 1389 5192 et
1441 5149 1586 5194 torus
1635 5141 2000 5195 immaculatus
2031 5183 2046 5206 ,

463 5222 516 5276 ei
573 5238 788 5292 precum
839 5241 901 5279 ac
949 5227 1136 5296 jejunii
1182 5239 1420 5297 tempore
1473 5229 1646 5282 locum
1695 5229 1890 5286 habere
1945 5250 2046 5286 nou

466 5313 776 5381 permittat?
825 5316 975 5384 Quod
1020 5318 1398 5386 perabsurdum
1447 5329 1606 5385 esset,
1637 5319 1882 5384 Iudaeos,
1929 5323 2047 5391 qni-

465 5407 564 5460 bus
601 5408 777 5462 omnia
826 5424 1080 5478 corporea
1122 5413 1595 5477 constituebantur,
1630 5414 1719 5483 qui
1744 5414 1874 5469 duas
1917 5431 2047 5469 eon-

460 5499 617 5570 juges
641 5501 839 5558 habere
861 5545 878 5570 ,
933 5513 986 5558 et
1032 5504 1148 5559 aliis
1185 5506 1368 5576 ejectis
1401 5506 1531 5560 alias
1567 5506 1866 5562 adsciscere
1909 5507 2052 5568 sine-

464 5589 688 5654 bantur,
722 5601 930 5647 tantam
964 5597 1018 5648 iu
1040 5597 1141 5650 hac
1174 5613 1231 5651 re
1254 5612 1473 5667 operam
1501 5615 1731 5671 ponere,
1768 5609 1826 5654 ut
1851 5601 2038 5662 divina

463 5687 682 5740 oracula
724 5687 1000 5752 audituri,
1034 5691 1195 5744 etiam
1243 5692 1485 5763 legitimo
1514 5693 1661 5748 coitu
1695 5694 2036 5748 abstinerent

465 5775 660 5839 (Exod.
699 5778 806 5844 19),
835 5779 995 5841 idouc
1019 5798 1123 5835 non
1163 5799 1327 5838 unum
1359 5795 1453 5839 aut
1488 5787 1719 5841 alterum
1750 5786 1911 5856 diem,
1942 5788 2037 5843 sed

2133 463 2291 517 etiam
2313 460 2492 531 plures
2517 476 2530 515 :
2559 475 2659 518 nos
2681 469 2860 519 autem
2883 469 3028 518 tanta
3049 461 3274 519 allectos
3289 464 3476 534 gratia,
3495 467 3580 536 qui
3611 471 3716 536 spi-

2133 552 2301 607 ritalia
2327 553 2647 623 accepimus,
2676 554 2972 617 defunctos,
2996 570 3116 610 cum
3142 555 3354 611 Christo
3373 557 3716 626 consepultus

2134 645 2291 712 (Vide
2311 645 2380 698 ad
2408 644 2558 700 Rom.
2585 646 2665 718 8),
2695 647 2981 718 adoptione
3011 658 3215 716 auctos,
3241 649 3306 703 ad
3339 665 3456 704 eam
3483 650 3716 721 dignita-

2134 745 2238 792 tem
2263 748 2493 803 evectos,
2529 747 2647 808 post
2675 747 2750 794 tot
2777 749 3024 811 tantaque
3051 741 3187 798 bona
3217 757 3284 796 ne
3304 742 3580 797 infantium
3603 747 3720 814 qui-

2132 828 2252 882 dem
2281 828 2489 883 illorum
2519 830 2749 884 studium
2784 831 3056 901 consequi.
3097 833 3246 898 Quod
3287 834 3330 886 si
3363 835 3480 904 quis
3525 834 3716 888 iterum

2132 933 2373 988 quaerere
2401 920 2666 988 persistat,
2692 935 2786 974 cur
2806 922 2977 976 Moses
3009 922 3122 990 ipse
3150 923 3362 981 Judreos
3388 923 3458 978 ab
3487 939 3552 979 eo
3575 926 3717 979 coitu

2132 1008 2376 1074 abducat,
2408 1010 2457 1063 id
2487 1009 2678 1065 haheat
2703 1026 3014 1081 responsum
3046 1031 3059 1068 :
3099 1015 3198 1068 etsi
3245 1013 3556 1070 honorabile
3598 1028 3716 1068 ma-

2134 1101 2440 1156 trimonium
2481 1103 2568 1170 sit,
2597 1113 2652 1156 at
2689 1118 2755 1158 eo
2800 1105 2986 1159 solum.
3013 1094 3434 1176 pertingere,'ut
3479 1117 3716 1162 utentem

2133 1207 2238 1246 non
2261 1192 2519 1263 inquinet,
2541 1205 2753 1250 sanctos
2780 1211 2906 1259 vero
2937 1208 3189 1267 praestare
3227 1215 3332 1255 non
3371 1199 3498 1254 illud
3537 1215 3717 1270 posse,

2133 1282 2226 1337 sed
2245 1283 2616 1354 virginitatem.
2646 1287 2723 1342 Ne
2743 1302 2871 1351 vero
2896 1298 3046 1358 putes
3075 1303 3134 1343 ea
3159 1289 3336 1344 Mosen
3361 1291 3532 1344 solum
3560 1300 3716 1360 atque

2133 1375 2355 1430 Paulum
2396 1378 2645 1444 edixisse,
2679 1380 2800 1436 audi
2849 1381 2974 1450 quid
3016 1381 3130 1444 Joel
3173 1382 3317 1437 dicat
3348 1401 3360 1436 :
3389 1382 3719 1452 Sanctiﬁcate

2124 1467 2397 1538 jejunium,
2430 1470 2702 1537 prwdicate
2724 1472 3052 1536 curationem,
3085 1473 3244 1542 cogite
3268 1482 3465 1538 caelum,
3498 1474 3719 1529 seniores

2134 1575 2433 1630 congregate
2461 1559 2598 1632 (Ιοεί
2649 1562 2704 1616 2.
2737 1563 2845 1633 15).
2891 1564 2994 1618 Sed
3037 1568 3232 1634 qu:rris
3253 1608 3268 1632 ,
3305 1565 3518 1619 ubinam
3547 1582 3718 1622 uxore

2134 1649 2503 1705 abstinendum
2535 1653 2708 1712 dicat?
2735 1652 3064 1724 Egrediatur,
3093 1656 3280 1724 inquit,
3307 1673 3519 1726 sponsus
3539 1657 3601 1711 de
3621 1675 3716 1711 cu-

2134 1739 2222 1794 bili
2248 1757 2358 1806 suo,
2388 1751 2435 1795 et
2463 1759 2650 1814 sponsa
2674 1745 2737 1799 de
2765 1746 2989 1800 thalamo
3015 1764 3105 1802 suo
3133 1747 3238 1819 (Ib.
3263 1764 3311 1802 υ.
3341 1749 3451 1819 16).
3487 1748 3542 1804 Id
3575 1753 3715 1806 enim

2135 1830 2365 1888 Mosaico
2393 1834 2553 1888 etiam
2581 1835 2751 1905 majus
2779 1845 2862 1892 est
2893 1849 3179 1908 przecepto.
3223 1839 3356 1894 Nam
3386 1841 3432 1895 si
3461 1855 3715 1912 Sponsum

2135 1937 2198 1976 ac
2223 1939 2473 1992 sponsam
2500 1926 2716 1981 libidine
2740 1928 3012 1996 ardentes,
3035 1929 3251 1999 juventa
3278 1935 3598 2002 prurientes,
3623 1950 3717 1988 cu-

2135 2013 2354 2084 piditate
2379 2015 2632 2084 infrenes,
2649 2017 2838 2088 jejunii
2866 2029 2920 2074 et
2949 2035 3163 2090 precum
3188 2031 3424 2092 tempore
3450 2025 3596 2079 coire
3622 2041 3715 2080 nep

2137 2103 2216 2158 fas
2239 2115 2347 2171 est,
2377 2110 2766 2179 quantomagis
2795 2119 3020 2166 caeteros
3046 2128 3163 2168 eam
3201 2115 3589 2184 congrediendi-
3623 2132 3719 2170 ne-

2137 2198 2438 2253 cessitatem
2468 2215 2573 2254 non
2603 2200 2894 2256 habentes?
2931 2201 3031 2269 Qui
3056 2204 3196 2263 enim
3228 2205 3456 2261 utdecct
3480 2221 3722 2276 compre~

2135 2298 2286 2342 cetur
2325 2303 2390 2344 ac
2423 2290 2646 2360 jejunet,
2689 2293 2736 2347 ei
2779 2308 2999 2349 necesse
3044 2299 3146 2360 sit,
3173 2310 3332 2351 omne
3373 2298 3722 2354 humanarum

2139 2396 2314 2435 rerum
2345 2384 2598 2450 studium,
2625 2399 3048 2442 omnemcuram
3076 2395 3128 2442 et
3160 2389 3427 2458 negotium
3453 2389 3718 2459 abjieere,

2137 2486 2200 2526 ac
2225 2486 2284 2526 se
2315 2473 2545 2544 undique
2577 2475 2914 2546 colligentem
2951 2478 3117 2537 Deum
3156 2479 3322 2534 adire.
3367 2479 3542 2546 Quare
3569 2490 3622 2536 et
3645 2481 3722 2551 je~

2134 2561 2338 2632 junium
2381 2564 2578 2620 bonum
2616 2575 2719 2634 est,
2749 2567 2943 2638 quippe
2971 2568 3112 2639 quod
3142 2570 3328 2625 recisis
3355 2571 3514 2625 animi
3545 2573 3685 2626 curis
3704 2615 3720 2639 ,

2138 2671 2201 2710 ac
2228 2657 2543 2728 negligentia
2584 2675 2702 2730 quae
2744 2670 2974 2718 mentem
3005 2662 3338 2719 circumﬂuat
3361 2679 3603 2734 repressa
3629 2680 3723 2720 co-

2137 2749 2444 2818 gitationem
2476 2767 2688 2808 omnem
2715 2753 2782 2808 ad
2804 2769 2863 2810 se
2897 2765 3191 2812 convertat.
3219 2756 3273 2813 Id
3295 2758 3436 2828 quod
3455 2767 3506 2812 et
3529 2759 3724 2813 Paulus

2141 2841 2386 2909 innuens,
2413 2858 2442 2897 a
2472 2859 2757 2913 congressu
2787 2855 2954 2913 arcet,
2978 2855 3031 2902 et
3051 2847 3227 2903 verbis
3257 2849 3421 2904 utitur
3438 2849 3723 2904 admodum

2141 2934 2472 3003 opportunis.
2523 2935 2636 2989 Non
2689 2936 2829 2990 enim
2874 2938 2968 3003 ait,
2997 2938 3075 2994 Ne
3116 2938 3485 3010 inquinemini,
3514 2941 3628 3007 sed,
3656 2939 3726 2997 Ut

2130 3025 2334 3095 jejunio
2363 3034 2411 3079 et
2437 3025 2662 3094 precibus
2686 3028 2868 3081 vacetis
2895 3045 2912 3082 :
2939 3029 3082 3084 velut
3109 3032 3250 3085 coitu
3284 3046 3404 3086 cum
3430 3047 3594 3087 uxore
3621 3045 3726 3088 non

2142 3115 2206 3170 ad
2231 3113 2541 3182 fmditatem,
2571 3117 2664 3171 sed
2690 3118 2758 3172 ad
2782 3121 3180 3188 occupationem
3209 3137 3306 3177 nos
3334 3133 3576 3194 cogente.

2214 3207 2408 3261 XXXI.
2442 3208 2542 3275 Qui
2569 3209 2936 3278 precationibus
2962 3211 3056 3264 rite
3071 3228 3274 3282 operam
3301 3211 3422 3266 dare
3447 3214 3617 3281 velint,
3642 3229 3732 3267 nev-

2144 3301 2360 3355 cessario
2405 3299 2632 3355 Paulum
2671 3317 2702 3354 a
2745 3303 3008 3356 concubitu
3054 3319 3306 3360 avocasse.
3343 3304 3558 3362 —Nam
3602 3321 3726 3360 cum

2143 3408 2285 3447 nunc
2315 3401 2432 3462 post
2461 3402 2536 3447 tot
2567 3394 2809 3462 praesidia
2844 3396 3101 3465 impedire
3130 3411 3227 3451 nos
3253 3412 3466 3467 precum
3489 3406 3729 3467 tempore

2145 3485 2391 3542 diabolus
2421 3496 2664 3555 conetur,
2692 3489 2879 3558 ecquid
2908 3506 3011 3544 non
3043 3491 3292 3545 molietur
3316 3492 3512 3546 mentis
3545 3492 3730 3547 oculos

2146 3577 2250 3632 huc
2279 3577 2400 3631 illuc
2423 3577 2694 3647 iactando,
2713 3579 2947 3633 animum
2976 3589 3162 3634 nactus
3187 3580 3537 3644 difﬂuentem.
3565 3590 3728 3652 atque

2147 3670 2327 3724 uxoris
2365 3670 2540 3724 studio
2570 3671 2900 3726 emollitum?
2941 3671 3092 3739 Quod
3123 3688 3190 3728 ne
3220 3681 3558 3743 pateremur,
3594 3689 3730 3730 neve

2145 3777 2264 3816 cum
2295 3761 2625 3830 potissimum
2650 3761 2702 3816 id
2728 3763 2951 3832 agimus,
2979 3770 3039 3817 ut
3076 3763 3242 3818 Deum
3270 3763 3423 3820 nobis
3445 3763 3729 3834 propitium

2145 3870 2533 3924 comparemus,
2568 3862 2676 3909 tum
2708 3869 2866 3925 prece
2893 3854 3027 3910 adeo
3054 3854 3186 3911 futili
3216 3872 3335 3912 eum
3364 3856 3728 3922 irritaremus,

2144 3947 2292 4018 jubet
2321 3954 2428 4000 tum
2456 3962 2482 3999 a
2512 3947 2652 4001 coitu
2679 3962 2837 4016 puros
2863 3962 3001 4003 esse.

2218 4037 2434 4092 XXXII.
2463 4038 2560 4111 Qui
2593 4040 2811 4109 segniter
2834 4050 3115 4108 precentur,
3139 4057 3241 4095 non
3269 4041 3420 4096 modo
3441 4041 3608 4097 Deum
3629 4059 3730 4097 nou

2148 4130 2443 4200 propitiare,
2463 4129 2550 4182 sed
2570 4130 2718 4183 etiam
2733 4130 2951 4184 irritare.
2967 4130 3258 4185 —-Etenim
3284 4131 3330 4186 si
3354 4132 3444 4202 qui
3465 4147 3618 4204 reges
3633 4134 3730 4187 ad-

2149 4229 2304 4285 eunt;
2336 4227 2390 4274 et
2415 4219 2538 4289 quid
2564 4234 2716 4289 reges
2744 4220 2899 4274 dico?
2924 4221 3030 4274 imo
3055 4237 3182 4277 vero
3220 4221 3430 4277 infimos
3456 4223 3701 4294 magistra

2153 4320 2255 4377 tus,
2283 4320 2337 4364 et
2365 4310 2503 4364 servi
2531 4311 2690 4364 heros
2715 4310 3066 4380 alloquentes,
3107 4326 3202 4366 seu
3245 4312 3298 4366 id
3337 4321 3497 4383 agant
3541 4314 3712 4384 injun.

2150 4403 2218 4456 ab
2246 4402 2363 4456 aliis
2393 4401 2587 4467 affecti,
2620 4416 2712 4456 seu
2745 4401 3058 4456 beneficium
3103 4403 3199 4473 ipsi
3241 4405 3603 4474 postulantes,
3640 4420 3735 4462 seu

2152 4495 2283 4548 iram
2331 4495 2382 4548 in
2434 4508 2492 4548 se
2535 4494 2815 4548 excitatam
2858 4495 3035 4564 sopire
3076 4505 3341 4561 curantes,
3386 4505 3440 4553 et
3476 4498 3645 4554 oculis
3681 4507 3735 4553 et

2155 4595 2332 4642 mente
2359 4587 2500 4641 omni
2531 4586 2596 4641 ad
2625 4601 2718 4642 eos
2743 4602 3020 4655 conversa,
3052 4589 3120 4642 ita
3149 4589 3470 4661 colloquium
3502 4589 3734 4654 habent;

2153 4679 2234 4732 sin
2262 4679 2536 4732 minimum
2570 4686 2830 4747 torpeant,
2865 4694 2971 4733 non
2997 4680 3166 4734 solum
3197 4695 3292 4749 pro
3317 4680 3509 4750 quibus
3534 4680 3736 4750 suppli-

2153 4771 2347 4825 cabunt
2373 4785 2476 4824 non
2505 4769 2812 4839 perficient,
2845 4769 2938 4824 sed
2968 4771 3108 4825 malo
3137 4771 3295 4824 etiam
3325 4770 3737 4840 acceptudisce-

2153 4862 2281 4916 dent
2311 4879 2323 4914 :
2352 4861 2396 4916 si
2435 4862 2523 4931 qui
2559 4860 2830 4919 hominum
2859 4859 3091 4922 furorem
3121 4861 3288 4920 lenire
3314 4861 3528 4926 volunt,
3559 4869 3734 4914 tanto-

2153 4968 2283 5022 pere
2319 4953 2587 5018 laborant;
2637 4952 2762 5027 quid
2803 4953 2956 5007 nobis
2996 4953 3204 5007 miseris
3235 4953 3348 5020 fiet,
3378 4951 3468 5022 qui
3499 4952 3749 5005 omniuuv

2156 5042 2446 5112 principem
2501 5043 2665 5097 Deum
2691 5042 2824 5098 adeo
2847 5043 3176 5114 negligenter
3217 5043 3458 5108 adimus,
3507 5043 3736 5098 maxime

2155 5151 2274 5190 cum
2304 5137 2458 5206 longe
2486 5135 2671 5206 majori
2694 5135 2861 5190 simus
2890 5135 2982 5190 ira:
3008 5135 3253 5194 obnoxii?
3278 5134 3460 5204 Neque
3481 5135 3621 5188 enim
3645 5133 3730 5188 he-

2155 5245 2272 5283 rum
2308 5244 2514 5298 servus,
2541 5238 2631 5282 aut
2669 5244 2848 5298 regem
2879 5227 3120 5281 subditus
3147 5236 3249 5280 tam
3279 5226 3510 5295 graviter
3543 5225 3728 5291 irritat,

2155 5335 2312 5394 atque
2341 5338 2438 5378 nos
2465 5323 2631 5376 Deum
2657 5323 2706 5375 in
2729 5320 2862 5375 dies.
2892 5321 3063 5390 Atque
3088 5319 3139 5373 id
3167 5317 3469 5389 signiﬁcans
3494 5318 3731 5372 Christus

2155 5424 2370 5489 peccata
2415 5415 2466 5468 in
2493 5415 2652 5468 alium
2681 5421 2891 5467 centum
2936 5411 3204 5476 denarios,
3235 5415 3287 5464 in
3338 5409 3504 5464 Deum
3550 5410 3735 5466 decem

2156 5508 2315 5562 millia
2346 5507 2544 5562 talenta
2576 5504 2884 5566 nominabat
2908 5501 3118 5573 (Matth.
3150 5502 3236 5561 18.
3270 5503 3385 5573 24).
3415 5502 3588 5568 Quare
3612 5515 3735 5555 cum

2155 5614 2276 5654 eum
2304 5599 2550 5653 sedandae
2579 5606 2737 5652 tanta:
2775 5597 2889 5662 irae,
2921 5595 3162 5666 ejusque,
3186 5611 3342 5665 quem
3371 5594 3608 5664 quotidie
3635 5607 3734 5661 op-

2156 5705 2468 5762 pugnemus,
2501 5686 2816 5759 propitiandi
2842 5701 3002 5742 causa
3024 5686 3268 5760 precibus
3293 5685 3520 5746 adimus,
3545 5684 3733 5737 merito

2155 5800 2254 5840 nos
2295 5784 2360 5839 ab
2404 5800 2464 5839 ea
2509 5784 2776 5854 voluptate
2822 5765 2994 5848 arcet,
3027 5779 3178 5852 quasi
3220 5779 3399 5835 dicat:
3433 5777 3507 5833 De
3555 5779 3730 5831 auium
