4016 6154
326 300 430 363 I553

327 421 480 476 nobis
519 421 692 492 agitur
712 463 726 487 ,
754 420 1034 487 carissimi,
1062 415 1142 477 de"
1167 438 1374 478 summa
1404 439 1584 479 rerum
1613 425 1905 495 periculum

323 523 439 578 est;
478 513 835 580 tremendum,
870 514 1216 582 horrendum,
1253 514 1642 572 formidandum
1671 526 1770 572 est.
1807 517 1912 573 He-

326 621 441 660 rum
493 607 701 661 adimus
750 607 1061 672 terribilem,
1113 610 1381 664 multoties
1419 625 1450 664 a
1499 609 1652 665 nobis
1699 611 1905 678 laesum,

327 699 492 751 multa
549 697 830 753 habentem
870 714 986 768 qua:
1017 700 1290 755 nobiscum
1320 703 1636 770 expostulet.
1664 703 1780 758 Non
1808 703 1910 759 hoc

324 803 533 858 tempus
563 799 644 844 est
683 791 1044 860 amplexuum,
1069 807 1174 846 non
1201 793 1551 864 voluptatum,
1594 794 1686 848 scd
1729 795 1907 866 Incry-

321 896 550 946 marum,
571 883 880 938 acerborum
902 885 1212 953 gemituum,
1240 887 1627 955 prostrationis,
1648 900 1908 943 accuratae

321 973 695 1040 confessionis,
747 975 1014 1046 diligentis
1061 977 1502 1047 supplicationis,
1551 978 1906 1048 frequentium

323 1082 576 1134 precum;
606 1067 1030 1137 quandoquidem
1054 1068 1190 1122 bene
1227 1083 1350 1124 cum
1392 1085 1457 1124 eo
1494 1081 1680 1140 agatur
1706 1071 1795 1140 qui
1827 1071 1905 1126 vel

324 1166 472 1212 tanto
506 1158 680 1213 studio
706 1155 836 1212 iram
864 1175 979 1213 cam
1007 1159 1189 1223 leniat,
1218 1175 1323 1214 non
1352 1161 1471 1230 quia
1503 1161 1666 1218 durus
1695 1176 1756 1215 ac
1783 1176 1905 1217 cru-

323 1250 460 1305 delis
487 1251 556 1304 sit
586 1251 838 1305 Dominus
867 1262 1075 1316 noster;
1105 1260 1186 1304 cst
1213 1251 1354 1306 enim
1382 1250 1667 1308 admodum
1697 1253 1828 1308 lenis
1855 1263 1908 1306 et

325 1345 616 1409 humanus;
665 1344 755 1398 sed
801 1345 1058 1398 set-lerunt
1107 1352 1411 1398 nostrorum
1459 1345 1763 1414 magnitudo
1807 1347 1905 1399 etsi

324 1437 646 1505 benignum,
701 1436 1015 1490 clementem
1059 1446 1218 1506 atque
1265 1437 1658 1491 misericordem
1686 1479 1699 1504 ,
1757 1437 1908 1492 facile

324 1528 477 1581 nobis
505 1529 777 1596 ignoscere
820 1543 923 1580 non
969 1528 1115 1582 sinit.
1165 1527 1342 1598 Itaque
1378 1528 1470 1593 ait,
1519 1527 1585 1584 Ut
1617 1529 1816 1599 jejunio
1861 1537 1907 1580 et

325 1619 552 1686 precibus
578 1619 780 1672 vacetis.
806 1618 941 1686 Quid
971 1620 1127 1688 igitur
1151 1629 1235 1673 est
1263 1634 1326 1673 ac
1349 1621 1602 1673 servitute
1627 1619 1907 1674 acerbius?

328 1705 460 1765 Volo
503 1711 552 1763 in
593 1713 787 1766 virtute
835 1712 1054 1780 gradum
1104 1711 1298 1776 facere,
1339 1712 1388 1765 iu
1430 1712 1615 1766 caelum
1656 1712 1907 1776 evolare,

319 1797 519 1871 jejunio
544 1813 700 1871 atque
732 1803 975 1872 precibus
1013 1803 1224 1858 assidue
1266 1804 1498 1856 intentus
1534 1803 1696 1856 animi
1721 1803 1909 1856 sordes

325 1893 634 1962 nbstergcre
669 1911 681 1944 :
712 1893 853 1962 quod
879 1895 923 1947 si
952 1893 1036 1946 illa
1066 1894 1117 1946 in
1151 1893 1199 1949 id
1230 1894 1524 1948 institutum
1554 1909 1658 1947 non
1686 1908 1911 1948 consen-

324 1987 438 2052 tiat,
469 1985 698 2040 lascivia:
741 1986 857 2056 ejus
897 1985 1097 2039 servire
1138 2000 1317 2055 cogor.
1363 1984 1443 2039 Ob
1488 1985 1536 2040 id
1581 1985 1721 2038 enim
1760 1985 1910 2040 initio

321 2077 606 2140 monebat,
644 2075 842 2129 Bonum
881 2085 953 2130 est
995 2077 1188 2130 homini
1227 2077 1486 2130 mulierem
1529 2091 1629 2130 non
1675 2086 1908 2146 tangere;

323 2178 378 2221 et
407 2167 648 2236 discipuli
676 2169 834 2222 etiam
863 2167 1086 2221 Domino
1107 2167 1374 2232 dicebant,
1411 2165 1471 2220 Si
1498 2183 1554 2219 ea
1583 2174 1656 2219 est
1685 2167 1778 2218 viri
1797 2183 1910 2220 cum

322 2268 482 2312 uxore
531 2274 722 2322 causa,
777 2274 878 2310 non
932 2258 1129 2327 expedit
1185 2257 1562 2309 matrimonium
1620 2256 1912 2308 contrahere

325 2349 532 2419 (Matth.
558 2348 644 2402 19.
667 2348 786 2417 10);
819 2348 1012 2417 quippe
1035 2347 1328 2416 cogitantes
1357 2360 1574 2400 necesse
1601 2360 1719 2398 esse
1747 2346 1909 2400 alter—

326 2453 497 2495 utram
523 2440 572 2493 in
603 2449 808 2510 partem
839 2438 1090 2493 damnum
1117 2437 1352 2503 admitti,
1393 2451 1563 2506 eaque
1593 2435 1913 2508 cogitatione

327 2534 378 2586 in
408 2542 685 2598 angustum
713 2530 944 2596 deducti,
974 2545 1089 2585 eam
1120 2543 1300 2583 vocem
1324 2528 1634 2584 emiserunt.
1717 2559 1724 2570 -

396 2623 635 2679 XXXIII.
686 2623 879 2676 Eadem
924 2623 1104 2674 iterant
1146 2630 1400 2689 repetere,
1442 2637 1616 2673 eorum
1671 2636 1776 2675 esse
1824 2623 1910 2683 qui

330 2716 586 2772 Christum
615 2715 889 2768 imitentur.
915 2742 983 2754 -ι
1009 2713 1183 2780 Quare
1212 2713 1370 2766 etiam
1403 2711 1599 2765 Paulus
1625 2711 1674 2765 id
1704 2713 1915 2767 assidue

329 2809 543 2878 repetit,
580 2815 635 2859 ut
665 2807 715 2859 in
745 2819 861 2859 eam
893 2803 1266 2874 cogitationem
1308 2800 1611 2856 Corinthios
1649 2800 1862 2856 inducat
1897 2820 1909 2856 :

332 2899 497 2954 Suam
525 2899 735 2968 quisque
760 2912 967 2950 uxorem
989 2887 1166 2947 habeat
1193 2911 1210 2946 :
1240 2892 1399 2947 Uxori
1425 2893 1500 2946 vir
1524 2892 1740 2946 debitam
1770 2892 1916 2946 bene-

325 2989 594 3044 volentiam
618 2987 842 3042 reddat:
879 2983 1022 3041 Uxor
1049 2986 1126 3039 sui
1159 2984 1383 3052 corporis
1417 2984 1622 3037 domina
1662 3000 1761 3037 non
1800 2993 1915 3037 est:

332 3079 416 3135 Ne
449 3079 746 3152 defraudate
784 3079 912 3132 alter
945 3077 1158 3131 alterum
1187 3093 1204 3129 :
1233 3073 1427 3129 Eodem
1467 3076 1738 3130 convenite.
1783 3076 1912 3129 Nam

330 3185 430 3229 uec
455 3173 597 3228 beati
623 3173 694 3228 illi
722 3171 773 3227 id
799 3172 865 3226 ad
894 3173 1120 3242 primam
1147 3186 1330 3226 vocem
1355 3178 1464 3225 tum
1493 3179 1792 3234 senserunt,
1822 3171 1913 3224 sed

331 3274 606 3336 postquam
653 3263 705 3318 id
752 3263 985 3318 secundo
1011 3263 1324 3328 audierunt,
1368 3270 1479 3316 tum
1509 3278 1635 3317 vero
1665 3264 1914 3333 praecepti

329 3359 702 3413 necessitatem
747 3356 1143 3410 intellexerunt.
1189 3354 1395 3408 Etenim
1438 3351 1716 3419 Christus,
1749 3356 1836 3424 qui
1865 3366 1918 3409 et

330 3450 385 3503 in
429 3459 609 3502 monte
649 3447 953 3510 considens,
979 3455 1032 3500 et
1054 3460 1264 3500 rursum
1293 3452 1411 3515 post
1436 3446 1535 3499 alia
1566 3447 1731 3502 multa
1757 3447 1823 3501 de
1852 3463 1917 3502 eo

329 3539 668 3594 disseruisset
693 3537 907 3606 (Matth.
939 3537 1015 3606 5),
1063 3537 1134 3589 ita
1178 3552 1272 3591 eos
1311 3537 1377 3591 ad
1421 3538 1760 3593 continentiae
1803 3548 1918 3593 stu.

333 3633 478 3686 dium
507 3629 765 3684 incitavit.
799 3629 946 3683 Adeo
972 3627 1156 3683 eadem
1189 3627 1400 3682 assidue
1423 3629 1646 3698 repetita
1678 3630 1794 3699 plus
1818 3631 1914 3682 ba-

333 3724 462 3777 bent
504 3719 778 3775 efficaciae.
825 3719 1007 3788 Itaque
1051 3729 1104 3774 et
1146 3719 1232 3773 hic
1275 3719 1566 3789 discipulus
1612 3720 1916 3791 Magistrum

333 3815 568 3869 imitatus
597 3813 784 3867 crebro
814 3809 952 3866 idem
980 3819 1217 3880 usurpat,
1249 3825 1421 3880 neque
1449 3825 1668 3882 usquam
1698 3814 1920 3882 permis—

333 3907 537 3962 sionem
567 3920 768 3960 meram
801 3904 998 3974 prodit,
1030 3903 1121 3959 sed
1144 3919 1262 3957 cum
1289 3917 1446 3957 causa
1468 3946 1481 3969 ,
1513 3913 1730 3974 pr0pter
1751 3903 1918 3960 forni-

333 4000 594 4055 cationem
624 3997 868 4069 inquiens
905 4007 959 4052 et
994 3998 1315 4052 tentationes
1353 3997 1615 4051 satanicas
1647 4006 1805 4068 atque
1831 3997 1918 4051 in-

333 4091 736 4152 continentiam,
764 4101 964 4160 printer
992 4088 1443 4158 exspectationem
1473 4088 1788 4158 virginitatis
1808 4087 1921 4143 latt-

335 4183 455 4238 dem
485 4183 535 4236 in
561 4183 919 4252 disputatione
946 4183 1013 4238 de
1038 4182 1378 4238 matrimonio
1405 4190 1610 4237 texens.

405 4271 648 4326 XXXIV.
689 4272 1037 4344 Virginitatem
1062 4271 1413 4326 admirandam
1436 4290 1542 4328 esse
1570 4284 1616 4328 et
1637 4273 1810 4328 multis
1835 4290 1919 4328 co-

334 4363 473 4414 ranis
500 4362 723 4431 dignam.
754 4393 826 4402 ——
849 4363 980 4418 Nam
1003 4365 1045 4418 si
1078 4364 1129 4418 in
1162 4365 1498 4419 matrimonio
1522 4365 1776 4436 degentes
1801 4365 1922 4420 ditt-

337 4453 441 4506 tius
469 4452 756 4522 abjungcre
783 4462 1029 4520 veretur,
1065 4471 1129 4509 ne
1155 4471 1309 4525 quem
1336 4456 1579 4511 diabolus
1606 4457 1804 4510 aditum
1837 4459 1918 4510 in-

336 4542 532 4607 veniat,
556 4543 746 4611 quibus
773 4545 984 4599 coronis
1013 4545 1186 4615 dignae
1214 4547 1319 4600 sint
1339 4563 1456 4616 quae
1480 4563 1651 4616 neque
1677 4549 1744 4602 ab
1772 4548 1922 4603 initio

336 4646 402 4686 eo
432 4632 624 4686 solatio
659 4647 794 4701 Opus
838 4632 1155 4698 habuerunt,
1183 4644 1237 4690 et
1277 4636 1342 4690 ad
1387 4646 1681 4690 extremum
1714 4638 1922 4692 invictae

337 4725 782 4795 permanserunt?
824 4736 879 4780 ut
930 4742 997 4781 ne
1040 4727 1232 4794 dicam,
1274 4743 1374 4783 nec
1413 4728 1609 4784 diaboli
1652 4729 1923 4786 machinas

340 4817 578 4887 utrisque
607 4832 672 4872 ex
700 4833 853 4888 aequo
881 4818 1172 4873 admoveri.
1222 4819 1353 4874 Nam
1391 4820 1520 4884 illis,
1564 4821 1787 4889 opinor,
1825 4836 1924 4875 nec

340 4907 597 4963 molestus
639 4919 741 4974 est,
783 4909 871 4980 qui
911 4910 1123 4980 quidem
1171 4911 1303 4965 sciat
1337 4909 1632 4984 perfugium
1662 4913 1724 4967 iis
1748 4913 1920 4983 proxi-

344 5017 486 5055 tnum
516 5017 655 5066 esse,
688 5004 993 5073 statimque,
1026 5005 1068 5058 si
1097 5020 1252 5074 quem
1280 5004 1729 5060 vehementiorem
1753 5007 1922 5075 impe-

342 5101 450 5146 tum
486 5094 738 5158 seutiuut,
784 5093 835 5146 in
875 5104 1084 5163 portum
1129 5110 1188 5148 se
1231 5093 1469 5163 recipere
1515 5094 1710 5160 licere;
1753 5110 1924 5164 neque

345 5184 486 5238 enim
533 5184 598 5239 iis
642 5185 900 5255 permittit
942 5186 1126 5240 beatus
1170 5186 1361 5240 Paulus
1404 5187 1612 5257 longius
1654 5187 1921 5257 navigare,

340 5275 433 5329 sed
465 5274 702 5330 defessos
726 5277 899 5331 redire
923 5277 1108 5346 jubet,
1136 5277 1318 5332 sinens
1343 5276 1530 5332 eodem
1553 5293 1764 5332 rursum
1791 5292 1924 5332 con-

343 5367 544 5422 venire.
575 5371 642 5423 At
658 5371 804 5440 virgo
825 5370 1036 5424 assidue
1057 5370 1324 5439 navigare,
1345 5379 1399 5424 et
1426 5370 1541 5425 sine
1567 5379 1721 5440 portu
1742 5386 1925 5442 aequor

343 5459 613 5529 permetiri
659 5462 898 5530 cogitur;
948 5469 1105 5530 atque
1144 5461 1244 5514 etsi
1284 5461 1593 5531 gravissima
1641 5473 1924 5530 tempestas

342 5563 656 5625 consurgat,
693 5571 760 5609 ne
790 5555 866 5609 sic
892 5555 1102 5624 quidem
1130 5555 1178 5609 ei
1202 5553 1280 5608 fas
1307 5563 1388 5608 est
1413 5570 1599 5609 navem
1628 5555 1926 5610 subducere

343 5646 726 5715 acquiescere.
765 5646 925 5716 Igitur
948 5646 1097 5716 quasi
1125 5646 1213 5717 qui
1243 5660 1388 5699 mare
1424 5645 1706 5712 infestant,
1735 5646 1818 5700 ubi
1845 5647 1924 5700 ci-

346 5739 480 5794 vitas
509 5747 597 5792 aut
625 5737 808 5793 navale
835 5747 922 5792 aut
951 5747 1133 5808 portus
1161 5735 1262 5806 sit,
1292 5735 1596 5809 navigantes
1623 5751 1727 5792 non
1762 5735 1915 5790 inva-

1068 306 1125 364 S.
1165 302 1443 365 .IOANNIS
1479 303 1954 364 CHRYSOSTOIII
1992 279 2311 367 ARCIIIEP.
2353 309 2885 372 CONSTANTINOP.

3490 325 3596 384 556

2017 424 2176 516 dunt;
2226 426 2280 484 id
2321 426 2462 484 enim
2493 439 2577 486 est
2605 441 2805 491 temere
2841 436 3161 505 periclitari;
3209 440 3290 496 sin
3331 445 3597 516 navigium

2017 515 2070 570 in
2100 517 2208 572 alto
2237 516 2528 588 offendant,
2561 521 2740 577 auxilii
2767 523 3166 584 destitutionem
3193 531 3427 586 audacia:
3459 515 3594 588 inci-

2019 618 2306 666 tamentam
2333 613 2493 681 nacti,
2525 615 2702 670 omnia
2738 627 2955 674 movent
2976 629 3135 691 atque
3160 635 3390 688 versant,
3424 641 3598 694 neque

2015 701 2161 770 prius
2185 701 2474 770 desistunt,
2505 721 2663 774 quam
2688 716 2778 763 aut
2805 723 2901 765 eos
2927 709 3267 782 demergant,
3299 725 3388 768 aut
3415 715 3465 769 id
3493 718 3594 784 ipsi

2015 791 2280 862 patiantur
2303 813 2317 848 :
2340 795 2408 848 ita
2430 804 2482 850 et
2501 812 2625 852 acer
2643 797 2730 853 hic
2750 801 2918 870 pirata
2943 802 3130 873 virgini
3155 819 3346 874 graves
3381 806 3595 874 ﬂuctus,

2014 885 2279 956 ingentem
2329 896 2730 957 tempestatem,
2783 908 2846 948 ac
2891 895 3156 963 procellas
3200 898 3591 966 intolerabiles,

2013 975 2188 1030 omnia
2218 991 2411 1048 susque
2436 978 2608 1049 deque
2637 982 2886 1050 miscens,
2917 994 2973 1038 ut
3003 986 3051 1038 vi
3081 994 3239 1055 atque
3271 988 3470 1056 impetu
3499 1006 3595 1044 na-

2015 1083 2131 1122 vem
2160 1069 2450 1125 subvertat.
2483 1073 2698 1128 Audivit
2725 1076 2869 1130 enim
2896 1077 3089 1147 virgini
3118 1094 3222 1132 non
3247 1081 3467 1137 concedi
3495 1082 3594 1137 Eo-

2012 1160 2129 1215 dem
2160 1165 2452 1231 convenire,
2482 1164 2576 1220 sed
2606 1167 2654 1219 ei
2697 1182 2922 1223 necesse
2948 1183 3071 1222 esse
3104 1179 3363 1238 perpetuo
3391 1176 3588 1229 adver-

2012 1270 2108 1310 sus
2135 1257 2441 1325 spiritualia
2466 1259 2722 1328 nequitiae
2742 1261 2938 1313 luctari
2963 1275 3027 1314 ac
3045 1260 3338 1332 conﬂigere
3367 1265 3583 1333 (Ephes.

2010 1345 2209 1415 6.12),
2239 1347 2414 1402 donec
2432 1349 2648 1404 tandem
2673 1351 3096 1421 intranquillum
3123 1362 3338 1422 portum
3365 1358 3585 1415 evadat.

2014 1433 2221 1488 Etenim
2247 1436 2440 1492 Paulus
2467 1437 2656 1508 virgini
2688 1447 2952 1509 tamquam
2979 1441 3101 1496 forti
3126 1443 3276 1497 militi
3308 1445 3472 1498 muris
3493 1459 3592 1497 ex-

2011 1527 2160 1581 cluso
2191 1539 2372 1597 portas
2403 1531 2600 1600 aperiri
2631 1547 2733 1586 non
2767 1534 3057 1600 permittit,
3087 1536 3330 1604 quamvis
3364 1545 3417 1589 et
3441 1537 3594 1592 valde

2013 1619 2176 1673 etfero
2199 1619 2372 1688 hoste,
2405 1631 2458 1676 et
2481 1623 2562 1675 vel
2582 1637 2647 1677 eo
2672 1624 2991 1690 crudeliore,
3014 1623 3154 1695 quod
3175 1627 3483 1680 adversario
3509 1628 3595 1680 in-

2012 1709 2286 1764 duciarum
2311 1719 2546 1782 potestas
2575 1714 2716 1767 nulla
2739 1715 2823 1769 sit.
2854 1715 2962 1771 Nec
2994 1731 3118 1770 vero
3138 1718 3378 1772 diabolus
3397 1719 3593 1783 solum,

2013 1801 2106 1856 sed
2135 1801 2248 1871 ipse
2273 1804 2431 1859 etiam
2459 1804 2692 1858 libidinis
2709 1807 2953 1861 stimulus
2973 1807 3188 1862 caelibes
3207 1818 3358 1878 urget
3381 1811 3591 1874 acrius;

2013 1893 2173 1964 idque
2215 1896 2460 1950 omnibus
2506 1898 2682 1966 palam
2727 1907 2829 1952 est.
2882 1899 3014 1952 Nam
3059 1915 3283 1969 quorum
3341 1901 3597 1956 habemus

2014 1999 2188 2049 usum,
2220 2000 2402 2040 eorum
2431 1986 2716 2055 cupiditate
2747 1987 2886 2042 haud
2923 1987 3078 2044 facile
3108 1991 3402 2059 tangimnr,
3443 2007 3598 2045 secu-

2015 2077 2168 2129 ritate
2193 2077 2370 2130 auimo
2390 2077 2536 2147 segni
2559 2093 2678 2132 esse
2706 2079 3063 2147 permittente.
3090 2081 3262 2150 Atque
3283 2081 3422 2135 idem
3445 2081 3599 2136 nobis

2014 2166 2294 2220 continuat
2326 2176 2381 2222 et
2409 2169 2744 2237 proverbium
2774 2170 3064 2239 pepulere,
3097 2172 3190 2225 sed
3216 2173 3268 2225 in
3297 2172 3482 2239 primis
3512 2187 3600 2227 vc-

2015 2273 2132 2312 rum
2154 2276 2167 2311 :
2188 2257 2339 2325 Quod
2370 2260 2421 2313 in
2453 2268 2729 2328 potestate,
2764 2262 2952 2330 inquit,
2981 2272 3286 2330 promptum
3314 2264 3405 2330 sit,
3443 2264 3494 2316 id
3531 2263 3596 2318 ad

2015 2348 2356 2417 cupiditatem
2377 2349 2515 2404 haud
2537 2365 2664 2404 sane
2687 2350 2873 2406 efﬁcax
2895 2361 2994 2407 est.
3023 2352 3114 2406 Sir:
3135 2352 3202 2406 ab
3230 2353 3294 2406 iis
3319 2353 3601 2421 prohibea-

2016 2456 2155 2504 mur,
2183 2455 2301 2510 qure
2341 2441 2546 2510 pridem
2586 2443 2917 2508 tenebamus,
2948 2453 3133 2498 contra
3164 2445 3375 2513 accidit,
3405 2455 3457 2500 et
3481 2462 3599 2515 qua:

2015 2540 2232 2602 prOpter
2263 2532 2564 2587 facultatem
2586 2549 2614 2587 a
2643 2534 2794 2589 nobis
2827 2543 3260 2602 contemnuntur,
3289 2552 3350 2590 ea
3385 2538 3538 2591 nobis
3566 2554 3598 2593 e

2021 2623 2267 2676 manibus
2322 2625 2516 2677 amissa
2569 2622 2935 2680 vehementius
2974 2626 3296 2682 desiderium
3345 2630 3597 2683 excitant.

2017 2712 2197 2782 Itaque
2225 2713 2450 2783 primum
2477 2713 2576 2768 bac
2606 2714 2810 2770 ratione
2851 2717 3020 2784 major
3052 2726 3134 2771 est
3173 2717 3311 2786 apud
3339 2719 3594 2789 et-njuges

2020 2803 2373 2874 tranquillitas
2401 2821 2414 2856 :
2445 2803 2658 2872 deinde,
2687 2805 2826 2875 quod
2855 2807 2900 2860 si
2929 2805 3139 2861 flamma
3163 2808 3226 2862 iis
3249 2809 3408 2863 altius
3433 2825 3601 2879 quatt-

2017 2893 2192 2963 doque
2230 2894 2510 2961 eluctetur,
2539 2911 2656 2951 eam
2693 2897 2932 2966 protinus
2965 2898 3258 2954 succedens
3286 2915 3600 2970 congressus

2019 2987 2280 3056 reprimit.
2315 2988 2384 3042 At
2401 2988 2547 3056 virgo
2569 3003 2672 3042 non
2693 2987 2896 3044 habens
2915 2989 3054 3044 unde
3081 2991 3252 3060 ignem
3279 2993 3599 3062 exstinguat,

2018 3093 2138 3130 eum
2177 3078 2455 3132 sublimem
2503 3089 2660 3149 atque
2701 3078 2808 3134 alte
2850 3093 3176 3150 grassantem
3207 3099 3452 3149 cernens,
3481 3101 3601 3139 cum

2018 3170 2356 3238 exstinguere
2393 3184 2496 3224 non
2539 3171 2724 3239 possit,
2759 3171 2812 3225 id
2857 3188 3015 3226 unum
3051 3171 3178 3242 agit,
3209 3190 3277 3228 ne
3317 3189 3436 3228 cum
3484 3176 3602 3244 igne

2019 3262 2333 3318 conflictans
2364 3273 2564 3317 uratur.
2594 3265 2675 3318 An
2703 3279 2829 3319 vero
2856 3264 3144 3335 quidquam
3176 3268 3343 3336 magis
3369 3267 3604 3324 insolens

2020 3364 2121 3421 est,
2150 3370 2308 3426 quam
2335 3354 2560 3409 solidum
2609 3356 2748 3409 intus
2783 3365 2993 3424 gestare
3040 3372 3244 3426 rogum,
3290 3372 3388 3411 nec
3425 3357 3598 3424 aduri,

2020 3463 2178 3517 quam
2205 3445 2416 3501 flamma
2445 3447 2498 3500 in
2529 3447 2689 3501 animi
2722 3448 2978 3516 penetrali
3006 3448 3144 3503 ultro
3170 3450 3410 3519 citroque
3446 3465 3599 3503 com-

2020 3547 2232 3594 meante
2285 3539 2534 3594 intactam
2587 3548 2816 3593 mentem
2863 3540 3214 3595 conservare?
3256 3540 3421 3594 Nemo
3463 3542 3603 3595 enim

2023 3645 2138 3683 eam
2170 3629 2297 3683 sinit
2321 3629 2581 3684 carbones
2608 3644 2701 3683 eos
2733 3629 2876 3684 foras
2905 3630 3130 3700 ejicere;
3172 3630 3269 3685 sed
3299 3631 3437 3699 quod
3469 3631 3602 3685 Pro-

2022 3719 2328 3773 verbiorum
2350 3728 2533 3772 auctor
2555 3719 2604 3771 in
2628 3728 2813 3772 natura
2834 3719 3073 3788 corporis
3089 3719 3427 3788 desperatum
3450 3721 3598 3786 dicit,

2021 3809 2071 3864 id
2105 3809 2192 3863 illa
2224 3823 2444 3863 necesse
2470 3807 2629 3863 habet
2670 3809 2724 3863 in
2763 3809 2940 3862 animo
2980 3811 3262 3864 sustinere.
3303 3810 3437 3874 Quid
3475 3825 3604 3864 vero

2021 3899 2186 3954 dicit?
2231 3897 2518 3953 Ambulabit
2547 3898 2658 3964 quis
2699 3913 2849 3966 super
2883 3898 3122 3951 carbones
3141 3937 3156 3961 ,
3201 3914 3289 3950 nec
3318 3899 3426 3968 ejus
3455 3900 3604 3966 pedes

2020 3995 2294 4048 adurentur
2317 3991 2497 4065 (Prov.
2521 3991 2572 4046 6.
2593 3990 2726 4058 28)?
2752 3991 2889 4045 Ecce
2918 3999 3091 4044 autem
3121 3989 3233 4043 lucc
3258 3991 3510 4055 ambulat,
3538 4005 3599 4049 ac

2021 4085 2220 4158 perfert
2237 4085 2546 4140 cruciatum.
2575 4083 2675 4136 Aut
2699 4083 2861 4155 ignem
2882 4083 2934 4136 in
2953 4082 3068 4137 sinu
3093 4081 3284 4152 ligabit,
3309 4093 3354 4136 et
3377 4099 3475 4136 non
3495 4085 3606 4154 ejus

2021 4187 2233 4231 urentur
2258 4177 2548 4230 vestimenta
2587 4172 2689 4244 (Ib.
2723 4188 2770 4226 υ.
2802 4173 2930 4238 27)?
2969 4175 3037 4227 At
3075 4172 3189 4227 haec
3219 4188 3324 4228 non
3346 4175 3602 4243 vestibus,

2023 4271 2116 4325 sed
2146 4271 2285 4326 intus
2312 4269 2485 4339 ignem
2519 4267 2799 4322 continens
2828 4267 3048 4322 ell'erum
3078 4276 3236 4337 atque
3265 4277 3603 4322 resonantem

2023 4361 2286 4416 flammam
2309 4360 2535 4414 sustinet
2560 4373 2623 4412 ac
2651 4358 2798 4427 tegit.
2824 4357 2892 4411 Et
2910 4357 3084 4412 adhuc
3103 4358 3400 4428 quisquam,
3423 4358 3602 4423 sodes,

2024 4451 2419 4506 matrimonium
2450 4465 2570 4504 cum
2595 4449 2894 4518 virginitate
2916 4448 3178 4516 conferre,
3205 4463 3270 4503 an
3297 4449 3376 4504 vel
3397 4450 3602 4503 obtueri

2023 4545 2194 4598 ausit?
2234 4545 2305 4598 At
2325 4560 2430 4599 non
2457 4542 2712 4613 permittit
2754 4542 2940 4596 beatus
2971 4543 3164 4597 Paulus
3200 4542 3248 4611 (I
3288 4539 3402 4595 Cor.
3432 4542 3484 4596 7.
3510 4540 3603 4596 52.

2026 4636 2139 4707 53),
2174 4635 2262 4705 qui
2298 4634 2482 4704 ingens
2511 4633 2784 4703 utriusque
2815 4633 2888 4688 rei
2920 4632 3206 4687 discrimen
3246 4631 3394 4700 ponit
3425 4647 3438 4682 :
3482 4644 3604 4683 nam

2025 4727 2133 4788 illa,
2157 4722 2250 4790 ait,
2272 4739 2390 4795 qua:
2418 4734 2540 4779 sunt
2565 4723 2794 4786 Domini,
2815 4721 2930 4775 haec
2948 4737 3064 4791 qum
3084 4728 3208 4774 sunt
3233 4717 3414 4772 mundi
3433 4725 3604 4773 curat.

2025 4818 2276 4874 Collectis
2317 4816 2476 4886 igitur
2517 4815 2569 4868 in
2617 4829 2778 4868 unum
2823 4811 3168 4882 coniugibus,
3213 4817 3265 4864 et
3307 4809 3360 4862 in
3389 4809 3606 4878 virginis

2025 4909 2268 4981 gratiam,
2299 4907 2416 4960 audi
2459 4905 2584 4975 quid
2629 4905 2732 4958 illis
2773 4903 3076 4973 exprobret.
3104 4898 3297 4953 Eadem
3325 4899 3489 4965 enim,
3522 4899 3608 4952 itt-

2027 5002 2160 5071 quit,
2193 4999 2468 5064 convenite,
2499 5013 2562 5050 ue
2600 5011 2685 5048 vos
2729 5003 2878 5048 tentet
2917 5002 3119 5045 satanas
3166 4988 3286 5061 (Ib.
3313 5006 3362 5044 υ.
3393 4990 3485 5059 5).
3531 4991 3611 5045 Ac

2027 5095 2210 5148 volens
2231 5091 2514 5146 ostendere
2541 5100 2704 5142 totum
2728 5091 2842 5156 ejus
2870 5083 3142 5140 tentationi
3166 5098 3270 5139 non
3291 5082 3492 5144 deberi,
3513 5082 3607 5136 sed

2029 5197 2226 5243 nostrre
2252 5187 2410 5241 etiam
2438 5183 2660 5255 ignaviae
2686 5181 2993 5250 plurimum,
3021 5177 3448 5248 principaliorem
3478 5189 3608 5229 eau-

2030 5293 2141 5332 sam
2167 5276 2333 5341 addit,
2365 5275 2607 5344 inquiens
2627 5311 2643 5338 ,
2673 5270 2889 5340 Propter
2908 5277 3120 5322 vestram
3146 5267 3603 5336 intemperantiam.

2029 5369 2156 5435 Quis
2170 5382 2270 5421 nou
2295 5366 2344 5420 id
2365 5363 2585 5419 audiens
2600 5360 2916 5416 erubescat?
2935 5359 3052 5430 quis
3068 5374 3172 5413 non
3191 5355 3610 5426 intemperantiae

2029 5469 2208 5514 notam
2237 5456 2467 5526 effugere
2493 5451 2776 5509 moliatur?
2801 5450 2981 5521 Neque
3007 5452 3146 5505 enim
3169 5447 3468 5504 cohortatio
3495 5447 3608 5503 lucc

2031 5550 2096 5603 ad
2128 5562 2314 5601 omnes
2345 5545 2590 5616 pertinet,
2622 5542 2713 5597 sed
2741 5541 2808 5595 ad
2843 5540 2996 5596 valde
3037 5540 3314 5594 demissos.
3355 5535 3504 5600 Quod
3537 5533 3606 5595 si,

2031 5641 2220 5710 inquit,
2249 5649 2355 5692 tant
2394 5652 2452 5691 es
2493 5649 2679 5689 servus
2703 5632 3054 5703 voluptatum,
3081 5630 3123 5684 si
3156 5638 3258 5680 tam
3301 5624 3476 5680 mollis
3501 5667 3515 5688 ,
3556 5637 3613 5681 ut

2038 5746 2249 5804 semper
2274 5731 2325 5786 in
2351 5743 2600 5785 venerem
2625 5724 2824 5782 effusus
2853 5733 3009 5795 atque
3034 5719 3240 5777 inhians
3266 5717 3361 5787 sis,
3391 5731 3610 5790 congre-
