4016 6154
347 324 456 388 558

360 448 512 503 Ἐπεὶ
560 440 654 500 οὖν
683 442 954 515 τοσαύτην
991 442 1051 496 ἐν
1099 443 1219 507 ταῖς
1262 437 1447 515 εύχαῖς
1489 440 1761 515 πρόσιμεν
1807 442 1931 495 σϐέ-

349 543 536 590 σοντες
564 525 758 598 ὀργὴν,
791 525 885 578 καὶ
909 523 968 577 ὃν
991 521 1134 576 οὔτω
1166 521 1289 576 καθ’
1317 520 1557 592 ἑκάστην
1603 520 1939 592 ἐκπολεμοῦ-

276 642 291 647 -ι
348 624 448 678 μεν
480 606 579 676 τὴν
613 604 831 678 ἡμέραν
895 601 1348 666 καταλλάξοντες,
1386 601 1613 665 εἰκότως
1651 602 1800 673 ἡμᾶς
1833 602 1940 654 ἀπο

344 687 468 755 άγει
494 684 599 754 τῆς
627 683 821 754 ἡδονῆς
856 680 1093 751 ἐκείνης,
1122 680 1405 751 μονονουχὶ
1441 678 1638 747 λέγων·
1670 681 1808 750 Περὶ
1830 679 1936 749 ψυ-

342 766 447 835 χῆς
477 766 612 834 ἡμῖν
645 756 673 815 6
700 761 877 829 λόγος,
933 759 1243 829 ἀγαπητοὶ,
1274 759 1417 828 ὑπὲρ
1470 758 1579 811 τῶν
1635 759 1877 829 ἐσχάτων
1909 761 1938 812 6

342 843 609 905 κὲνδυνος·
642 840 864 912 τρέμειν
889 838 970 892 δεῖ
1002 840 1095 892 καὶ
1115 838 1411 892 δεδοικέναι
1436 839 1532 892 καλ⁹
1558 837 1932 891 συνεστάλθαι·

342 923 576 996 δεσπότῃ
601 921 868 992 πρόσιμεν
901 918 1138 990 φοϐερῷ,
1171 917 1344 972 πολλά
1409 919 1542 990 παρ’
1575 918 1733 989 ἡμῶν
1777 919 1932 991 ὑϐρι-

343 1001 551 1072 σμένῳ.
586 997 799 1071 μεγάλα
828 999 959 1069 ἡμῖν
989 996 1167 1072 ἔχοντι
1193 996 1288 1049 καλ⁵
1313 997 1454 1069 ὑπὲρ
1485 997 1736 1069 μεγάλων
1764 1000 1933 1067 ἐγκα-

339 1079 473 1132 λεῖν.
507 1079 584 1131 Οὐ
619 1076 968 1148 περιπλοκῶν
997 1071 1153 1139 οὗτος
1183 1076 1213 1127 6
1263 1076 1475 1147 καιρὸς,
1516 1074 1641 1130 οὔτε
1691 1077 1931 1149 ἡδονῶν,

338 1158 477 1212 ἀλλά
516 1157 768 1229 δακρύων
814 1157 910 1210 καὶ
968 1155 1291 1226 στεναγμῶν
1352 1155 1589 1227 πικρῶν,
1640 1156 1933 1230 προσπτώ-

341 1249 497 1302 σεως,
546 1235 989 1308 ἐξομολογήσεως
1042 1234 1326 1306 ἀκριϐοῦς,
1371 1235 1646 1301 λιτανείας
1676 1248 1933 1294 συντετα-

342 1317 531 1388 μένης,
567 1317 849 1388 ἱκετηρίας
887 1314 1111 1384 πολλῆς.
1157 1314 1465 1384 Ἀγαπητδν
1503 1314 1613 1386 γὰρ
1664 1317 1760 1371 καὶ
1789 1319 1927 1389 μετὰ

335 1396 607 1467 τοσαύτης
665 1393 1080 1467 προσπίπτοντα
1123 1393 1364 1464 σπουδῆς
1428 1395 1726 1466 δυνηθῆναι
1757 1414 1928 1469 προσ-

339 1477 487 1530 ιόντα
541 1472 1036 1548 καταμαλάξασθαι
1099 1484 1124 1514 ει
1159 1473 1261 1543 τὴν
1315 1472 1485 1544 ὀργὴν
1543 1475 1781 1547 ἐκείνην·
1825 1478 1926 1548 οὐχ

332 1557 416 1609 δτι
437 1553 678 1624 ἀπηνὴς,
712 1552 821 1605 οὐδ’
842 1550 925 1605 ὃτι
953 1547 1104 1620 ὠμὸς
1135 1551 1165 1604 6
1192 1551 1469 1620 Δεσπότης
1492 1552 1672 1623 ἡμῶν·
1702 1547 1925 1626 καὶγὰρ

336 1635 543 1704 σφόδρα
570 1632 721 1684 ἐστὶν
771 1630 980 1701 ἥμερος
1017 1629 1114 1683 καὶ
1142 1628 1546 1701 φιλάνθρωπος·
1583 1630 1700 1685 ἀλλ’
1730 1634 1764 1703 ἡ
1813 1633 1925 1688 τῶν

334 1715 748 1789 ἁμαρτημάτων
779 1713 888 1767 τῶν
918 1713 1206 1783 ἡμετέρων
1239 1712 1513 1784 ὑπερϐολὴ
1533 1715 1655 1768 0666
1673 1715 1764 1770 τὸν
1789 1733 1925 1789 χρη-

334 1802 457 1856 στὸν
490 1800 583 1853 καὶ
613 1796 834 1866 ἐπιεικῆ
866 1797 962 1849 καὶ
1015 1794 1303 1850 πολυέλεον
1362 1796 1587 1866 ἀφίησιν
1629 1800 1763 1870 ἡμῖν
1794 1816 1924 1869 συγ-

332 1884 535 1954 γνῶναι
593 1880 825 1950 ταχέως·
881 1878 962 1932 διό
1010 1894 1213 1948 φησιν·
1248 1877 1405 1954 ,Α”Ινα
1461 1880 1799 1950 σχολάζητε
1844 1882 1922 1953 τῇ

332 1952 584 2031 πηστείᾳ
616 1960 713 2015 καὶ
737 1956 1075 2026 προσευχῇ.
1111 1957 1175 2011 Τί
1209 1952 1304 2011 οὖν
1334 1956 1402 2011 ἂν
1436 1958 1520 2030 εἴη
1551 1961 1650 2031 τῆς
1676 1952 1922 2027 δουλείας

331 2043 536 2113 ταύτης
560 2039 924 2113 πικρότερον;
958 2036 1229 2108 Βούλομαι
1267 2037 1544 2092 ἐπιδοῦναι
1574 2038 1602 2079 b
1633 2040 1767 2112 πρὸς
1789 2043 1921 2112 ἀρε-

329 2126 451 2192 τὴν,
476 2110 957 2191 ἀναπτῆναιΊπρὸς
984 2117 1076 2172 τὸν
1103 2116 1353 2187 οὐρανὸν,
1404 2110 1687 2188 νηστείαις
1705 2122 1801 2176 καὶ
1829 2110 1922 2176 εὐ-

330 2207 452 2274 11:;
483 2201 726 2272 συνεχῶς
771 2194 1201 2270 προσκαρτερῶν
1253 2197 1573 2268 ὰποσμῆξαι
1623 2201 1715 2255 τὸν
1746 2202 1919 2274 ῥύπον

327 2284 425 2350 τῆς
460 2281 661 2352 ψυχῆς·
693 2275 814 2332 εἶτα
846 2276 913 2331 ἂν
948 2275 1023 2347 μὴ
1053 2275 1313 2347 βούληται
1358 2276 1542 2346 ἐκείνη
1599 2279 1769 2353 ταύτῃ
1793 2284 1917 2337 ἐπι..

326 2361 515 2415 νεῦσαι
541 2364 608 2431 τῇ
666 2357 883 2429 γνώμῃ,
943 2353 1325 2425 ἀναγκάζομαι
1384 2355 1656 2413 δουλεύειν
1689 2371 1710 2399 ο
1747 2362 1916 2433 αὐτῆς

324 2445 389 2513 τῇ
419 2440 663 2511 λαγνείᾳ.
695 2439 795 2492 Διά
828 2436 988 2490 τοῦτο
1016 2434 1127 2507 γὰρ
1176 2436 1481 2507 ἀρχόμενος
1507 2436 1683 2506 ἔλεγε,
1717 2441 1920 2495 Καλὸν

323 2520 612 2587 ἀνθρώπῳ
642 2517 932 2587 γυναικὸς
954 2515 1040 2586 μὴ
1075 2514 1390 2571 ἅπτεσθαι·
1422 2514 1512 2569 διά
1563 2518 1722 2575 τοῦτο
1745 2520 1840 2575 καὶ
1868 2523 1918 2575 οἰ

327 2601 566 2671 μαθηταὶ
589 2600 727 2670 πρὸς
746 2601 839 2651 τὸν
872 2597 1077 2668 Κύριον
1103 2590 1279 2657 εἶπον,
1323 2596 1393 2650 Εἰ
1430 2596 1620 2665 οὕτως
1673 2597 1845 2656 ἐστὶν
1877 2603 1916 2672 ἡ

321 2682 480 2736 αἰτία
505 2679 612 2734 τοῦ
639 2676 958 2746 ἀνθρώπου
986 2674 1140 2745 μετὰ
1174 2672 1285 2742 τῆς
1311 2676 1620 2745 γυναικὸς,
1658 2681 1731 2733 οὐ
1763 2697 1919 2752 συμ-

322 2759 487 2828 φέρει
519 2754 803 2828 γαμῆσαι.
845 2754 1209 2824 Λογισάμενοι
1233 2752 1341 2824 γὰρ
1376 2754 1458 2807 ὅτι
1488 2756 1655 2830 πολλὴ
1700 2758 1916 2831 ἀνάγκη

323 2838 536 2909 θατέρῳ
564 2840 722 2907 μέρει
749 2832 1131 2912 γενέσθαιητὴν
1163 2832 1552 2912 ἐπήρειανμαὶ
1578 2851 1918 2912 στενοχωρη-

322 2908 506 2979 θέντες
528 2915 632 2969 ὑπὸ
657 2913 764 2967 τῶν
794 2908 1303 2991 λογισμῶνταύτην
1331 2911 1554 2981 ἀφῆκαν
1578 2913 1677 2984 τὴν
1704 2908 1911 2991 φωνῆν.

391 2994 513 3049 Al".
550 2994 649 3047 Διά
672 2992 832 3046 τοῦτο
857 2991 952 3047 καὶ
973 2992 1002 3044 6
1026 2988 1241 3068 Παῦλος
1260 2990 1498 3061 συνεχῶς
1514 2993 1646 3046 αὐτὸ
1669 2988 1912 3068 στρέφει,

322 3073 410 3129 ῐνα
437 3076 518 3138 εἰς
548 3073 739 3127 τοῦτον
766 3073 861 3127 τὸν
889 3067 1150 3139 λογισμὸν
1181 3068 1394 3142 ἐμϐάλῃ
1414 3070 1549 3134 τοὺς
1572 3067 1912 3145 Κορινθίους·

322 3156 624 3221 Ἕκαστος
676 3152 794 3220 τὴν
839 3149 1060 3206 ἑαυτοῦ
1118 3149 1374 3218 γυναῖκα
1432 3149 1636 3220 ἐχέτω·
1691 3154 1772 3224 Τῇ
1809 3175 1915 3226 γυ.

316 3235 478 3289 ναικί
517 3238 550 3289 ὁ
601 3233 758 3303 ἀνὴρ
806 3231 922 3300 τὴν
966 3229 1366 3298 ὀφειλομένην
1414 3232 1661 3285 εὔνοιαν
1704 3235 1915 3291 ἀποδι-

316 3312 489 3366 δότω·
515 3312 589 3366 Ἦ
616 3310 773 3381 γυνὴ
804 3309 912 3365 τοῦ
938 3308 1092 3363 ἰδίου
1114 3307 1390 3378 σώματος
1411 3310 1525 3364 οὐκ
1557 3310 1911 3376 ἐξουσιάζει·

314 3391 413 3459 Μὴ
444 3389 835 3457 ἀποστερεῖτε
881 3387 1215 3455 ἀλλήλους·
1258 3387 1384 3440 Ἐ’πί
1423 3388 1488 3441 t6
1524 3390 1671 3445 αὐτύ
1696 3394 1915 3462 συνέρ-

316 3470 520 3539 χεσθε.
550 3468 689 3522 0666
713 3467 825 3539 γάρ
858 3468 908 3520 οἱ
942 3466 1204 3538 μακάριοι
1223 3465 1345 3520 τότε
1373 3466 1572 3521 ἐκεῖνοι
1594 3470 1661 3522 ἐκ
1688 3470 1912 3542 πρώτης

315 3547 522 3610 εὐθέως
540 3546 703 3600 τοῦτο
740 3543 946 3599 ἔπαθον
967 3545 1068 3615 τῆς
1099 3545 1305 3614 φωνῆς,
1354 3542 1471 3597 ἀλλ’
1503 3545 1593 3600 ὅτε
1635 3546 1700 3600 ἐκ
1735 3547 1914 3603 δευτέ-

320 3644 417 3699 ρου
439 3627 614 3680 ταῦτα
641 3627 904 3696 ἡκουσαν,
939 3624 1058 3677 τότε
1121 3622 1358 3702 συνεῖδον
1405 3623 1506 3692 τῆς
1557 3626 1783 3694 ἐντολῆς
1813 3628 1912 3702 τὴν

314 3707 582 3776 ἀνάγκην.
618 3705 728 3757 Καὶ
756 3703 866 3774 γάρ
893 3704 984 3757 ὅτε
1016 3701 1254 3773 ἐκάθητο
1277 3701 1371 3754 ἐπὶ
1393 3702 1489 3755 τοῦ
1520 3702 1680 3773 ὄρους
1713 3707 1742 3758 6
1773 3701 1911 3777 Χρι-

316 3784 463 3850 στὸς,
504 3783 755 3855 διελέχθη
785 3783 917 3852 περὶ
944 3781 1162 3848 τούτου,
1217 3780 1313 3834 καὶ
1372 3782 1495 3851 μεθ’
1525 3781 1692 3854 ἕτερα
1738 3787 1912 3842 πολλά

312 3863 480 3918 ⁸πάλιν
506 3863 683 3926 οὕτως
710 3861 911 3924 αὐτοὺς
941 3860 1241 3931 εἰσήγαγεν
1286 3859 1367 3924 εἰς
1406 3858 1498 3914 τὸν
1544 3861 1647 3933 τῆς
1699 3865 1909 3935 ἐγκρα-

310 3944 463 4008 τείας
509 3942 731 4014 ἔρωτα·
786 3940 930 3993 οὕτω
1000 3938 1243 4010 συνεχῶς
1293 3939 1364 3992 τά
1433 3938 1575 4015 αύτά
1639 3940 1910 4015 λεγόμενα

318 4023 538 4078 πλείονα
578 4023 694 4092 ἔχει
720 4020 820 4092 τὴν
847 4019 1152 4090 ἐνέργειαν.
1186 4017 1485 4071 Κάνταῦθα
1517 4014 1610 4072 οὖν
1647 4021 1739 4074 τὸν
1764 4014 1910 4079 διδά-

315 4103 511 4157 σκαλον
544 4100 882 4174 μιμούμενος
940 4099 969 4152 6
1018 4097 1266 4169 μαθητὴς
1325 4096 1566 4169 συνεχῶς
1626 4101 1754 4170 περὶ
1797 4102 1909 4157 τῶν

312 4182 494 4237 αὐτῶν
524 4180 856 4249 διαλέγεται·
885 4179 979 4232 καὶ
1000 4176 1366 4257 οὐδαμοῦᾼτὴν
1397 4176 1743 4257 συγχῶρησιν
1759 4179 1907 4257 [292]

312 4260 501 4324 ἁπλῶς
531 4259 770 4329 τίθησιν,
796 4257 934 4312 ἀλλά
959 4256 1099 4329 μετὰ
1147 4255 1349 4321 αἰτίας,
1398 4255 1488 4309 διά
1521 4254 1622 4320 τὰς
1651 4254 1907 4330 πορνείας

310 4339 509 4407 λέγων,
561 4338 816 4402 καὶτοὺς
865 4334 1211 4409 πειρασμοὺς
1247 4335 1372 4399 τοὺς
1422 4338 1769 4403 σατανικοὺς,
1810 4342 1906 4394 καὶ

308 4420 411 4491 τὴν
470 4417 766 4490 ἀκρασίαν,
817 4416 913 4472 καὶ
968 4414 1299 4478 ἀνυπόπτως
1354 4414 1416 4467 τὸ
1463 4417 1563 4486 τῆς
1607 4418 1906 4489 παρθενίας

310 4497 586 4568 ἐγκώμιον
607 4496 976 4568 ἐργαζόμενος
999 4497 1058 4548 ἐν
1077 4495 1191 4557 τοῖς
1220 4494 1461 4564 περὶτοῦ
1491 4494 1671 4565 γάμου
1700 4496 1901 4566 λόγοις.

378 4580 496 4631 AA’.
526 4577 593 4630 Εἰ
624 4578 733 4648 γάρ
756 4578 882 4641 τοὺς
905 4577 963 4630 ἐν
988 4573 1067 4646 τῷ
1090 4572 1256 4644 γάμῳ
1277 4573 1653 4643 διατρίϐοντας
1668 4575 1906 4633 δέδοικεν

311 4657 617 4727 ἀποστῆσαι
643 4655 899 4716 ἐπιπολὺ,
936 4654 1010 4725 μή
1051 4670 1173 4707 τινα
1221 4653 1578 4725 παρείσδυσιν
1602 4656 1631 4709 6
1658 4654 1904 4723 διάϐολος

311 4735 466 4809 εὕρῃ,
497 4737 686 4790 πόσων
708 4735 777 4789 ἂν
810 4730 923 4790 εἶεν
960 4733 1110 4798 ἄξιαι
1169 4734 1451 4801 στεφάνων
1479 4735 1537 4788 αί
1564 4734 1699 4806 μηδέ
1750 4739 1904 4810 παρὰ

310 4815 406 4885 τὴν
431 4815 606 4886 ἀρχὴν
638 4813 847 4885 ταύτης
895 4813 1173 4885 δεηθεῖσαι
1226 4812 1331 4881 γῆς
1379 4814 1758 4883 παραμυθίας,
1806 4818 1903 4870 καὶ

311 4894 474 4965 μέχρι
498 4895 690 4957 τέλους
722 4893 1013 4964 ἀχείρωτοι
1045 4891 1430 4963 διαμείνασαι;
1460 4891 1653 4947 Καίτοι
1684 4894 1808 4949 οὐδὲ
1833 4895 1902 4950 τά

309 4975 462 5043 παρά
485 4973 581 5027 τοῦ
604 4973 856 5027 διαϐόλου
887 4973 1104 5044 μηχανή
1115 4988 1264 5043 ματα
1308 4969 1367 5037 ἐξ
1398 4970 1522 5040 ἴσης
1567 4971 1901 5046 ἀμφοτέροις

306 5053 665 5122 προσάγεται.
698 5053 825 5116 Τοῖς
849 5052 946 5124 μὲν
970 5052 1081 5123 γὰρ
1112 5050 1236 5104 0666
1262 5048 1500 5121 ἐνοχλεῖν
1533 5051 1696 5105 αὐτὸν
1718 5046 1896 5124 οἶμαι,

306 5132 484 5185 εἰδότα
509 5134 593 5185 ὅτι
619 5131 847 5201 πλησίον
877 5132 1061 5195 αὐτοῖς
1094 5132 1129 5202 ἡ
1154 5128 1470 5200 καταφυγὴ,
1504 5128 1607 5184 κάν
1640 5148 1789 5197 τινος
1814 5134 1900 5189 at.

305 5212 542 5265 σθωνται
577 5211 944 5282 σφοδροτέρας
977 5207 1306 5282 προσϐολῆς,
1339 5208 1549 5276 ἔξεστιν
1576 5209 1782 5275 εὐθέως
1804 5213 1899 5267 ἐπὶ

300 5289 393 5343 τὸν
418 5290 615 5361 λιμένα
650 5289 1039 5358 καταφεύγειν·
1089 5287 1213 5341 0666
1234 5285 1344 5358 γὰρ
1389 5286 1614 5358 ἀφίησιν
1645 5288 1842 5355 αὐτοὺς
1868 5292 1899 5345 6

303 5367 576 5437 μακάριος
610 5366 824 5431 Παῦλος
884 5366 1219 5439 πορρωτέρω
1267 5366 1441 5428 πλεῖν,
1488 5366 1604 5420 ἀλλ’
1637 5367 1895 5441 ὑποστρέ-

301 5461 425 5515 φειν
452 5446 617 5519 ἡνίκα
660 5445 730 5500 ἂν
765 5446 986 5516 κάμωσι
1029 5447 1308 5515 παραινεῖ.
1360 5444 1526 5499 πάλιν
1580 5446 1895 5515 ἐπιτρέπων

298 5528 395 5581 ἐπὶ
442 5525 505 5580 τὸ
547 5527 684 5581 αὐτὸ
732 5525 1108 5597 συνέρχεσθαι.
1150 5526 1216 5579 Ἡ
1268 5524 1325 5578 δὲ
1363 5524 1632 5597 παρθένος
1666 5525 1733 5579 δι’
1771 5526 1893 5580 ὅλου

300 5606 649 5660 θαλαττεύειν
683 5604 1077 5672 ἀναγκάζεται,
1121 5605 1215 5657 καὶ
1250 5604 1484 5672 πέλαγος
1510 5604 1661 5658 πλεῖν
1695 5605 1890 5675 ἀλίμε-

297 5701 406 5739 νον·
438 5686 544 5742 κᾶν
572 5689 602 5740 6
639 5683 1031 5756 χαλεπώτατος
1057 5685 1309 5757 διεγερθῇ
1338 5684 1567 5759 χειμὼν,
1599 5686 1720 5740 ούδέ
1748 5685 1891 5742 οὕτω

356 5808 527 5885 ἴβεις.
554 5807 965 5885 ἐκμειλίξασθαι.’
1028 5869 1049 5885 ⁸
1080 5870 1103 5879 ξ

359 5868 387 5909 1)
402 5868 526 5933 [ξος.
554 5868 738 5933 βούλει,
762 5869 931 5933 φησίν,
947 5869 1203 5920 ἐπιδοῦναι.

362 5904 385 5965 ἓ
402 5904 536 5997 Ἠοῖ.
762 5904 1022 5980 Ὲὲἷιὶιὲξὲἑὲζ

1694 326 1779 383 DE
1816 327 2288 392 VIRGINITATE.

3517 336 3620 393 556

2042 441 2200 512 θέμις
2224 441 2449 514 ὁρμίσαι
2496 441 2559 495 τὸ
2609 441 2814 513 σκάφος
2854 444 2991 515 αὐτῇ
3040 444 3132 496 καὶ
3181 444 3622 505 ἀναπαύσασθαι.

2042 520 2252 593 Ὥσπερ
2286 518 2378 575 οὖν
2404 524 2452 575 οί
2504 521 2645 575 κατά
2690 522 2789 593 τὴν
2834 521 3103 576 θάλατταν
3148 523 3462 596 κακοῦργοι,
3495 528 3624 583 ἔνθα

2041 599 2140 669 μὲν
2160 599 2226 653 ἂν
2317 601 2472 665 πόλις
2498 601 2530 672 ἢ
2561 600 2797 654 ἐπίνειον
2828 601 2862 672 ἦ
2916 600 3104 671 λιμὴν,
3150 603 3251 655 οὐκ
3288 604 3623 661 ἐπιτίθενται

2035 682 2150 742 τοῖς
2180 680 2405 734 πλέουσι
2465 679 2642 746 (τοῦτο
2687 679 2798 751 γὰρ
2830 680 3008 750 μάτην
3068 679 3397 735 κινδυνεύειν
3428 684 3621 756 ἐστίν)·

2035 757 2101 812 ἂν
2124 759 2181 813 66
2208 761 2266 811 ἐν
2292 760 2441 831 μέσῳ
2470 760 2548 830 τῷ
2574 760 2802 828 πελάγει
2829 760 2891 812 τὸ
2921 759 3128 829 σκάφος
3161 761 3492 829 ἀπολάϐωσι,
3523 764 3625 835 τὴν

2034 839 2271 911 ἐρημίαν
2293 839 2401 893 τῶν
2433 838 2810 911 βοηθησόντων
2840 839 2942 909 τῆς
2971 840 3179 911 τόλμης
3227 840 3437 909 ἐφόδιον
3472 843 3621 913 έχον-

2032 934 2145 980 τες,
2176 918 2355 973 πάντα
2380 917 2589 972 κινοῦσι
2617 919 2712 971 καὶ
2766 918 3079 990 στρέφουσι.
3131 920 3225 972 καὶ
3259 920 3322 972 06
3358 921 3623 993 πρότερον

2030 995 2360 1064 ἀφίστανται
2381 997 2486 1060 ἕως
2512 996 2577 1051 ἂν
2605 997 2637 1067 ἢ
2664 996 3008 1051 καταδύσωσι
3030 997 3158 1059 τοὺς
3190 998 3549 1067 ἐμπλέοντας,
3583 1000 3618 1070 ἢ

2029 1072 2189 1127 τοῦτο
2217 1074 2463 1129 πάθωσιν
2491 1075 2667 1128 αὐτοί·
2695 1074 2841 1128 οὕτω
2865 1077 2958 1129 καὶ
2986 1077 3016 1128 6
3039 1076 3210 1139 δεινὸς
3240 1071 3395 1140 οὗτος
3426 1094 3618 1149 πειρα-

2027 1153 2129 1225 τὴς
2156 1156 2221 1225 τῇ
2258 1154 2515 1226 παρθένῳ
2549 1155 2936 1224 πολὺνέπάγει
2970 1155 3060 1209 τὸν
3103 1156 3349 1227 χειμῶνα
3381 1158 3475 1210 καὶ
3521 1176 3620 1228 χα-

2028 1230 2199 1304 λεπὴν
2230 1235 2330 1305 τὴν
2386 1235 2576 1306 ζάλην,
2632 1234 2730 1288 καὶ
2784 1235 3092 1304 ἀφορήτους
3148 1235 3250 1298 τὰς
3298 1237 3615 1306 τρικυμίας,

2027 1312 2207 1366 πάντα
2231 1312 2346 1367 άνω
2381 1313 2475 1366 καὶ
2525 1312 2677 1366 κάτω
2728 1312 2934 1378 κυκῶν,
2992 1311 3133 1366 ὥστε
3178 1316 3245 1384 τῇ
3282 1312 3375 1385 βίᾳ
3424 1315 3514 1367 καὶ
3545 1318 3615 1385 τῇ

2027 1393 2177 1467 ῥύμῃ
2205 1392 2531 1464 περιτρέψαι
2587 1392 2648 1446 τὸ
2705 1392 2931 1461 σκάφος.
2989 1394 3228 1446 Ἤκουσε
3260 1393 3367 1464 γὰρ
3414 1394 3496 1447 ὅτι
3531 1394 3612 1456 τὸ,

2037 1474 2170 1528 Ἔπί
2207 1475 2275 1527 τό
2303 1475 2449 1528 αὐτὸ
2478 1471 2907 1542 συνέρχεσθαι,
2938 1473 2972 1544 ἡ
3027 1472 3296 1543 παρθένος
3327 1473 3427 1526 οὐκ
3473 1473 3610 1543 ἔχει,

2023 1552 2139 1606 ἀλλ’
2167 1553 2385 1624 ἀνάγκη
2425 1545 2505 1607 διτ
2544 1552 2666 1606 ὅλου
2723 1551 2977 1605 παλαίειν
3026 1551 3221 1621 αὐτὴν,
3251 1551 3317 1604 δι’
3345 1552 3466 1605 ὅλου
3511 1554 3615 1622 μά-

2023 1630 2216 1702 χεσθαι
2245 1631 2384 1701 πρὸς
2408 1632 2477 1685 τὰ
2516 1629 2868 1701 πνευματικά
2922 1629 3023 1700 τῆς
3079 1630 3367 1700 πονηρίας,
3412 1632 3519 1695 ἓως
3546 1631 3614 1686 ἂν
3714 1678 3717 1679 ,

2022 1712 2103 1774 εἰς
2135 1710 2227 1763 τὸν
2281 1709 2456 1766 εύδιον
2512 1709 2866 1780 καταπλεύσῃ
2904 1706 3119 1778 λιμένα.
3184 1708 3451 1779 Καθάπερ
3502 1709 3612 1778 γὰρ

2023 1787 2365 1860 στρατιώτην
2419 1791 2666 1856 γενναῖον
2722 1787 2827 1851 ἔξω
2870 1785 3066 1856 τειχῶν
3120 1786 3452 1850 ἀποκλείσας
3512 1788 3612 1858 τὴν

2022 1865 2291 1937 παρθένον
2315 1870 2343 1921 6
2370 1866 2603 1937 Παῦλος,
2637 1867 2738 1921 οὐκ
2790 1866 3016 1935 ἀφίησιν
3054 1864 3338 1935 ἀνοιγῆναι
3372 1866 3471 1930 τὰς
3503 1865 3609 1918 πύ-

2020 1934 2117 2008 λας
2148 1946 2310 2017 αὐτῇ,
2342 1947 2446 2000 κᾶν
2479 1934 2733 2016 σφόδραό
2756 1934 3013 2013 πολέμιος
3036 1934 3294 2014 ἀγριαίνῃ
3339 1945 3474 2014 πρὸς
3511 1945 3610 1997 αύ-

2018 2025 2141 2098 τὴν,
2182 2025 2285 2079 κᾶν
2309 2025 2460 2095 αὐτῷ
2487 2024 2663 2094 τούτῳ
2694 2022 3054 2094 σφοδρότερος
3092 2024 3349 2093 γίγνηται
3394 2023 3472 2093 τῷ
3517 2024 3608 2080 τὸν

2017 2104 2312 2158 ἀντίπαλον
2343 2103 2613 2175 μηδεμίαν
2646 2102 2893 2168 ἐξουσίαν
2922 2102 3065 2172 ἔχειν
3118 2102 3471 2172 ἀνακιοχῆςά.
3496 2106 3607 2176 Οὐχ

2017 2183 2046 2234 6
2072 2182 2317 2246 διάϐολος
2354 2182 2412 2237 δέ
2447 2182 2633 2252 μόνον,
2665 2180 2801 2234 ἀλλὰ
2831 2180 2924 2234 καὶ
2952 2180 3111 2243 αὐτὸς
3138 2183 3166 2233 ό
3191 2181 3291 2251 τῆς
3314 2182 3607 2251 ἐπιθυμίας

2017 2256 2233 2333 οἶστρος
2266 2260 2528 2331 μειζόνως
2564 2263 2677 2324 τοῖς
2710 2259 2785 2332 μὴ
2830 2259 3210 2333 γεγαμηκόσιν
3249 2261 3477 2330 ἐνοχλεῖ·
3511 2262 3607 2315 καὶ

2015 2332 2176 2392 τοῦτο
2211 2340 2376 2393 παντί
2410 2357 2513 2393 που
2547 2338 2709 2410 δῆλόν
2737 2341 2907 2392 ἐστιν.
2938 2332 3038 2390 Ὧν
3067 2338 3168 2408 μὲν
3206 2338 3316 2411 γὰρ
3343 2342 3441 2411 τὴν
3466 2341 3606 2394 ἀπό-

2016 2417 2206 2474 λαυσιν
2232 2417 2449 2489 ἔχομεν,
2485 2418 2545 2471 οὐ
2570 2418 2779 2489 ταχέως
2812 2417 2916 2471 ὑπὸ
2940 2416 3040 2487 τῆς
3066 2417 3370 2488 ἐπιθυμίας
3386 2419 3606 2473 ἀλισκό-

2021 2496 2180 2568 μεθα,
2213 2496 2311 2567 τῆς
2334 2497 2518 2560 ἀδείας
2575 2501 2642 2570 τῇ
2691 2498 2836 2569 ψυχῇ
2884 2498 3148 2570 ῥᾳθυμεῖν
3192 2497 3600 2569 συγχωρούσης.

2017 2575 2128 2629 Καὶ
2148 2574 2308 2631 τοῦτο
2337 2575 2432 2629 καὶ
2454 2574 2729 2647 παροιμία
2763 2592 2848 2639 τις
2871 2578 3003 2647 ἡμῖν
3038 2577 3325 2646 μαρτυρεῖ,
3349 2574 3606 2647 δημώδης

2020 2655 2141 2724 μὲν,
2188 2654 2393 2726 σφόδρα
2429 2654 2487 2707 δέ
2516 2653 2744 2725 ἀληθής.
2796 2653 2869 2706 Τὸ
2921 2653 3029 2724 γὰρ
3058 2656 3115 2707 ἐν
3144 2652 3382 2724 ἐξουσίᾳ,
3413 2655 3600 2723 φησὶν,

2016 2733 2235 2805 ἕτοιμον
2285 2735 2385 2787 οὐκ
2436 2729 2577 2788 εἶναι
2623 2733 2764 2804 πρὸς
2810 2732 3110 2804 ἐπιθυμίαν
3142 2732 3390 2803 σφοδρόν.
3417 2735 3515 2785 "Av
3543 2733 3603 2787 δέ

2017 2829 2148 2866 ποτε
2176 2812 2509 2883 κωλυθῶμεν
2552 2805 2628 2866 ὧν
2670 2811 2838 2867 πάλαι
2868 2807 3013 2884 ἦμεν
3047 2810 3252 2882 κύριοι,
3290 2812 3603 2867 τούναντίον

2015 2891 2247 2959 γίνεται,
2276 2893 2371 2946 καὶ
2392 2891 2459 2945 τά
2486 2890 2575 2945 διά
2611 2890 2709 2962 τὴν
2747 2891 2997 2956 ἐξουσίαν
3054 2893 3182 2963 παρ’
3222 2890 3378 2962 ἡμῶν
3430 2908 3603 2946 κατα-

2015 2972 2381 3043 φρονούμενα,
2416 2970 2611 3037 ταῦτα,
2662 2972 2793 3025 ὃταν
2851 2970 2913 3023 τὸ
2957 2968 3125 3040 κῦρος
3160 2971 3317 3042 ἡμῶν
3363 2970 3600 3040 ἐκφύγῃ,

2016 3051 2374 3123 σφοδρότερον
2393 3050 2552 3122 ἡμῶν
2581 3050 2680 3120 τὴν
2728 3050 3026 3120 ἐπιθυμίαν
3073 3050 3340 3121 διήγειρε.
3378 3050 3604 3122 Πρῶτον

2019 3131 2119 3202 μὲν
2148 3126 2242 3184 οὖν
2268 3128 2441 3201 ταύτῃ
2480 3128 2682 3199 μείζων
2717 3127 2870 3199 ποιρά
2898 3130 3012 3190 τοῖς
3044 3129 3419 3199 γεγαμηκόσιν
3442 3129 3475 3199 ἡ
3499 3146 3603 3197 γα-

2015 3210 2172 3283 λὴνη·
2200 3209 2453 3280 δεύτερον
2481 3209 2559 3272 δὲ,
2592 3208 2672 3261 ὅτι
2704 3206 2806 3261 κᾶν
2852 3208 2934 3270 εἰς
2992 3206 3126 3276 ῦψος
3169 3207 3402 3279 ἀρθῆναι
3450 3208 3602 3276 φιλο-

2015 3290 2243 3360 νεικήσῃ
2300 3287 2434 3341 ποτέ
2499 3289 2532 3357 ἡ
2559 3287 2710 3356 φλὸξ,
2767 3286 3122 3341 καταστέλλει
3168 3287 3379 3356 ταχέως
3428 3288 3601 3360 αὐτὴν

2015 3367 2319 3422 ἐπελθοῦσα
2357 3370 2391 3438 ἡ
2425 3367 2593 3438 μίξις.
2637 3367 2702 3420 Ἡ
2732 3364 2789 3420 δέ
2819 3365 3088 3436 παρθένος
3107 3366 3208 3420 οὐκ
3236 3366 3431 3437 ἔχουσα
3450 3367 3600 3431 ὅπως

2016 3447 2185 3519 σϐέσῃ
2217 3457 2242 3486 θ
2271 3447 2335 3501 τὸ
2368 3448 2502 3519 πῦρ,
2536 3447 2641 3519 ὁρᾷ
2672 3446 2772 3517 μὲν
2805 3446 2937 3500 αὐτὸ
2962 3445 3370 3516 κορυφούμενον
3397 3447 3492 3500 καὶ
3519 3448 3601 3510 εἰς

2014 3528 2147 3599 ὕψος
2177 3529 2488 3602 αἰρόμενον,
2513 3527 2702 3581 σϐέσαι
2725 3526 2783 3581 66
2819 3527 2920 3581 οὐκ
2950 3526 3212 3597 ἰσχύουσα
3247 3526 3365 3591 ἐνὸς
3390 3526 3600 3596 γίνεται

2015 3609 2177 3680 μόνου
2199 3608 2294 3662 τοῦ
2319 3608 2394 3679 μὴ
2418 3605 2718 3677 φλεχθῆναι
2752 3606 3067 3677 μαχομένην
3113 3606 3264 3677 πυρί.
3301 3602 3449 3681 Ἆρά
3481 3607 3599 3659 ἐστί

2009 3706 2063 3744 τι
2094 3688 2284 3742 τούτου
2316 3686 2767 3759 παραδοξότερον,
2798 3687 2978 3740 πᾶσαν
3003 3685 3150 3740 ἔνδον
3181 3684 3469 3756 βαστάζειν
3499 3686 3599 3758 τὴν

2013 3767 2213 3839 πυράν,
2254 3766 2350 3821 καὶ
2401 3764 2479 3837 μὴ
2531 3764 2823 3830 καίεσθαι;
2883 3764 3209 3835 συστρέφειν
3245 3766 3344 3837 μὲν
3378 3767 3436 3819 ἐν
3485 3768 3599 3828 τοῖς

2009 3848 2109 3917 τῆς
2129 3847 2310 3917 ψυχῆς
2363 3845 2631 3916 ταμιείοις
2662 3843 2761 3916 τὴν
2787 3842 2981 3914 φλόγα,
3020 3842 3172 3916 [ἳ95]
3230 3844 3507 3913 ἀνέπαφον
3540 3844 3598 3898 δὲ

2008 3927 2110 3996 τὴν
2137 3927 2379 3981 διάνοιαν
2407 3924 2721 3996 διατηρεῖν;
2758 3923 2947 3985 Οὐδεὶς
3003 3923 3112 3994 γὰρ
3145 3923 3283 3993 αὐτῇ
3322 3925 3600 3995 συγχωρεῖ

2008 4006 2137 4072 τοὺς
2193 4005 2476 4078 ἄνθρακας
2530 4002 2757 4066 τούτους
2799 4002 2905 4068 ἔξω
2957 4002 3217 4064 κενῶσαι,
3266 4002 3381 4056 ἀλλ’
3409 4004 3544 4073 ὅπερ
3568 4005 3598 4055 ό

2009 4084 2424 4158 Παροιμιαστὴς
2452 4081 2715 4138 ἀδύνατον
2747 4079 2886 4137 εἷναί
2911 4098 3074 4153 φησιν
3103 4083 3196 4137 ἐπὶ
3225 4081 3325 4151 τῆς
3346 4082 3456 4135 τῶν
3487 4099 3596 4134 σω·-
3676 4100 3681 4105 ·

2012 4166 2199 4238 μάτων
2226 4164 2462 4233 φύσεως,
2490 4162 2651 4215 τοῦτο
2676 4162 2968 4233 ὑπομένειν
3015 4160 3153 4232 αὑτὴ
3188 4159 3598 4228 καταναγκάζε-
3663 4193 3681 4210 ι

2007 4262 2098 4300 ται
2120 4245 2213 4298 ἐπὶ
2237 4245 2338 4314 τῆς
2375 4241 2573 4312 ψυχῆς.
2604 4241 2670 4295 Τί
2707 4241 2765 4295 δὲ
2818 4240 3025 4304 ἐκεῖνός
3058 4256 3191 4309 φησι
3217 4255 3232 4305 ;
3260 4238 3593 4306 Περιπατή-

2007 4342 2104 4379 σει
2143 4342 2237 4390 τις
2281 4324 2375 4375 ἐπ’
2409 4319 2728 4387 ἀνθράκων
2764 4318 2976 4386 πυρὸς,
3032 4319 3176 4385 τοὺς
3203 4318 3272 4372 δὲ
3296 4320 3489 4385 πόδας
3520 4322 3594 4375 οὐ

2006 4403 2405 4464 κατακαύσει;
2459 4397 2596 4451 Ἀλλ’
2650 4396 2759 4451 ἰδοὺ
2788 4395 2926 4468 αῦτη
2988 4401 3283 4467 περιπατεῖ
3310 4398 3403 4452 καὶ
3438 4399 3592 4471 φέρει

2004 4484 2105 4556 τὴν
2145 4482 2395 4553 βάσανον.
2444 4477 2757 4545 Ἄποδήσει
2782 4494 2872 4556 τις
2903 4477 3024 4547 πῦρ
3047 4478 3119 4531 ἐν
3142 4480 3370 4543 κόλπῳ.
3410 4483 3485 4534 τὰ
3524 4478 3594 4532 δὲ

2007 4555 2205 4633 ἰριὰτιιι
2228 4563 2301 4615 οὐ
2324 4560 2727 4623 κατακαύσει;
2755 4555 2903 4627 Αὕτη
2955 4556 3012 4610 66
3065 4557 3167 4610 οὐκ
3213 4559 3272 4610 ἐν
3330 4560 3589 4629 ἱματίοις,

2006 4642 2124 4698 ἀλλ’
2160 4640 2308 4695 ἔνδον
2336 4639 2536 4710 ἔχουσα
2563 4637 2625 4692 τὸ
2650 4637 2760 4709 πῦρ
2791 4637 3075 4707 ἀγριαῖνον
3113 4638 3209 4692 καὶ
3244 4640 3433 4709 ἡχοῦν,
3491 4641 3591 4693 ἀν·

2006 4723 2190 4793 ἐχεται
2216 4720 2313 4774 καὶ
2344 4719 2525 4788 στέγει
2553 4718 2654 4789 τὴν
2679 4717 2873 4787 φλόγα.
2916 4716 3033 4769 Ἔτ’
3063 4711 3156 4770 οὖν
3179 4716 3440 4788 τολμήσει
3482 4735 3587 4782 τις,

2005 4801 2129 4858 εἰπέ
2159 4816 2270 4873 μοι,
2299 4801 2366 4870 τῇ
2395 4796 2662 4870 παρθενίᾳ
2696 4797 2789 4851 τὸν
2843 4796 3022 4867 γάμον
3062 4797 3469 4866 παραϐάλλειν;
3497 4799 3590 4850 ἀν-

2003 4879 2254 4949 τιϐλέψαι
2295 4878 2354 4932 δέ
2402 4877 2568 4942 ὃλως;
2612 4877 2754 4930 Ἀλλ’
2811 4876 2912 4930 οὐκ
2955 4875 3182 4946 ἀφίησιν
3232 4876 3261 4927 6
3319 4877 3589 4947 μακάριος

2003 4959 2238 5023 Παῦλος,
2265 4957 2399 5011 πολὺ
2424 4957 2485 5010 τὸ
2510 4956 2673 5027 μέσον
2692 4955 2955 5027 ἐκατέρου
2979 4953 3070 5009 τοῦ
3098 4953 3423 5024 πράγματος
3453 4954 3587 5017 θείς·

2015 5037 2079 5091 Ἦ
2109 5034 2333 5108 μὲνγὰρ
2357 5035 2427 5088 τὰ
2445 5034 2538 5087 τοῦ
2560 5034 2788 5105 Κυρίου,
2814 5033 2999 5103 φησὶν,
3027 5032 3137 5103 ἡδὲ
3162 5033 3230 5087 τὰ
3257 5032 3350 5087 τοῦ
3380 5033 3587 5101 κόσμου

2006 5116 2269 5187 μεριμνᾷ.
2321 5113 2655 5183 Συναγαγὼν
2706 5114 2886 5167 τοίνυν
2912 5113 2994 5178 εἰς
3029 5113 3220 5166 ταυτὸν
3251 5113 3379 5174 τοὺς
3422 5129 3590 5181 γεγα-

2004 5196 2267 5266 μηκότας,
2300 5193 2591 5266 καὶταύτῃ
2619 5194 3006 5264 χαρισάμενος,
3053 5192 3283 5246 ἄκουσον
3337 5191 3455 5255 πῶς
3485 5192 3587 5245 αὐε-

1999 5276 2114 5336 τοϊς
2145 5273 2392 5338 ὀνειδίζει
2425 5273 2606 5328 πάλιν·
2647 5272 2780 5329 Ἑπί
2811 5272 2879 5326 τὸ
2906 5269 3053 5325 αὐτὸ
3087 5271 3214 5341 γὰρ,
3244 5270 3400 5341 φησὶ,
3436 5286 3586 5324 συν-

1996 5351 2273 5420 έρχεσθε,
2313 5352 2416 5406 ἵνα
2461 5352 2550 5421 μὴ
2578 5350 2818 5420 πειράζῃ
2846 5348 3002 5420 ὑμᾶς
3049 5352 3083 5403 ό
3135 5348 3429 5416 Σατανᾶς.
3477 5351 3587 5404 Καὶ

1997 5433 2171 5499 δεῖξαι
2201 5431 2523 5503 βουλόμενος
2549 5431 2630 5484 ὅτι
2654 5431 2716 5483 06
2748 5430 2848 5499 τῆς
2902 5428 3111 5483 ἐκείνου
3152 5429 3348 5499 πείρας
3385 5430 3447 5483 τὸ
3478 5433 3586 5484 πᾶν

1997 5513 2173 5577 ἐστιν,
2211 5513 2350 5567 ἀλλά
2386 5512 2482 5564 καὶ
2510 5511 2608 5581 τῆς
2627 5509 2904 5581 ἡμετέρας
2933 5508 3161 5573 νωθείας
3187 5510 3247 5562 τὸ
3274 5510 3457 5575 πλέον,
3489 5513 3587 5582 τὴν

1997 5595 2340 5666 κυριωτέραν
2383 5591 2562 5645 αἰτίαν
2610 5591 2898 5666 ἐπήγαγε,
2947 5590 3051 5644 Διὰ
3105 5590 3220 5658 τὴν
3283 5592 3587 5658 ἀκρασιαν

1995 5673 2186 5745 ὑμῶν,
2218 5665 2409 5728 εἰπών.
2468 5671 2565 5734 Τίς
2612 5665 2705 5724 οὖν
2751 5670 2853 5722 οὐκ
2913 5668 2980 5724 ἂν
3030 5671 3376 5743 ἐρυθριάσειε
3411 5669 3584 5725 ταῦτα

2070 5802 2102 5842 ά
2122 5806 2240 5867 Reg.
2266 5807 2531 5868 ἀνακῳχῆς.
2558 5804 2652 5868 καὶ
2671 5803 2776 5866 περῖ
2801 5802 2883 5866 μὲν
2903 5809 2987 5862 τῆς
3013 5804 3243 5867 παρθένου
3265 5801 3434 5853 ταῦτα.
3460 5805 3578 5854 T06-

1998 5884 2095 5923 τοις
2114 5869 2165 5916 δέ
2184 5865 2273 5930 οὐχ
2292 5870 2319 5916 6
2342 5865 2559 5930 διάϐολος
2582 5865 2739 5928 μόνος.

2056 5930 2076 5952 ¹¹
2102 5931 2225 5994 Reg.
2257 5930 2353 5991 ὅτῳ
2375 5929 2557 5977 σϐέσει.
