4016 6154
327 381 429 442 557

323 503 451 557 Alere
479 516 612 556 sane
647 514 769 556 cum
807 513 992 554 uxore.
1025 496 1137 552 Non
1169 504 1254 552 est
1296 495 1455 567 igitur
1495 493 1776 564 permissio
1799 493 1913 546 hinc

326 592 601 664 probantis
624 607 687 647 ac
707 589 1130 646 commendantis
1149 630 1164 654 ,
1194 588 1288 644 sed
1319 585 1590 642 irridentis
1618 600 1680 639 ac
1714 585 1913 653 impro-

323 686 518 740 bantis.
549 683 682 738 Nam
722 684 776 737 ni
813 685 1248 751 voluptuosorum
1287 687 1520 734 mentem
1547 676 1760 746 egregie
1791 686 1909 730 tan-

325 789 449 842 gere
469 775 744 837 voluisset,
770 773 1187 841 intemperantia:
1209 785 1392 825 vocem
1423 785 1527 823 non
1559 767 1907 833 adhibuisset,

321 884 439 936 qua:
467 878 521 921 et
551 867 839 920 vehemens
864 875 980 928 est,
1019 873 1072 919 et
1100 865 1287 932 ingens
1313 862 1627 932 vituperium
1652 860 1906 914 continet.

319 960 428 1014 Cur
454 958 598 1012 enim
629 972 734 1010 non
766 957 918 1020 dixit,
949 956 1170 1024 Propter
1190 962 1419 1007 vestram
1451 949 1909 1006 imbecillitatem?

319 1048 474 1115 Quod
505 1033 584 1103 ea.
598 1065 699 1102 vox
733 1047 900 1117 magis
922 1045 1240 1116 iguoscentis
1268 1052 1428 1109 esset,
1459 1043 1546 1098 illa
1572 1057 1698 1096 vero
1721 1043 1911 1095 intem-

323 1141 597 1208 perantiae,
626 1154 891 1193 summam
922 1135 1463 1208 ignaviam‘notantis.
1514 1133 1674 1204 igitur
1713 1133 1907 1186 intem-

322 1234 577 1302 perantiae
602 1241 685 1286 est
709 1273 724 1296 ,
756 1247 862 1285 non
891 1245 1046 1300 posse
1072 1245 1101 1282 a
1124 1228 1470 1282 fornicatione
1494 1226 1778 1289 abstinere,
1807 1224 1908 1278 nisi

324 1327 475 1380 uxori
519 1340 731 1394 semper
767 1324 973 1378 haereas
1004 1337 1067 1376 ac
1101 1322 1244 1376 coitu
1271 1320 1467 1374 fruare.
1506 1317 1641 1386 Quid
1670 1317 1798 1372 mihi
1824 1317 1909 1371 hic

321 1418 500 1470 dicent
517 1415 605 1485 qui
627 1415 980 1483 virginitatem
1004 1426 1450 1482 supervacaneam
1475 1410 1748 1464 statuunt?
1775 1408 1905 1463 Nam

323 1509 436 1560 lucc
462 1521 568 1575 quo
596 1505 902 1559 contensior
923 1514 1038 1571 est,
1067 1519 1132 1558 eo
1159 1503 1415 1572 majorem
1454 1501 1614 1556 habet
1656 1501 1862 1556 laudem
1891 1519 1903 1555 :

320 1607 376 1653 at
395 1599 810 1660 matrimonium,
839 1596 928 1650 ubi
957 1611 1022 1650 eo
1047 1595 1165 1665 plus
1193 1595 1320 1649 satis
1347 1603 1515 1658 utare,
1541 1602 1650 1648 tum
1678 1594 1908 1648 maxime

321 1688 492 1742 laudis
516 1688 688 1742 omnis
718 1702 912 1756 expers
926 1698 1026 1742 est.
1060 1686 1112 1742 id
1133 1675 1296 1752 enim,
1327 1687 1495 1756 inquit
1512 1686 1589 1755 (1.
1609 1685 1724 1740 Cor.
1749 1686 1800 1740 7.
1824 1685 1904 1756 6),

321 1780 441 1834 dico
467 1779 758 1834 secundum
785 1778 1163 1848 indulgentiam
1187 1819 1203 1844 ,
1243 1792 1352 1833 non
1384 1777 1673 1833 secundum
1701 1793 1904 1847 praece-

323 1880 466 1938 ptum
491 1887 506 1934 ;
530 1870 639 1938 jam
669 1869 756 1924 ubi
781 1877 863 1924 est
892 1869 1234 1939 indulgentia,
1260 1868 1403 1922 laudi
1431 1868 1610 1922 nullus
1630 1877 1710 1922 est
1735 1868 1901 1921 locus.

323 1963 392 2014 At
435 1960 576 2014 enim
621 1969 674 2014 et
722 1959 788 2013 de
814 1959 1105 2029 virginibus
1143 1959 1410 2013 disserens
1453 1958 1546 2024 ait,
1587 1956 1904 2026 Praeceptum

325 2051 528 2105 Domini
557 2069 656 2105 non
691 2051 847 2104 habeo
879 2050 994 2121 (Ib.
1023 2065 1070 2103 υ.
1101 2050 1170 2104 25
1195 2052 1234 2118 ).
1275 2049 1408 2104 Num
1453 2049 1610 2120 igitur
1656 2063 1769 2103 rem
1808 2063 1904 2102 ex-

323 2143 533 2213 :equat?
572 2143 787 2197 Minime
811 2143 1045 2212 gentium
1073 2159 1085 2196 :
1115 2158 1237 2197 nam
1267 2142 1332 2197 de
1358 2143 1560 2212 virgine
1584 2140 1901 2197 sententiam

322 2234 595 2288 dicitzhic
619 2248 937 2288 consensum
976 2233 1083 2288 dat.
1123 2236 1200 2288 Ac
1235 2244 1478 2287 neutrum
1520 2233 1760 2302 praicipit
1797 2246 1902 2286 non

321 2325 506 2379 eadem
533 2324 600 2379 de
628 2339 821 2390 causa;
855 2324 946 2377 sed
977 2323 1078 2388 hic,
1116 2340 1180 2378 ne
1205 2325 1292 2394 qui
1321 2323 1389 2378 ab
1419 2307 1819 2392 intemperantia
1845 2335 1904 2376 se

319 2413 601 2468 sustollere
625 2413 782 2468 vellet
804 2413 1188 2483 prohiberetur,
1224 2413 1367 2467 velut
1399 2412 1642 2481 praecepti
1667 2410 1904 2465 necessi-

322 2515 426 2559 tate
447 2505 766 2569 obstrictus;
799 2506 921 2568 illic,
955 2507 1128 2575 nequi
1173 2505 1238 2558 ad
1261 2505 1612 2574 virginitatem
1645 2503 1904 2571 attingere

319 2597 644 2667 nequivisset
673 2597 1036 2662 damnaretur,
1056 2611 1154 2650 ceu
1178 2597 1226 2649 in
1256 2604 1573 2666 praeceptum
1595 2601 1900 2648 contumax.

323 2687 436 2742 Non
465 2687 740 2758 praecipio,
773 2687 960 2756 inquit,
991 2688 1245 2756 virginem
1277 2701 1423 2752 esse;
1447 2699 1634 2740 vereor
1657 2685 1797 2739 enim
1824 2684 1902 2738 rei

319 2777 711 2833 difficultatem.
742 2777 854 2832 Non
891 2779 1140 2847 principio
1169 2777 1418 2847 congredi
1450 2777 1753 2847 frequenter
1781 2791 1900 2830 cum

321 2887 485 2925 uxore
517 2890 530 2925 :
562 2871 687 2926 nolo
712 2871 852 2926 enim
878 2872 1274 2926 incontinentis:
1295 2871 1560 2940 legislato‘r
1582 2884 1722 2926 esse.
1757 2867 1900 2936 Dixi,

319 2956 606 3028 Conuenite,
626 2971 684 3017 ut
699 2975 870 3017 vetem
899 2963 949 3016 iu
977 2978 1213 3033 pra'ceps
1239 2962 1385 3026 ferri,
1416 2979 1518 3017 non
1544 2971 1601 3016 ut
1627 2962 1904 3018 sublimius

317 3053 548 3108 studium
579 3054 882 3123 impediam.
932 3053 1047 3108 Non
1080 3069 1206 3124 ergo
1236 3055 1250 3085 ¹
1306 3053 1358 3108 id
1398 3055 1662 3124 pra-cipue
1693 3054 1820 3116 vult,
1847 3061 1906 3108 ut

317 3144 534 3200 assidue
563 3160 728 3200 uxore
755 3155 986 3209 utamur,
1017 3146 1108 3200 sed
1139 3146 1387 3200 nimirum
1419 3145 1470 3200 id
1495 3147 1798 3215 segniorum
1824 3145 1906 3198 in-

320 3236 669 3306 temperantia
692 3237 883 3291 sanxit.
909 3237 1038 3290 Nam
1062 3239 1105 3291 si
1135 3237 1278 3291 Pauli
1304 3237 1625 3291 voluntatem
1647 3237 1783 3291 scire
1803 3237 1902 3302 vis,

319 3328 445 3382 audi
470 3345 588 3398 qua:
615 3330 685 3382 sit
713 3347 726 3382 :
771 3327 917 3395 Volo,
940 3330 1131 3399 inqttit,
1161 3345 1332 3383 omnes
1355 3329 1578 3382 homines
1601 3329 1674 3384 sic
1698 3345 1821 3392 esse,
1852 3336 1908 3381 ut

317 3437 415 3492 ego
465 3437 599 3488 sum,
638 3421 944 3475 continentes
995 3423 1015 3452 ³
1066 3420 1184 3492 (Ib.
1233 3436 1280 3474 υ.
1331 3420 1426 3490 7).
1477 3421 1639 3489 Igitur
1662 3419 1748 3489 qui
1775 3419 1909 3474 velis

318 3525 510 3566 omnes
535 3513 868 3566 continentes
893 3526 1033 3578 esse,
1064 3515 1331 3567 neminem
1355 3512 1434 3565 vis
1456 3525 1575 3566 esse
1605 3511 1906 3580 conjugem.

319 3604 438 3659 Non
468 3602 714 3673 equidem
744 3621 756 3656 :
787 3611 842 3656 at
868 3618 973 3657 non
1010 3611 1287 3672 propterea
1319 3602 1559 3656 volentes
1585 3611 1706 3656 veto
1735 3609 1788 3656 et
1822 3601 1906 3654 in-

321 3695 538 3760 simulo,
567 3694 660 3748 sed
689 3708 812 3748 cum
841 3702 1018 3764 optem
1050 3709 1112 3748 ae
1133 3694 1436 3763 percupiam
1457 3706 1642 3747 omnes
1668 3691 1744 3746 sic
1766 3705 1906 3757 esse,

323 3794 384 3838 ut
421 3800 520 3853 ego
559 3799 697 3846 sum,
731 3793 841 3837 tum
888 3783 1016 3838 illud
1063 3792 1278 3853 propter
1319 3783 1720 3839 fornicationem
1748 3783 1907 3839 etiam

323 3877 560 3932 concedo
593 3896 604 3930 :
640 3877 864 3947 ideoque
908 3877 956 3931 in
1001 3878 1258 3947 principio
1284 3877 1556 3942 dicebam,
1601 3877 1799 3931 Bonum
1839 3887 1911 3931 est

325 3973 520 4025 homini
548 3973 805 4025 mulierem
832 3989 928 4025 non
956 3981 1176 4041 tangere,
1207 3972 1324 4042 quia
1359 3971 1407 4025 id
1433 3981 1801 4040 prmOptaretn.

401 4061 614 4115 XXXV.
667 4062 963 4116 Necessario
996 4061 1218 4116 Paulum
1263 4063 1582 4116 continentia:
1624 4061 1910 4133 exemplum

329 4167 383 4204 se
413 4152 752 4221 proposuisse.
795 4181 866 4191 —
900 4151 1004 4206 Sed
1044 4167 1208 4220 quare
1254 4152 1339 4207 hic
1386 4153 1466 4206 sui
1512 4154 1752 4207 meminit
1777 4191 1791 4213 ,
1826 4154 1909 4207 in-

329 4243 550 4312 quiens,
590 4243 716 4297 Volo
756 4261 925 4297 omnes
967 4245 1191 4298 homines
1229 4245 1300 4299 sic
1343 4261 1480 4310 esse,
1521 4253 1577 4298 ut
1621 4262 1713 4316 ego
1754 4247 1912 4302 sum?

333 4336 474 4404 quod
498 4337 540 4389 si
567 4351 671 4390 non
694 4336 1004 4403 addidisset,
1030 4337 1111 4391 sui
1133 4351 1259 4391 sane
1282 4339 1600 4392 mentionem
1621 4339 1907 4408 effugisset.

331 4430 439 4483 Cur
466 4430 624 4498 igitur
648 4428 862 4498 adjecit,
888 4438 943 4481 ut
967 4446 1056 4498 ego
1084 4430 1237 4482 sunt?
1262 4428 1376 4483 Non
1398 4445 1502 4498 quo
1526 4445 1584 4484 se
1605 4431 1908 4496 extolleret;

336 4537 455 4576 nam
503 4520 586 4574 hic
633 4519 720 4573 ille
764 4529 876 4584 est,
924 4519 1160 4588 quicum
1207 4519 1596 4588 prardicatiouis
1645 4521 1912 4575 laboribus

336 4611 587 4678 apostolis
615 4617 912 4679 praestaret,
943 4609 1220 4678 indignum
1253 4623 1310 4663 se
1341 4610 1418 4662 vel
1447 4609 1670 4677 apostoli
1701 4611 1914 4666 nomine

337 4703 620 4755 existimat.
652 4699 784 4754 Cum
815 4702 956 4754 enim
984 4701 1228 4766 dixisset,
1257 4700 1368 4772 Ego
1393 4718 1503 4754 sum
1526 4703 1760 4757 minimus
1788 4721 1914 4774 apo-

337 4798 576 4846 stolarum
607 4793 690 4863 (l.
721 4791 838 4845 Cor.
870 4792 952 4846 15.
979 4792 1051 4858 9),
1083 4793 1226 4848 velut
1263 4793 1435 4860 majus
1464 4793 1715 4862 quiddam
1755 4809 1912 4863 quam

340 4899 432 4952 pro
462 4884 716 4952 dignitate
759 4897 850 4936 sua
892 4883 1178 4952 eloquutus
1199 4925 1213 4945 ,
1246 4883 1420 4935 statim
1450 4898 1508 4936 se
1536 4885 1788 4952 castigat,
1818 4884 1915 4937 ad-

338 4975 490 5042 dens,
559 4976 658 5039 Qui
720 4993 820 5028 non
874 4992 985 5028 sum
1042 4975 1224 5044 dignus
1266 4976 1434 5028 uocari
1478 4976 1734 5045 apostolus
1788 4974 1914 5045 (Id.

341 5067 426 5119 15.
471 5066 562 5135 9).
611 5068 716 5119 Cur
760 5067 917 5135 igitur
947 5065 1032 5120 hic
1075 5065 1429 5120 cohortationi
1470 5081 1587 5120 sese
1631 5067 1918 5136 proponit?

341 5155 452 5210 Non
483 5165 681 5211 temere
708 5157 759 5211 id
786 5157 1018 5224 quidem,
1051 5165 1140 5209 aut
1166 5157 1282 5211 sine
1309 5172 1465 5210 causa
1483 5197 1496 5220 ,
1526 5157 1618 5211 sed
1643 5157 1733 5227 qui
1758 5158 1920 5214 sciret

343 5249 632 5318 discipulos
663 5257 771 5301 tum
809 5249 1036 5301 maxime
1075 5248 1141 5301 ad
1187 5252 1550 5316 praestantium
1580 5243 1760 5302 rerum
1803 5258 1918 5303 stu-

345 5339 486 5393 dium
537 5339 785 5399 incitari,
835 5339 880 5392 si
935 5349 1318 5406 prteceptorum
1355 5339 1605 5392 'ltabcant
1655 5341 1916 5407 exempla.

347 5429 527 5500 itaque
565 5439 624 5485 ut
651 5430 741 5500 qui
781 5431 1031 5500 operibus
1059 5446 1254 5485 vacuus
1278 5432 1452 5486 verbis
1479 5433 1649 5485 solum
1685 5431 1922 5501 philoso-

346 5522 556 5592 phatur,
581 5520 721 5575 haud
743 5535 870 5575 sane
893 5521 1118 5578 auditori
1150 5523 1365 5592 prodest
1389 5540 1400 5575 :
1431 5524 1498 5578 ita
1526 5524 1615 5594 qui
1641 5519 1922 5580 consilium

349 5675 433 5824 ,υἱ
462 5676 662 5782 ἲιίοιιιοη
689 5685 838 5736 pauca
858 5673 1061 5724 deerant
1081 5675 1130 5724 in
1150 5676 1330 5737 ttorel.,
1358 5691 1466 5741 qua:
1495 5691 1556 5730 ex
1584 5686 1696 5742 Reg.
1718 5687 1769 5730 et
1785 5680 1922 5731 savii.

426 5749 466 5794 ην
488 5749 548 5784 en
572 5749 649 5784 ur.

452 5800 497 5824 In
520 5803 617 5824 non
662 5797 865 5824 avni-lnam
911 5796 1187 5824 ρωοῖιιιικιιι-
1230 5799 1367 5824 ιιιιιιιιι.

451 5800 497 5841 tn
520 5803 635 5859 Reg.
662 5797 884 5856 veritum,
908 5796 1205 5860 continentes,
1229 5799 1388 5852 deest.

1719 373 1808 432 DE
1849 373 2312 434 V’lRGlNITATE.

3496 387 3602 442 558

2023 503 2050 540 a
2080 505 2138 545 se
2170 491 2340 559 primo
2383 494 2675 563 perfectum
2706 493 2866 552 habet
2893 496 3272 564 exhibendum,
3309 500 3390 554 vel
3418 499 3518 554 hac
3549 503 3599 555 in

2022 580 2206 646 primis
2230 581 2436 638 ratione
2457 583 2752 640 auditorem
2784 586 3004 642 inducit.
3034 589 3296 644 Prazterea
3324 605 3512 659 purum
3542 605 3602 645 se

2018 671 2087 724 ab
2117 671 2308 726 invidia
2339 683 2498 742 atque
2527 677 2665 730 fastu
2696 677 2947 746 ostendit,
2979 679 3068 749 qui
3105 681 3375 736 excellens
3417 681 3518 737 hoc
3546 693 3600 737 et

2020 763 2343 834 praecipuum
2383 781 2504 821 cum
2553 768 2826 842 discipulis
2855 785 3141 828 commune
3170 788 3288 828 esse
3314 774 3462 840 velit,
3506 792 3599 828 ne-

2018 871 2122 926 que
2149 856 2213 911 iis
2244 867 2499 926 prarstare
2527 870 2711 926 curet,
2743 861 2835 916 sed
2868 862 2917 916 in
2945 863 3190 917 omnibus
3228 880 3320 919 eos
3359 865 3456 918 sibi
3501 882 3600 920 ex-

2018 965 2248 1017 :equare.
2284 951 2465 1006 ilabeo
2492 962 2546 1005 et
2574 955 2780 1006 tertiam
2809 969 3022 1008 causam
3050 955 3245 1011 dicere.
3271 957 3602 1025 Quamnam?

2019 1040 2312 1095 Videbatur
2330 1057 2416 1096 res
2444 1041 2674 1098 difficilis
2701 1058 2837 1108 esse,
2865 1061 2964 1100 nec
2984 1047 3164 1102 multis
3191 1049 3389 1114 facilis;
3420 1051 3599 1120 itaque

2015 1135 2203 1188 volens
2232 1150 2348 1189 eam
2381 1133 2588 1191 facilem
2614 1138 2919 1208 declarare,
2949 1156 3068 1196 eum
3091 1183 3105 1205 ,
3135 1144 3222 1213 qui
3252 1144 3304 1198 id
3333 1159 3470 1212 opus
3497 1143 3596 1196 ab-

2018 1226 2287 1291 solvisset,
2317 1227 2369 1281 in
2401 1227 2633 1282 medium
2669 1230 2912 1295 adducit,
2942 1248 3009 1287 ne
3047 1232 3325 1289 admodum
3362 1234 3595 1288 laborio-

2014 1331 2132 1371 sum
2170 1317 2473 1384 crederent,
2517 1319 2610 1374 sed
2638 1319 2825 1375 ducem
2872 1321 3139 1378 intuentes
3180 1334 3233 1378 et
3278 1325 3376 1393 ipsi
3404 1325 3597 1380 animis

2013 1409 2154 1462 aucti
2183 1409 2424 1465 eamdem
2453 1412 2590 1466 viam
2617 1413 2834 1469 inirent.
2880 1414 3020 1470 Idem
3046 1427 3098 1471 et
3123 1416 3244 1470 alibi
3290 1419 3428 1473 facit.
3462 1419 3593 1473 Nam

2012 1498 2224 1553 Galatas
2251 1501 2545 1571 alloquens,
2575 1503 2742 1574 iisque
2771 1505 2899 1575 legis
2930 1507 3172 1562 timorem
3218 1510 3448 1564 eximere
3479 1518 3593 1564 stu-

2013 1590 2178 1656 dens,
2219 1607 2325 1662 quo
2363 1593 2429 1646 ad
2469 1595 2740 1664 antiquam
2782 1599 3218 1654 consuetudinem
3258 1600 3595 1668 ferebantur,

2013 1680 2264 1750 pleraque
2308 1681 2372 1736 ad
2400 1698 2517 1736 eam
2563 1685 2880 1753 pertinentia
2913 1700 3187 1745 servantes
3209 1732 3223 1752 ,
3274 1692 3400 1760 quid
3429 1692 3594 1747 dicit?

2013 1768 2188 1824 Estote
2210 1773 2336 1825 sicut
2365 1789 2456 1843 ego
2474 1815 2488 1839 ,
2518 1776 2636 1842 quia
2661 1786 2710 1829 et
2734 1793 2824 1847 ego
2853 1777 2983 1832 sicut
3007 1797 3093 1833 vos
3123 1778 3264 1850 (Gal.
3289 1783 3341 1835 4.
3374 1783 3484 1851 12).
3515 1783 3594 1838 Ae

2011 1862 2154 1930 quod
2183 1864 2256 1916 ait
2284 1864 2545 1933 ejusmodi
2577 1877 2658 1922 est
2690 1886 2702 1922 :
2735 1868 2876 1922 Nihil
2905 1869 2994 1936 sit,
3028 1871 3226 1941 inquit,
3258 1873 3398 1942 quod
3443 1873 3592 1928 dicas

2013 1952 2100 2017 tis,
2131 1968 2217 2006 me
2246 1954 2647 2022 resipiscentem
2675 1973 2814 2012 nunc
2836 1959 2946 2027 jam
2977 1974 3006 2013 e
3033 1961 3298 2030 gentibus,
3330 1971 3502 2016 metus
3526 1978 3592 2018 ex

2011 2044 2143 2112 legis
2173 2045 2454 2100 violatione
2499 2047 2735 2117 ignarum
2758 2091 2772 2113 ,
2804 2051 3037 2105 suaviter
3064 2051 3179 2106 iure
3221 2055 3397 2107 omnia
3443 2052 3590 2110 vobis

2011 2137 2405 2207 pliilOSOpbari;
2452 2149 2506 2193 et
2540 2156 2638 2210 ego
2665 2143 2805 2196 enim
2839 2151 2893 2196 ut
2922 2159 3016 2198 vos
3042 2145 3326 2214 aliquando
3367 2147 3592 2201 servitu-

2012 2236 2117 2281 tem
2158 2227 2295 2281 hanc
2326 2230 2554 2296 servivi,
2583 2231 2854 2300 subjectus
2895 2234 3025 2304 legis
3060 2237 3222 2303 jussis
3245 2279 3260 2301 ,
3291 2247 3590 2308 praecepto-

2009 2332 2126 2370 rum
2162 2319 2563 2376 observationes
2591 2332 2949 2392 exsequutus;
2996 2326 3089 2380 sed
3121 2335 3398 2398 postquam
3430 2345 3592 2399 appa-

2018 2412 2126 2462 ruit
2151 2409 2348 2478 gratia,
2377 2418 2546 2460 totum
2586 2427 2669 2460 me
2705 2414 2772 2462 ah
2807 2415 2894 2465 illa
2928 2417 2992 2468 ad
3027 2417 3166 2468 hanc
3196 2420 3443 2470 contulit.
3480 2418 3588 2472 Nec

2013 2502 2122 2571 jam
2165 2512 2227 2554 ea
2243 2515 2330 2557 res
2355 2510 2440 2556 est
2457 2499 2836 2572 transgressio.
2857 2515 2978 2555 cum
2999 2501 3051 2556 in
3067 2502 3206 2558 alius
3221 2503 3323 2557 viri
3363 2523 3581 2562 manum

2016 2593 2432 2647 convenerimus
2463 2591 2569 2662 (Ib.
2607 2594 2652 2644 Ι.
2683 2593 2792 2664 15).
2817 2591 2996 2659 Quare
3023 2611 3127 2647 non
3157 2607 3236 2649 est
3264 2599 3408 2666 quod
3441 2600 3590 2667 quis-

2007 2696 2164 2750 quam
2189 2681 2350 2749 dicat,
2379 2681 2481 2736 alia
2520 2681 2695 2738 facere
2719 2699 2834 2752 me,
2866 2685 2966 2739 alia
2999 2701 3234 2752 monere,
3265 2697 3355 2741 aut
3381 2688 3586 2743 securi-

2009 2783 2118 2828 tate
2164 2774 2292 2828 mihi
2335 2775 2557 2844 quaesita
2601 2791 2697 2830 vos
2742 2777 2792 2831 in
2842 2779 3130 2847 periculum
3175 2779 3320 2834 dare.
3367 2780 3496 2834 Nam
3541 2781 3588 2837 si

2008 2867 2301 2935 periculum
2343 2879 2619 2939 ageretur,
2651 2885 2756 2925 non
2800 2886 2884 2925 me
2925 2872 3169 2942 equidem
3212 2873 3586 2942 prodidissem,

2010 2975 2114 3013 non
2153 2962 2378 3015 salutem
2423 2978 2593 3017 meam
2642 2964 3014 3034 neglexissem.
3066 2963 3226 3034 igitur
3273 2975 3328 3018 ut
3376 2965 3484 3019 illic
3529 2979 3590 3020 se

2008 3052 2310 3121 exemplum
2351 3067 2655 3122 proponens
2681 3063 2877 3109 metum
2905 3055 3062 3109 solvit
3089 3074 3104 3109 :
3133 3057 3202 3110 ita
3236 3067 3291 3112 et
3331 3055 3419 3112 hic
3450 3071 3508 3112 se
3535 3058 3589 3112 in

2009 3143 2242 3198 medium
2269 3144 2495 3199 adducto
2519 3146 2873 3201 sollicitudine
2915 3149 3124 3203 liberat.

2083 3233 2321 3290 XXXVI.
2357 3234 2705 3306 Virginitatem
2756 3239 3012 3293 modestia:
3057 3255 3208 3293 causa
3251 3240 3316 3293 ab
3346 3239 3589 3310 Apostota

2010 3324 2201 3379 donum
2225 3326 2493 3396 appellari.
2511 3355 2582 3368 —
2598 3326 2703 3382 Sed
2724 3326 2901 3394 habet,
2927 3327 3118 3398 inquit,
3146 3329 3414 3398 proprium
3441 3328 3592 3398 quis-

2013 3441 2119 3497 que
2145 3425 2372 3488 donum,
2397 3425 2536 3478 alius
2564 3424 2780 3491 quidem
2803 3425 2903 3484 sic,
2925 3423 3064 3477 alius
3085 3437 3212 3475 vero
3243 3423 3324 3478 sic
3357 3422 3431 3491 (1.
3457 3420 3582 3476 Cor.

2016 3517 2068 3572 7.
2097 3517 2186 3587 7).
2215 3514 2350 3570 Vide
2388 3516 2475 3570 hic
2506 3515 2636 3570 mihi
2668 3513 2980 3583 apostolicae
3011 3513 3335 3567 humilitatis
3366 3513 3584 3582 signum

2014 3623 2280 3678 nusquam
2310 3605 2781 3677 deperditum,sed
2808 3606 3008 3675 ubique
3031 3606 3174 3660 serio
3207 3605 3461 3672 elucens;
3490 3602 3587 3659 Dei

2014 3703 2217 3758 donum
2252 3700 2485 3769 appellat
2517 3712 2671 3754 suam
2705 3698 2993 3762 virtutem,
3025 3705 3080 3752 et
3125 3698 3177 3751 in
3213 3713 3320 3768 quo
3358 3697 3586 3753 mulum

2016 3790 2329 3852 desudavit,
2361 3786 2414 3841 id
2443 3803 2604 3841 omne
2635 3786 2864 3840 Domino
2895 3787 3107 3841 tribuit.
3138 3786 3204 3840 Et
3225 3787 3354 3856 quid
3386 3787 3584 3840 mirum

2013 3879 2059 3932 si
2090 3878 2141 3932 id
2169 3879 2221 3932 in
2251 3878 2576 3934 continentia
2601 3877 2748 3943 facit,
2779 3893 2900 3934 cum
2928 3878 2997 3934 de
3024 3878 3401 3948 praedicatione
3431 3878 3593 3933 etiam

2015 3968 2304 4033 disserens,
2344 3985 2441 4039 pro
2469 3983 2574 4038 quo
2603 3969 2749 4024 mille
2775 3971 3007 4036 labores,
3038 3979 3320 4046 perpetuas
3348 3969 3594 4023 afﬂictio-

2017 4077 2148 4127 ues,
2200 4061 2582 4116 inenarrabiles
2632 4076 2935 4127 aerumnas,
2986 4062 3347 4130 quotidianam
3407 4077 3592 4115 necem

2016 4155 2354 4222 suscepisset,
2403 4155 2540 4208 idem
2572 4153 2832 4223 usurpet?
2869 4153 3004 4221 Quid
3048 4169 3174 4222 ergo
3215 4153 3282 4207 de
3321 4169 3386 4206 eo
3427 4153 3597 4206 dicit?

2016 4245 2146 4300 Plus
2171 4244 2275 4299 illis
2303 4245 2528 4298 omnibus
2558 4243 2779 4297 laboraui
2795 4260 2815 4308 ,°
2843 4260 2939 4296 non
2965 4260 3054 4314 ego
3081 4253 3281 4308 autent,
3313 4242 3402 4296 sed
3432 4243 3598 4311 gratia

2016 4335 2114 4389 Dei
2139 4351 2330 4388 mecum
2356 4335 2429 4407 (ι.
2455 4335 2572 4388 Cor.
2600 4335 2687 4390 15.
2713 4333 2823 4404 10).
2851 4333 2965 4388 Νοη
2990 4334 3176 4401 partim
3205 4348 3379 4396 suum,
3407 4333 3595 4401 partim

2018 4427 2111 4481 Dei
2139 4434 2354 4488 censet,
2385 4424 2478 4479 sed
2509 4433 2673 4479 tOtum
2705 4425 2816 4479 Dei.
2850 4424 2961 4478 Hoc
2988 4423 3123 4494 grati
3153 4423 3290 4477 servi
3321 4433 3434 4486 est,
3465 4423 3596 4476 nihil

2019 4517 2289 4588 proprium
2314 4517 2528 4582 ducere,
2554 4517 2645 4571 sed
2672 4517 2848 4572 omnia
2875 4518 3024 4582 heri;
3056 4517 3184 4570 nihil
3211 4531 3363 4570 suum
3390 4526 3594 4585 putare,

2020 4608 2112 4663 sed
2143 4608 2320 4663 omnia
2350 4609 2574 4662 Domini.
2611 4611 2780 4679 Atque
2807 4608 2947 4663 idem
2991 4607 3115 4663 facit
3139 4608 3281 4662 alibi.
3319 4607 3448 4662 Nam
3476 4623 3596 4662 cum

2019 4700 2263 4764 dixisset,
2296 4699 2549 4754 Habentes
2577 4700 2871 4755 donationes
2896 4701 3174 4754 secundum
3211 4701 3456 4770 gratiam,
3488 4715 3600 4769 qua!

2020 4793 2139 4846 data
2166 4803 2238 4847 est
2265 4793 2438 4857 nobis',
2465 4793 2516 4845 di
2523 4794 2753 4862 [ferentes
2779 4791 2798 4865 (
2821 4794 2972 4848 Rom.
3001 4793 3083 4847 12.
3117 4789 3218 4862 6),
3246 4792 3299 4845 in
3343 4793 3600 4846 orationis

2021 4897 2308 4954 progressu
2344 4883 2642 4952 magisteria
2666 4924 2678 4946 ,
2725 4883 3094 4938 liberalitatem
3123 4897 3185 4936 ac
3215 4882 3516 4952 largitiones
3546 4881 3602 4936 in

2024 4976 2089 5029 iis
2119 4985 2397 5040 numerat;
2431 4991 2547 5045 quae
2570 4975 2808 5040 virtutes,
2842 4990 2944 5029 non
2977 4975 3111 5029 dona
3138 4989 3278 5041 esse,
3313 4973 3462 5027 facile
3486 4989 3602 5027 om-

2022 5082 2119 5121 nes
2147 5066 2464 5136 intelligunt.
2497 5065 2620 5120 llmc
2650 5073 2828 5120 autem
2861 5064 2980 5118 ideo
3023 5065 3286 5126 disserui,
3323 5079 3387 5116 ne
3417 5063 3602 5116 dicen-

2026 5167 2129 5212 tem
2159 5157 2377 5212 audiens
2400 5197 2415 5223 ,
2448 5155 2720 5225 Prom-ium
2753 5156 2958 5226 quisque
2999 5154 3186 5207 donum
3213 5152 3388 5216 habet,
3417 5153 3602 5206 conci-

2025 5249 2155 5316 das,
2201 5263 2262 5302 ac
2305 5258 2476 5303 tecum
2519 5248 2876 5302 sermociuere
2915 5264 2927 5298 :
2971 5245 3142 5316 Opera
3182 5260 3300 5299 mea
3347 5245 3430 5297 hic
3471 5245 3604 5300 nihil

2027 5355 2160 5409 opus
2187 5349 2307 5405 est;
2351 5339 2404 5393 id
2443 5339 2636 5393 donum
2665 5338 2856 5392 Paulus
2897 5337 3210 5390 nominavit.
3250 5335 3381 5390 Nam
3423 5335 3606 5391 mode-

2027 5434 2141 5487 stire
2186 5445 2372 5493 causa,
2424 5445 2528 5484 non
2573 5429 2660 5499 qui
2705 5427 3084 5482 continentiam
3129 5427 3282 5482 donis
3320 5442 3607 5484 accensere

2027 5523 2205 5588 vellet,
2253 5523 2322 5575 ita
2363 5523 2617 5590 loquitur.
2665 5519 2846 5589 Neque
2887 5519 3028 5574 enim
3075 5526 3128 5572 et
3171 5533 3350 5574 secum
3391 5529 3445 5574 et
3485 5536 3606 5576 cum

2031 5611 2244 5668 Christo
2270 5620 2500 5681 pugnat;
2530 5625 2633 5664 non
2661 5623 2778 5664 cum
2796 5607 3009 5665 Christo
3034 5607 3262 5673 dicente,
3289 5609 3425 5666 Sunt
3450 5626 3609 5664 eunu-

2033 5704 2149 5767 chi,
2193 5703 2279 5767 qui
2325 5703 2513 5772 set'psos
2563 5711 2767 5772 propter
2816 5720 3027 5773 regnum
3078 5704 3270 5758 caeleste
3321 5714 3603 5757 castrorum

2041 5797 2249 5868 (Matth.
2277 5796 2361 5852 l9.
2391 5795 2516 5867 ii);
2563 5806 2719 5868 atque
2763 5795 3026 5863 addente,
3071 5797 3171 5864 Qui
3213 5805 3371 5866 potest
3411 5808 3605 5865 capere,
