4016 6154
411 375 514 430 559

408 490 576 556 cupiat
599 502 619 540 :
646 501 751 542 non
778 499 990 549 secum,
1022 487 1111 557 qui
1138 485 1442 540 viduitatem
1469 486 1774 554 amplexas,
1806 485 1899 539 sed
1931 487 1982 539 in

407 593 473 631 eo
519 577 788 647 proposito
833 577 1120 646 persistere
1171 577 1412 631 nolentes
1454 576 1690 632 danmet.
1757 575 1887 631 Nam
1943 577 1987 632 si

406 670 603 724 donum
631 678 712 724 est
732 710 746 734 ,
777 683 873 722 cur
902 668 980 724 eis
1017 669 1389 734 comminaris,
1421 668 1605 722 dicens
1638 687 1649 721 :
1681 667 1986 722 Damnatio-

407 781 520 817 nem
542 763 744 828 habent,
765 763 882 833 quia
901 763 1116 833 primam
1135 763 1288 830 ﬁdem
1309 763 1501 816 irritam
1525 764 1748 834 fecerunt
1766 761 1815 830 (I
1830 759 1982 814 .Tim.

407 853 462 907 5.
496 853 637 921 12)?
677 851 944 922 Nusquam
974 852 1115 906 enim
1139 850 1382 906 Christus
1411 850 1562 905 dotes
1593 866 1696 903 non
1730 850 1986 904 habentes

408 945 644 1012 punivit,
690 943 783 999 sed
829 943 1022 1014 ubique
1062 945 1220 997 vitam
1264 953 1462 998 rectam
1501 960 1606 997 non
1647 943 1978 1009 exhibentes,

405 1036 646 1105 adeoque
672 1035 813 1106 quod
851 1036 1186 1104 potissimum
1225 1035 1477 1104 requirit,
1505 1035 1610 1088 vita
1649 1045 1730 1088 est
1759 1037 1978 1104 Optima,

407 1137 460 1179 et
484 1126 719 1180 actiones
751 1127 1159 1196 irreprelncnsm.
1190 1127 1457 1180 Donorum
1485 1135 1659 1182 autem
1682 1126 1982 1182 distributio

407 1221 577 1289 posita
607 1231 688 1276 est
716 1236 821 1274 non
852 1221 904 1274 in
935 1220 1243 1291 accipientis
1271 1220 1506 1289 optione,
1535 1219 1628 1273 sed
1656 1220 1706 1273 in
1734 1219 1982 1273 donantis

404 1311 645 1365 arbitrio.
676 1312 859 1382 Itaque
887 1312 1124 1381 prodigia
1153 1318 1426 1382 patrantes
1451 1311 1692 1366 Christus
1720 1310 1853 1365 adeo
1876 1327 1981 1364 non

401 1403 580 1457 laudat
609 1402 758 1474 (Luc.
787 1404 871 1459 lO.
900 1403 1000 1476 20)
1024 1443 1039 1469 ,
1069 1413 1124 1458 ut
1149 1404 1306 1458 etiam
1337 1403 1624 1472 discipulos
1662 1419 1723 1459 ea
1768 1419 1825 1458 re
1860 1404 1978 1473 glo-

401 1494 601 1548 riantes
625 1495 692 1548 ab
717 1509 784 1548 eo
813 1494 1006 1564 gaudio
1037 1503 1327 1559 removeat,
1361 1509 1581 1548 monens
1605 1510 1669 1548 ne
1688 1495 1980 1564 gauderent

399 1585 663 1639 dmmonia
693 1586 790 1640 sibi
819 1586 1028 1656 subjici.
1057 1585 1186 1641 Nam
1215 1587 1302 1656 qui
1331 1587 1469 1642 beati
1493 1587 1844 1656 praedicantur
1866 1587 1978 1640 tibi-

397 1691 501 1748 que
530 1677 757 1748 (Matth.
780 1678 847 1748 ὃ)
883 1679 1253 1732 misericordes
1293 1688 1448 1740 sunt,
1497 1678 1756 1742 humiles,
1797 1678 1974 1744 mites,

397 1768 574 1822 animo
602 1769 741 1837 puri,
775 1769 978 1838 pacilici
1000 1811 1014 1835 ,
1043 1770 1130 1839 qui
1159 1768 1273 1823 htec
1305 1769 1482 1822 omnia
1508 1778 1666 1838 atque
1694 1769 1756 1822 iis
1783 1768 1974 1822 similia

400 1871 671 1932 pra-stant.
701 1861 838 1928 Quin
878 1861 992 1931 ipse
1021 1862 1179 1916 etiam
1207 1862 1400 1916 Paulus
1443 1861 1693 1930 praeclara
1724 1877 1818 1914 sua
1850 1860 1977 1914 faci-

394 1969 522 2006 nora
552 1968 872 2019 recensens,
916 1953 969 2006 in
1015 1953 1078 2007 iis
1121 1962 1174 2008 et
1212 1953 1552 2008 continentia:
1596 1952 1872 2017 meminit;
1910 1952 1975 2006 iis

391 2044 534 2097 enim
559 2043 764 2110 verbis,
792 2041 858 2096 In
885 2043 1042 2096 multa
1067 2044 1336 2113 patientia,
1366 2043 1419 2096 in
1459 2042 1892 2110 tribulationibus,
1922 2048 1974 2096 in

393 2136 788 2201 necessitatibus,
818 2135 871 2188 in
898 2137 1162 2205 angustiis.
1193 2137 1244 2188 in
1275 2135 1468 2205 plagis,
1499 2136 1552 2188 in
1577 2134 1858 2188 carceribus
1877 2175 1892 2199 ,
1920 2135 1973 2187 in

391 2227 667 2293 laboribus,
700 2227 752 2280 in
778 2227 1124 2291 seditionibus,
1160 2228 1213 2280 in
1243 2228 1446 2296 vigiliis,
1474 2227 1526 2280 in
1543 2227 1778 2296 jejuniis,
1804 2226 1969 2291 addit,

393 2319 456 2374 In
484 2321 709 2372 castitate
729 2319 806 2390 (2.
831 2319 949 2373 Cor.
973 2321 1026 2374 6.
1049 2321 1101 2374 4.
1132 2321 1185 2374 5.
1205 2321 1261 2389 6)
1291 2337 1304 2373 :
1337 2319 1555 2373 minime
1579 2320 1630 2372 id
1650 2319 1897 2383 facturus,
1926 2321 1970 2373 si

391 2412 591 2466 donum
622 2420 786 2467 esset.
818 2411 927 2466 Cur
949 2420 1125 2466 autem
1154 2421 1207 2466 et
1236 2411 1446 2465 mordet
1472 2425 1588 2465 eam
1628 2425 1733 2464 non
1765 2409 1970 2464 haben-

392 2515 489 2566 tes,
509 2503 925 2573 intemperantes
951 2519 1042 2558 eos
1064 2504 1294 2556 vocans?
1323 2518 1418 2556 cur
1439 2502 1526 2571 qui
1545 2501 1799 2570 virginem
1820 2516 1968 2556 suam

390 2610 496 2649 non
530 2595 735 2660 elocat,
776 2595 970 2650 rectius
1015 2594 1176 2648 facit?
1218 2610 1312 2648 cur
1342 2594 1546 2648 beatior
1575 2593 1765 2660 vidua,
1807 2594 1852 2648 si
1892 2594 1970 2650 sic

389 2687 686 2740 manserit?
715 2686 844 2740 Nam
872 2686 1011 2754 quod
1033 2685 1142 2754 jam
1171 2685 1304 2752 dixi,
1329 2700 1432 2738 non
1466 2685 1848 2753 prodigiorum,
1875 2685 1969 2740 sed

388 2775 657 2830 actionum
684 2774 1036 2828 beatitudines
1056 2783 1196 2838 sunt,
1227 2773 1673 2844 quemadmodum
1698 2782 1754 2829 et
1774 2790 1965 2844 poena.

386 2866 504 2934 Quo
534 2875 707 2936 pacto,
740 2865 951 2934 inquam
973 2906 988 2928 ,
1025 2864 1210 2920 eadem
1237 2864 1522 2919 cohortans
1549 2875 1890 2935 perseverat,
1921 2866 1966 2920 si

386 2959 437 3012 id
466 2959 516 3012 in
557 2957 707 3012 nobis
739 2973 846 3012 non
872 2967 985 3024 est,
1029 2974 1125 3012 nec
1150 2968 1270 3027 post
1297 2959 1530 3012 divinant
1573 2959 1808 3013 favorem
1839 2974 1967 3028 ope-

385 3065 501 3104 ram
536 3050 694 3104 etiam
739 3061 975 3104 nostram
1015 3049 1327 3106 desiderat?
1369 3049 1430 3104 Ei
1473 3051 1617 3104 enim
1663 3052 1961 3116 sententiae,

395 3139 522 3194 Volo
559 3157 727 3194 omnes
753 3141 977 3194 homines
1015 3142 1086 3194 sic
1125 3157 1262 3206 esse,
1291 3151 1343 3194 ut
1373 3158 1462 3211 ego
1487 3159 1629 3206 sum,
1658 3143 1964 3196 continentes

385 3233 572 3287 iterum
591 3233 788 3299 subdit,
815 3232 941 3286 Dico
964 3243 1127 3287 autem
1153 3250 1251 3287 non
1280 3235 1449 3303 nuptis
1487 3244 1534 3286 et
1557 3235 1738 3300 viduis,
1761 3233 1963 3289 Bonum

383 3337 454 3382 est
481 3328 607 3394 illis,
640 3329 680 3381 si
709 3329 782 3380 sic
812 3337 1166 3398 permaneant,
1194 3335 1245 3379 ut
1270 3327 1449 3400 ego(I.
1471 3326 1584 3382 Cor.
1607 3329 1657 3381 7.
1678 3329 1729 3382 7.
1749 3328 1823 3400 8),
1860 3331 1960 3384 ite-

387 3434 502 3472 rum
527 3433 586 3473 se
613 3419 858 3487 proponit
880 3417 1066 3473 eadem
1095 3418 1161 3472 de
1182 3432 1362 3472 causa.
1383 3417 1511 3471 Nam
1539 3421 1625 3489 qui
1650 3422 1960 3490 exemplum

385 3511 640 3564 haberent
666 3509 961 3578 proximum
983 3518 1038 3563 et
1066 3518 1330 3578 tamquam
1357 3509 1727 3576 domesticum,
1757 3510 1962 3566 facilius

381 3603 692 3672 virginitatis
739 3603 946 3657 labores
988 3610 1141 3656 erant
1183 3601 1383 3656 ausuri.
1429 3601 1580 3667 Quod
1622 3602 1666 3655 si
1711 3610 1763 3655 et
1801 3616 1958 3671 supra

381 3696 646 3764 inquiens,
688 3693 810 3748 Volo
832 3709 1002 3748 omnes
1027 3695 1100 3747 sic
1121 3709 1244 3756 esse,
1275 3702 1329 3745 ut
1353 3709 1442 3763 ego
1467 3709 1600 3756 sum,
1629 3702 1682 3746 et
1707 3692 1822 3757 hic,
1850 3691 1954 3746 Bo-

378 3803 501 3839 num
529 3794 634 3846 est,
665 3785 707 3838 si
734 3785 808 3838 sic
838 3794 1197 3853 permaneant,
1230 3791 1284 3837 ut
1311 3799 1402 3854 ego
1421 3823 1438 3849 ,
1471 3791 1658 3837 neutro
1685 3784 1802 3836 loco
1827 3798 1958 3838 cau-

378 3893 490 3932 sam
518 3876 732 3944 adjecit,
760 3891 828 3930 ne
855 3876 1084 3940 mirare;
1115 3889 1286 3944 neque
1315 3873 1456 3930 enim
1484 3874 1535 3929 id
1563 3889 1627 3928 ex
1656 3874 1957 3944 arrogantia

375 3967 531 4030 facit,
563 3966 655 4020 sed
699 3974 846 4020 ratus
889 3966 1018 4019 satis
1056 3980 1176 4020 esse
1213 3980 1386 4021 causa;
1427 3965 1744 4021 sententiam
1783 3981 1952 4031 suam,

373 4073 473 4126 qua
506 4057 695 4109 ductus
724 4073 834 4110 rem
863 4055 1190 4127 perfecisset.

448 4147 711 4203 XXXVII.
734 4146 927 4203 Multas
948 4165 1053 4202 esse
1074 4149 1326 4203 molestias
1346 4148 1398 4202 in
1417 4148 1648 4202 secundis
1669 4147 1956 4217 nuptiis.—

374 4240 525 4307 Quod
558 4242 601 4294 si
633 4242 751 4312 quis
792 4241 1024 4296 rationes
1066 4241 1223 4296 etiam
1261 4240 1524 4310 postulat,
1565 4238 1793 4308 primum
1825 4239 1951 4293 mihi

375 4333 610 4385 omnium
641 4332 942 4386 mortalium
967 4331 1434 4394 existimationem,
1462 4340 1568 4383 tum
1595 4345 1714 4399 quae
1745 4329 1830 4382 hic
1855 4345 1953 4383 usu

373 4423 624 4489 veniant,
655 4422 884 4492 indaget.
917 4422 1048 4476 Nam
1076 4436 1195 4476 cum
1228 4420 1602 4490 legumlatores
1631 4434 1733 4475 n-ec
1772 4420 1955 4474 matri-

375 4511 554 4565 monia
575 4527 635 4565 ea
656 4512 938 4580 castigent,
961 4521 1014 4564 et
1040 4511 1348 4581 permittant
1372 4511 1530 4565 etiam
1552 4525 1614 4564 ac
1633 4511 1948 4578 concedant,

375 4602 537 4655 multa
561 4610 614 4655 et
635 4617 663 4654 a
685 4601 864 4656 multis
887 4617 1005 4656 cum
1027 4601 1193 4669 domi,
1219 4611 1328 4655 tum
1353 4601 1403 4654 itt
1427 4600 1540 4656 fore
1566 4602 1617 4655 in
1638 4617 1732 4657 eos
1748 4601 1950 4672 jactan-

375 4701 462 4746 tur
498 4691 739 4758 dicteria,
778 4692 1240 4762 reprehensiones,
1289 4692 1561 4746 maledicta
1598 4710 1610 4745 :
1639 4693 1832 4762 quippe
1859 4707 1953 4747 eos

371 4799 523 4854 atque
551 4799 614 4838 ac
659 4783 902 4853 perjuros
929 4783 1114 4851 vulgo,
1163 4792 1220 4836 ut
1261 4785 1337 4836 sic
1375 4782 1596 4835 dixerim
1618 4822 1634 4848 ,
1662 4782 1946 4847 declinant,

377 4890 550 4945 neque
578 4883 670 4929 aut
695 4874 895 4928 amicos
928 4873 1141 4937 habere,
1167 4881 1258 4926 aut
1285 4888 1402 4927 cum
1432 4873 1495 4926 iis
1517 4881 1666 4942 pacta
1693 4885 1950 4928 conventa

375 4967 621 5033 firmare,
652 4982 822 5036 neque
849 4965 990 5019 aliud
1019 4964 1305 5034 quidquam
1345 4964 1542 5019 audent
1567 4966 1808 5021 credere.
1852 4965 1948 5020 Et-

373 5059 514 5112 enim
547 5072 667 5112 cum
695 5072 787 5112 eos
815 5057 994 5111 vident
1033 5065 1194 5111 tanta:
1221 5055 1616 5110 consuetudinis
1636 5097 1652 5122 ,
1680 5057 1948 5125 amicitiae,

372 5148 743 5202 familiaritatis
784 5162 847 5202 ac
884 5147 1153 5202 societatis
1195 5146 1504 5201 memoriam
1548 5159 1650 5200 tam
1695 5146 1847 5203 facile
1885 5163 1949 5202 ex

375 5240 556 5292 animo
581 5239 868 5308 deponere,
901 5253 962 5292 ea
993 5238 1055 5292 iis
1081 5238 1326 5308 cogitatio
1351 5237 1632 5307 quemdam
1659 5240 1806 5309 quasi
1839 5248 1950 5293 tor-

377 5346 558 5398 porem
586 5330 829 5397 offundit,
855 5340 910 5385 ut
936 5345 1039 5385 non
1068 5339 1268 5386 temere
1288 5345 1379 5386 eos
1399 5330 1624 5386 candide
1649 5332 1944 5398 admittant,

378 5437 472 5478 ceu
506 5423 647 5476 leves
687 5434 845 5493 atque
877 5424 1167 5478 versatiles.
1199 5422 1384 5493 Neque
1420 5423 1490 5478 ob
1519 5425 1632 5478 haic
1659 5425 1830 5479 solum
1857 5440 1950 5480 eos

371 5523 722 5582 aversantur,
755 5515 848 5570 sed
892 5516 1049 5571 etiam
1094 5525 1310 5586 propter
1351 5531 1528 5570 rerum
1558 5525 1825 5586 gestarum
1871 5517 1950 5572 in-

372 5605 704 5661 suavitatem.
735 5607 869 5674 Quid
892 5609 1054 5672 enim,
1078 5622 1279 5677 quaeso,
1304 5606 1638 5676 injucundius
1663 5617 1766 5672 est,
1790 5623 1946 5676 quam

375 5707 490 5765 post
527 5712 741 5767 gravem
774 5699 1004 5766 luctum,
1039 5698 1310 5769 ploratus,
1355 5697 1646 5768 lacrymas,
1679 5697 1947 5753 sordidam

372 5805 598 5858 comam,
625 5791 822 5862 pullum
851 5792 1123 5861 amictum,
1151 5789 1324 5846 subito
1354 5788 1587 5861 plausus,
1614 5789 1714 5846 tori
1742 5791 1950 5862 nuptia-

1119 374 1176 430 S.
1217 372 1492 430 JOANNS
1529 370 2004 429 CIIRYSOSTOBII
2047 375 2368 433 ARCIIIEP.
2398 380 2929 441 CONSTANTINOP.

3573 394 3693 450 560

2100 489 2210 552 les,
2244 493 2494 559 strepitus
2535 509 2565 547 a
2612 495 2772 563 priori
2802 497 3077 564 diversus,
3123 501 3265 555 velut
3309 506 3585 558 actoribus
3634 511 3691 562 in

2096 595 2253 634 scena
2304 581 2643 648 ludentibus,
2696 600 2759 640 ac
2802 587 2904 642 hoc
2942 604 3084 644 nunc
3128 597 3681 659 reprtesettumtibust

2096 669 2226 723 Nam
2255 680 2309 726 et
2340 673 2446 728 illic
2474 675 2718 730 eumdem
2746 677 2930 732 videre
2957 689 3038 734 est
3069 680 3326 736 interdum
3359 701 3560 755 regem,
3597 691 3673 742 in-

2095 763 2300 816 terdum
2347 766 2581 818 omnium
2632 783 3020 836 pauperrimum
3054 781 3149 826 :et
3183 773 3265 827 hic
3287 815 3302 838 ,
3334 778 3420 845 qui
3469 778 3677 845 pridetr

2091 853 2157 907 ad
2205 856 2460 910 tumulum
2501 859 2871 925 volutabatur,
2921 874 3138 932 repente
3183 867 3355 934 prodit
3401 883 3686 936 Sponsus;

2091 945 2179 1013 qui
2210 961 2416 999 comam
2449 949 2710 1016 vellebat,
2740 965 2947 1006 rursum
2991 954 3178 1008 eodem
3219 957 3389 1026 capite
3417 974 3688 1015 coronam

2089 1045 2302 1104 gestat:
2342 1038 2580 1106 dejectus
2621 1056 2683 1094 ac
2725 1057 2992 1107 maerens,
3041 1054 3094 1098 et
3135 1047 3220 1116 qui
3269 1062 3411 1116 sa-pe
3459 1051 3688 1118 plorans

2089 1129 2227 1198 apud
2255 1145 2349 1184 eos
2375 1131 2462 1200 qui
2496 1147 2555 1186 se
2583 1135 2994 1190 consolarentur
3018 1136 3277 1192 defunctae
3305 1139 3488 1195 laudes
3519 1158 3687 1196 usur-

2092 1223 2267 1288 pavit,
2299 1238 2360 1277 ac
2390 1225 2548 1278 vitam
2591 1226 2692 1278 sibi
2721 1227 2930 1282 vitalem
2961 1231 3199 1298 negavit,
3237 1232 3404 1301 iisque
3433 1236 3519 1302 qui
3553 1250 3620 1290 se
3652 1251 3686 1290 τι

2088 1312 2334 1367 lamentis
2365 1314 2690 1370 abducerent
2717 1321 3041 1387 succensuit,
3073 1321 3384 1392 plerumque
3407 1325 3550 1379 inter
3578 1343 3684 1380 eos

2086 1400 2230 1472 ipsos
2261 1403 2450 1458 iterum
2495 1408 2724 1461 comitur
2765 1424 2828 1463 ac
2870 1411 3106 1477 renidet,
3158 1422 3212 1466 et
3253 1414 3422 1468 oculis
3463 1416 3681 1484 pridem

2085 1492 2521 1564 lacrymantibus,
2547 1498 2733 1553 iisdem
2764 1500 2943 1555 ridens
2962 1517 3054 1557 eos
3080 1503 3333 1570 intuetur,
3357 1521 3420 1560 ac
3440 1524 3544 1576 quo
3575 1523 3682 1564 ore

2083 1593 2274 1639 cuncta
2304 1585 2418 1640 haec
2439 1589 2592 1656 paulo
2613 1598 2736 1644 ante
2763 1591 3057 1660 abjurabat,
3081 1610 3146 1648 eo
3168 1612 3306 1650 nttnc
3331 1597 3680 1654 abblanditur

2085 1689 2150 1728 ac
2195 1676 2392 1730 salutat
2444 1693 2650 1734 onmes.
2699 1682 2948 1737 Omnium
2994 1699 3121 1739 vero
3173 1685 3534 1742 tristissimum
3583 1699 3679 1744 est

2089 1765 2286 1821 bellum
2335 1769 2516 1824 liberis
2557 1782 2831 1837 creatum,
2876 1775 3082 1830 liliabus
3124 1777 3413 1833 domestica
3457 1781 3673 1847 leaena;

2091 1871 2212 1912 nam
2241 1857 2291 1912 id
2320 1862 2536 1915 omnino
2565 1874 2648 1917 est
2678 1879 2923 1920 noverca.
2953 1867 3086 1921 llinc
3114 1869 3473 1937 quotidianum
3504 1871 3677 1926 dissi-

2081 1945 2227 2000 dium
2253 1959 2413 2018 atque
2449 1966 2619 2020 pugna
2645 1967 2659 2016 ;
2694 1952 2817 2008 hinc
2844 1954 3089 2010 inusitata
3121 1968 3172 2011 et
3203 1957 3437 2013 insolens
3466 1959 3662 2015 adver-

2079 2053 2170 2093 sus
2213 2039 2482 2095 innoxiam
2525 2045 2870 2098 concertatio.
2915 2045 3045 2100 Nam
3086 2048 3188 2101 vivi
3232 2058 3286 2102 et
3331 2050 3566 2105 invident
3610 2061 3673 2106 et

2079 2128 2418 2195 invidentur;
2447 2147 2566 2186 cum
2590 2136 2814 2188 mortuis
2833 2137 2991 2190 etiam
3019 2137 3199 2192 hostes
3227 2141 3664 2195 reconciliantur.

2079 2221 2148 2272 At
2191 2234 2298 2274 non
2342 2221 2464 2286 hic,
2513 2225 2607 2278 sed
2654 2226 2928 2294 pulverem
2973 2237 3130 2296 atque
3179 2229 3412 2284 cinerem
3460 2231 3668 2287 invidia

2079 2309 2247 2375 petit;
2291 2310 2472 2364 odium
2505 2313 2557 2366 in
2585 2313 2854 2369 defossam
2885 2317 3088 2385 ingens,
3128 2321 3498 2387 contumeliae,
3523 2337 3668 2376 con-

2075 2398 2246 2466 vicia,
2289 2402 2656 2457 accusationes
2698 2405 2746 2458 ei
2787 2422 2902 2474 qua:
2942 2407 2993 2460 in
3038 2419 3230 2462 terram
3270 2409 3524 2465 dissoluta
3565 2415 3662 2478 sit,

2080 2489 2440 2558 implacabiles
2485 2493 2775 2548 inimicitia:
2819 2511 2938 2549 cum
2987 2512 3049 2550 ea
3096 2514 3213 2566 quae
3257 2499 3386 2554 nihil
3437 2502 3658 2557 laiserit.

2077 2581 2214 2648 Quid
2247 2587 2479 2639 amentia
2512 2586 2610 2641 hac
2634 2598 2688 2642 et
2727 2589 2968 2644 barbarie
2998 2589 3231 2646 foedius?
3275 2593 3468 2661 lnjuria
3498 2612 3528 2650 a
3555 2596 3662 2653 de-

2077 2671 2253 2727 functa
2292 2689 2396 2729 non
2427 2676 2611 2730 allecta
2648 2695 2660 2730 :
2693 2678 2818 2747 quid
2859 2679 2999 2745 dico,
3048 2681 3234 2751 injuria
3274 2684 3502 2739 affecta?
3548 2687 3662 2742 imo

2072 2779 2203 2819 vero
2229 2768 2343 2834 ejus
2372 2767 2640 2824 laboribus
2672 2768 2851 2824 fruens
2890 2786 2952 2825 ac
2981 2771 3134 2826 bonis
3153 2773 3410 2842 gaudens,
3442 2792 3562 2830 cum
3591 2793 3659 2832 ea

2074 2855 2226 2908 velut-
2264 2871 2382 2909 cum
2427 2858 2610 2911 umbra
2653 2859 2995 2929 belligerandi
3043 2861 3201 2915 linem
3235 2865 3434 2919 nullum
3481 2865 3653 2921 facit:

2071 2955 2127 3001 et
2155 2962 2270 3000 eam
2309 2964 2426 3018 quae
2456 2963 2513 3002 se
2554 2950 2687 3004 nihil
2731 2951 2964 3018 ltDSCI‘ll,
3016 2967 3157 3022 szepe
3197 2955 3354 3008 etiam
3407 2956 3510 3010 sibi
3551 2973 3656 3013 nec

2070 3051 2406 3108 conspectam
2426 3082 2441 3107 ,
2476 3041 2618 3095 mille
2645 3042 2695 3095 in
2725 3042 2837 3096 dies
2868 3043 3160 3099 maledictis
3202 3046 3409 3102 lacessit
3436 3064 3450 3111 ;
3491 3057 3654 3118 atque

2065 3146 2186 3186 eam
2215 3148 2332 3202 qua:
2375 3150 2479 3187 non
2509 3136 2752 3198 exsistit,
2802 3138 2853 3190 in
2901 3139 3050 3206 prole
3090 3140 3206 3209 ejus
3235 3141 3540 3208 ulciscitur;
3587 3158 3652 3199 ac

2067 3232 2254 3276 contra
2283 3240 2399 3278 eam
2431 3224 2602 3278 virum
2629 3235 2818 3290 armat,
2853 3227 2938 3281 ubi
2978 3228 3090 3297 ipsa
3129 3229 3260 3282 nihil
3293 3231 3514 3299 perlicit.
3547 3234 3649 3285 At-

2065 3329 2168 3382 que
2213 3314 2328 3369 htec
2375 3325 2550 3369 tamen
2597 3317 2900 3372 hominibus
2944 3319 3112 3373 facilia
3153 3329 3309 3388 atque
3354 3322 3647 3376 tolerabilia

2065 3412 2187 3457 sunt
2215 3406 2325 3459 visa
2351 3447 2362 3468 ,
2397 3406 2556 3460 modo
2583 3423 2649 3462 ne
2688 3409 2920 3462 libidinis
2961 3411 3290 3480 tyrannidem
3319 3412 3457 3468 ferre
3479 3429 3642 3484 coge-

2064 3505 2269 3551 rentur.
2297 3500 2365 3552 At
2400 3513 2504 3552 non
2537 3499 2684 3570 virgo
2718 3502 2781 3555 ad
2821 3501 2964 3557 hunc
3001 3502 3303 3558 conﬂictum
3345 3506 3641 3575 trepidavit,

2065 3603 2162 3642 nec
2187 3589 2428 3657 prmlium
2455 3590 2768 3656 declinavit,
2800 3593 2940 3662 quod
2971 3594 3126 3664 vulgo
3153 3595 3286 3650 adeo
3312 3597 3644 3652 intolerabile

2062 3679 2326 3746 videatur,
2354 3681 2447 3736 sed
2475 3682 2682 3738 fortiter
2707 3685 2963 3740 resistens
2986 3694 3188 3740 natura:
3212 3687 3462 3742 insultum
3483 3689 3643 3744 susti-

2062 3773 2196 3826 nuit.
2238 3773 2368 3840 Quis
2409 3774 2566 3843 igitur
2591 3791 2708 3830 cam
2738 3793 2835 3846 pro
2878 3778 3068 3832 merito
3110 3780 3397 3848 suspiciat,
3429 3781 3643 3850 quando

2059 3864 2149 3918 alii
2177 3865 2337 3918 etiam
2367 3865 2548 3921 alteris
2599 3870 2797 3937 nuptiis
2827 3883 2960 3937 opus
2989 3869 3220 3935 habent,
3269 3886 3336 3925 ne
3377 3882 3636 3938 urantur;

2061 3954 2176 4008 hare
2206 3971 2377 4025 neque
2415 3958 2533 4012 unis
2562 3960 2850 4014 contractis
2890 3971 3144 4030 perpetuo
3186 3971 3365 4016 sancta
3393 3972 3447 4016 et
3472 3963 3638 4020 illaasa

2059 4045 2183 4097 est?
2240 4045 2462 4114 Propter
2510 4047 2626 4102 haec
2673 4057 2727 4102 et
2779 4049 2831 4102 in
2882 4050 3066 4119 primis
3114 4061 3330 4120 propter
3373 4055 3638 4123 repositos

2063 4135 2302 4190 viduitati
2346 4137 2397 4191 in
2450 4139 2596 4193 czelis
2639 4139 2953 4206 thesauros,
2999 4141 3090 4212 qui
3132 4143 3435 4213 loquentem
3481 4145 3533 4199 in
3578 4160 3637 4201 se

2057 4225 2324 4280 Christum
2367 4228 2623 4295 haberet,
2661 4231 2913 4286 diccbat:
2954 4233 3154 4287 Bonum
3197 4246 3270 4288 est
3311 4237 3448 4301 illis,
3480 4238 3524 4290 si
3565 4238 3638 4292 sic

2057 4327 2416 4386 permaneant,
2451 4320 2577 4374 sicut
2622 4331 2669 4374 et
2713 4339 2822 4392 ego.
2874 4322 2988 4376 Non
3037 4325 3249 4393 potuisti
3280 4327 3343 4380 ad
3371 4343 3634 4382 sumntum

2058 4409 2277 4480 gradum
2309 4413 2670 4469 conscendere
2707 4431 2720 4468 :
2765 4425 2819 4470 at
2859 4419 3099 4486 proximo
3140 4435 3204 4474 ne
3245 4421 3478 4476 excidas.
3525 4423 3635 4477 lloc

2057 4505 2172 4558 solo
2198 4506 2345 4575 virgo
2387 4506 2478 4561 tibi
2522 4517 2757 4577 prazstet,
2799 4509 2942 4578 quod
2984 4511 3123 4564 illam
3165 4512 3324 4566 libido
3366 4528 3434 4566 ne
3469 4515 3632 4566 semel

2056 4595 2271 4666 quidem
2295 4600 2647 4668 expugnavit,
2679 4609 2730 4654 te
2757 4602 2899 4669 prius
2927 4611 3224 4671 superatam
3253 4613 3508 4671 perpetuo
3536 4605 3635 4657 sub

2052 4690 2180 4761 jugo
2212 4702 2393 4746 tenere
2437 4693 2771 4762 nequiverit;
2815 4709 2876 4748 ac
2913 4705 2968 4748 tu
3013 4694 3222 4762 quidem
3265 4695 3396 4747 victa
3438 4694 3631 4758 vicisti,

2056 4783 2144 4838 illa
2187 4786 2460 4840 victoriam
2507 4785 2658 4841 clade
2707 4802 2892 4855 puram
2937 4787 3129 4850 habet,
3171 4801 3233 4841 ac
3273 4797 3443 4841 tecum
3489 4789 3633 4842 exitu

2055 4874 2336 4943 conjuncta
2371 4876 2630 4946 principio
2659 4877 2831 4930 solum
2863 4885 3096 4946 superat.

2127 4965 2411 5019 XXXVIII.
2461 4965 2562 5020 Cur
2616 4967 2909 5037 conjugibus
2965 4983 3147 5038 magna
3174 4966 3398 5032 solatia,
3453 4970 3636 5041 virgini

2056 5057 2199 5110 nulla
2245 5056 2507 5110 concedat.
2537 5086 2606 5096 —
2651 5056 2812 5126 Igitur
2849 5058 3105 5127 conjuges
3149 5057 3434 5113 admodum
3483 5076 3632 5115 com-

2055 5145 2212 5200 mode
2261 5154 2468 5212 tractal,
2513 5145 2603 5214 qui
2664 5161 2766 5200 nec
2818 5148 2986 5202 altero
3041 5148 3250 5202 volente
3306 5165 3400 5203 eos
3453 5160 3633 5205 mutua

2055 5237 2436 5293 consuetudine
2495 5237 2806 5304 defraudet,
2869 5253 2969 5293 nec
3027 5237 3489 5297 defraudatiouem
3567 5258 3632 5296 ex

2055 5342 2318 5383 consensu
2359 5327 2566 5398 longius
2609 5329 2903 5397 producat:
2936 5329 3063 5400 quin
3091 5329 3286 5386 alteras
3327 5334 3485 5386 etiam
3531 5350 3633 5387 nu-

2056 5422 2192 5490 ptias
2219 5420 2508 5491 permittit,
2538 5423 2579 5475 si
2609 5421 2803 5486 velint,
2848 5436 2915 5477 ne
2960 5433 3202 5477 urantur.
3234 5426 3302 5478 At
3340 5425 3630 5495 virginibus

2056 5514 2258 5567 nullum
2315 5511 2617 5582 huiusmodi
2668 5513 2914 5568 solatium
2948 5514 3147 5585 prmbet
3180 5555 3194 5579 ,
3229 5514 3321 5568 sed
3366 5515 3484 5569 illos
3513 5525 3631 5570 tan-

2057 5607 2222 5678 tisper
2258 5620 2523 5668 recreatos
2567 5615 2756 5670 iterum
2783 5615 3000 5670 dimittit
3029 5633 3041 5669 :
3073 5615 3206 5669 hanc
3236 5629 3330 5668 nec
3357 5614 3632 5669 minimum

2056 5701 2437 5772 respirantem,
2470 5706 2561 5767 sed
2589 5708 2800 5763 assidue
2827 5722 3144 5777 pugnantem
3167 5747 3181 5770 ,
3211 5715 3336 5761 sunt
3377 5717 3635 5776 perpetuo

2062 5799 2205 5849 stare
2231 5835 2246 5863 ,
2291 5809 2353 5850 ac
2395 5797 2774 5868 cupiditatibus
2801 5799 2978 5871 impoti
3005 5841 3020 5868 ,
3055 5813 3151 5854 nec
3177 5798 3257 5854 vel
3288 5797 3507 5853 tantillis
3556 5797 3634 5853 in-
