4016 6154
280 273 384 328 559

280 395 394 449 οὐκ
420 390 487 446 ἀν
508 391 684 455 οὕτως
712 392 1012 465 ἠναντιώθη
1050 394 1143 447 καὶ
1164 393 1340 464 ἐαυτῷ
1373 395 1467 448 καὶ
1501 394 1579 463 τῷ
1608 389 1848 464 Χριστῷ,

276 470 358 542 τῷ
390 471 488 541 μὲν
520 469 748 540 Χριστῷ
799 472 1033 538 λέγοντι,
1079 472 1254 526 Εἰσὶν
1308 473 1589 540 εὐνοῦχοι
1638 474 1856 542 οἵτινες

246 551 655 619 ,εὐνούχισαν
691 550 945 616 ἑαυτοὺς
973 549 1071 604 διὰ
1097 550 1211 614 τὴν
1251 552 1579 614 βασιλείαν
1613 549 1731 604 τῶν
1758 556 1858 607 οὺ-

270 627 496 701 ρανῶν·
530 630 625 682 καὶ
651 628 1005 696 ἐπαγαγόντι,
1042 629 1096 682 '0
1136 628 1471 699 δυνάμενος
1501 630 1712 699 χωρεῖν
1747 649 1857 699 χω-

269 711 472 779 ρείτω
528 708 707 779 ἑαυτῷ
755 708 810 761 δὲ
867 707 1282 773 καταδικάζοντι
1343 710 1442 774 τάς
1492 707 1717 780 χηρείαν
1757 709 1856 779 μὲν

279 787 564 856 ἐλομένας,
594 788 653 840 ού
683 786 1034 854 βουληθείσας
1074 786 1130 839 δέ
1167 788 1441 855 ἐπιμεῖναι
1478 789 1544 857 τῇ
1582 787 1853 859 προθέσει.

282 869 345 924 Εἰ
375 867 487 938 7&9
507 866 756 938 χάρισμά
784 868 921 930 ἐστι,
952 866 1092 930 τίνος
1143 867 1328 920 ἐνεκεν
1368 868 1557 931 αὐταῖς
1593 867 1853 928 ἀπειλεῖς,

277 947 477 1016 λέγων,
515 948 597 1001 δτι
623 949 877 1013 Ἔχουσι
906 945 1099 1014 κρῖμα,
1122 946 1209 1000 ὅτι
1242 947 1356 1014 τὴν
1387 947 1623 1015 πρώτην
1652 948 1859 1000 πίστιν

279 1030 628 1095 ήθέτησαν;
655 1024 904 1095 οὺδαμοῦ
956 1025 1063 1094 γάρ
1114 1027 1240 1088 τοὺς
1293 1025 1392 1079 οὐκ
1446 1025 1666 1096 ἔχοντας
1697 1025 1855 1095 χαρί-

283 1123 466 1176 σματα
485 1108 515 1159 ό
533 1106 576 1157 Χ
584 1105 764 1175 ριστδς
775 1104 1050 1163 ἐκόλασεν,
1065 1103 1199 1157 ἀλλά
1221 1106 1494 1174 πανταχοῦ
1516 1106 1637 1167 τοὺς
1660 1103 1720 1157 οὐ
1746 1102 1857 1173 βίον

279 1184 757 1255 ἐπιδεικνυμένους
787 1183 961 1254 ὀρθόν.
1019 1186 1128 1238 Καὶ
1159 1184 1315 1239 τοῦτό
1353 1187 1467 1240 ἐστι
1511 1186 1571 1238 τὸ
1625 1183 1857 1254 μάλιστα

281 1264 712 1336 ἐπιζητούμενον
742 1267 869 1335 παρ’
895 1264 1065 1333 αὐτῷ,
1092 1265 1333 1318 πολιτεία
1372 1265 1567 1336 ἀρίστη
1594 1264 1687 1317 καί¹
1720 1263 1857 1337 ἔργα

281 1345 522 1414 ἄληπτα·
547 1346 657 1398 τῶν
683 1346 740 1399 δὲ
766 1346 1120 1416 χαρισμάτων
1147 1348 1179 1417 ἡ
1220 1346 1447 1416 διανομὴ
1471 1347 1570 1399 οὐκ
1594 1346 1650 1398 ἐν
1674 1348 1736 1415 τῇ
1761 1342 1854 1397 τοῦ

280 1426 655 1495 λαμϐάνοντος
677 1428 851 1478 κεῖται
874 1425 1207 1495 προαιρέσει.
1232 1425 1347 1477 ἀλλ’
1382 1425 1439 1477 ἐν
1466 1427 1531 1493 τῇ
1565 1423 1658 1477 τοῦ
1710 1440 1855 1494 παρ-

283 1506 500 1574 έχοντος
522 1505 720 1574 κρίσει.
748 1503 845 1557 Διά
871 1504 1029 1557 τοῦτο
1064 1503 1297 1568 οὐδαμοῦ
1320 1506 1444 1567 τοὺς
1492 1502 1562 1555 τὰ
1601 1502 1854 1572 θαύματα

281 1584 690 1655 ἐργαζομένους
738 1584 768 1636 ό
815 1583 1050 1651 Χριστὸς
1101 1583 1345 1645 ἐπαινεῖ,
1401 1580 1537 1636 ἀλλά
1592 1580 1686 1635 κιαί
1727 1581 1855 1643 τοὺς

284 1662 537 1732 μαθητὰς
575 1663 668 1715 ἐπὶ
725 1660 899 1730 τούτῳ
950 1661 1089 1731 μέγα
1143 1661 1470 1733 φρονοῦντας
1526 1661 1727 1727 ἀπάγει
1756 1661 1854 1729 τῆς

279 1741 537 1806 τοιαύτης
570 1740 785 1808 ἡδονῆς.
813 1739 1009 1806 λέγων,
1043 1738 1141 1807 Μὴ
1171 1740 1402 1809 χαίρετε
1434 1739 1522 1793 ὅτι
1551 1738 1624 1793 τὰ
1653 1740 1855 1807 δαιμό·

279 1838 382 1874 για
406 1818 545 1888 ὑμῖν
576 1819 882 1872 ὑπακούει.
901 1818 966 1869 Οἰ
992 1816 1100 1887 7&9
1133 1819 1556 1891 μακαριζόμενοι
1579 1816 1853 1886 πανταχοῦ

282 1900 332 1952 οἰ
371 1898 658 1967 ἐλεήμονές
710 1897 866 1959 εἰσιν,
899 1897 949 1950 οἱ
994 1898 1258 1958 ταπεινοὶ,
1315 1900 1363 1952 οἱ
1398 1899 1685 1960 ἐπιεικεῖς,
1713 1899 1852 1967 οἰτῇ

283 1978 483 2047 καρδίᾳ
509 1977 758 2046 καθαροὶ,
817 1978 864 2029 οἱ
895 1977 1247 2047 εἰρηνοποιοὶ,
1269 1977 1318 2030 οἰ
1358 1976 1529 2030 ταῦτα
1559 1975 1737 2030 πάντα
1766 1978 1856 2030 καὶ

280 2060 352 2113 τά
380 2057 591 2121 τούτοις
616 2057 776 2125 ὅμοια
809 2057 1155 2127 πράττοντες.
1192 2057 1302 2111 Καὶ
1328 2057 1488 2121 αὐτὸς
1513 2056 1569 2110 δὲ
1589 2058 1618 2110 ὁ
1648 2056 1856 2120 Παῦλος

280 2139 355 2193 τὰ
380 2137 778 2208 κατορθώματα
809 2134 1059 2207 ἀριθμῶν
1090 2135 1161 2189 τά
1190 2136 1407 2200 ἐαυτοῦ,
1434 2138 1492 2190 ἐν
1523 2136 1732 2199 τούτοις
1759 2136 1855 2189 καὶ

282 2217 387 2284 τῆς
408 2215 732 2285 ἐγκρατείας
762 2215 1162 2283 ἐμνημόνευσεν
1181 2231 1194 2245 ο
1230 2213 1400 2268 εἰπὼν
1425 2215 1555 2285 γὰρ,
1586 2217 1684 2269 Ἐγ
1708 2218 1854 2270 ὑπο·

277 2293 442 2365 μονῇ
466 2298 626 2348 πολλ
637 2292 688 2358 ᾗ,
707 2296 777 2346 ἐν
798 2293 1103 2361 θλίψεσιν,
1126 2294 1195 2348 ἐν
1221 2294 1527 2363 ἀνάγκαις,
1552 2295 1620 2348 ἐν
1645 2309 1854 2349 στενο-

281 2375 544 2443 χωρίαις,
576 2373 644 2426 ἐν
671 2371 948 2438 πληγαῖς.
983 2372 1052 2425 ἐν
1082 2372 1399 2441 φυλακαῖς,
1430 2374 1499 2427 ἐν
1527 2375 1753 2438 κόποις.
1788 2373 1858 2426 ἐν

281 2452 777 2515 ἀκαταστασίαις,
804 2452 873 2504 ἐν
898 2450 1271 2517 ἀγρυπνίαις,
1287 2451 1358 2503 ἐν
1380 2451 1705 2517 νηστείαις,
1723 2451 1856 2518 ἐπή-

279 2549 470 2599 γαγεν,
506 2532 610 2585 Ἔν
632 2531 857 2599 ἁγνεία·
884 2531 983 2584 οὐκ
1008 2530 1072 2583 ἂν
1098 2530 1256 2583 τοῦτο
1280 2530 1531 2599 ποιήσας.
1550 2530 1597 2582 εἰ
1613 2529 1855 2600 χάρισμα

279 2609 344 2663 τδ
362 2611 594 2679 πρᾶγμα
613 2605 699 2680 ἦν.
715 2609 781 2661 Τί
802 2609 856 2660 δέ
890 2610 985 2661 καὶ
1017 2608 1259 2662 σκώπτει
1282 2607 1406 2670 τοὺς
1425 2606 1575 2677 1296ᾚ
1593 2608 1690 2661 οὐκ
1707 2608 1857 2678 ἔχον-

280 2707 381 2754 τας
396 2689 585 2757 αὐτὴν.
616 2689 875 2759 ἀκρατεῖς
897 2688 1092 2752 αὐτοὺς
1112 2687 1321 2745 καλῶν;
1347 2685 1433 2739 διὰ
1455 2687 1508 2739 τί
1516 2684 1589 2739 ⁹δέ
1609 2687 1704 2740 καὶ
1733 2691 1759 2741 ό
1785 2687 1858 2758 μὴ

283 2766 601 2836 ἐκγαμίζων
614 2767 713 2837 τὴν
729 2765 922 2820 ἑαυτοῦ
941 2766 1229 2829 παρθένον,
1249 2768 1498 2837 κρεῖσσον
1516 2769 1661 2819 ποιεῖ
1678 2783 1692 2831 ;
1717 2767 1860 2831 τίνος

283 2846 340 2899 δέ
391 2846 578 2900 ἕνεκεν
623 2846 1012 2914 μακαριωτέρα
1050 2846 1083 2915 ἡ
1119 2846 1281 2915 χήρα,
1325 2845 1418 2898 ἐάν
1456 2843 1628 2907 οὕτως
1664 2844 1855 2917 μείνῃς

285 2926 464 2995 Ὅπερ
496 2924 605 2995 γὰρ
634 2924 805 2994 ἔφθην
843 2923 1033 2985 εἰπὼν,
1067 2924 1127 2975 οὑ
1161 2922 1475 2992 θαυμάτων,
1510 2922 1644 2975 ἀλλὰ
1685 2924 1859 2993 ἔργων

281 3003 333 3054 οἰ
357 3003 718 3074 μακαρισμοὶ,
744 3001 932 3073 ὥσπερ
955 2997 1046 3054 οῦν
1068 3001 1161 3055 καὶ
1177 3003 1231 3054 αἱ
1254 3002 1522 3064 κολάσεις.
1544 3002 1669 3064 Πῶς
1689 3003 1743 3054 δὲ
1768 3003 1860 3057 καὶ

283 3081 535 3148 ἐπιμένει
575 3082 738 3135 πάλιν
768 3081 1046 3152 παραινῶν
1073 3082 1212 3149 ὑπὲρ
1234 3080 1340 3134 τῶν
1364 3081 1561 3140 αὐτῶν,
1593 3083 1639 3134 εἰ
1677 3082 1749 3152 μὴ
1776 3084 1861 3149 ἐφ’

282 3159 493 3227 ἡμῖντὸ
512 3162 746 3228 πρᾶγμα
765 3155 853 3226 ἦν.
884 3160 977 3211 καὶ
1005 3158 1140 3227 μετά
1167 3159 1265 3223 τὴν
1281 3158 1375 3210 τοῦ
1399 3159 1533 3210 Θεοῦ
1570 3160 1739 3228 ῥοπὴν
1766 3160 1861 3212 καὶ

283 3239 381 3306 τῆς
401 3240 533 3308 παρ’
548 3240 581 3305 ἡ
594 3238 709 3305 μῶν
728 3238 897 3290 ἐδεῖτο
910 3237 1145 3306 σπουδῆς
1160 3253 1174 3298 ;
1193 3235 1378 3288 Εἰπὼν
1395 3235 1523 3304 γὰρ.
1541 3236 1701 3289 Θέλω
1713 3237 1860 3288 πάν-

282 3334 391 3382 τας
416 3316 768 3383 ἀνθρώπους
782 3313 931 3369 εἶναι
948 3316 1027 3380 ὡς
1049 3316 1147 3368 καὶ
1165 3314 1424 3381 ἐμαυτὸν
1442 3314 1857 3381 ἐνέγκρατείςι,

283 3394 447 3449 πάλιν
478 3394 632 3464 φησί’
659 3396 824 3462 Λέγω
854 3394 921 3446 δὲ
940 3393 1063 3459 τοῖς
1089 3392 1334 3461 ἀγάμοις
1357 3391 1459 3445 καὶ
1473 3391 1602 3456 ταῖς
1629 3391 1856 3458 χήραις,

282 3472 488 3527 Καλὸν
505 3471 711 3535 αὐτοῖς
733 3471 923 3534 ἐστιν,
950 3470 1059 3523 ἐὰν
1077 3470 1366 3536 μείνωσιν
1384 3469 1467 3533 ὡς
1489 3466 1667 3538 κάγώ.
1690 3469 1860 3522 Πάλιν

281 3549 475 3603 ἐαυτὸν
500 3549 683 3619 τίθησι
714 3547 801 3603 διὰ
828 3549 925 3617 τὴν
951 3547 1119 3614 αὐτὴν
1143 3547 1341 3601 αἰτίαν.
1370 3547 1442 3599 Τὸ
1466 3545 1573 3615 γὰρ
1598 3546 1859 3617 παράδει-

281 3644 399 3697 γμα
426 3626 656 3695 ἐγγύθεν
684 3626 895 3696 ἔχοντες
926 3626 1019 3679 καὶ
1039 3626 1253 3685 οἰκεῖον,
1270 3624 1527 3695 μειζόνως
1550 3623 1616 3678 ἂν
1633 3625 1742 3680 τῶν
1759 3627 1860 3697 τῆς

282 3703 583 3774 παρθενίας
610 3702 1022 3773 κατετόλμησαν
1058 3703 1256 3757 πόνων.
1300 3701 1364 3755 Et
1392 3702 1449 3756 δὲ
1487 3704 1581 3756 καὶ
1603 3703 1862 3772 ἀνωτέρω

281 3781 479 3848 λέγων.
505 3781 666 3837 Θέλω
689 3778 918 3844 πάντας
948 3774 1097 3832 εῖναι
1121 3781 1200 3844 ὡς
1226 3780 1323 3832 καὶ
1350 3780 1629 3848 ἐμαυτὸν,
1655 3782 1753 3835 καὶ
1770 3783 1859 3834 ἐν-

281 3857 479 3920 ταῦθα,
506 3857 704 3913 Καλόν
730 3857 933 3921 αὐτοῖς
951 3856 1058 3909 ἐὰν
1080 3857 1369 3925 μείνωσιν
1394 3859 1471 3922 ὠς
1497 3857 1678 3927 κάγὼ,
1706 3859 1861 3913 οὐδα-

287 3936 389 4003 μοῦ
418 3936 601 3989 αἰτίαν
622 3936 963 4005 προστίθησι,
992 3934 1065 4005 μὴ
1083 3934 1386 4004 θαυμάσῃς
1416 3934 1475 3987 οὐ
1496 3934 1601 4005 γὰρ
1617 3936 1870 3992 ἀπαυθα-

283 4013 563 4083 διζόμενος
578 4013 738 4066 τοῦτο
758 4015 919 4078 ποιεῖ,
939 4012 1053 4065 ἀλλ’
1073 4012 1262 4083 ἱκανὴν
1278 4005 1417 4064 εἶναι
1436 4008 1670 4081 νομίζων
1683 4013 1859 4067 αἰτίαν

283 4093 383 4161 τὴν
411 4091 578 4145 αὑτοῦ
602 4090 849 4159 γνώμην,
895 4088 1014 4159 μεθ’
1040 4083 1108 4159 ἦς
1131 4088 1192 4141 τὸ
1223 4090 1454 4159 πρᾶγμα
1475 4088 1853 4161 κατώρθωσεν.

353 4172 480 4223 ΛΖ⁶.
511 4171 576 4222 Εἰ
597 4169 654 4222 δέ
677 4184 763 4231 τις
775 4167 869 4221 καὶ
887 4166 1166 4237 λογισμῶν
1179 4166 1408 4221 ἀκοῦσαι
1428 4167 1622 4230 ἐθέλοι,
1643 4169 1858 4240 πρῶτον

289 4248 389 4316 μέν
412 4248 521 4319 τὴν
572 4247 723 4317 παρά
777 4245 993 4301 πάντων
1043 4245 1155 4298 τῶν
1200 4244 1503 4316 ἀνθρώπων
1561 4245 1860 4313 ἐξεταζέτω

283 4327 464 4390 δόξαν,
499 4325 690 4380 ἔπειτα
720 4325 814 4377 καὶ
844 4322 913 4376 τὰ
942 4322 1071 4394 περὶ
1102 4323 1164 4376 τὸ
1192 4325 1421 4393 πρᾶγμα
1470 4323 1856 4393 συμϐαίνοντα.

287 4403 409 4457 Ιι’ῶν
433 4404 541 4474 7&9
582 4401 886 4470 νομοθετῶν
931 4402 1056 4464 τοὺς
1088 4400 1362 4464 τοιούτους
1411 4401 1473 4453 οὐ
1526 4401 1858 4466 κολαζόντων

285 4482 516 4552 γάμους,
538 4481 652 4535 ἀλλ’
674 4480 1073 4550 ἐπιτρεπόντων
1094 4478 1188 4532 καὶ
1210 4477 1651 4551 συγχωρούντων,
1676 4481 1860 4535 πολλοὶ

285 4563 379 4614 καὶ.
401 4562 552 4632 παρά
580 4559 790 4614 πολλῶν
817 4558 873 4612 ἐν
905 4576 964 4612 τε
991 4558 1189 4621 οἰκίαις
1223 4560 1317 4611 καὶ
1348 4557 1489 4612 κατὰ
1515 4559 1615 4629 τὴν
1652 4561 1858 4632 ἀγορὰν

287 4641 406 4692 κατ’
422 4639 600 4694 αὐτῶν
626 4639 867 4707 γίνονται
893 4636 1045 4705 λόγοι
1065 4635 1443 4702 σκωπτόντων,
1468 4639 1854 4708 μεμφομένων,

286 4717 795 4789 ἀποστρεφομένων.
825 4715 946 4770 Τῶν
978 4714 1087 4785 7&9
1123 4715 1250 4777 τοὺς
1282 4715 1479 4786 ὅρκους
1501 4717 1859 4787 παραϐαινόν-

286 4812 391 4850 των
413 4797 511 4866 ούχ
526 4793 687 4867 ἦττον
719 4795 843 4857 τοὺς
870 4793 1144 4857 τοιούτους
1174 4793 1410 4856 ἅπαντες
1435 4796 1788 4866 ἐκτρέπονται
1806 4809 1856 4861 ο,

286 4873 360 4938 ὡς
385 4877 578 4934 εἰπεῖν,
604 4872 729 4926 οὔτε
756 4872 939 4942 φίλους
974 4871 1297 4942 ποιήσασθαι
1338 4872 1687 4942 θαρροῦντες,
1733 4874 1858 4929 οὔτε

287 4952 559 5022 συνθήκας
590 4951 781 5005 θέσθαι
815 4950 949 5020 πρὸς
975 4951 1204 5015 αὐτοὺς,
1238 4948 1363 5003 οῦτε
1388 4950 1516 5005 ἀλλο
1548 4969 1602 5004 τι
1635 4955 1858 5007 πιστεῦ-

285 5046 372 5081 σαι
406 5029 577 5082 οὐδέν.
613 5029 780 5082 Ὅταν
824 5029 931 5099 γὰρ
982 5028 1162 5080 ἴδωσιν
1192 5028 1389 5091 αὐτοῦς
1434 5031 1724 5102 συνηθείας
1767 5051 1857 5087 το-

286 5106 489 5177 σαύτης
528 5107 623 5158 καὶ
681 5105 861 5175 φιλίας
897 5105 990 5158 καὶ
1022 5105 1235 5175 ὁμιλίας
1285 5108 1377 5159 καὶ
1428 5109 1709 5173 κοινωνίας
1758 5110 1858 5181 τὴν

287 5186 508 5255 μνήμην
526 5184 702 5247 οὕτως
732 5183 964 5246 εὐκόλως
989 5184 1093 5237 ἀπὸ
1117 5185 1216 5255 τῆς
1246 5185 1425 5238 αὐτῶν
1451 5186 1630 5257 ψυχῆς
1663 5190 1861 5245 ἐκόάλ-

281 5262 489 5325 λοντας,
526 5263 705 5333 νάρκη
729 5279 812 5325 τις
834 5262 1015 5326 αὐτοῖς
1044 5263 1149 5316 ἀπὸ
1178 5263 1381 5316 τούτων
1411 5271 1727 5337 καταχεῖται
1750 5271 1858 5324 τῶν

280 5340 578 5410 λογισμῶν,
615 5341 711 5393 καὶ
737 5341 837 5393 οὐκ
862 5339 928 5393 ἂν
949 5342 1143 5406 αὐτοὺς
1178 5341 1315 5412 μετὰ
1352 5343 1531 5415 πάσης
1554 5347 1858 5416 προσίοιντο

287 5419 657 5489 γνησιότητος,
712 5418 789 5481 ὡς
836 5418 1087 5483 εὐκόλους
1133 5423 1226 5474 καὶ
1261 5421 1747 5494 ἀλλοπροσάλλους.
1781 5427 1855 5481 Οὐ

281 5495 368 5550 διὰ
397 5494 571 5549 ταῦτα
598 5496 659 5549 δὲ
696 5495 856 5565 μόνον
882 5496 1077 5561 αὐτοὺς
1103 5498 1558 5571 ἀποστρέφονται,
1584 5503 1721 5557 ἀλλά
1766 5506 1859 5558 καί

281 5572 346 5624 δι’
388 5573 557 5645 αὐτὴν
584 5572 693 5626 τῶν
717 5572 1013 5641 γινομένων
1067 5575 1165 5646 τὴν
1206 5578 1417 5643 ἀηδίαν.
1459 5580 1522 5631 Τί
1554 5580 1662 5651 7&9
1695 5582 1857 5650 ἀτερ-

283 5653 567 5721 πέστερον,
600 5651 726 5705 εἰπέ
760 5668 871 5719 μοι.
899 5651 932 5722 ἢ
961 5653 1086 5708 ὅταν
1116 5655 1255 5725 μετὰ
1291 5658 1385 5711 τὸν
1415 5660 1580 5713 πολὺν
1611 5662 1856 5714 κωκυτὸν

283 5732 377 5787 καῖ,
415 5732 513 5793 τὰς
539 5729 791 5801 οἰμωγάς
814 5730 910 5783 καὶ
936 5731 1000 5786 τά
1027 5732 1235 5805 δάκρυα
1279 5737 1372 5790 καὶ
1413 5738 1511 5808 τὴν
1564 5740 1854 5811 αὐχμηρὰν»

346 5869 368 5896 ⁸
381 5869 507 5934 Βοσ.
532 5870 929 5936 διαστρέφονται.

1565 276 1652 330 DE
1694 271 2158 331 νιιιοιΝιτΑτε.

3409 290 3513 343 560

1954 392 2130 463 κόμην
2158 395 2250 447 καὶ
2274 394 2371 466 τὴν
2409 396 2664 465 μέλαιναν
2703 395 2891 466 στολὴν
2931 397 3184 468 ἐξαίφνης
3210 398 3388 468 κρότοι
3423 400 3520 452 καὶ

1955 474 2226 537 παστάδες
2280 475 2557 544 γαμήλιοι.
2607 478 2699 529 καὶ
2739 476 2963 547 θόρυόος
3003 477 3097 529 ἀπ’
3144 478 3388 541 ἐναντίας
3440 479 3518 547 τῷ

1954 552 2225 623 προτέρῳ,
2275 552 2463 624 ὥσπερ
2516 555 2822 626 ὑποκριτῶν
2859 557 2917 608 ἐν
2967 557 3137 627 σκηνῇ
3194 556 3516 621 παιζόντων,

1953 631 2048 683 καί
2078 630 2173 683 νῦν
2228 632 2324 702 μέν
2384 633 2557 693 τοῦτο,
2583 633 2679 686 νῦν
2729 632 2786 687 δέ
2828 635 3004 687 ἐκεῖνο
3042 635 3377 704 γινομένωνς
3409 634 3522 687 Καὶ

1954 709 2063 779 7&9
2096 711 2213 762 ἐκεῖ
2237 710 2326 763 τὸν
2353 706 2512 763 αὐτὸν
2540 704 2672 774 ἴδοις
2704 710 2769 765 ἂν
2796 711 2927 765 ποτέ
2964 711 3064 781 μὲν
3095 710 3335 781 βασιλέα,
3389 712 3521 764 ποτὶ

1952 784 2009 838 δὲ
2061 788 2277 840 πάντων
2310 786 2649 857 πενέστερονο
2689 787 2964 841 κάνταῦθα
2994 790 3022 841 ὁ
3055 787 3244 859 πρώην
3272 789 3401 858 περὶ
3428 787 3521 840 τὸν

1950 863 2122 931 τάφον
2163 862 2670 932 ἐγκαλινδούμενος,
2727 867 2959 935 νυμφίος
3010 866 3294 936 ἐξαίφνης’
3331 868 3360 921 ό
3419 865 3522 928 τὰς

1951 943 2141 1013 τρίχας
2184 941 2398 1007 τίλλων,
2434 942 2698 1011 στέφανον
2736 944 2827 997 ἐπὶ
2851 945 2951 1015 τῆς
2976 946 3145 1016 αὐτῆς
3175 945 3334 999 πάλιν
3363 943 3521 1013 φέρει

1953 1020 2213 1091 κεφαλῆς,
2247 1022 2277 1074 ὁ
2322 1022 2569 1092 κατηφὴς
2589 1022 2681 1075 καὶ
2703 1024 2928 1091 στυγνὸς
2946 1025 3041 1078 καὶ
3065 1024 3233 1078 πολλά
3264 1022 3521 1085 πολλάκις

1957 1100 2091 1169 μετά
2112 1099 2358 1172 δακρύων
2380 1100 2515 1171 πρὸς
2532 1101 2657 1165 τοὺς
2679 1102 3125 1172 παρακαλοῦντας
3149 1102 3398 1173 ἐγκώμια
3418 1099 3518 1169 τῆς

1953 1176 2290 1248 ἀπελθούσης
2319 1177 2560 1243 διελθὼν,
2586 1180 2681 1232 καὶ
2710 1180 2800 1234 τὸν
2829 1180 2938 1249 βίον
2971 1180 3202 1234 ἀϐίωτον
3234 1175 3372 1233 εἶναι
3412 1179 3521 1247 φήο

1955 1273 2053 1320 σας
2085 1256 2252 1326 αὐτῷ,
2277 1255 2372 1310 καὶ
2409 1256 2542 1328 πρὸς
2565 1258 2689 1321 τοὺς
2742 1258 3048 1327 ἀπάγοντας
3083 1258 3243 1311 αὐτὸν
3265 1256 3357 1311 τοῦ
3387 1255 3521 1327 θρή-

1952 1352 2044 1387 νου
2086 1334 2444 1405 δυσχεράνας,
2502 1334 2758 1397 πολλάκις
2817 1337 3017 1408 μεταξὺ
3081 1336 3283 1390 τούτων
3343 1334 3521 1389 αὐτῶν

1952 1412 2244 1482 ὡραῖζεται
2267 1414 2359 1467 καὶ
2392 1413 2790 1477 καλλωπίζεται
2838 1414 2996 1470 πάλιν
3016 1456 3030 1480 ,
3068 1415 3162 1469 καὶ
3190 1416 3301 1477 τοῖς
3332 1412 3520 1483 πρώην

1950 1491 2366 1564 δεδακρυμένοις
2428 1492 2757 1563 ὀφθαλμοῖς,
2826 1494 3036 1559 τούτοις
3097 1493 3235 1565 μετά
3290 1491 3521 1560 γέλωτος

1951 1573 2029 1635 είς
2062 1574 2186 1635 τοὺς
2228 1571 2424 1633 αὐτοὺς
2470 1573 2649 1642 ἐνορᾷ,
2707 1571 2802 1624 καὶ
2837 1571 2915 1642 τῷ
2942 1572 3169 1644 στόματι
3207 1573 3381 1644 τούτῳ
3430 1586 3522 1637 φι-

1950 1649 2285 1720 λοφρονεῖται
2344 1648 2439 1703 καὶ
2476 1648 2779 1713 ἀσπάζεται
2811 1642 3051 1714 πάντας,
3104 1650 3169 1705 δι’
3215 1642 3276 1704 οῦ
3332 1647 3521 1721 πρώην

1950 1729 2123 1781 ταῦτα
2180 1728 2356 1782 πάντα
2399 1727 2692 1798 ἐξώμνυτο.
2747 1730 2820 1783 Τὸ
2869 1731 2924 1783 δὲ
2977 1731 3191 1784 πάντων
3232 1728 3520 1781 ἐλεεινότε-

1956 1822 2064 1874 ρον,
2098 1807 2129 1858 ὁ
2165 1808 2277 1869 τοῖς
2321 1807 2509 1859 παισὶν
2545 1806 2967 1876 ἐπεισαγόμενος
3017 1807 3277 1875 πόλεμος,
3331 1807 3364 1876 ὴ
3401 1807 3522 1865 ταῖς

1952 1883 2280 1955 θυγατράσιν
2318 1885 2725 1955 συνοικιζομένη
2783 1885 3001 1938 λέαινα·
3042 1884 3196 1937 τοῦτο
3237 1881 3519 1955 7&91297]

1950 1964 1983 2033 ή
2055 1963 2294 2034 μητρυιά
2355 1962 2653 2032 πανταχοῦ.
2731 1961 3005 2016 Ἐντεῦθεν
3066 1965 3100 2032 ή
3178 1960 3519 2033 καθημερινὴ

1955 2041 2142 2104 στάσις
2165 2042 2260 2094 καὶ
2291 2042 2459 2111 μάχη,
2501 2040 2748 2094 ἐντεῦθεν
2773 2043 2802 2093 ό
2830 2040 2977 2105 ξένος
3005 2042 3207 2104 ἐκεῖνος
3254 2040 3348 2092 καὶ
3398 2056 3520 2091 και-

1951 2120 2166 2190 νότερος
2192 2119 2351 2189 ζῆλος
2390 2120 2525 2190 πρὸς
2570 2119 2669 2190 τὴν
2722 2119 2821 2172 οὐκ
2868 2118 3185 2189 ἐνοχλοῦσαν
3218 2118 3517 2187 γινόμενος.

1953 2199 2015 2253 Οἱ
2053 2199 2148 2269 μὲν
2180 2197 2289 2267 γάρ
2317 2197 2515 2261 ζῶντες
2540 2199 2633 2251 καὶ
2662 2197 2912 2267 βάλλουσι
2944 2196 3021 2266 τῷ
3067 2197 3243 2267 φθόνῳ
3277 2197 3369 2251 καὶ
3400 2194 3523 2264 βάλ-

1952 2277 2156 2337 λονται,
2191 2276 2329 2348 πρὸς
2360 2276 2414 2329 δὲ
2444 2277 2570 2339 τοὺς
2597 2274 3045 2344 τετελευτηκότας
3074 2275 3169 2327 καὶ
3199 2276 3247 2326 οἱ
3279 2273 3524 2344 πολέμιοι

1955 2354 2292 2410 σπένδονται.
2336 2354 2474 2408 Ἀλλ’
2498 2356 2598 2409 οὐκ
2624 2352 2877 2417 ἐνταῦθα,
2910 2351 3046 2406 ἀλλὰ
3078 2352 3455 2420 ζηλοτυπεῖται
3488 2353 3521 2422 ἡ

1953 2433 2101 2497 κόνις
2116 2434 2211 2487 καὶ
2227 2433 2461 2504 ἡτέφρα,
2476 2434 2568 2486 καὶ
2586 2435 2740 2503 μῖσος
2762 2431 3003 2502 πρὸςτὴν
3028 2429 3521 2504 κατορωρυγμένην

1953 2512 2184 2581 ἄφατον,
2205 2513 2298 2566 καὶ
2328 2511 2585 2580 λοιδορίαι
2612 2511 2703 2565 καὶ
2724 2508 3029 2579 σκώμματα
3074 2509 3168 2563 καὶ
3200 2508 3522 2580 κατηγορίαι

1954 2590 2092 2661 πρὸς
2105 2592 2202 2661 τὴν
2223 2590 2559 2645 διαλυθεῖσαν
2579 2591 2658 2653 εἰς
2672 2589 2794 2659 γῆν,
2808 2589 2975 2660 ἔχθρα
2989 2587 3248 2650 ἄσπονδος
3267 2586 3403 2657 πρὸς
3427 2586 3523 2657 τὴν

1954 2668 2322 2738 λελυπηκυῖαν
2347 2664 2519 2720 οὐδέν.
2553 2667 2618 2718 Τί
2644 2665 2846 2733 ταύτης
2874 2665 3067 2734 γένοιτ’
3095 2664 3160 2718 ἂν
3183 2663 3281 2733 τῆς
3305 2662 3525 2731 ἀλογίας

1955 2749 2156 2817 χεῖρον,
2184 2746 2237 2798 τί
2260 2748 2359 2817 τῆς
2395 2744 2708 2814 ώμότητος;
2745 2743 2910 2797 Οὐδὲν
2952 2742 3101 2816 παρὰ
3134 2743 3231 2813 τῆς
3258 2741 3524 2796 ἀπελθού-

1957 2841 2055 2892 σης
2080 2824 2378 2895 ἠδικημένη
2403 2842 2416 2854 ·
2440 2822 2495 2877 τί
2529 2822 2671 2891 λέγω
2699 2822 2998 2893 ἠδικημένη
3019 2841 3033 2889 ;
3062 2823 3188 2886 τοὺς
3212 2822 3403 2886 πόνους
3426 2823 3525 2894 μὲν

1955 2903 2126 2973 αὐτῆς
2157 2901 2536 2973 καρπουμένη,
2567 2901 2794 2964 καὶτοῖς
2825 2901 3048 2970 ἀγαθοῖς
3077 2900 3396 2973 ἐντρυφῶσα
3414 2903 3526 2965 τοῖς

1955 2981 2189 3050 ἐκείνης,
2232 2982 2292 3034 ού
2332 2980 2560 3035 παύεται
2604 2979 2983 3050 σκιαμαχοῦσα
3030 2979 3164 3050 πρὸς
3207 2981 3405 3049 αὐτήν’
3433 2981 3525 3033 καὶ

1955 3059 2052 3129 τὴν
2097 3058 2251 3112 οὐδὲν
2283 3058 2669 3129 λελυπηκυῖαν,
2702 3057 2960 3120 πολλάκις
3002 3055 3060 3109 δὲ
3105 3056 3224 3110 οὐδὲ
3269 3056 3524 3125 ὀφθεῖσαν

1956 3137 2091 3206 αὐτῇ
2137 3153 2300 3200 ποτε,
2359 3139 2570 3206 μυρίοις
2622 3134 2744 3189 καθ’
2777 3135 3013 3207 ἑκάστην
3075 3137 3284 3208 ἡμέραν
3343 3136 3521 3206 βάλλει

1959 3214 2276 3283 σκώμμασι,
2307 3215 2401 3266 καὶ
2428 3213 2515 3267 διὰ
2540 3212 2647 3267 τῶν
2684 3213 2899 3283 ἐκείνης
2945 3212 3183 3280 ἐκγόνων
3215 3214 3316 3282 τὴν
3344 3214 3523 3267 οὐκέτ’

1957 3289 2123 3345 οὖσαν
2147 3291 2433 3362 ἀμύνεται,
2461 3294 2555 3345 καὶ
2582 3292 2673 3344 τὸν
2699 3291 2865 3359 ἀνδρα
2889 3291 3146 3354 πολλάκις
3166 3291 3374 3357 ὁπλίζει
3395 3294 3517 3345 κατ’

1956 3369 2155 3433 αὐτῶν,
2190 3369 2318 3424 ὅταν
2363 3368 2500 3439 αὐτὴ
2549 3368 2712 3440 μηδὲν
2755 3367 2913 3441 ἀνύῃ.
2958 3368 3096 3421 Ἀλλ’
3128 3368 3275 3437 ὅμως
3308 3369 3522 3422 ἅπαντα

1955 3447 2127 3502 ταῦτα
2151 3449 2321 3518 ῥᾷστα
2343 3448 2436 3499 καὶ
2466 3445 2678 3517 φορητά
2700 3449 2808 3509 τοῖς
2834 3444 3137 3517 ἀνθρώποις
3167 3445 3340 3515 ἔδοξεν
3361 3443 3520 3512 εἶναι,

1959 3526 2117 3598 μόνον
2146 3526 2235 3579 ἵνα
2263 3526 2336 3596 μὴ
2359 3524 2455 3595 τὴν
2482 3524 2590 3578 ἀπὸ
2617 3524 2717 3593 τῆς
2748 3523 3040 3595 ἐπιθυμίας
3064 3529 3254 3598 φέρειν
3281 3529 3521 3597 ἀηγκά-

1959 3605 2157 3670 ζωνται
2195 3603 2505 3676 τυραννίδα.
2551 3602 2688 3656 Ἀλλ’
2734 3603 2833 3672 οὐχ
2868 3605 2901 3674 ἡ
2931 3604 3199 3674 παρθένος
3240 3606 3374 3675 πρὸς
3401 3606 3527 3659 ταύο

1955 3699 2057 3752 την
2092 3681 2360 3750 ἰλιγγίασε
2390 3681 2489 3753 τὴν
2517 3680 2843 3751 παράταξιν,
2875 3680 2995 3734 οὐδὲ
3032 3681 3199 3750 ἔφυγε
3235 3685 3334 3754 τὴν
3382 3700 3523 3753 συμο

1956 3759 2118 3830 δολὴν
2152 3759 2253 3830 τὴν
2290 3758 2463 3824 οὕτως
2490 3760 2763 3831 ἀφόρητον
2787 3761 2900 3822 τοῖς
2927 3759 3140 3822 πολλοῖς
3165 3756 3304 3819 εἶναι
3332 3761 3523 3820 δοκοῦν

1957 3853 2076 3896 σαν,
2112 3835 2225 3889 ἀλλ’
2260 3836 2389 3907 ἐστη
2421 3840 2705 3905 γενναίως,
2746 3838 2840 3893 καὶ
2883 3838 2979 3908 τὴν
3010 3839 3119 3892 ἀπὸ
3166 3840 3265 3908 τῆς
3310 3840 3523 3909 φύσεως

1955 3914 2242 3980 ἀνεδέξατο
2288 3915 2485 3987 μάχπην.
2526 3915 2650 3979 Πῶς
2681 3911 2775 3970 οὖν
2802 3917 2866 3970 ἀν
2905 3934 2989 3979 τις
3020 3917 3190 3988 αὐτὴν
3218 3919 3337 3972 κατ’
3366 3919 3524 3984 ἀξίαν

1957 3990 2308 4063 θαυμάσειεν,
2338 3994 2467 4047 ὅταν
2491 3994 2539 4047 οί
2578 3993 2677 4063 μὲν
2710 3993 2861 4048 ἄλλοι
2888 3995 2981 4047 καί
3006 3994 3270 4066 δευτέρων
3295 3996 3523 4051 δέωνται

1954 4071 2168 4140 γάμων,
2216 4071 2303 4124 ἵνα
2352 4070 2426 4142 μὴ
2482 4073 2906 4137 κατακαίωνται,
2951 4072 3092 4145 αῦτη
3134 4074 3191 4127 δέ
3233 4075 3365 4144 μηδὲ
3404 4077 3522 4139 ἐνὸς

1956 4147 2206 4220 ἁψαμένη
2259 4148 2545 4212 διαπαντός
2600 4150 2747 4207 ἐστιν
2797 4151 2929 4220 ἁγία
2973 4152 3067 4204 καὶ
3119 4151 3393 4221 ἀτρωτος;
3425 4155 3524 4209 Διά

1954 4226 2127 4280 ταῦτα
2152 4229 2246 4281 καί
2284 4227 2389 4297 πρὸ
2420 4226 2622 4282 τούτων
2639 4228 2728 4282 διὰ
2749 4230 2877 4293 τοὺς
2908 4229 3302 4300 ἀποκειμένους
3331 4232 3388 4283 ἐν
3409 4235 3523 4295 τοῖς

1954 4305 2202 4370 οὐρανοῖς
2229 4307 2293 4376 τῇ
2326 4305 2522 4376 χηρείᾳ
2566 4307 2791 4376 μισθοὺς
2825 4310 2853 4361 ό
2895 4308 2986 4359 τὸν
3025 4305 3259 4378 Χριστὸν
3277 4306 3415 4378 ἔχων
3464 4310 3523 4364 ἐν

1956 4381 2133 4452 ἐαυτῷ
2177 4382 2456 4446 λαλοῦντα,
2502 4383 2682 4450 ἔλεγε·
2716 4385 2919 4439 Καλόν·
2972 4385 3175 4450 αὐτοῖς
3223 4385 3394 4439 ἐστιν
3417 4387 3525 4440 ἐὰν

1949 4461 2237 4528 μείνωσιν
2270 4460 2350 4525 ὡς
2381 4461 2557 4530 κάρώ.
2603 4461 2715 4515 Ούκ
2763 4463 2987 4532 ῖσχυσας
3015 4465 3093 4527 εἰς
3118 4465 3216 4535 τὴν
3265 4465 3524 4520 ἀνωτάτω

1956 4536 2198 4608 κορυφὴν
2241 4537 2539 4615 ἀναϐῆναι;
2569 4538 2667 4609 τῆς
2708 4538 2837 4606 γοῦν
2874 4543 2990 4610 μετ’
3027 4541 3241 4611 ἐκείνην
3282 4543 3357 4615 μὴ
3391 4546 3525 4597 ἀπο-ν

1956 4617 2160 4688 πέσῃςο
2194 4614 2443 4669 τοσοῦτον
2470 4616 2502 4687 ἠ
2537 4616 2803 4687 παρθένος
2837 4617 2931 4672 σοῦ
2972 4619 3143 4689 ἐχέτω
3184 4614 3365 4687 πλέον,
3399 4623 3521 4677 ὅσον

1954 4693 2054 4764 τὴν
2082 4693 2181 4763 μὲν
2197 4694 2319 4746 οὐδὲ
2334 4693 2480 4759 ama
2499 4693 2761 4764 ἐπιθυμία
2780 4696 3148 4750 κατεπάλαισε
3170 4697 3220 4761 ι’,
3242 4698 3301 4750 σὲ
3315 4699 3369 4751 δέ
3387 4718 3524 4769 κρας

1955 4775 2171 4843 τήσασα
2206 4774 2469 4844 πρότερον
2512 4774 2611 4847 οὐκ
2642 4774 2826 4844 ἴσχυσε
2870 4776 3159 4838 διαπαντὸς
3195 4781 3518 4847 κατασχεῖνο
3566 4786 3573 4799 '

1956 4851 2048 4904 καί
2075 4852 2139 4904 σὺ
2166 4852 2267 4921 μὲν
2295 4852 2429 4920 μετά
2452 4850 2551 4921 τὴν
2577 4846 2747 4923 ἧτταν
2768 4852 3043 4923 ἐνίκησας,
3067 4854 3245 4925 ἐκείνη
3271 4854 3327 4907 δὲ
3356 4846 3519 4909 καθαο
3566 4886 3569 4891 -

1958 4931 2059 5002 ράν
2088 4931 2256 5001 ἦττης
2286 4931 2501 5001 ἀπάσης
2528 4931 2640 5001 ἔχει
2672 4931 2770 5003 τὴν
2793 4933 2970 5004 νίκην,
3001 4935 3095 4987 καὶ
3126 4932 3203 5003 τῷ
3230 4934 3372 4986 τέλει
3396 4948 3520 4989 συν-
3564 4966 3573 4973 -

1956 5009 2235 5079 απτομένη
2277 5026 2358 5063 σοι
2399 5011 2540 5065 κατά
2571 5009 2666 5081 τὴν
2695 5011 2867 5083 ἀρχὴν
2897 5012 3153 5084 ὑπερέχει
3184 5011 3360 5082 μόνον.

2026 5086 2156 5143 AH'.
2181 5098 2204 5128 α
2224 5088 2347 5151 Τοῖς
2371 5088 2468 5158 μὲν
2494 5083 2586 5143 οὖν
2621 5090 2963 5161 γεγαμηκόσι
2992 5090 3192 5160 πολλὴν
3215 5090 3395 5147 δίδωσι
3421 5091 3520 5161 τὴν

1957 5165 2331 5238 παραμυθίαν,
2381 5166 2455 5231 ὡς
2492 5167 2627 5239 μηδὲ
2666 5168 2879 5230 ἐκόντος
2927 5168 3156 5239 θατέρου
3198 5170 3519 5240 ἀποστερεῖν

1956 5245 2153 5308 αὐτοὺς
2180 5244 2440 5314 ἀλλήλων,
2477 5247 2611 5317 μήτε
2643 5246 2739 5317 τὴν
2768 5248 2832 5299 ἐκ
2861 5248 3176 5317 συμφωνίας
3196 5249 3520 5317 γιγνομένην

1962 5323 2217 5394 στέρησιν
2265 5324 2358 5377 ἐπὶ
2404 5325 2536 5377 πολὺ
2585 5325 2879 5393 προάγεινο
2922 5328 3017 5378 καὶ
3059 5326 3311 5395 δεύτερον
3357 5327 3520 5380 πάλιν

1955 5402 2219 5473 ἐπέτρεψε
2242 5404 2437 5474 γάμον,
2470 5402 2566 5457 ἐὰν
2600 5402 2922 5472 βούλωνται,
2943 5404 3082 5474 ὑπὲρ
3097 5403 3191 5456 τοῦ
3219 5405 3293 5476 μὴ
3320 5406 3522 5477 πυροῦ-

1957 5480 2100 5534 σθαι.
2124 5483 2248 5546 Τοῖς
2267 5483 2322 5536 δέ
2352 5481 2774 5555 παρθενεύουσιν
2799 5482 3054 5554 οὐδεμίαν
3076 5483 3329 5556 τοιαύτην
3355 5484 3520 5540 ἔδωκε

2016 5580 2044 5620 b
2069 5581 2192 5644 Reg.
2215 5584 2504 5632 κατέσπασε.

1991 5703 2004 5720 ’
2024 5645 2047 5674 ο
2074 5644 2263 5725 βρεὶθι
2286 5645 2432 5725 savii.
2459 5646 3148 5725 Igimzll‘igltzocjfgqmeglum
3170 5647 3379 5725 habengt:
3404 5650 3522 5725 Δια-τ

1959 5707 2004 5751 τί
2023 5707 2119 5759 τοῖς
2152 5707 2233 5766 μὲν
2252 5707 2544 5780 γεγαμηκόσι
2581 5708 2758 5764 πολλὴν
2780 5707 2944 5755 δίδωσι
2981 5710 3066 5766 τήν
3094 5708 3403 5771 παραμυθίαν,
3435 5710 3521 5766 τὴν

1961 5765 2012 5829 δὲ
2037 5769 2260 5829 παρθένον
2285 5784 2371 5815 ουκ
2390 5768 2616 5817 ἀναπαύει
2639 5771 2733 5816 τῶν
2763 5769 2935 5818 πόνων.
2967 5771 3235 5819 Articulum
3261 5773 3329 5817 sic
3351 5767 3523 5829 incipit.

1963 5825 2262 5893 R91;lech
2288 5829 2368 5876 οὖν
2408 5829 2505 5893 τοῖς
2538 5828 2621 5890 μὲν
2656 5831 2946 5892 γεγαμηκόσι
2987 5831 3221 5886 τοσαύτην
3264 5825 3521 5893 ἀσφάλεῖαν
3575 5884 3587 5893 ,

1961 5890 2234 5952 παρασχὼν,
2257 5893 2319 5946 ὡς
2330 5891 2455 5952 ,μηδὲ
2476 5891 2683 5948 ἄκοντος.
