4016 6154
334 269 434 325 ξςσι

333 386 502 439 ductis
542 382 666 438 frui.
712 384 821 440 Cur
859 386 1003 440 enim
1033 401 1137 440 non
1189 386 1312 442 huic
1364 389 1525 444 etiam
1567 388 1738 458 dixit,
1768 392 1830 448 Si
1870 412 1924 450 se

329 491 430 531 non
468 480 708 543 continet,
736 477 892 532 nubat
924 480 1002 547 (1.
1030 478 1146 533 Cor.
1175 479 1228 534 7.
1262 479 1360 551 9)?
1381 480 1531 547 Quod
1584 499 1683 539 nec
1708 485 1924 541 audet-.0

327 574 470 623 dicat
523 569 842 639 quisquam,
895 580 1173 641 postquam
1239 571 1463 639 disjecto
1501 575 1697 629 amictu
1760 588 1921 647 atque

329 670 519 714 unctus
544 661 599 714 in
625 660 855 716 stadium
884 664 1146 730 processit
1174 704 1188 727 ,
1230 678 1395 733 seque
1422 666 1637 734 pulvere
1664 682 1923 740 consper-

322 750 432 809 sit:
462 751 564 806 Abi
598 793 614 818 ,
658 750 781 822 fuge
806 752 1214 821 adversarium;
1262 756 1355 810 sed
1396 759 1505 825 jam
1539 772 1698 826 porro
1728 776 1918 816 neces-

323 857 443 898 sum
464 844 533 898 sit
557 843 784 898 duorum
825 844 1052 899 alterum
1083 887 1099 912 ,
1131 856 1222 900 aut
1246 859 1557 902 coronatqu
1587 890 1602 915 ,
1634 861 1727 905 aut
1770 853 1918 922 deje-

324 945 466 989 ctum
488 945 542 990 et
562 934 817 990 infamem
847 935 1144 991 discedere.
1165 936 1297 992 Nam
1320 938 1372 992 in
1398 938 1521 993 ludo
1545 955 1608 995 ac
1630 942 1874 1010 palmstra
1897 983 1913 1010 ,

324 1027 412 1082 ubi
434 1042 555 1082 cum
573 1026 923 1083 familiaribus
935 1029 1243 1083 exercitium
1265 1030 1411 1097 sit,et
1429 1047 1549 1086 cum
1566 1034 1749 1089 amicis
1770 1036 1916 1091 velut

323 1136 447 1177 cum
487 1121 811 1177 adversariis
853 1137 1043 1176 manus
1081 1134 1455 1189 conseruntur,
1496 1125 1721 1180 liberum
1752 1137 1836 1181 est
1860 1136 1913 1183 et

321 1212 595 1282 suscipere
621 1213 858 1268 laborem
878 1222 933 1267 et
956 1230 1061 1268 non
1085 1215 1388 1285 suscipere:
1406 1217 1561 1286 atqui
1585 1217 1696 1288 jam
1717 1234 1910 1275 nomen

320 1301 490 1370 dedit,
520 1312 709 1358 coacto
739 1303 1004 1374 frequenti
1034 1305 1230 1374 populo
1250 1346 1264 1369 ,
1286 1317 1550 1375 praesente
1567 1311 1908 1378 agonothcta,

321 1395 637 1450 sedentibus
665 1398 1054 1466 spectatoribus
1078 1439 1092 1463 ,
1140 1399 1371 1454 adducto
1397 1412 1555 1471 atque
1581 1402 1791 1471 ohjccto
1811 1403 1908 1458 ad-

320 1486 589 1552 versario,
621 1488 672 1541 ei
720 1488 1072 1542 certaminum
1116 1489 1200 1543 lex
1259 1488 1562 1546 facultatem
1593 1494 1769 1563 eripit.
1826 1495 1907 1550 Ad

315 1579 566 1635 eumdem
616 1581 832 1635 modum
877 1591 933 1638 et
963 1582 1153 1653 virgini
1228 1583 1352 1638 dum
1411 1586 1675 1641 consultat
1718 1587 1904 1656 prius,

317 1670 626 1726 nubendum
667 1672 738 1725 sit
793 1687 999 1739 necne,
1034 1682 1203 1728 tutum
1249 1683 1333 1729 est
1380 1675 1775 1731 matrimonium
1808 1695 1820 1730 :
1854 1686 1906 1732 at

318 1763 407 1817 ubi
456 1763 616 1832 elegit
668 1778 733 1818 ac
759 1764 1063 1834 conscripta
1105 1775 1223 1830 est,
1273 1782 1333 1822 se
1368 1768 1419 1821 in
1464 1768 1692 1824 stadium
1738 1770 1904 1825 dedit.

318 1853 516 1922 Ecquis
542 1853 702 1923 igitur
728 1854 943 1909 indictis
973 1857 1536 1925 spcctaculis,Christo
1559 1861 1903 1930 agonotheta,

316 1943 520 2013 angelis
564 1958 797 2013 superne
833 1947 1235 2017 spectantibus,
1305 1948 1515 2005 furente
1562 1951 1775 2007 diabolo
1842 1968 1906 2008 ac

315 2034 607 2103 fremente,
632 2036 699 2091 ad
741 2037 1045 2108 luctataque
1073 2040 1392 2111 complicato
1439 2050 1493 2096 et
1535 2043 1713 2098 medio
1750 2058 1902 2098 com-

315 2127 625 2197 prehenso,
689 2129 747 2184 in
833 2132 1066 2187 mentium
1133 2133 1414 2203 prosiliens
1464 2136 1674 2192 edicere
1722 2139 1903 2193 ausit:

315 2220 535 2275 Hostem
592 2220 756 2292 fuge,
823 2222 1096 2280 laboribus
1157 2226 1484 2296 supersede,
1545 2228 1903 2298 comprehen-

312 2316 523 2367 sionem
565 2315 787 2380 omitte,
839 2330 908 2369 ne
935 2315 1152 2384 dcjicias
1205 2332 1269 2372 ac
1315 2329 1622 2387 prosternas
1646 2319 1903 2376 adversa-

316 2405 500 2471 rium,
545 2405 641 2460 sed
690 2406 740 2460 ei
799 2407 1075 2462 victoriam
1128 2410 1334 2464 cedas?
1387 2411 1452 2464 Et
1497 2412 1623 2482 quid
1671 2414 1902 2484 virgines

310 2497 452 2563 dico,
480 2511 603 2551 cum
629 2512 727 2551 nec
746 2497 931 2552 viduas
949 2499 1013 2554 iis
1042 2500 1218 2555 verbis
1247 2500 1402 2555 affari
1433 2501 1512 2556 fas
1539 2505 1643 2571 sit,
1669 2505 1762 2559 sed
1782 2506 1901 2559 illo-

310 2606 429 2645 rum
474 2590 596 2645 loco
638 2589 723 2646 his
785 2592 1029 2647 terrificis
1065 2633 1080 2658 ,
1123 2592 1250 2648 Cant
1303 2595 1575 2650 luxuriata:
1624 2597 1809 2668 fuerint
1847 2598 1901 2652 in

308 2684 543 2749 Christo,
589 2684 777 2738 nubere
810 2683 983 2739 uolunt
1038 2686 1414 2740 damnationem
1457 2688 1729 2754 habentes,
1782 2692 1901 2760 quia

308 2776 525 2843 primani
552 2777 707 2845 ﬁdem
733 2778 931 2831 irritant
960 2777 1187 2847 fecerunt
1215 2779 1293 2850 (1.
1324 2778 1460 2833 Tim.
1494 2781 1546 2836 5.
1596 2782 1676 2836 11.
1708 2783 1813 2838 liti.

378 2865 624 2921 XXXIX.
655 2866 749 2921 Cui
770 2868 955 2933 vidum,
977 2871 1058 2923 cui
1073 2869 1254 2940 virgini
1278 2870 1462 2925 nubere
1489 2873 1742 2941 permittat
1766 2871 1900 2927 Pan-

306 2959 481 3014 lus.—
510 2960 725 3014 Ateuim
751 2976 874 3015 cum
904 2961 1081 3026 dicat,
1113 2960 1234 3015 Non
1265 2964 1436 3032 nuptis
1482 2973 1529 3017 ct
1558 2964 1718 3019 viduis
1747 2965 1860 3018 dico
1879 3006 1894 3032 ,

306 3050 505 3104 Bonum
551 3060 627 3105 est
667 3052 802 3118 illis,
834 3052 879 3105 si
903 3052 977 3106 sic
1029 3061 1395 3122 permaneant,
1419 3063 1473 3108 ut
1502 3071 1592 3125 ego
1621 3070 1640 3108 :
1671 3056 1808 3128 quod
1853 3058 1899 3111 si

304 3161 406 3198 non
436 3161 490 3199 se
533 3145 794 3198 continent
840 3145 1075 3198 nubant:
1119 3153 1169 3200 et
1200 3160 1410 3201 rursum
1441 3188 1456 3213 ,
1489 3146 1639 3211 Quod
1686 3151 1730 3201 si
1777 3149 1897 3203 dor-

304 3234 468 3287 mierit
498 3236 574 3287 uir
617 3235 749 3305 ejus,
784 3235 993 3288 liberata
1017 3243 1131 3289 est:
1153 3235 1235 3288 cui
1275 3235 1380 3289 vult
1415 3235 1589 3303 nubat,
1622 3247 1811 3291 tantum
1844 3239 1898 3292 in

302 3323 524 3379 Domino
554 3324 631 3396 (l.
661 3324 779 3379 Cor.
812 3327 864 3380 7.
892 3326 946 3381 8.
973 3326 1026 3381 9.
1060 3325 1152 3396 39)
1177 3345 1191 3380 :
1215 3342 1380 3396 quare
1410 3342 1528 3382 eam
1555 3328 1641 3382 cui
1672 3328 1896 3384 liberum

302 3413 430 3470 facit
451 3457 467 3482 ,
496 3416 692 3470 iterum
729 3416 983 3491 castigat,
1028 3425 1083 3471 et
1124 3416 1265 3486 quod
1293 3417 1346 3471 in
1378 3417 1606 3473 Domino
1633 3433 1752 3474 esse
1780 3434 1895 3474 ma-

302 3506 612 3561 trimonium
661 3507 815 3571 dixit,
854 3506 993 3561 idem
1037 3522 1133 3561 ceu
1164 3507 1492 3577 illegitimum
1520 3509 1780 3563 damnat?
1822 3509 1898 3566 Ne

303 3611 565 3651 vereare:
596 3612 705 3650 non
762 3597 905 3651 idem
930 3637 944 3661 ,
976 3595 1070 3652 sed
1124 3597 1285 3651 aliud.
1326 3596 1461 3651 Nam
1505 3606 1564 3652 ut
1611 3597 1894 3668 inquiens,

302 3688 368 3743 Si
408 3689 580 3758 nupsit
614 3688 755 3759 virgo
778 3728 794 3753 ,
839 3704 942 3742 non
991 3689 1212 3758 peccavit
1244 3687 1348 3759 (Ib.
1376 3705 1424 3743 υ.
1450 3688 1543 3760 28)
1562 3731 1577 3755 ,
1606 3704 1712 3744 non
1742 3689 1809 3745 de
1833 3706 1897 3747 ea

302 3779 541 3849 loquitur
582 3770 704 3849 qua:
756 3779 1098 3833 matrimonio
1146 3780 1506 3847 renuntiavit;
1549 3780 1770 3836 evidens
1816 3789 1899 3837 est

302 3871 446 3925 enim
473 3885 589 3924 eam
608 3869 878 3940 piaculum
895 3869 1250 3937 commisisse,
1272 3880 1325 3925 et
1349 3870 1562 3941 quidem
1586 3870 1857 3927 infandum
1879 3889 1893 3927 :

303 3962 398 4017 sed
441 3962 509 4017 de
550 3977 613 4016 ea
664 3978 785 4033 qua:
820 3972 876 4017 et
904 3977 1100 4032 expers
1146 3964 1473 4018 matrimonii
1506 3965 1624 4030 sit,
1663 3973 1718 4020 et
1758 3980 1896 4020 non-

301 4055 431 4109 dum
477 4055 577 4109 hoc
623 4067 715 4110 aut
766 4055 892 4110 illud
922 4057 1161 4127 elegerit,
1194 4055 1288 4111 sed
1320 4066 1591 4128 tamquam
1619 4058 1672 4113 in
1719 4061 1895 4115 medi-

305 4146 456 4203 tullio
509 4148 702 4202 harum
731 4148 1111 4218 cogitationum
1148 4149 1448 4205 consistat:
1494 4150 1563 4204 ita
1604 4159 1658 4206 et
1683 4151 1895 4208 viduam

303 4241 431 4305 hic,
463 4256 584 4311 qua:
615 4241 789 4321 virum
836 4241 1007 4295 Solum
1055 4256 1161 4296 non
1216 4241 1447 4309 habeat,
1500 4257 1673 4314 neque
1723 4244 1897 4301 adhuc

303 4334 520 4404 optione
548 4348 644 4388 sua
670 4333 921 4389 obstricta
964 4342 1246 4399 teneatur,
1294 4335 1389 4390 sed
1433 4336 1657 4392 liberum
1704 4337 1897 4393 habeat

302 4427 618 4479 alterutrum
661 4426 1077 4495 eligeretillic,
1110 4427 1194 4480 cui
1222 4427 1482 4496 integrum
1531 4442 1637 4482 non
1679 4429 1749 4483 sit
1775 4444 1894 4483 cum

303 4516 409 4570 alio
451 4530 651 4586 sponso
698 4516 1008 4570 societatem
1056 4517 1233 4579 coire,
1288 4517 1380 4572 sed
1442 4517 1496 4570 in
1555 4518 1896 4572 continentia:

305 4617 577 4663 certamen
617 4607 973 4662 descenderit.
1006 4608 1186 4662 Potest
1232 4622 1460 4678 namque
1486 4618 1538 4664 et
1567 4608 1722 4664 vidua
1752 4625 1891 4673 esse,

306 4709 361 4754 et
388 4699 665 4753 viduarum
707 4698 955 4769 dignitati
1003 4713 1108 4753 non
1148 4700 1416 4754 accenseri
1442 4739 1456 4762 ,
1497 4701 1542 4754 si
1571 4699 1620 4753 id
1660 4700 1894 4753 nondum

306 4790 622 4860 susceperit.
668 4789 852 4859 Itaque
880 4790 1086 4859 inquit,
1130 4789 1294 4843 Vidua
1331 4790 1547 4861 eligatur
1587 4806 1687 4843 non
1732 4791 1897 4843 minor

304 4883 453 4937 annis
479 4882 762 4953 sexaginta,
804 4896 919 4952 quae
962 4883 1110 4936 unius
1133 4882 1226 4934 uiri
1250 4897 1378 4935 uxor
1406 4881 1557 4952 fuerit
1612 4881 1627 4912 ¹
1661 4879 1736 4954 (1.
1762 4880 1892 4934 Tim.

305 4974 360 5031 5.
392 4974 474 5044 9).
504 4973 638 5027 Nam
683 4988 804 5043 quas
842 4972 996 5027 vidua
1029 4987 1175 5028 mera
1200 4972 1310 5039 sit,
1333 4972 1383 5027 ei
1409 5013 1423 5038 ,
1454 4972 1498 5027 si
1522 4968 1650 5026 velit
1697 4973 1896 5028 nubere

305 5066 609 5136 permittit;
640 5074 696 5119 at
731 5080 852 5135 qua:
903 5075 1160 5135 perpetuo
1206 5064 1363 5119 vidua
1400 5078 1557 5134 agere
1605 5064 1717 5120 Deo
1771 5080 1896 5134 pro-

303 5160 484 5226 misit,
515 5168 677 5229 atque
699 5159 913 5214 interim
943 5158 1110 5222 nubit,
1144 5174 1262 5213 eam
1289 5158 1638 5215 vehementer
1656 5159 1894 5229 damnat,

309 5265 425 5320 qua:
481 5250 645 5304 ictum
689 5263 810 5304 cum
839 5249 952 5305 Deo
994 5259 1205 5319 pactum
1254 5250 1551 5306 conculcet.
1604 5251 1719 5313 Non
1770 5266 1897 5323 ergo

308 5338 392 5394 bis
414 5380 430 5406 ,
458 5340 554 5395 sed
594 5340 702 5394 illis
726 5339 893 5407 dicit,
919 5340 1067 5406 Quod
1086 5341 1130 5394 si
1152 5356 1252 5395 non
1279 5357 1334 5395 se
1357 5341 1632 5408 continent,
1664 5343 1851 5397 nttbant
1876 5360 1895 5399 :

306 5431 486 5486 melius
515 5440 588 5487 est
614 5432 749 5506 enim
775 5431 958 5486 nubere
978 5472 994 5493 ,
1025 5448 1175 5502 quant
1216 5433 1297 5486 uri
1339 5433 1418 5503 (1.
1449 5431 1567 5488 Cor.
1597 5434 1648 5486 7.
1690 5433 1775 5503 9).
1801 5433 1898 5489 Vi-

309 5524 405 5581 des
429 5539 694 5597 nusquam
735 5538 835 5595 per
871 5538 930 5579 se
958 5524 1156 5594 suspici
1184 5525 1579 5580 matrimonium
1599 5565 1616 5595 ,
1642 5524 1737 5581 s'ed
1766 5540 1892 5596 pro-

345 5661 402 5728 ,ἢ
426 5666 491 5709 tta
530 5658 582 5708 in
613 5664 736 5722 Reg.
761 5663 813 5707 tu
830 5654 936 5707 aliis
954 5667 1074 5709 vero
1087 5656 1425 5712 desiderantur
1446 5659 1549 5710 hare
1573 5662 1739 5724 verba,
1763 5659 1903 5714 unius

311 5730 401 5770 ωτι
427 5733 572 5772 ιαον.
828 5753 835 5759 ο

1696 280 1782 336 DE
1824 281 2284 347 ViRGlNlTATE.

3513 336 3620 392 ως

2034 412 2154 507 pter
2184 406 2595 519 “ftiiilicaiiODelli
2631 462 2647 487 ,
2700 429 3016 489 tentationes
3065 447 3224 508 atque
3252 443 3612 519 intemperati.

2035 496 2206 602 tiant?
2236 500 2364 556 Nam
2420 519 2578 576 supra
2630 512 2745 570 haec
2789 523 2966 579 omnia
3006 496 3247 588 recenset
3290 552 3304 588 :
3354 496 3441 596 hic
3458 496 3614 602 vvere

2031 591 2177 704 quod
2198 609 2293 648 eos
2327 601 2578 658 conviciis
2604 608 2741 663 male
2767 614 3079 674 mulctasset
3106 663 3121 687 ,
3154 640 3364 685 rursum
3412 639 3612 704 gratio-

2030 685 2260 788 sio'ribus
2289 692 2466 745 verbis
2493 699 2734 756 eamdem
2782 720 2896 761 rem
2941 715 3196 782 appellat,
3233 685 3531 784 incendium
3559 741 3614 788 et

2028 775 2272 879 ardorem
2316 786 2615 843 nominans.
2668 791 2997 868 Quamquam
3062 822 3234 879 neque
3283 813 3371 870 hic
3432 775 3611 878 amisii

2026 867 2150 970 qttin
2185 872 2485 970 auditorem
2534 880 2713 939 feriret
2744 902 2758 940 :
2784 867 2889 945 non
2929 895 3069 950 enim
3101 867 3231 957 (li-xit
3258 867 3393 970 ,Sin

2024 959 2109 1014 nis
2148 962 2252 1016 vim
2305 966 2465 1022 ullam
2502 976 2769 1042 sentiunt,
2799 982 2879 1034 sin
2924 994 3209 1047 transversi
3260 959 3490 1068 aguntur
3515 1044 3532 1072 ,
3562 1008 3605 1061 si

2024 1066 2128 1165 n'on
2161 1066 2426 1165 possitnt;
2479 1062 2609 1120 nihil
2661 1068 2963 1141 ejusmodi,
2992 1081 3135 1148 quod
3178 1062 3361 1142 eorum
3392 1076 3473 1147 est
3515 1062 3603 1165 qui

2020 1142 2217 1244 aliquid
2249 1147 2641 1218 dignumvenia
2681 1164 2952 1229 patiuntur
2973 1185 2989 1233 ;
3010 1142 3111 1227 sed
3138 1178 3262 1244 quid
3285 1180 3308 1233 ?
3335 1142 3476 1239 Si;
3503 1142 3602 1243 tibi

2020 1236 2278 1340 continent
2346 1243 2484 1311 quod
2513 1262 2695 1303 eorum
2728 1263 2808 1308 est
2830 1296 2844 1319 ,
2875 1259 2962 1325 qui
2989 1236 3206 1332 propter
3240 1270 3498 1340 ignaviam
3522 1279 3601 1333 la-

2020 1324 2207 1382 borare
2232 1331 2439 1388 nolunt.
2481 1335 2536 1390 Id
2565 1341 2704 1395 enim
2753 1344 3014 1415 significat
3039 1369 3133 1409 eos
3154 1396 3168 1420 ,
3201 1324 3390 1428 qtiibus
3433 1382 3520 1423 res
3547 1372 3597 1427 in

2015 1701 2217 1748 tantum
2256 1697 2520 1769 vituperio
2584 1705 2972 1768 vehementiam
3020 1697 3268 1790 adhibet,
3309 1697 3592 1789 liberorum

2012 1788 2432 1882 procreationem
2459 1835 2474 1857 ,
2516 1795 2845 1863 plausibilem
2878 1803 3014 1861 hanc
3046 1819 3099 1864 et
3142 1788 3437 1882 speciosam
3476 1837 3585 1877 ma-

2002 1875 2246 1977 trimonii
2286 1894 2500 1936 causam
2537 1902 2795 1958 nusquam
2838 1875 3290 1967 memorans-sed
3318 1875 3590 1980 ardorem,

2010 1973 2501 2039 intemperantiam,
2529 1976 2931 2041 fornicationem
2962 2003 3025 2044 ac
3064 1996 3407 2055 tentationem
3452 1973 3593 2057 sata;

2009 2057 2180 2167 picam
2204 2102 2221 2127 ,
2250 2077 2427 2167 eaque.
2449 2082 2516 2122 ne
2546 2073 2851 2167 evenirent,
2881 2095 2992 2134 rem
3026 2088 3356 2152 permittens.
3382 2093 3447 2148 Et
3464 2098 3589 2167 quid

2161 2155 2384 2220 postea?
2413 2156 2582 2228 inquit
2625 2179 2637 2214 :
2688 2179 2810 2219 nam
2862 2173 3117 2238 quamdiu
3146 2176 3194 2231 id
3241 2195 3270 2232 a
3324 2155 3586 2253 supplicio

2008 2240 2232 2308 liberat,
2259 2250 2501 2315 quamvis
2547 2252 2989 2325 vituperationem
3040 2281 3102 2320 ac
3141 2240 3592 2335 convicia-facile

2008 2333 2242 2428 feremus
2269 2379 2284 2402 ,
2316 2339 2442 2395 dum
2492 2343 2727 2402 deliciari
2777 2358 2936 2421 atque
2975 2358 3188 2416 assidue
3218 2363 3436 2423 libidine
3486 2333 3590 2428 frui

2010 2424 2187 2482 liceat.
2219 2429 2353 2495 Quid
2382 2449 2530 2500 vero,
2556 2435 2695 2493 bone
2724 2440 2805 2495 vir
2835 2483 2849 2506 ,
2896 2444 2939 2497 si
2997 2463 3096 2504 nec
3133 2450 3370 2511 deliciari
3419 2457 3542 2515 licet
3569 2502 3588 2530 ,

2005 2518 2375 2576 conviciumne
2419 2524 2592 2580 solum
2634 2530 3018 2600 percipiemus?
3043 2537 3145 2593 Sed
3176 2545 3472 2613 quomodo,
3501 2518 3587 2604 in:

2005 2611 2157 2679 quit,
2187 2612 2425 2670 deliciari
2453 2633 2556 2671 non
2590 2620 2749 2686 licet,
2780 2639 2901 2679 cum
2933 2628 3074 2683 dicat
3104 2631 3296 2690 Paulus
3321 2675 3337 2701 ,
3369 2611 3519 2704 Quod
3540 2641 3586 2695 si

2003 2717 2057 2755 se
2076 2719 2175 2758 non
2195 2707 2469 2775 continent,
2494 2710 2684 2777 nubant
2707 2715 2732 2766 ?
2758 2716 2893 2771 Audi
2918 2735 3077 2787 porro
3097 2738 3216 2792 quae
3237 2725 3300 2781 iis
3327 2726 3585 2787 intereant.

2001 2793 2266 2851 Audivisti
2307 2800 2471 2855 satius
2500 2817 2621 2859 esse
2648 2807 3043 2866 matrimonium
3078 2817 3399 2874 contrahere
3421 2836 3581 2891 quam

2002 2885 2210 2941 ardere.
2265 2888 2416 2955 Quod
2472 2893 2764 2963 jucundum
2797 2909 2880 2953 est
2930 2902 3156 2970 probas,
3183 2885 3587 2976 permissionem

2002 2976 2189 3033 laudas
2214 3020 2230 3045 ,
2277 2985 2572 3051 apostolum
2616 2987 2683 3042 de
2731 2990 3057 3062 indulgentia
3088 2998 3357 3068 suspicis:
3403 3008 3460 3056 at
3502 3003 3589 3060 hic

1999 3084 2069 3124 ne
2089 3071 2340 3138 consiste,
2366 3082 2419 3129 et
2445 3090 2562 3144 qua:
2583 3090 2980 3149 consequuntur
2993 3098 3146 3152 mque
3165 3086 3383 3145 admitte
3406 3107 3421 3143 :
3444 3090 3589 3162 ejus-

2002 3159 2123 3251 dem
2149 3163 2291 3217 enim
2322 3175 2403 3219 est
2431 3174 2717 3238 utrumque
2746 3182 3088 3243 praeceptum.
3113 3177 3247 3243 Quid
3274 3181 3434 3251 igitur
3461 3159 3588 3240 sub-

2000 3249 2121 3304 dit?
2149 3252 2458 3325 Conjngibns
2500 3268 2666 3312 autem
2694 3262 2961 3330 praecipio,
2990 3281 3091 3319 non
3137 3284 3227 3338 ego
3246 3311 3263 3336 ,
3290 3249 3379 3324 sed
3404 3272 3585 3327 Domi-

1999 3356 2127 3421 nus,
2161 3342 2303 3398 Uxor
2330 3362 2362 3398 a
2388 3348 2495 3402 uiro
2537 3365 2600 3403 ne
2642 3350 2910 3406 divortium
2946 3355 3102 3426 faciat
3129 3374 3151 3412 :
3185 3360 3263 3413 sin
3315 3361 3585 3419 divortium

1998 3435 2171 3503 fecerit
2196 3476 2211 3497 .
2240 3447 2439 3492 maneat
2468 3439 2682 3511 innupta
2733 3452 2821 3496 aut
2866 3446 2973 3500 viro
3018 3450 3384 3505 reconcilietur.
3410 3451 3538 3509 Item
3563 3495 3580 3522 ,

1999 3523 2078 3577 vir
2123 3539 2329 3579 uxorem
2354 3543 2416 3582 ne
2434 3528 2664 3599 repudiet
2692 3530 2767 3599 (1.
2796 3533 2913 3587 Cor.
2938 3535 2991 3588 7.
3022 3535 3104 3591 10.
3143 3535 3249 3607 il).

2071 3615 2184 3671 XL.
2214 3617 2455 3688 Magnam
2480 3637 2588 3676 esse
2615 3632 2661 3677 et
2686 3624 3083 3681 indeclinabilem
3111 3645 3173 3683 ea:
3209 3632 3445 3703 confugio
3472 3649 3584 3689 ser-

1999 3706 2438 3777 vitutem—Quid
2462 3720 2661 3779 autem,
2692 3714 2737 3767 si
2755 3714 2837 3768 vir
2854 3717 3022 3771 comis
3048 3727 3145 3780 est,
3167 3735 3300 3775 uxor
3322 3721 3584 3790 improba,

2000 3797 2257 3853 maledica
2278 3800 2545 3879 ,'loquax,
2578 3811 2635 3856 et
2661 3804 2802 3873 quod
2833 3820 3115 3862 commune
3143 3810 3377 3864 omnium
3400 3810 3568 3867 vitinu

2000 3895 2082 3942 est
2100 3928 2114 3950 ,
2143 3901 2453 3960 sumptuosa
2483 3931 2502 3961 ,
2531 3893 2756 3964 aliisque
2782 3898 2936 3952 malis
2966 3900 3200 3968 pluribus
3227 3900 3459 3958 referta?
3478 3918 3582 3973 quo

2000 3979 2160 4034 modo
2185 3982 2347 4037 miser
2396 3983 2491 4040 ille
2535 3986 2898 4054 quotidianam
2932 3987 3066 4044 hanc
3113 3991 3409 4047 molestiam
3433 4033 3451 4057 ,
3490 4007 3585 4047 su-

2000 4072 2236 4139 perbiam
2266 4114 2282 4141 ,
2325 4073 2711 4144 impudentiam
2777 4077 2953 4133 feret?
2997 4079 3131 4145 Quid
3157 4122 3172 4146 ,
3231 4081 3444 4150 inquam
3472 4122 3490 4148 ,
3539 4084 3583 4138 si

1998 4172 2183 4218 contra
2227 4162 2340 4220 haec
2370 4166 2615 4221 modesta
2653 4173 2710 4221 et
2746 4166 2928 4221 sedata
2959 4176 3073 4235 est,
3104 4169 3191 4224 ille
3235 4186 3362 4225 vero
3389 4170 3535 4225 ferox
3563 4212 3581 4236 ,

1999 4255 2262 4323 superbus
2287 4296 2302 4321 ,
2360 4257 2689 4322 iracundus,
2722 4259 2914 4313 animis
2957 4259 3005 4314 ei
3048 4262 3237 4329 partim
3284 4263 3536 4331 operibus
3566 4306 3581 4329 ,
3654 4315 3658 4319 .

1998 4345 2192 4412 partim
2252 4347 2484 4415 potentia
2535 4347 2738 4412 auctis,
2785 4349 2875 4417 qui
2942 4349 3161 4404 liberam
3231 4351 3421 4406 eodem
3468 4352 3587 4409 loco

1999 4435 2193 4490 habeat
2264 4452 2370 4507 quo
2454 4422 2700 4503 servam,
2785 4438 2955 4493 nihilo
3030 4440 3083 4494 in
3133 4455 3250 4496 eam
3313 4458 3471 4512 quam
3533 4443 3585 4498 in

2000 4525 2222 4597 famulas
2268 4528 2515 4598 a'quior?
2536 4543 2641 4596 quo
2687 4537 2841 4597 pacto
2869 4542 2986 4583 eam
3035 4531 3402 4587 necessitatem
3449 4533 3588 4587 vim-

1998 4632 2105 4687 que
2131 4617 2406 4686 patietur?
2453 4617 2596 4685 Quid
2626 4618 2855 4689 denique
2881 4660 2896 4684 ,
2944 4620 2987 4674 si
3015 4619 3083 4675 ab
3109 4636 3170 4675 ea
3195 4622 3354 4691 plane
3382 4621 3588 4680 alienus

1999 4721 2213 4776 semper
2238 4710 2485 4764 maneat?
2522 4707 2627 4762 Fer
2647 4749 2661 4771 ,
2705 4708 2913 4778 inquit,
2945 4724 3159 4765 onmem
3189 4711 3328 4766 hanc
3354 4712 3589 4767 servitur-

2000 4808 2106 4854 tem
2132 4841 2146 4865 ,
2177 4799 2353 4854 futura
2379 4800 2600 4856 demum
2653 4799 2817 4855 libera
2858 4814 2980 4855 cum
3022 4802 3254 4856 obierit:
3288 4816 3355 4856 eo
3405 4811 3582 4857 autem

1999 4890 2122 4945 vivo
2145 4890 2370 4946 duorum
2396 4893 2631 4948 alterum
2654 4904 2875 4946 necesse
2894 4900 3014 4957 est,
3045 4900 3275 4947 anteum
3301 4893 3447 4955 omni
3477 4903 3591 4948 stu-

1999 4982 2089 5038 dio
2116 4982 2287 5051 lenire
2315 4998 2379 5052 ac
2397 4981 2540 5051 frugi
2566 4982 2811 5046 reddere,
2843 4991 2934 5037 aut
2961 4983 3004 5037 si
3038 4983 3088 5037 id
3117 4983 3458 5053 desperatum
3483 4990 3587 5047 est,

1999 5074 2318 5129 acerrimum
2349 5072 2623 5145 quoddam
2662 5073 2863 5128 bellum
2891 5083 3049 5144 atque
3091 5073 3320 5130 efferum
3347 5074 3588 5144 praelium

2001 5163 2211 5220 fortiter
2232 5167 2515 5235 sustinere.
2578 5167 2656 5221 Ac
2684 5180 2843 5235 supra
2873 5165 3103 5232 dicebat,
3156 5164 3242 5219 Ne
3296 5164 3595 5236 defraudato

2002 5257 2131 5311 alter
2191 5257 2405 5313 alterum
2433 5299 2449 5325 ,
2513 5257 2611 5311 nisi
2638 5256 2681 5311 si
2729 5257 2851 5327 quid
2886 5273 2950 5311 ea:
2973 5272 3218 5311 consensu
3270 5255 3378 5325 (Ib.
3404 5271 3452 5310 υ.
3485 5253 3587 5328 5);

2002 5348 2091 5405 hic
2110 5349 2450 5421 diremptam,
2478 5348 2561 5408 vel
2591 5348 2809 5403 invitam
2838 5362 2897 5403 se
2921 5362 3081 5418 porro
3098 5346 3251 5416 jubet
3275 5346 3548 5402 continere
3576 5364 3588 5399 :

2007 5440 2234 5511 Maneat,
2283 5442 2471 5511 inquit.
2524 5439 2768 5511 innupta,
2817 5448 2903 5492 aut
2940 5439 3047 5492 uiro
3101 5438 3448 5492 reconcilietur
3487 5435 3592 5508 (Ib.

2003 5551 2052 5589 υ.
2105 5534 2231 5603 11).
2286 5533 2475 5590 Vidcn’
2531 5546 2650 5587 eam
2732 5531 2873 5585 inter
2942 5524 3154 5600 gemina
3203 5529 3338 5584 bella
3403 5528 3596 5599 depre-

2007 5627 2228 5683 hensam
2253 5628 2276 5682 ?
2305 5626 2438 5683 Nam
2496 5631 2591 5683 aut
2617 5621 2849 5678 libidinis
2896 5620 3003 5677 vim
3042 5620 3184 5677 ferre
3223 5620 3458 5691 cogitur,
3506 5629 3597 5676 aut

2011 5717 2057 5772 si
2086 5717 2136 5773 id
2165 5717 2298 5774 nolit
2328 5759 2344 5780 .
2396 5712 2777 5774 assentandum
2824 5721 2907 5770 est
2963 5711 3160 5783 injurio
3182 5753 3197 5778 ,
3229 5714 3384 5783 eique
3436 5721 3495 5765 se
3530 5706 3593 5762 ad
