4016 6154
386 322 489 379 51ίό

385 432 633 505 ειιιωιὶϋθι
660 424 1045 499 praebendum,
1073 436 1168 477 seu
1201 421 1368 492 plagis
1408 419 1625 474 afﬁcere
1671 416 1799 471 velit
1826 457 1839 479 ,
1873 430 1970 470 seu

386 522 641 577 conviciis
669 533 897 583 vexare,
928 530 1024 571 seu
1061 528 1341 569 vernarum
1387 511 1616 566 ludibrio
1651 522 1917 579 exponere
1950 547 1966 573 ,

384 632 479 672 seu
521 612 664 669 aliud
693 609 820 681 quid
851 607 1143 678 ejusmodi:
1173 604 1355 659 multa:
1375 605 1516 658 enim
1559 603 1684 655 viris
1710 600 1970 657 ulciscen-

385 708 573 762 darum
611 718 834 758 uxorum
863 701 962 753 vim
990 699 1290 754 adiuventur
1314 705 1457 751 sunt.
1491 694 1621 762 Quze
1646 692 1691 747 si
1722 706 1826 746 non
1852 707 1973 760 per-

387 797 566 857 ferat‘,
615 792 817 864 agenda
862 790 1187 845 infructuosa
1231 786 1555 842 continentia
1613 792 1697 839 est
1746 800 1760 835 :
1809 781 1975 835 infru-

389 897 574 941 ctuosa
599 924 616 951 ,
649 888 862 952 inquam
889 921 902 941 .
931 895 1049 949 qua:
1090 878 1220 932 nihil
1261 874 1629 947 promissionis
1666 872 1972 943 adjtmctum

389 977 603 1031 haheat.
652 973 833 1043 Neque
873 973 1017 1027 enim
1076 968 1443 1023 sanctimonia:
1489 965 1667 1020 studio
1729 973 1975 1032 suscepta

391 1077 510 1131 est,
566 1065 659 1121 sed
714 1072 930 1134 propter
979 1060 1258 1116 dissidium
1299 1073 1420 1112 eum
1463 1057 1616 1110 viro:
1650 1070 1812 1119 nam,
1858 1054 1978 1107 Ma-

391 1167 527 1223 neat,
558 1156 760 1225 inquit,
787 1154 1005 1221 innupta
1028 1192 1042 1215 ,
1071 1159 1162 1203 aut
1197 1149 1304 1202 viro
1340 1146 1708 1202 reconcilietur.
1736 1147 1804 1199 At
1826 1144 1976 1214 quid,

393 1253 436 1306 si
471 1251 615 1305 nolet
650 1249 704 1303 in
746 1249 971 1317 gratiam
1000 1242 1220 1298 redire?
1254 1240 1430 1296 Habes
1459 1239 1682 1294 alterum
1728 1235 1978 1306 eﬂ‘ugium

393 1353 553 1412 alque
582 1340 906 1395 evasionem.
937 1333 1273 1403 Quamnam?
1302 1331 1430 1400 Ejus
1458 1339 1683 1384 mortem
1709 1335 1977 1397 exspecta.

397 1433 464 1488 Ut
490 1432 629 1487 enim
675 1428 913 1499 virgini,
945 1426 1027 1481 cui
1069 1438 1307 1497 perenne
1330 1424 1517 1482 vivens
1554 1431 1713 1491 atque
1764 1420 1984 1473 immor-

398 1524 517 1577 talis
545 1535 773 1591 sponsus
800 1519 907 1584 sit,
949 1518 1150 1572 nubere
1180 1528 1468 1584 numquam
1500 1513 1625 1567 licet
1665 1531 1678 1566 :
1713 1510 1792 1566 sic
1817 1511 1982 1564 mari-

398 1623 519 1668 tatzn
547 1623 654 1667 tum
685 1611 934 1676 demum,
966 1624 1086 1664 cum
1117 1607 1199 1661 vir
1234 1605 1444 1662 obierit.
1471 1603 1603 1659 Nam
1638 1603 1687 1658 si
1712 1602 1792 1657 fas
1817 1610 1978 1664 esset,

399 1718 466 1759 eo
511 1703 669 1763 etiam
696 1701 817 1755 vivo
851 1700 919 1754 ab
954 1714 1021 1753 eo
1059 1697 1126 1752 ad
1176 1696 1337 1751 alium
1362 1736 1377 1758 ,
1434 1695 1738 1763 iterumque
1781 1692 1849 1746 ab
1894 1690 1985 1745 illo

398 1794 467 1848 ad
507 1793 667 1848 alium
704 1791 931 1845 transire
950 1831 964 1855 ,
992 1788 1117 1858 quid
1139 1786 1478 1841 matrimonio
1508 1799 1643 1856 opus
1671 1791 1834 1850 esset,
1858 1782 1986 1837 viris

401 1885 703 1955 promiscue
750 1883 919 1936 altero
976 1879 1197 1934 alterius
1244 1892 1412 1931 uxore
1470 1875 1775 1940 utentibus,
1828 1884 1987 1945 atque

401 1991 521 2031 cum
547 1974 794 2029 omnibus
818 1969 1174 2027 coeuntibus?
1204 1968 1321 2035 Quo
1346 1975 1504 2039 pacto
1554 1976 1732 2022 autem
1781 1981 1887 2021 non
1934 1975 1990 2020 et

401 2068 637 2123 studium
683 2080 809 2135 erga
862 2063 1267 2119 contubernales
1322 2060 1560 2130 periret,
1616 2058 1723 2113 hoc
1788 2057 1982 2124 hodie,

400 2172 521 2214 cras
549 2158 676 2222 illo,
707 2170 770 2210 ac
798 2170 1004 2210 rursum
1039 2153 1145 2207 alio
1180 2167 1298 2205 cum
1329 2166 1519 2206 eorum
1547 2165 1711 2205 uxore
1760 2164 1987 2204 consue-

403 2246 714 2303 sceutibus?
766 2246 950 2299 Merito
978 2243 1028 2297 id
1062 2242 1315 2296 Dominus
1342 2239 1657 2293 adulterium
1686 2239 1914 2293 vocavit.

477 2337 616 2393 XLI.
644 2334 747 2391 Cur
774 2334 973 2388 Judwis
1024 2331 1321 2387 concesserit
1365 2329 1505 2384 Deus
1542 2329 1742 2398 repudii
1769 2330 1990 2384 libellum

407 2426 613 2495 oﬂ'erre.
640 2455 712 2466 ——
733 2425 840 2480 Cur
865 2424 1024 2494 igitur
1047 2422 1097 2477 id
1122 2420 1323 2477 inducis
1351 2420 1630 2491 permisit?
1667 2419 1747 2475 Ne
1767 2421 1904 2475 inter
1931 2434 1991 2477 se

405 2518 757 2596 confligerent
783 2563 798 2587 ,
839 2531 908 2569 ne
958 2530 1191 2588 cognato
1220 2520 1486 2590 sanguine
1505 2513 1649 2570 aedes
1671 2529 1802 2572 suas
1840 2526 1989 2572 eom-

409 2617 637 2686 plerent.
666 2613 811 2669 Cedo
838 2612 1001 2676 enim,
1032 2619 1209 2664 utrum
1240 2609 1524 2678 praestabat
1547 2649 1562 2676 ,
1584 2609 1811 2664 invisam
1831 2609 1993 2667 domo

408 2707 589 2775 exigi,
648 2720 715 2758 an
763 2704 901 2756 intra
942 2701 1172 2770 parietes
1222 2699 1487 2770 iugulari,
1539 2699 1679 2768 quod
1707 2699 1987 2769 fecissent,

411 2798 461 2853 si
483 2812 588 2850 non
620 2797 699 2850 eis
718 2794 913 2864 ejicere
941 2793 1220 2847 licuisset?
1250 2792 1426 2860 itaque
1468 2792 1656 2861 inquit,
1690 2792 1753 2847 Si
1780 2794 1995 2848 inrisam

408 2888 577 2953 babes,
607 2887 801 2941 dimitte
829 2884 1007 2955 (Deut.
1038 2884 1128 2938 Ἡ.
1166 2881 1241 2955 1).
1274 2884 1343 2937 Αι
1373 2890 1700 2949 mansuetos,
1730 2891 1786 2938 et
1802 2885 1994 2954 quibus

410 2994 513 3035 nec
556 2977 710 3032 irasci
765 2976 1068 3047 permittat,
1127 2974 1402 3043 alloquens
1431 2973 1551 3027 ait:
1584 2972 1681 3028 Sin
1722 2974 1995 3029 divortium

409 3069 600 3143 fecerit,
631 3066 805 3121 caelebs
829 3074 1029 3118 maneto
1067 3064 1145 3134 (1.
1175 3063 1293 3118 Cor.
1326 3063 1378 3116 7.
1411 3063 1521 3134 ll).
1564 3062 1731 3118 Vides
1756 3066 1995 3120 necessi-

409 3169 611 3225 tatem,
638 3155 993 3212 inevitabilem
1038 3155 1346 3210 servitutem
1376 3195 1391 3220 ,
1434 3162 1491 3208 et
1531 3153 1800 3209 vinculum
1852 3154 1995 3225 quod

411 3260 696 3320 utrumque
737 3245 1101 3316 constringit?
1144 3243 1284 3300 Vere
1323 3243 1467 3299 enim
1512 3243 1780 3299 vinculum
1809 3245 1996 3299 matri-

409 3344 647 3399 monium
675 3347 786 3408 est,
816 3354 922 3393 non
951 3338 1126 3392 solum
1171 3345 1389 3406 propter
1421 3334 1840 3391 sollicitudinum
1885 3345 1998 3391 tur-

410 3433 531 3488 ham
561 3447 625 3486 ac
662 3430 1000 3500 quotidianas
1028 3427 1317 3491 molestias,
1362 3425 1643 3481 sedetiam
1681 3427 1824 3497 quod
1867 3442 1999 3483 con-

412 3526 562 3597 juges
605 3525 793 3594 quovis
844 3536 1002 3577 servo
1051 3521 1266 3591 gravius
1311 3520 1537 3576 invicem
1585 3522 1776 3591 subjici
1819 3533 1993 3593 cogat.

419 3616 531 3682 Vir,
559 3614 767 3685 inquit,
799 3612 952 3666 uxori
994 3611 1284 3665 dominetur
1334 3610 1487 3683 (Gen.
1528 3613 1582 3667 5.
1613 3612 1728 3682 16).
1758 3617 1828 3666 At
1878 3612 1998 3683 quis

416 3707 535 3778 ejus
572 3703 794 3759 dominii
842 3717 971 3756 usus
1009 3702 1139 3756 est?
1180 3717 1301 3756 nam
1337 3703 1570 3756 vicissim
1608 3716 1733 3757 eum
1781 3716 1996 3759 servum

412 3798 578 3855 efﬁcit
615 3796 734 3866 ejus
760 3794 844 3850 cui
887 3794 1155 3862 imperet,
1208 3808 1349 3847 nova
1391 3793 1620 3863 quadarn
1660 3802 1715 3849 et
1762 3794 1997 3850 inaudita

413 3887 711 3955 excogitata
738 3884 1173 3954 compensatione
1220 3884 1497 3939 servitutis
1524 3901 1540 3950 ;
1569 3899 1633 3942 ac
1673 3886 1825 3953 quasi
1855 3886 1996 3958 fugi-

413 3979 643 4038 tivorum
680 3975 851 4046 pedes
871 3983 927 4030 et
962 3975 1191 4029 seorsim
1227 3975 1420 4041 vincti,
1460 3985 1513 4029 et
1540 3988 1749 4031 rursum
1777 3978 1916 4033 inter
1939 3995 1998 4035 se

411 4072 601 4140 exigua
638 4068 866 4139 quadam
906 4075 1092 4122 catena
1123 4066 1326 4136 hicipiti
1356 4069 1624 4137 utrimque
1677 4069 1877 4138 pedicis
1922 4072 1999 4126 af-

416 4162 522 4216 lirra
573 4159 890 4224 constricti,
941 4158 1085 4213 haud
1127 4172 1258 4213 sane
1308 4158 1476 4214 libere
1522 4159 1725 4231 ingredi
1763 4169 1995 4230 queant,

413 4250 558 4324 quod
595 4254 732 4308 alter
769 4251 997 4307 alterum
1031 4250 1289 4321 consequi
1325 4261 1585 4321 cogantur
1612 4268 1625 4305 :
1655 4251 1723 4306 ad
1751 4252 1998 4308 eumdem

415 4344 633 4400 modum
661 4353 717 4400 et
738 4344 1025 4414 coniugum
1052 4350 1260 4398 mentes
1277 4382 1293 4408 ,
1321 4357 1442 4398 cum
1467 4344 1699 4413 privatas
1726 4359 1881 4400 curas
1907 4344 2001 4399 ha-

413 4436 574 4501 bent,
600 4444 710 4489 tum
740 4433 841 4489 alia
868 4433 1186 4489 necessitate
1223 4433 1385 4488 etiam
1405 4447 1473 4488 ex
1502 4443 1682 4490 mutua
1701 4435 1999 4506 colligatio-

416 4541 486 4582 ne
509 4533 777 4589 tenentur,
810 4539 929 4593 quae
950 4538 1043 4578 eos
1071 4522 1217 4576 omni
1247 4531 1433 4578 catena
1463 4524 1659 4580 arctius
1679 4525 1924 4596 stringat,
1946 4535 2002 4582 et

415 4617 628 4686 utrique
654 4615 952 4669 libertatem
982 4613 1206 4683 eripiat,
1237 4612 1377 4683 quod
1411 4615 1498 4668 uni
1531 4614 1812 4684 imperium
1840 4631 2001 4673 onme

418 4726 524 4766 non
576 4707 890 4772 tradiderit,
930 4706 1025 4761 sed
1085 4706 1201 4775 ejus
1253 4714 1569 4776 potestatem
1618 4708 1671 4762 in
1718 4717 2001 4780 utrumque

416 4802 727 4872 dispertitus
755 4800 844 4854 sit.
877 4798 979 4854 Ubi
1013 4806 1137 4853 sunt
1164 4798 1320 4869 igitur
1354 4799 1442 4869 qui
1493 4800 1661 4870 parati
1696 4811 1820 4856 sunt
1846 4803 1999 4858 volu-

419 4893 580 4964 ptatis
622 4890 798 4947 solatii
835 4903 995 4944 causa
1042 4902 1256 4944 omnem
1304 4889 1803 4947 condemnationem
1844 4894 2000 4963 pati?

421 4985 603 5055 Neque
641 4983 782 5037 enim
810 4995 997 5051 parum
1036 4979 1105 5034 de
1146 4980 1417 5050 voluptate
1456 4980 1704 5049 decedit,
1735 4983 2000 5041 interdum

418 5076 618 5132 mutuis
656 5074 793 5130 odiis
826 5088 888 5128 ac
912 5071 1147 5128 dissidils
1189 5072 1240 5127 in
1270 5073 1488 5145 longum
1525 5082 1735 5145 tempus
1760 5075 2003 5131 duranti-

419 5171 539 5226 bus.
573 5168 711 5235 Quln
737 5180 800 5221 ea
847 5180 1056 5236 quoque
1081 5165 1341 5232 servitus,
1371 5173 1430 5220 ut
1477 5165 1696 5223 alterius
1743 5168 2001 5238 improbi-

420 5271 502 5314 tas
522 5259 675 5315 alteri
704 5256 785 5311 vel
815 5256 980 5310 invito
1008 5254 1224 5310 ferenda
1255 5255 1326 5310 sit
1345 5297 1361 5319 ,
1394 5257 1529 5312 satis
1566 5265 1652 5313 est
1693 5266 1751 5313 ut
1780 5259 2003 5314 delicias

422 5366 610 5407 omnes
640 5349 905 5404 obliteret.
953 5348 1136 5418 Itaque
1181 5348 1369 5403 beatus
1411 5349 1501 5404 ille
1555 5349 1793 5405 libidinis
1832 5352 2005 5421 impo-

423 5444 643 5500 tentiam
673 5442 897 5513 primum
928 5442 1132 5512 asperis
1162 5441 1267 5496 illis
1293 5442 1471 5497 verbis
1500 5446 1759 5511 repressit
1787 5451 2005 5513 propter

421 5534 828 5592 lormcationem
850 5576 865 5603 ,
897 5534 1356 5604 intemperantiam
1397 5542 1455 5588 et
1476 5533 1729 5600 ardores;
1762 5534 1855 5590 sed
1882 5548 2004 5589 cum

421 5626 629 5681 videret
656 5623 812 5695 vulgo
848 5639 967 5679 eam
1006 5623 1505 5679 condemnationem
1559 5636 1591 5677 a
1620 5623 1803 5679 multis
1853 5623 2004 5679 ﬂocci

424 5717 540 5777 ﬁeri
571 5760 586 5786 ,
625 5715 764 5789 quod
809 5715 874 5772 ad
903 5715 1279 5773 deterrendum
1332 5712 1601 5770 efﬁcacius
1654 5723 1796 5771 esset
1836 5713 2000 5771 addit.

1125 311 1182 365 S.
1221 304 1500 364 JOANNIS
1525 297 2006 359 tCllllYSOSTOMI
2044 296 2362 354 ARCHIEP.
2403 296 2936 355 CONSTANTINOP.

3557 298 3661 355 561

2079 413 2202 470 Ideo
2240 413 2485 483 discipuli
2528 414 2700 469 coacti
2752 422 2876 467 sunt
2918 413 3131 482 dicere,
3166 411 3286 467 Non
3337 413 3538 484 expedit
3565 426 3663 467 ur-

2076 505 2189 560 bere
2216 505 2424 576 (Matth.
2458 504 2543 560 19.
2577 504 2689 572 10).
2718 504 2775 559 Id
2801 514 2978 560 autem
3005 514 3088 559 est
3110 543 3127 569 ,
3154 504 3431 575 coniugem
3458 503 3663 559 nullum

2077 598 2159 654 sui
2194 614 2315 654 esse
2358 598 2515 668 juris.
2546 597 2730 668 Neque
2777 597 2829 651 id
2885 597 3254 652 hortabundus
3304 606 3358 652 et
3397 607 3664 663 tamquam

2078 690 2365 745 consulens
2407 689 2644 759 profert,
2676 688 2769 744 sed
2796 689 3109 758 praecipiens
3139 702 3200 742 ac
3227 686 3507 742 mandans.
3531 684 3664 741 Nam

2081 781 2483 834 matrimonium
2506 778 2825 834 contrahere
2866 789 2957 833 aut
2984 793 3088 833 non
3137 777 3455 833 contrahere
3502 793 3670 847 penes

2083 888 2181 929 nos
2213 881 2296 928 est
2319 891 2331 926 :
2355 887 2473 944 qua:
2500 872 2894 927 matrimonium
2923 858 3325 941 consequuntur
3346 913 3361 937 ,
3391 886 3496 925 non
3516 872 3665 931 item.

2082 964 2179 1020 sed
2219 965 2446 1019 velimus
2481 965 2712 1019 nolimus
2752 962 2964 1018 ferenda
2996 962 3227 1018 servitus
3255 969 3357 1017 est.
3385 960 3522 1030 Quid
3559 961 3666 1015 ita?

2084 1053 2236 1121 Quod
2262 1070 2368 1109 non
2417 1054 2570 1109 inscii
2596 1069 2713 1109 eam
2761 1055 2990 1123 primum
3036 1051 3408 1121 suscepimus,
3438 1050 3534 1105 sed
3587 1050 3673 1105 vel

2086 1145 2250 1215 probe
2298 1146 2416 1215 ejus
2456 1145 2576 1215 jura
2623 1154 2783 1216 atque
2821 1145 2966 1214 leges
3013 1153 3295 1212 tenentes,
3339 1150 3531 1213 sponte
3575 1145 3674 1198 sub

2081 1237 2265 1308 jugum
2307 1252 2406 1292 nos
2448 1236 2789 1307 subjecimus.
2821 1237 2898 1291 Ac
2924 1244 3104 1306 postea
3134 1234 3203 1291 de
3256 1236 3322 1290 iis
3377 1235 3626 1305 loquutus
3655 1275 3671 1300 ,

2088 1328 2178 1396 qui
2213 1326 2455 1383 infideles
2486 1342 2680 1381 uxores
2710 1327 2989 1391 haberent,
3027 1340 3316 1393 omnesque
3353 1326 3675 1380 matrimonii

2091 1418 2232 1488 leges
2272 1427 2520 1474 accurate
2567 1429 2952 1488 persequutus,
3028 1416 3307 1486 interiecta
3372 1416 3440 1472 de
3504 1418 3677 1472 servis

2089 1507 2476 1578 disputatione,
2508 1517 2666 1578 atque
2692 1509 2758 1563 iis
2791 1550 2806 1575 ,
2836 1507 2976 1578 quod
3018 1507 3229 1562 abunde
3273 1507 3465 1562 solatio
3492 1518 3675 1573 esset,

2091 1599 2339 1664 monitis,
2386 1600 2764 1670 ingenuitatem
2790 1599 3089 1669 spiritalem
3143 1613 3205 1653 ea
3256 1599 3515 1654 servitute
3567 1614 3672 1653 non

2093 1690 2331 1745 imminuti
2356 1731 2371 1757 ,
2404 1691 2575 1760 pergit
2610 1689 2677 1744 ad
2707 1704 3007 1745 sermonem
3036 1689 3103 1745 de
3133 1689 3437 1759 virginitate
3466 1731 3481 1757 ,
3512 1705 3671 1761 quem

2094 1781 2295 1851 pridem
2342 1780 2679 1851 parturiebat
2705 1796 2770 1836 ac
2815 1796 2997 1837 serere
3021 1781 3328 1852 satagebat,
3372 1794 3515 1836 nunc
3557 1783 3679 1837 eni-

2093 1881 2212 1927 tens
2236 1889 2250 1932 :
2282 1873 2380 1928 etsi
2403 1888 2524 1927 cum
2553 1887 2653 1927 nec
2676 1873 2745 1928 de
2773 1873 3112 1927 matrimonio
3137 1873 3408 1928 disserens
3427 1874 3682 1929 sustinuit

2094 1965 2306 2020 silentio
2347 1966 2641 2035 prieterire.
2674 1964 2805 2020 Nam
2837 1966 3072 2021 breviter
3110 1967 3199 2022 ille
3225 1965 3441 2036 quidem
3485 1973 3539 2019 et
3565 1963 3680 2020 obi-

2097 2066 2196 2125 ter,
2229 2057 2325 2113 sed
2357 2066 2534 2113 tamen
2566 2059 2614 2114 ei
2641 2074 2855 2130 quoque
2880 2059 3235 2115 exbortationi
3262 2074 3383 2115 eum
3415 2057 3678 2114 intexuit:

2095 2157 2256 2218 atque
2275 2163 2338 2203 ea
2366 2149 2727 2218 pulcherrima
2771 2151 2977 2206 ratione
3012 2166 3170 2205 aures
3198 2159 3408 2206 nostras
3450 2159 3507 2206 et
3534 2150 3686 2220 inge-

2097 2240 2241 2293 nium
2261 2250 2509 2310 tanquam
2529 2255 2833 2309 praeparans
2847 2255 2909 2295 ac
2930 2242 3304 2310 praemolliens,
3322 2242 3545 2297 orationi
3564 2239 3688 2296 faci—

2099 2329 2203 2385 lem
2218 2328 2414 2383 aditum
2433 2330 2651 2384 molitur
2665 2340 2784 2399 post
2804 2332 3225 2386 exhortationem
3244 2332 3310 2387 ad
3329 2346 3533 2387 servos.
3550 2331 3684 2389 Nam

2100 2422 2289 2492 pretio,
2339 2422 2539 2498 inquit.
2575 2423 2730 2497 empti
2753 2423 2872 2480 estis
2902 2439 2922 2476 :
2943 2424 3104 2479 nolite
3126 2424 3235 2498 ﬁeri
3259 2424 3388 2484 servi
3424 2424 3689 2483 hominum

2102 2517 2181 2588 (1.
2205 2518 2321 2572 Cor.
2354 2520 2406 2573 7.
2428 2519 2543 2589 ‘25).
2578 2518 2785 2573 Domini
2812 2519 2964 2574 nobis
2991 2518 3253 2574 beneficio
3282 2519 3333 2573 in
3368 2519 3685 2574 memoriam

2100 2609 2722 2678 revocato,omniumque
2743 2607 3008 2663 mentibus
3023 2622 3088 2661 eo
3105 2608 3299 2664 erectis
3320 2607 3371 2662 in
3389 2608 3692 2679 etelumque

2101 2699 2325 2755 sublatis
2346 2740 2361 2767 ,
2403 2698 2470 2753 de
2497 2699 2800 2770 virginitate
2826 2699 3239 2769 disputationem
3280 2699 3495 2754 demum
3540 2700 3689 2755 inse-

2101 2790 2171 2845 rit
2214 2790 2299 2846 his
2351 2789 2574 2845 verbis:
2608 2790 2686 2845 De
2729 2790 3005 2862 uirginibus
3036 2801 3204 2846 autem
3248 2793 3458 2846 Domini
3504 2808 3692 2861 puere-

2102 2888 2243 2950 ptum
2272 2896 2375 2934 non
2416 2880 2572 2935 habeo
2591 2922 2607 2949 ,
2637 2881 2729 2935 sed
2758 2882 3027 2936 consilium
3076 2881 3163 2949 do,
3206 2892 3459 2953 tamquam
3490 2884 3690 2939 miseri-

2101 2971 2327 3025 cordiam
2371 2981 2705 3042 consequutus
2730 2988 2761 3024 a
2781 2970 3003 3026 Domino
3021 3014 3036 3038 ,
3065 2982 3124 3025 ut
3151 2972 3248 3027 sim
3279 2974 3444 3043 ﬁdelis
3469 2972 3545 3045 (1.
3567 2970 3690 3028 Cor.

2104 3060 2157 3128 7,
2182 3061 2300 3132 25).
2328 3062 2429 3125 At,
2462 3063 2550 3133 qui
2590 3063 2658 3118 de
2687 3062 2862 3118 ﬁdelis
2889 3079 3011 3119 cum
3052 3062 3251 3119 inﬁdeli
3280 3065 3527 3135 conjugio
3564 3080 3693 3134 pra:-

2102 3163 2314 3222 ceptum
2354 3154 2480 3208 item
2532 3169 2638 3208 non
2690 3154 2948 3223 haberet,
2998 3171 3190 3227 magna
3240 3158 3561 3213 auctoritate
3611 3159 3686 3213 ita

2103 3244 2311 3299 sancit:
2345 3243 2549 3299 Galeris
2597 3255 2764 3299 autem
2789 3263 2879 3318 ego
2929 3248 3124 3313 scribo,
3163 3264 3263 3302 non
3310 3248 3558 3304 Dominus
3584 3265 3605 3304 :
3630 3250 3693 3306 Si

2102 3336 2219 3407 quis
2241 3339 2400 3407 frater
2435 3352 2647 3391 uxorem
2689 3337 2832 3391 habet
2878 3338 3136 3406 inﬁdelem
3163 3382 3178 3404 ,
3221 3349 3269 3393 et
3314 3341 3420 3395 htec
3448 3343 3692 3396 consentit

2104 3426 2330 3482 habitare
2355 3442 2470 3481 cum
2510 3428 2601 3482 illo
2623 3469 2638 3493 ,
2682 3444 2783 3482 non
2838 3427 3056 3482 dimittat
3079 3470 3093 3495 ,
3126 3429 3269 3484 illam
3305 3430 3409 3502 (llr.
3437 3444 3564 3485 vers.
3586 3428 3694 3497 12).

2104 3518 2211 3574 Cur
2234 3535 2340 3572 non
2383 3520 2543 3589 igitur
2568 3527 2624 3573 et
2658 3518 2727 3574 de
2750 3518 3043 3589 virginibus
3072 3521 3253 3576 itidem
3298 3521 3521 3577 sciscis?
3548 3522 3681 3588 Quia

2111 3609 2216 3666 hoc
2241 3607 2486 3666 Christus
2515 3612 2687 3681 palam
2721 3612 3017 3678 constituit,
3035 3622 3222 3668 vetans
3264 3628 3382 3669 eam
3405 3630 3517 3669 rem
3542 3628 3685 3684 prro-

2103 3705 2242 3774 cepti
2272 3705 2593 3761 necessitate
2618 3704 2849 3761 definiri.
2883 3705 3013 3762 Illud
3060 3722 3288 3776 namque
3317 3749 3332 3773 ,
3382 3706 3483 3772 Qui
3529 3716 3689 3777 potest

2105 3812 2323 3866 capere,
2363 3797 2570 3867 capiat,
2624 3797 2847 3851 liberam
2900 3798 3129 3852 auditori
3184 3799 3451 3868 optionem
3491 3800 3691 3854 condo~

2107 3890 2284 3943 nantis
2327 3897 2429 3941 est.
2461 3886 2648 3957 Itaque
2693 3888 2763 3943 de
2816 3890 3139 3944 continentia
3180 3888 3473 3953 disserens,
3516 3888 3645 3947 Volo
3671 3932 3689 3959 ,

2107 3975 2321 4047 inquit,
2365 3992 2537 4032 omnes
2566 3978 2793 4032 homines
2821 3980 2893 4033 sic
2920 3995 3026 4033 esse
3052 4021 3067 4046 ,
3113 3989 3165 4033 ut
3203 3996 3294 4050 ego
3341 3997 3483 4046 sum,
3523 3983 3690 4039 conti-

2106 4080 2279 4123 nentes
2305 4068 2384 4138 (I.
2407 4067 2526 4124 Cor.
2556 4070 2607 4125 7.
2643 4068 2697 4144 7)
2729 4087 2743 4137 ;
2775 4082 2830 4126 et
2857 4086 3112 4139 rursum,
3143 4071 3382 4143 Innuptis
3433 4086 3602 4131 autem
3630 4094 3691 4130 ac

2107 4158 2271 4213 viduis
2302 4160 2415 4213 dico
2440 4176 2459 4214 :
2482 4159 2680 4215 Bonum
2722 4171 2800 4216 est
2821 4162 2926 4217 illis
2955 4204 2970 4228 ,
3016 4162 3062 4217 si
3107 4162 3179 4216 sic
3225 4172 3547 4234 permaneant
3570 4207 3585 4231 ,
3638 4178 3693 4221 ut

2107 4264 2198 4320 ego
2250 4247 2356 4319 (Ib.
2388 4265 2437 4303 υ.
2464 4250 2542 4320 8).
2567 4251 2636 4304 At
2667 4264 2772 4304 non
2816 4252 2869 4305 in
2896 4265 3145 4307 sermone
3174 4251 3242 4307 de
3276 4254 3574 4325 virginitate
3604 4270 3695 4311 υς·-

2107 4356 2263 4410 quam
2287 4357 2346 4396 se
2367 4341 2417 4394 in
2439 4343 2739 4411 exemplum
2761 4341 3007 4398 adducit:
3029 4342 3253 4414 ideoque
3266 4345 3549 4400 admodum
3574 4361 3689 4401 mo-

2107 4431 2260 4487 tleSte
2288 4441 2447 4502 atque
2473 4444 2630 4489 caute
2675 4432 2940 4504 loquitur,
2980 4436 3070 4505 qui
3096 4450 3196 4490 nec
3240 4436 3356 4505 ipse
3384 4452 3445 4490 ea
3474 4436 3695 4504 perfun-

2107 4529 2225 4578 ctus
2252 4529 2414 4578 esset.
2453 4521 2776 4595 Praeceptum
2797 4566 2812 4590 ,
2845 4526 3053 4595 inquit,
3081 4543 3186 4581 non
3236 4526 3416 4581 habeo.
3457 4527 3692 4585 Primqu

2108 4630 2418 4686 proponens
2444 4617 2715 4687 optionem
2749 4617 3070 4674 benevolum
3122 4619 3300 4674 reddit
3345 4619 3680 4686 auditorem,

2110 4717 2221 4763 tum
2259 4711 2540 4765 consilium
2589 4711 2823 4781 subjicit.
2872 4711 3136 4777 Quoniam
3188 4712 3330 4767 enim
3374 4712 3695 4783 virginitatis

2109 4813 2303 4854 nomen
2337 4801 2599 4870 prolatum
2628 4801 2870 4870 protinus
2911 4802 3178 4872 ingentem
3217 4801 3454 4858 laborem
3505 4802 3693 4859 decla-

2108 4898 2227 4957 ret,
2266 4890 2388 4945 ideo
2422 4905 2528 4945 non
2559 4892 2736 4945 statim
2767 4891 2832 4946 ad
2870 4891 3292 4948 cohortationem
3324 4909 3383 4949 se
3421 4897 3646 4950 contulit
3673 4940 3688 4960 ,

2109 4981 2204 5038 sed
2229 4982 2526 5037 auditorem
2582 4982 2727 5051 prius
2756 4983 2972 5052 optione
3013 4982 3309 5049 deliniens,
3345 4985 3567 5056 ejusque
3609 4988 3690 5040 in.-

2108 5075 2322 5145 genium
2350 5075 2498 5130 cicur
2520 5090 2583 5130 ac
2622 5075 2900 5131 tractabile
2931 5074 3161 5131 reddens
3184 5116 3200 5140 ,
3229 5077 3301 5131 ita
3328 5077 3542 5133 demum
3572 5095 3691 5148 pro.

2109 5166 2278 5236 ponit.
2320 5164 2528 5221 Audisti
2555 5166 2946 5236 virginitatem,
2990 5182 3181 5221 nomen
3229 5168 3379 5223 multi
3410 5168 3605 5224 laboris
3630 5185 3690 5226 ao

2110 5256 2357 5312 sudoris:
2386 5272 2455 5312 ne
2479 5266 2687 5321 metue;
2720 5273 2825 5311 non
2852 5267 3176 5327 praeceptum
3203 5258 3412 5329 agitur,
3442 5269 3534 5313 aut
3554 5260 3692 5329 jussi

2112 5349 2402 5405 necessitas
2425 5390 2439 5415 ,
2468 5347 2561 5404 sed
2602 5363 2696 5404 eos
2735 5349 2823 5419 qui
2864 5363 2925 5405 se
2959 5349 3201 5405 volentes
3252 5361 3412 5421 atque
3465 5351 3693 5409 libenter

2113 5440 2507 5508 amplectantur
2530 5481 2545 5505 ,
2587 5439 2677 5495 illa
2707 5440 2819 5494 suis
2860 5440 3018 5497 bonis
3045 5450 3425 5498 remuneratur
3448 5481 3462 5507 ,
3505 5456 3690 5499 eorum

2112 5534 2271 5603 capiti
2297 5531 2628 5603 Splendidam
2649 5549 2713 5590 ac
2736 5532 2955 5590 ﬂoream
2979 5550 3233 5591 coronant
3260 5537 3575 5606 imponens;
3599 5538 3691 5608 qui

2113 5634 2364 5679 recusent
2414 5639 2578 5695 seque
2620 5625 2920 5684 adsciscere
2972 5626 3183 5694 nolint,
3245 5641 3345 5683 nec
3395 5630 3547 5700 punit
3594 5643 3692 5684 nec

2116 5715 2310 5770 invitos
2338 5716 2497 5786 cogit.
2536 5715 2720 5777 Neaue
2747 5732 2811 5773 eo
2837 5718 3008 5775 solum
3034 5719 3326 5775 orationem
3365 5730 3567 5789 gratam
3592 5733 3688 5773 nec
