4016 6154
363 285 469 346 565

355 402 634 459 molestam
664 399 894 456 reddidit
922 437 938 464 ,
965 397 1058 452 scd
1097 397 1254 453 etiam
1281 399 1420 467 quod
1466 393 1777 451 beneficium
1827 391 1928 443 hoc

359 509 464 547 non
502 506 655 546 suum
679 532 696 554 ,
738 490 836 546 sed
863 489 1056 545 Christi
1108 502 1226 544 esse
1275 488 1436 542 dicat.
1482 486 1596 540 Non
1641 483 1783 539 enim
1821 481 1927 541 ait,

361 578 436 638 De
484 581 777 652 virginibus
815 595 922 633 non
969 579 1248 650 pra-cipio,
1289 578 1381 632 Sed
1410 619 1423 641 ,
1472 577 1788 644 Prteceptnm
1830 579 1930 624 non

359 673 550 726 habeo:
574 673 724 742 quasi
752 672 957 726 diceret
985 689 1000 726 :
1030 670 1086 726 Si
1134 670 1379 724 humanis
1423 667 1720 723 rationibus
1758 672 1932 718 motus

359 763 472 832 ipse
509 763 624 817 hare
649 761 960 816 cohortarer
982 802 996 823 ,
1035 775 1140 814 non
1179 759 1448 814 ﬁdendum
1493 766 1638 813 esset
1671 774 1684 810 :
1718 764 1772 810 at
1810 769 1930 808 cum

360 853 412 906 id
443 853 552 908 Deo
581 854 752 907 visum
776 853 851 906 ‘sit
873 893 886 916 ,
930 863 1130 906 certum
1161 855 1245 906 est
1283 851 1468 921 pignus
1497 847 1774 903 libertatis.
1808 846 1933 899 Mihi

358 944 575 1011 quidem
627 957 688 996 ea
731 943 1027 1012 imperandi
1076 940 1297 996 facultas
1346 943 1434 995 est
1480 948 1705 1008 erepta:
1749 936 1842 992 sed
1890 937 1934 990 si

359 1032 544 1087 audire
573 1033 733 1086 vultis
758 1032 906 1086 velut
925 1037 1276 1094 conservum,
1308 1029 1583 1084 Consilium
1612 1030 1677 1081 do
1699 1067 1716 1094 ,
1739 1027 1931 1096 inquit,

361 1131 614 1191 tamquam
652 1122 1045 1176 misericordiam
1079 1129 1407 1189 consequutus
1435 1137 1467 1171 a
1507 1117 1726 1171 Domino
1753 1126 1807 1169 ut
1843 1116 1938 1168 siut

364 1212 544 1278 ﬁdelis.
583 1213 756 1280 Atque
785 1210 887 1264 hoc
921 1211 1039 1265 loco
1068 1207 1216 1263 Pauli
1259 1219 1523 1264 summum
1568 1205 1846 1261 artificium
1876 1218 1939 1258 ac

366 1302 641 1371 prudentia
688 1301 930 1356 miranda
970 1308 1093 1366 est,
1147 1297 1593 1370 quemadmodum
1639 1297 1777 1350 inter
1832 1295 1938 1348 duo

364 1393 692 1457 necessaria,
717 1407 890 1462 eaque
931 1393 1218 1454 contraria,
1247 1390 1600 1458 interceptus,
1649 1397 1758 1443 tum
1804 1396 1859 1440 ut
1881 1400 1939 1440 se

363 1481 791 1545 commendaret,
821 1496 926 1551 quo
941 1481 1223 1536 consilium
1255 1480 1529 1550 plausibile
1553 1486 1725 1544 esset,
1751 1488 1860 1531 tum
1885 1484 1942 1530 ut

365 1572 497 1625 nihil
523 1572 590 1626 de
620 1587 679 1626 se
707 1587 956 1641 magnum
987 1571 1328 1639 prtedicaret,
1353 1571 1548 1640 quippe
1589 1569 1706 1640 ejus
1735 1567 1942 1622 virtutis

361 1675 572 1724 exsors,
627 1660 876 1714 brevibus
905 1661 1081 1714 verbis
1126 1668 1408 1730 utrumque
1449 1665 1812 1727 'consequutus
1849 1656 1938 1711 sit.

365 1749 494 1803 Nam
523 1750 611 1817 qui
638 1739 802 1814 dicat,
828 1750 1112 1817 Tamquam
1161 1749 1556 1804 misericordiam
1588 1756 1938 1817 consequutus,

365 1839 598 1909 quodam
628 1839 787 1893 modo
810 1853 867 1894 se
889 1840 1227 1894 commendat
1254 1857 1268 1894 :
1295 1841 1384 1910 qui
1414 1855 1472 1895 se
1509 1840 1698 1909 potiori
1729 1837 1944 1892 nomine

366 1944 474 1982 non
509 1929 885 1993 commendet,
929 1929 1160 1984 vicissim
1194 1944 1252 1984 se
1281 1939 1532 1984 extenuat
1569 1943 1633 1983 ac
1670 1927 1940 1996 deprimit.

437 2017 595 2071 XLII.
624 2016 704 2070 De
733 2015 886 2071 Pauli
913 2019 1210 2074 humilitate.
1241 2049 1312 2060 --
1336 2019 1452 2074 Non
1483 2020 1624 2073 enim
1654 2019 1726 2073 ait
1750 2059 1766 2084 ,
1797 2019 1943 2072 Con-

367 2105 542 2158 silium
568 2106 658 2172 do,
686 2115 742 2159 ut
765 2107 852 2160 cui
878 2107 1132 2161 creditum
1155 2109 1218 2162 sit
1240 2109 1596 2178 evangelium,
1625 2116 1684 2162 ut
1706 2107 1944 2162 deiectus

307 2187 321 2193 ’
366 2195 602 2265 gentium
618 2211 816 2264 prmco,
839 2206 894 2250 ut
915 2199 1002 2252 cui
1036 2197 1087 2251 in
1105 2213 1198 2252 vos
1215 2199 1572 2266 magisterium
1601 2199 1942 2252 commissum

368 2288 456 2350 sit,
486 2297 542 2340 ut
570 2287 758 2341 doctor
777 2298 937 2357 atque
964 2289 1067 2343 dux
1094 2304 1109 2353 ;
1141 2289 1232 2344 scd
1259 2290 1426 2360 quid?
1452 2289 1728 2360 Tamquam
1755 2289 1947 2342 miseri-

365 2378 594 2430 cordiam
646 2388 976 2446 consequutus
1020 2396 1040 2433 :
1088 2393 1258 2449 eoque
1281 2421 1298 2446 ,
1350 2381 1488 2449 quod
1543 2381 1715 2433 minus
1762 2389 1940 2446 esset,

369 2468 676 2536 proposito;
709 2483 831 2522 nam
877 2469 1057 2522 minus
1102 2479 1185 2524 est
1231 2471 1437 2523 fidelem
1467 2470 1742 2523 dumtaxat
1769 2476 1940 2548 ‘csse,

367 2573 524 2626 quam
575 2557 808 2612 ﬁdelium
852 2559 1181 2628 magistrum.
1225 2560 1499 2628 Aliamque
1542 2575 1748 2613 rursum
1795 2569 1943 2614 exte-

368 2647 672 2700 nuationem
699 2646 998 2702 meditatur.
1035 2647 1372 2713 Quamnam?
1397 2648 1511 2701 Non
1535 2648 1612 2701 ait
1635 2689 1650 2714 ,
1685 2648 1747 2703 Ut
1777 2649 1946 2702 ﬁdelis

365 2737 589 2791 effectus
611 2738 749 2814 ,iscd
773 2780 789 2803 ,
821 2738 1086 2805 Tanquam
1133 2739 1527 2792 misericordiam
1576 2751 1904 2806 consequutus
1925 2775 1943 2806 ,

371 2836 424 2878 ut
450 2827 542 2879 sim
566 2828 749 2895 ﬁdelis.
776 2828 852 2881 Ne
875 2829 1225 2899 apostolatum
1254 2830 1423 2884 solum
1450 2870 1464 2894 ,
1495 2831 1941 2899 prxdicationcm,

371 2926 424 2968 et
453 2918 808 2986 magisterium
842 2905 935 2972 Dei
966 2919 1336 2974 muniﬁcentia:
1362 2929 1540 2990 putate
1572 2937 1585 2972 :
1621 2937 1740 2975 nam
1773 2923 1944 2989 ipsum

372 3008 528 3059 etiam
555 3007 774 3065 credere
805 3007 931 3062 mihi
959 3012 1072 3076 ejus
1101 3009 1458 3065 misericordia
1485 3027 1796 3067 concessum
1825 3022 1942 3068 est:

369 3097 486 3149 Non
516 3098 679 3163 enim,
713 3099 901 3166 inquit,
929 3100 1067 3168 quod
1097 3100 1284 3170 dignus
1313 3115 1505 3168 essem,
1541 3102 1695 3157 ﬁdem
1725 3104 1902 3172 accepi
1927 3120 1942 3169 ;

371 3191 465 3242 sed
492 3189 630 3259 quod
661 3190 1077 3245 misericordiam
1108 3193 1206 3246 sim
1233 3203 1609 3262 consequutus.
1643 3193 1946 3248 Misericor-

368 3281 456 3334 dia
503 3278 678 3336 autcm
728 3283 911 3350 gratim
955 3291 1074 3348 est,
1107 3299 1210 3338 non
1258 3301 1323 3338 ex
1374 3286 1583 3339 merito.
1619 3285 1797 3356 Itaque
1843 3287 1946 3343 nisi

372 3364 594 3426 inultum
621 3374 922 3428 misericors
946 3385 1085 3430 esset
1107 3377 1266 3444 Dens,
1294 3393 1396 3430 non
1427 3387 1625 3431 tantum
1653 3380 1942 3448 apostolus,

371 3453 464 3516 sed
494 3478 560 3516 ne
578 3458 744 3517 ﬁdelis
761 3465 972 3533 quidem
991 3481 1238 3536 umquam
1267 3468 1403 3523 efﬁci
1434 3471 1740 3536 potuissem.
1761 3471 1945 3526 Viden’

371 3553 513 3606 servi
538 3562 743 3622 gratum
788 3559 1020 3608 aninnun
1066 3566 1222 3625 atque
1251 3559 1533 3612 contritum
1559 3601 1572 3623 ,
1605 3571 1660 3613 nt
1689 3561 1814 3614 nihil
1845 3562 1945 3616 sibi

369 3643 579 3694 crctcris
609 3641 723 3710 plus
767 3653 1012 3718 arroget;
1043 3647 1168 3714 quin
1219 3648 1268 3701 id
1313 3649 1470 3702 etiam
1517 3650 1654 3718 quod
1685 3651 1782 3704 sibi
1826 3667 1944 3706 cum

373 3729 646 3798 discipulis
669 3747 948 3787 commune
975 3745 1152 3802 esset,
1183 3737 1339 3790 ﬁdem
1366 3779 1381 3802 ,
1409 3755 1563 3794 suum
1593 3755 1712 3795 esse
1751 3750 1906 3810 neget
1926 3782 1942 3807 ,

366 3809 467 3873 ’sed
520 3821 612 3874 Dei
665 3824 1041 3880 misericordia:
1085 3836 1138 3881 et
1185 3829 1410 3896 gratim?
1457 3830 1595 3883 idem
1643 3831 1724 3884 his
1771 3809 1945 3885 verbis

375 3911 676 3979 signiﬁcans
715 3929 778 3968 ac
806 3917 850 3968 si
888 3916 1094 3972 diceret
1126 3937 1137 3970 :
1171 3919 1247 3973 Ne
1272 3919 1625 3989 dedignamini
1667 3923 1944 3976 consilium

375 4015 404 4051 a
451 4015 534 4054 me
583 4004 856 4072 recipere;
905 4021 1075 4075 neque
1103 4010 1244 4062 cnim
1276 4025 1360 4064 me
1405 4010 1541 4066 Deus
1585 4005 1945 4068 misericordia

376 4106 469 4143 sua
512 4091 824 4162 dedignatus
851 4098 950 4148 'cst.
981 4097 1044 4150 Et
1068 4099 1262 4168 alioqui
1293 4101 1566 4154 consilium
1594 4103 1801 4171 agitur,
1841 4120 1943 4158 non

376 4193 692 4249 prmccptum
744 4200 757 4236 :
810 4185 1016 4239 Etenim
1068 4189 1324 4255 consulo,
1371 4206 1474 4245 non
1523 4193 1724 4247 sancio.
1780 4195 1946 4249 Porro

378 4284 496 4336 qua:
523 4271 709 4340 cuique
749 4277 1029 4329 oceurrant
1057 4277 1200 4331 utilia
1226 4319 1239 4343 ,
1273 4281 1322 4332 in
1353 4280 1584 4334 medium
1614 4284 1847 4350 proferre
1885 4299 1947 4338 ac

377 4364 672 4426 prop‘oh'c‘rc
695 4357 834 4416 nulla
854 4365 933 4418 lex
955 4367 1213 4434 prohibet,
1233 4370 1459 4425 maxime
1475 4371 1559 4424 ubi
1579 4372 1626 4425 id
1647 4375 1946 4428 auditorum

377 4457 562 4519 rogatu
609 4449 699 4504 ﬁat
732 4471 744 4505 :
775 4454 914 4522 quod
960 4458 1168 4526 quidem
1212 4470 1266 4514 et
1293 4463 1442 4516 vobis
1484 4464 1694 4518 accidit.
1721 4465 1948 4518 Arbitror

373 4538 552 4606 igitur,
573 4540 758 4610 inquit,
780 4545 872 4596 hoc
901 4546 1080 4599 bonum
1102 4565 1225 4602 esse.
1248 4550 1402 4606 Vides
1426 4568 1634 4607 rursum
1657 4555 1944 4611 modestam

375 4631 692 4699 orationem,
713 4635 787 4687 ‘ah
814 4638 1062 4707 omnique
1090 4642 1401 4698 auctoritate
1429 4644 1676 4698 alienam.
1705 4647 1860 4716 Atqui
1894 4649 1945 4702 in

377 4717 512 4806 hanc
545 4725 860 4778 sententiam
887 4728 1148 4785 disserere
1173 4732 1381 4786 interim
1419 4735 1610 4788 lieebat
1641 4754 1654 4788 :
1687 4737 1944 4802 Quoniam

377 4811 630 4867 Dominus
657 4816 1007 4884 virginitatem
1038 4836 1140 4874 non
1169 4824 1432 4892 prmcepit,
1465 4824 1582 4878 ideo
1612 4841 1782 4896 neque
1807 4843 1904 4897 ego
1929 4846 1941 4880 :

374 4905 594 4957 consulo
643 4912 817 4960 tamen
866 4913 929 4962 ac
972 4909 1223 4966 cohortor
1266 4909 1331 4967 ad
1374 4915 1489 4984 ejus
1536 4916 1806 4983 studium,
1856 4919 1945 4986 qui

375 4996 646 5060 apostolus
689 5000 866 5054 vester
911 5002 1032 5054 sim.
1079 5003 1530 5069 Quemadmodum
1577 5014 1632 5060 et
1676 5007 1808 5061 infra
1854 5023 1946 5063 eos

375 5084 650 5154 alloquens
693 5089 805 5155 ait,
852 5090 912 5145 Si
953 5091 1066 5145 aliis
1113 5103 1211 5146 non
1241 5113 1351 5148 sum
1393 5098 1690 5166 apostolus,
1735 5110 1786 5151 at
1815 5111 1947 5154 certe

374 5175 507 5229 vobis
530 5189 640 5229 sum
667 5180 683 5245 (
706 5181 754 5234 I.
784 5179 900 5234 Cor.
928 5182 982 5238 9.
1009 5183 1100 5252 2).
1129 5185 1197 5238 At
1220 5185 1304 5240 hic
1328 5187 1454 5241 nihil
1482 5187 1736 5256 ejusmodi
1764 5191 1943 5256 refert,

373 5265 463 5317 sed
492 5266 778 5322 admodum
809 5273 1105 5327 verecunde
1133 5275 1290 5329 verba
1323 5275 1464 5342 facit,
1497 5278 1609 5345 ejus
1636 5279 1768 5344 vice,
1801 5280 1943 5333 Con-

371 5354 522 5419 salo,
575 5355 888 5412 Sententia»:
933 5362 1033 5425 do,
1081 5365 1361 5433 inquiens;
1406 5365 1520 5434 ejus
1567 5376 1741 5421 autem
1788 5369 1940 5434 vice,

372 5443 525 5510 prout
553 5443 750 5500 doetot'
773 5489 787 5512 ,
825 5440 1098 5519 Tamqtta’m
1141 5454 1532 5508 misericordiam
1559 5468 1884 5526 consequutus
1913 5477 1944 5512 a

376 5532 626 5602 Domino,
663 5547 730 5592 ut
776 5540 872 5592 sim
917 5542 1082 5609 ﬁdelis
1110 5560 1128 5597 :
1159 5547 1412 5615 quasique
1460 5563 1526 5601 ne
1570 5549 1683 5602 haec
1729 5551 1940 5619 quidem

367 5623 493 5677 satis
541 5636 720 5682 essent
749 5628 818 5682 ad
868 5633 1158 5687 orationem
1205 5637 1586 5691 extenuandam
1614 5680 1626 5704 ,
1660 5641 1938 5697 consilium

1662 285 1664 287 ’
1685 271 1771 334 DE
1814 266 2272 331 VIRGINITATE.

3503 264 3607 321 556

2038 400 2260 442 exorsus
2287 383 2652 438 auctoritatem
2693 383 2886 436 iterum
2911 381 3100 435 minuit
3125 420 3140 446 ,
3169 379 3259 450 qui
3285 393 3389 434 non
3414 384 3613 435 statuat

2037 480 2208 531 solum
2233 520 2246 542 ,
2287 476 2379 531 sed
2405 477 2564 529 addat
2589 477 2748 529 etiam
2774 475 3033 528 rationem
3066 491 3079 526 :
3112 472 3375 538 Arbitror,
3402 473 3570 542 inquit
3591 505 3610 539 ο

2039 569 2130 621 hoc
2153 567 2337 620 bonum
2359 582 2481 631 esse,
2509 574 2711 635 propter
2732 565 2998 616 instantem
3022 562 3360 616 necessitatem
3389 562 3464 634 (I.
3493 561 3610 615 Cor.

2040 657 2092 712 7.
2122 656 2253 727 26).
2300 660 2366 712 At
2395 656 2535 711 cnim
2579 655 2647 710 de
2687 654 3008 709 continentia
3046 653 3355 720 disserens,
3399 667 3572 721 neque
3595 691 3610 713 .

2039 748 2256 800 arbitror
2278 787 2292 812 ,
2327 744 2536 815 posuit,
2581 759 2753 813 neque
2795 745 2954 797 ullam
3001 744 3156 812 plane
3184 743 3485 804 rationem;
3516 744 3611 798 sed

2037 837 2170 893 illud
2213 836 2371 891 modo
2395 875 2409 902 ,
2439 835 2633 889 Bonam
2657 845 2732 889 est
2767 833 2871 888 iiiis
2895 876 2908 900 ,
2939 835 2981 888 si
3023 843 3344 904 pmnaneant
3368 873 3382 899 ,
3415 834 3544 887 sicut
3568 843 3615 886 et

2039 943 2130 999 ego
2161 943 2180 980 :
2211 928 2295 982 hic
2318 969 2330 991 ,
2359 927 2588 980 Arbitror
2633 927 2726 979 hoc
2767 925 2951 979 bonum
2977 943 3100 981 esse.
3150 926 3205 980 Id
3245 935 3422 979 autem
3449 926 3574 979 facit
3599 967 3615 989 ,

2043 1018 2263 1087 non‘qni
2290 1017 2356 1072 de
2381 1032 2446 1073 eo
2471 1017 2734 1072 dubitaret
2765 1057 2779 1081 ,
2804 1017 2934 1070 nihil
2961 1018 3176 1082 minus;
3205 1017 3297 1072 sed
3327 1017 3415 1086 qui
3441 1025 3612 1070 totum

2037 1106 2338 1161 auditorum
2363 1105 2563 1175 judicio
2583 1107 2892 1175 permittere
2921 1108 3100 1161 vellet.
3125 1107 3252 1161 Nam
3283 1107 3618 1162 consiliarius

2043 1197 2088 1252 is
2115 1206 2194 1252 est
2216 1225 2233 1260 -,
2265 1210 2370 1252 non
2411 1197 2499 1266 qui
2541 1197 2607 1252 de
2650 1197 2714 1251 iis
2743 1212 2860 1266 qua:
2903 1198 3101 1266 profert
3141 1207 3372 1264 statuat,
3403 1197 3498 1253 sed
3527 1199 3617 1269 qui

2046 1294 2212 1340 totum
2261 1285 2313 1340 in
2361 1287 2660 1341 auditorum
2691 1287 2911 1341 arbitrio
2955 1287 3182 1356 positum
3229 1287 3509 1356 relinquat.

2114 1379 2298 1434 XLIII.
2342 1379 2508 1446 Quam
2548 1380 2819 1434 instantem
2858 1381 3196 1434 necessitatem
3225 1378 3420 1434 Paulus
3457 1382 3622 1434 nomi-

2045 1477 2146 1522 net.
2173 1469 2369 1524 —Sed
2406 1484 2525 1540 quae
2549 1479 2653 1533 est,
2684 1486 2840 1541 quam
2875 1472 2960 1525 hic
2995 1481 3255 1525 memorat
3292 1472 3621 1526 necessitas?

2041 1573 2198 1627 eane,
2231 1576 2403 1631 quea
2433 1571 2616 1616 natura
2644 1561 2852 1631 prodit?
2877 1561 3110 1616 Minime.
3143 1562 3378 1616 Primum
3405 1563 3546 1616 enim
3571 1563 3618 1615 si

2045 1651 2184 1707 hanc
2217 1653 2397 1719 vellet,
2427 1653 2542 1723 ejus
2576 1654 3085 1709 commemoratione
3109 1655 3434 1709 contrarium
3463 1661 3623 1725 atque

2042 1741 2312 1810 cogitabat
2345 1742 2582 1797 efﬁceret
2609 1761 2622 1797 :
2651 1744 2846 1798 etenim
2874 1743 2962 1813 qni
2989 1745 3382 1798 matrimonium
3412 1751 3624 1798 contra-

2048 1829 2175 1884 here
2195 1831 2396 1895 volunt,
2421 1831 2558 1887 hanc
2585 1841 2780 1901 susque
2801 1832 2970 1900 deque
2991 1833 3210 1902 jactant.
3241 1833 3484 1888 Secundo
3505 1849 3621 1890 eam

2043 1922 2315 1974 instantem
2346 1936 2454 1975 non
2485 1931 2732 1987 vocaret;
2764 1937 2866 1975 non
2905 1924 3046 1976 enim
3077 1937 3216 1977 nunc
3244 1924 3494 1992 primum,
3527 1917 3624 1979 sed

2044 2011 2154 2080 jam
2184 2012 2308 2065 olim
2341 2013 2643 2077 mortalium
2673 2013 2855 2081 generi
2891 2013 3046 2066 insita
3080 2023 3183 2079 est,
3211 2022 3370 2083 atque
3397 2022 3510 2068 erat
3538 2017 3623 2069 illa

2047 2103 2260 2171 quidem
2304 2114 2428 2158 ante
2467 2103 2836 2158 vehementior
2876 2114 2929 2158 ct
2971 2104 3248 2172 indomita,
3301 2107 3394 2161 sed
3427 2107 3623 2162 Christi

2047 2196 2304 2260 adventu,
2343 2197 2732 2266 auctaqnejatn
2775 2197 2990 2263 virtute,
3035 2207 3283 2266 superatu
3332 2199 3498 2254 facilis
3545 2209 3628 2254 est

2046 2287 2258 2341 effecta.
2305 2287 2486 2356 Itaque
2523 2287 2570 2342 ei
2618 2301 2724 2340 non
2749 2286 2818 2340 de
2858 2287 2954 2340 hac
2990 2301 3166 2341 sermo
3199 2297 3301 2354 est,
3348 2290 3442 2343 sed
3469 2290 3626 2344 aliam

2047 2375 2327 2444 quamdam
2357 2376 2549 2442 innuit,
2579 2376 2923 2444 multiplicem
2951 2387 3009 2430 ct
3034 2378 3254 2430 variam.
3283 2378 3536 2446 Quasnam
3562 2396 3625 2434 ea

2045 2464 2166 2519 est?
2196 2465 2553 2520 Humanarum
2600 2480 2777 2519 rerum
2816 2465 3117 2519 conversio.
3155 2466 3322 2520 Tanta
3361 2470 3502 2522 enim
3544 2483 3625 2523 est

2046 2557 2305 2618 confusio,
2354 2565 2496 2610 tanta
2542 2557 2798 2626 tyrannis,
2846 2570 2908 2610 ac
2949 2557 3403 2611 circumstantium
3446 2569 3625 2614 rerum

2049 2647 2224 2712 turba,
2263 2657 2320 2700 nt
2363 2649 2416 2700 in
2469 2648 2652 2700 multis
2693 2661 3061 2716 smpcunmero
3098 2649 3308 2718 conjugi
3349 2649 3431 2702 vel
3461 2650 3623 2702 invito

2047 2737 2330 2790 errandum
2362 2737 2795 2806 peccandnmque
2824 2738 2912 2805 sit.

2121 2826 2302 2880 XLIV.
2346 2826 2576 2880 Facilius
2621 2844 2726 2881 esse
2769 2829 3013 2898 virginem
3059 2845 3209 2898 quam
3250 2832 3513 2902 conjugem
3549 2849 3621 2885 rc-

2049 2936 2202 2988 gnum
2223 2920 2477 2986 consequi.
2497 2949 2567 2958 —
2594 2919 2802 2973 Etenim
2832 2920 2956 2973 olim
2981 2936 3087 2974 non
3121 2924 3164 2974 is
3192 2933 3305 2976 erat
3342 2925 3497 2977 nobis
3519 2927 3624 2978 vir-

2051 3011 2180 3063 tutis
2209 3009 2511 3078 propositus
2555 3009 2766 3074 modus,
2809 3010 2903 3064 sed
2949 3019 3001 3064 et
3034 3011 3276 3079 injuriam
3323 3014 3526 3081 ulcisci,
3575 3024 3624 3070 el

2050 3101 2345 3156 convicium
2381 3099 2625 3165 reddere,
2655 3109 2709 3153 et
2745 3101 2994 3169 pecunias
3025 3116 3310 3169 procurare
3339 3103 3546 3170 licebat,
3573 3116 3624 3159 et

2049 3203 2231 3247 sancte
2251 3193 2451 3262 jurare,
2479 3197 2534 3247 et
2560 3194 2768 3246 oculum
2800 3207 2897 3262 pro
2921 3195 3076 3248 oculo
3101 3209 3312 3260 eruere,
3355 3201 3411 3250 et
3449 3197 3624 3253 inimi-

2049 3299 2141 3338 cos
2175 3284 2385 3349 odisse;
2425 3297 2597 3353 neque
2633 3291 2724 3337 aut
2760 3283 2963 3338 deliciis
3003 3283 3276 3353 indulgere
3317 3295 3408 3339 aut
3446 3287 3622 3352 irasci,

2049 3385 2141 3430 aut
2164 3391 2386 3429 uxorem
2437 3376 2594 3428 aliam
2630 3375 2844 3443 ejicere,
2888 3375 3041 3428 aliam
3083 3375 3380 3430 adsciscere
3409 3376 3626 3432 interdi-

2050 3473 2192 3518 ctum
2219 3473 2353 3518 erat.
2398 3464 2580 3533 Neque
2605 3463 2654 3516 id
2684 3464 2876 3528 solum,
2909 3463 3001 3516 sed
3029 3463 3163 3517 duas
3189 3464 3344 3517 etiam
3375 3467 3626 3535 conjuch

2050 3555 2206 3609 simul
2239 3554 2432 3608 hahcr‘c
2464 3555 2542 3606 lex
2573 3553 2796 3616 sinebat,
2821 3563 3038 3621 eratque
3067 3563 3173 3607 tum
3197 3553 3294 3608 hac
3322 3556 3372 3608 i'n
3405 3571 3482 3618 re.
3513 3565 3622 3610 tum

2051 3645 2102 3697 in
2133 3644 2248 3698 aliis
2287 3643 2530 3697 omnibus
2565 3655 2768 3696 summa
2811 3643 2926 3710 ejus
2955 3642 3196 3697 facilitas.
3243 3646 3313 3697 At
3349 3655 3624 3716 postquam

2049 3733 2292 3787 Christus
2317 3733 2532 3802 prodiit,
2577 3732 2661 3784 via
2691 3732 2843 3800 longe
2888 3731 3019 3786 facta
3060 3743 3143 3786 est
3183 3737 3472 3804 angUstior,
3519 3752 3622 3790 non

2049 3825 2219 3878 solum
2247 3823 2387 3893 quod
2419 3821 2842 3892 incomparabilis
2869 3837 2929 3877 ea
2957 3831 3010 3877 et
3041 3823 3224 3893 ingens
3245 3827 3478 3880 omnium
3506 3844 3624 3896 qua:

2050 3914 2162 3968 dixi
2193 3915 2404 3969 licentia
2445 3913 2597 3968 nobis
2623 3928 2655 3967 e
2692 3913 2937 3968 manibus
2970 3924 3148 3982 erepta
3187 3916 3287 3980 sit;
3330 3918 3423 3971 sed
3464 3920 3622 3972 etiam

2049 4006 2192 4076 quod
2217 4019 2365 4068 uxor,
2391 4020 2511 4074 qua:
2537 4019 2632 4058 nos
2664 4004 2826 4058 multa
2869 4003 3127 4057 interdum
3161 4006 3242 4059 vel
3265 4006 3456 4061 invitos
3484 4009 3626 4062 desi-

2050 4112 2213 4166 gnare
2255 4097 2468 4151 inducat
2509 4107 2665 4164 atque
2709 4103 2882 4163 cogat,
2927 4094 3068 4148 domi
3118 4103 3372 4164 perpetuo
3421 4099 3491 4151 sit
3525 4098 3622 4152 ha-

2052 4187 2243 4253 benda,
2271 4196 2381 4249 aut,
2425 4185 2468 4239 si
2505 4185 2696 4253 ejicere
2719 4183 2871 4248 velis,
2904 4183 3148 4236 adulterii
3177 4184 3378 4239 crimen
3406 4187 3474 4240 sit
3498 4190 3625 4241 sub-

2051 4279 2303 4333 eundum.
2333 4277 2513 4346 Neque
2539 4277 2638 4330 hoc
2682 4285 2882 4329 tantum
2922 4276 3134 4330 nurnine
3174 4278 3337 4332 virtus
3378 4293 3441 4334 ea
3473 4282 3624 4336 nobis

2052 4368 2282 4422 difﬁcilis
2306 4375 2406 4432 est,
2439 4367 2529 4420 sed
2555 4366 2692 4436 quod
2713 4367 2832 4420 licet
2858 4369 3051 4434 coniux
3074 4367 3490 4426 intolerabiiibus
3515 4389 3626 4426 mo-

2052 4459 2201 4513 ribus
2225 4460 2313 4524 sit,
2339 4468 2584 4512 curarum
2615 4465 2789 4510 tamen
2819 4473 2936 4525 qtue
2960 4473 3057 4512 nos
3080 4468 3297 4528 propter
3333 4475 3450 4515 eam
3472 4463 3622 4531 ejus-

2053 4563 2154 4618 que
2205 4548 2400 4602 liberos
2445 4546 2829 4601 circumfundat
2874 4549 3046 4614 turba,
3095 4564 3194 4603 nec
3239 4551 3516 4606 minimum
3568 4557 3619 4606 in

2052 4641 2237 4694 ctclum
2266 4641 2537 4708 suspicere
2576 4640 2822 4708 patiatur,
2859 4642 3066 4695 animos
3094 4650 3303 4695 nostros
3335 4645 3482 4711 quasi
3510 4644 3627 4712 qui-

2052 4730 2172 4785 dam
2216 4739 2403 4784 vortex
2444 4729 2673 4800 undique
2721 4737 2970 4799 torquens
3011 4745 3075 4784 ac
3118 4730 3450 4800 demergens.
3492 4733 3622 4788 Nam

2053 4837 2176 4876 ecce
2215 4823 2362 4890 cupit
2404 4822 2484 4875 vir
2523 4823 2779 4890 privatam
2829 4829 2884 4876 et
2924 4822 3147 4876 otiosam
3185 4824 3346 4876 vitam
3394 4824 3624 4894 degere;

2053 4911 2146 4966 sed
2183 4912 2482 4980 conSpectis
2506 4911 2968 4965 circumstantibus
3010 4910 3192 4965 liberis
3216 4919 3373 4981 atque
3401 4913 3624 4982 conjuge

2052 5003 2236 5072 grandi
2264 5011 2478 5072 sumptu
2500 5010 2706 5070 egente,
2725 5001 2807 5054 vel
2832 5001 3024 5055 invitus
3040 5016 3100 5055 se
3123 5002 3174 5055 in
3196 5002 3425 5056 civilium
3448 5019 3623 5057 rerqu

2053 5101 2240 5147 aestum
2280 5092 2515 5159 conjicit.
2560 5091 2638 5145 Eo
2674 5100 2848 5145 autem
2895 5077 3152 5160 illapsnm~
3179 5091 3280 5146 dici
3319 5106 3422 5144 non
3454 5102 3628 5161 potest

2053 5192 2242 5253 quanta
2266 5183 2336 5236 illi
2364 5196 2583 5250 peccare
2606 5196 2823 5236 necesse
2847 5183 2934 5246 sit,
2959 5183 3231 5249 irascenti,
3253 5183 3472 5251 juranri,
3500 5190 3628 5236 'con-

2055 5273 2290 5337 vicianti,
2345 5272 2643 5336 ulciscenti,
2705 5271 2994 5338 simulanti,
3053 5273 3214 5326 multa
3267 5272 3331 5325 ad
3378 5273 3636 5340 gratiam,

2051 5365 2214 5419 multa
2243 5364 2308 5418 ad
2330 5364 2651 5418 simultatem
2679 5362 2907 5416 facienti.
2934 5363 3032 5429 Qui
3061 5363 3200 5416 enim
3232 5372 3421 5431 potest,
3457 5364 3543 5432 qui
3573 5364 3625 5417 in

2051 5457 2211 5512 tantis
2253 5455 2498 5510 fluctibus
2527 5463 2788 5518 versetur,
2831 5437 2987 5521 atque
3025 5453 3146 5507 inde
3171 5454 3394 5522 gloriam
3425 5463 3621 5522 captet,

2051 5565 2155 5604 non
2189 5563 2377 5618 graves
2415 5547 2678 5602 scelerum
2705 5546 2889 5600 sordes
2915 5546 3268 5601 contrahere?
3296 5547 3410 5602 Jam
3439 5549 3480 5599 si
3509 5548 3624 5615 quis

2051 5640 2338 5696 domestica
2377 5639 2622 5704 rimetur,
2664 5637 2849 5692 eadem
2893 5648 3051 5706 atque
3081 5637 3238 5692 etiam
3267 5636 3455 5700 majori
3481 5635 3624 5689 difﬁ-
