4016 6154
340 321 443 379 2367

257 410 269 423 ἱ
335 435 537 489 cultate
571 431 726 502 plena
770 425 1003 482 inveniet
1029 430 1253 494 prOptcr‘
1288 433 1544 480 uxorem;
1585 414 1746 469 multa
1782 411 1924 466 enim

343 541 405 580 ac
431 524 499 578 dc
526 522 704 577 multis
729 527 879 575 curet
905 529 1124 571 necesse
1151 523 1252 575 est,
1274 512 1466 581 quibus
1495 507 1717 564 seorsim
1744 504 1920 573 agenti

339 618 455 672 viro
494 613 622 669 nihil
651 627 785 683 opus
825 618 986 665 esset.
1033 609 1206 676 Atque
1251 603 1367 658 hare
1394 601 1630 672 quidem,
1672 599 1716 653 si
1757 597 1924 667 proba

341 719 499 777 atque
520 703 799 762 commoda
826 703 896 756 sit
921 714 1092 762 uxor;
1123 698 1204 750 sin
1235 694 1502 763 pervicax,
1536 691 1747 751 acerba,
1783 685 1927 741 diffi-

342 799 480 863 cilis,
524 811 627 850 non
651 794 760 864 jam
790 791 842 846 id
874 791 1163 845 necessitas
1190 784 1369 850 modo,
1395 783 1487 837 sed
1521 795 1674 850 pugna
1705 794 1768 834 ac
1796 792 1924 846 sup-

345 888 561 957 plicium
597 883 893 941 vocandum
921 882 1045 936 erit.
1073 878 1172 946 Qui
1216 875 1414 947 poterit
1435 887 1563 942 ergo
1603 871 1704 925 iter
1728 868 1794 922 ad
1821 883 1929 922 cae-

344 980 450 1033 lum
496 975 779 1039 conﬁcere,
818 972 961 1042 quod
1007 968 1197 1024 solutis
1233 981 1298 1021 ac
1337 963 1639 1035 pernicibus
1682 959 1926 1030 pedibus,

344 1071 523 1124 animo
549 1068 787 1124 accincto
811 1074 864 1120 et
890 1063 1053 1134 probe
1074 1077 1133 1116 ex
1145 1058 1323 1128 petiito
1351 1056 1569 1124 indiget,
1593 1068 1654 1107 ea
1686 1051 1926 1120 negotio-

344 1176 463 1215 rum
508 1159 650 1213 mole
694 1155 961 1225 imposita,
1013 1160 1088 1206 tot
1131 1148 1329 1219 pcdicis
1366 1144 1708 1208 constrictus,
1745 1148 1930 1195 catena

348 1252 467 1316 hac,
511 1249 692 1305 uxoris
744 1249 956 1315 inquam
1011 1240 1369 1312 improbitate,
1416 1236 1666 1290 deorsum
1719 1229 1933 1285 assidue

350 1340 652 1395 detractus?
1692 1328 1697 1333 ’

420 1429 581 1485 XLV.
626 1429 726 1496 Qui
769 1440 1107 1496 supervacuas
1141 1420 1456 1492 difﬁcultates
1499 1416 1798 1486 excogitant,
1851 1426 1935 1465 cos

350 1522 548 1577 nullum
571 1522 679 1591 ejus
704 1520 777 1574 rei
807 1519 1070 1590 prtcmium
1097 1530 1321 1569 manere.
1349 1540 1421 1551 --
1444 1513 1515 1565 At
1549 1507 1690 1579 quod
1729 1516 1809 1559 est
1832 1503 1935 1559 hoc

349 1613 562 1683 sapiens
590 1610 727 1681 vulgi
755 1621 1089 1679 responsum,
1116 1620 1238 1660 eum
1263 1603 1330 1659 ad
1367 1616 1461 1658 eos
1484 1600 1602 1655 tunc
1625 1597 1802 1653 omnia
1842 1611 1933 1650 re-

350 1702 671 1758 censemus?
697 1700 896 1769 Itaque,
930 1697 1117 1767 inquit,
1145 1693 1333 1765 majori
1363 1691 1581 1762 prtemio
1605 1689 1797 1758 dignus
1837 1685 1939 1741 erit

351 1793 462 1863 qni,
495 1792 595 1846 hac
640 1791 887 1861 imposita
918 1786 1256 1846 necessitate,
1296 1790 1443 1838 recte
1486 1795 1546 1837 se
1589 1787 1758 1849 gerat.
1800 1775 1937 1843 Quid

354 1884 451 1948 ita,
480 1882 621 1936 bone
649 1883 748 1944 vir,
780 1888 834 1934 ct
853 1872 1410 1949 quamobrem‘iQuod
1440 1870 1719 1939 majorem,
1747 1865 1936 1936 inquit,

352 1975 591 2030 laborem
622 1981 839 2042 pr0pter
876 1965 1272 2023 matrimonium
1312 1963 1523 2019 subeat.
1558 1961 1621 2014 Et
1655 1958 1772 2028 quis
1815 1971 1938 2011 eum

358 2073 559 2119 tantum
585 2078 720 2118 onus
746 2060 1017 2130 suscipere
1043 2054 1250 2126 coegit?
1282 2068 1403 2108 nam
1431 2052 1475 2107 si
1503 2048 1716 2120 quidem
1754 2046 1940 2101 matri-

357 2157 595 2211 monium
623 2151 853 2208 inetmdo
875 2156 1193 2221 praeceptum
1213 2144 1477 2214 impleret,
1500 2156 1563 2194 ac
1583 2154 1690 2193 non
1713 2135 1943 2192 ineundo

360 2250 412 2301 itt
440 2248 610 2316 legem
650 2244 1004 2312 delinqueret,
1040 2238 1258 2291 haberet
1283 2234 1331 2288 id
1362 2230 1787 2303 probabilitatem
1822 2226 1941 2282 :sin

360 2349 558 2402 autem,
613 2336 697 2390 cui
751 2335 976 2388 Iibermn
1026 2338 1170 2385 esset
1219 2323 1543 2381 matrimonii
1598 2321 1783 2391 jngum
1837 2333 1943 2372 non

361 2428 565 2491 subire,
613 2426 772 2490 ultro,
813 2428 1037 2493 cogente
1084 2419 1248 2484 nullo,
1293 2430 1351 2471 se
1380 2416 1431 2469 in
1472 2427 1566 2469 cas
1607 2409 1947 2465 difficultates

364 2519 619 2573 inducere
655 2514 838 2579 voluit,
884 2528 989 2581 quo
1028 2510 1240 2580 gravius
1281 2506 1382 2561 sibi
1428 2502 1634 2559 virtutis
1677 2509 1946 2557 certamen

365 2609 700 2670 redderetur,
743 2603 872 2659 niltil
902 2601 1002 2656 hoc
1038 2599 1105 2653 ad
1144 2595 1540 2669 agonothetam,
1573 2592 1661 2662 qui
1701 2591 1753 2645 id
1784 2604 1947 2649 unum

364 2699 604 2769 jusserit,
636 2711 755 2751 cum
787 2692 999 2749 diabolo
1039 2690 1235 2745 bellum
1263 2687 1546 2750 conficere,
1579 2691 1739 2753 atque
1762 2680 1951 2736 adver-

369 2808 484 2847 srm
525 2790 647 2845 vitia
678 2786 953 2842 victoriam
981 2797 1239 2854 qtuerere.
1269 2780 1394 2836 Sive
1423 2788 1597 2832 autem
1625 2775 1744 2846 quis
1769 2772 1951 2827 matri-

371 2885 553 2939 monio
572 2882 848 2937 devinctus
873 2892 936 2931 ac
963 2875 1167 2931 deliciis
1196 2887 1407 2936 vacans,
1432 2870 1605 2938 deque
1634 2865 1818 2921 multis
1846 2862 1956 2917 solo

371 2975 545 3030 licitus
598 2974 686 3036 sit,
737 2971 849 3025 sive
895 2967 1159 3023 exercitus
1198 2972 1252 3020 ct
1288 2962 1539 3026 afflictus,
1591 2973 1764 3028 neque
1808 2953 1950 3010 aliud

374 3075 630 3135 praeterea
660 3076 870 3125 curans,
912 3058 962 3112 id
999 3056 1126 3111 nihil
1156 3054 1305 3125 pensi
1350 3051 1532 3107 habet.
1563 3048 1810 3104 Victoria:
1832 3043 1952 3115 qni-

373 3155 496 3210 dem
523 3151 761 3217 modunt,
797 3158 953 3219 atque
981 3147 1045 3202 ad
1078 3156 1333 3216 tropaeum
1362 3142 1618 3199 ferentem
1645 3139 1807 3203 viam,
1833 3148 1952 3190 cam

373 3246 628 3318 praedicat
655 3258 773 3315 qua:
811 3244 969 3297 rebus
1003 3240 1251 3295 omnibus
1280 3236 1525 3291 humanis
1568 3233 1741 3287 soluta
1786 3231 1854 3283 sit
1893 3241 1955 3282 ac

378 3340 543 3394 libera
568 3355 580 3391 :
604 3336 725 3403 quia
755 3342 931 3390 autem
964 3342 1017 3386 tu
1045 3347 1165 3385 eunt
1193 3343 1357 3383 uxore
1385 3341 1449 3381 ac
1474 3325 1674 3389 liberis,
1701 3320 1955 3391 negotiis—

375 3448 480 3502 que
520 3431 619 3484 ista
667 3423 1044 3483 comitantibus
1089 3422 1284 3476 bellum
1326 3431 1515 3488 gerere
1560 3430 1623 3469 ac
1670 3412 1958 3481 confligere

380 3501 479 3588 vis,
502 3520 653 3589 quasi
685 3518 826 3587 paria
857 3515 1186 3586 pratstiturus
1214 3520 1372 3580 atque
1400 3510 1434 3563 ii
1471 3508 1561 3578 qui
1588 3506 1655 3561 ab
1684 3505 1766 3559 his
1786 3501 1959 3558 omni-

382 3617 483 3671 bus
502 3610 732 3682 expediti
757 3617 901 3673 sunt,
923 3606 1145 3675 ideoque
1165 3602 1350 3671 majori
1374 3597 1707 3654 admirationi
1731 3595 1958 3661 futurus,

382 3721 523 3762 nunc
547 3704 772 3759 fortasse
801 3714 901 3755 nos
939 3712 1145 3767 magna:
1174 3693 1435 3764 superbia:
1475 3684 1787 3752 insimules,
1829 3686 1872 3741 si
1910 3694 1962 3741 te

383 3797 450 3852 ad
478 3794 616 3849 idem
659 3792 726 3846 ad
769 3790 909 3861 quod
953 3788 1028 3843 illi
1060 3800 1315 3841 cacumen
1354 3782 1614 3850 attingere
1657 3793 1761 3833 non
1805 3791 1963 3847 posse

384 3889 657 3948 dicamus;
703 3882 794 3937 sed
837 3879 1174 3950 praemiorum
1217 3876 1429 3930 demum
1476 3880 1686 3939 tempus
1713 3867 1875 3937 probe
1916 3874 1966 3919 te

389 3991 498 4035 tum
529 3976 759 4041 docebit,
785 3974 951 4029 multo
978 3978 1233 4042 praestare
1258 3965 1598 4021 securitatem
1634 3961 1776 4015 inani
1802 3958 1969 4013 ambi-

391 4071 541 4133 tioni,
576 4067 848 4134 satiusque
871 4076 992 4116 esse
1018 4058 1251 4121 Christo,
1291 4069 1449 4125 quam
1478 4052 1716 4106 inutilibus
1749 4050 1858 4103 suis
1883 4048 1967 4101 in-

389 4160 565 4216 ventis
601 4155 842 4213 credere.
886 4150 1093 4208 Etenim
1142 4148 1383 4203 Christus
1410 4152 1569 4215 negat
1610 4141 1675 4196 ad
1718 4139 1969 4194 virtutem

394 4252 554 4307 nobis
576 4250 846 4313 sufﬁcere,
873 4247 992 4301 suis
1013 4244 1273 4300 omnibus
1298 4237 1643 4295 renuntiare,
1671 4231 1779 4287 nisi
1807 4228 1972 4285 etiam

394 4344 762 4411 nosmetipsos
784 4339 1064 4395 oderimus
1083 4336 1236 4401 (Luc.
1265 4334 1355 4387 ll.
1380 4330 1451 4385 26
1469 4331 1508 4397 );
1532 4337 1590 4383 tu
1611 4327 1697 4380 his
1718 4321 1976 4411 omnibus

395 4410 702 4502 permistus,
757 4426 836 4479 ais
885 4437 1046 4493 posse
1096 4433 1370 4489 superare.
1417 4414 1545 4477 Sed,
1608 4422 1664 4467 ut
1711 4410 1971 4474 dicebam,

397 4500 563 4591 probe
605 4528 714 4572 tum
754 4514 1036 4582 intelliges,
1066 4519 1322 4581 quantum
1363 4507 1431 4560 ad
1465 4505 1712 4559 virtutem
1757 4500 1978 4571 impedi-

397 4619 635 4667 mentum
662 4606 732 4661 sit
757 4619 892 4660 uxor
909 4611 1067 4670 atque
1089 4600 1286 4652 uxoria:
1309 4612 1472 4651 curae.

471 4700 657 4758 XLVI.
698 4696 802 4753 Cur
846 4694 1075 4765 adjutria:
1101 4700 1274 4744 uocata
1318 4705 1448 4743 uxor
1475 4702 1587 4758 quae
1626 4684 1979 4755 impedimento

398 4806 471 4852 est
493 4795 561 4848 ad
587 4792 858 4865 perfectam
884 4788 1057 4843 vitam.
1078 4814 1152 4825 —
1181 4783 1246 4837 Et
1265 4780 1375 4851 qui,
1403 4780 1591 4849 inquit,
1618 4778 1980 4847 adjumentum

403 4901 521 4942 eam
553 4891 707 4939 vocat
732 4893 853 4949 qua:
890 4873 1180 4944 impediat?
1208 4885 1327 4924 nam
1357 4868 1653 4936 Faciamus.
1678 4868 1771 4928 ait,
1812 4868 1858 4920 ei
1884 4868 1979 4920 ad-

400 4979 626 5050 iutorem
643 4971 859 5027 similem
886 4968 984 5038 ipsi
1003 4964 1156 5039 (Gen.
1179 4962 1236 5015 2.
1268 4962 1380 5029 l8).
1412 4960 1523 5030 Ego
1548 4972 1676 5015 vero
1700 4958 1795 5013 abs
1822 4967 1874 5014 te
1899 4958 1981 5013 itt-

403 5084 563 5139 super
590 5076 846 5136 quteram,
877 5075 981 5131 quo
1011 5065 1164 5128 pacto
1192 5052 1421 5123 adjutrix
1449 5060 1551 5119 est,
1579 5067 1696 5121 qua!
1725 5053 1894 5107 virum
1922 5067 1982 5105 ea

406 5160 695 5216 securitate
714 5152 999 5226 spoliavit,
1027 5158 1186 5217 atque
1214 5144 1508 5200 admirabili
1541 5143 1630 5197 illo
1660 5144 1712 5197 in
1743 5144 1985 5213 paradiso

401 5251 673 5308 domicilio
692 5245 1028 5302 exturbatum
1055 5242 1108 5296 in
1135 5238 1410 5309 priesentis
1443 5237 1565 5290 vita:
1597 5236 1778 5291 turbas
1801 5237 1984 5305 conje-

404 5342 515 5397 cit?
544 5343 658 5395 haec
694 5338 838 5394 enim
870 5344 993 5389 sunt
1022 5346 1126 5387 non
1152 5330 1511 5398 adjumentum
1542 5327 1863 5398 praestantis,
1891 5327 1985 5382 sed

407 5432 728 5490 insidiantis.
753 5428 797 5482 Α
831 5426 1057 5489 muliere,
1103 5422 1274 5493 inquit
1311 5420 1422 5486 ille,
1461 5419 1662 5473 initium
1700 5420 1910 5489 peccati,
1942 5429 1988 5473 et

410 5533 615 5597 propter
638 5521 784 5576 illaut
812 5518 1055 5572 morimur
1093 5531 1263 5571 omnes
1288 5511 1474 5583 (Eccli.
1504 5511 1594 5566 ‘25.
1626 5510 1740 5580 33).
1772 5511 1840 5565 Et
1869 5511 1989 5565 bea-

406 5629 498 5671 tus
523 5612 737 5675 Paulus,
766 5609 950 5675 Adam,
978 5607 1072 5673 ait,
1099 5622 1199 5660 non
1225 5614 1296 5660 est
1321 5605 1576 5674 deceptus,
1612 5611 1664 5654 at
1693 5601 1863 5656 mulier
1896 5603 1987 5655 de-

406 5716 549 5778 cepta
571 5705 626 5760 in
656 5701 1062 5775 prmaricatione
1085 5699 1181 5772 fuit
1209 5697 1287 5769 (l.
1319 5696 1449 5749 Tim.
1475 5693 1530 5746 2.
1566 5692 1678 5761 Η).
1708 5693 1985 5759 Quomodo

1041 310 1099 364 S.
1142 303 1424 363 JOANNIS
1461 293 1939 357 CIIRYSOSTOMI
1982 289 2300 347 ARCHIEP.
2342 286 2874 344 CONSTANTINOP.

3532 281 3648 335 568

2034 408 2189 478 igitur
2211 406 2439 477 adjutrix
2479 416 2562 461 est
2589 420 2707 476 qua:
2746 404 2921 460 virum
2966 402 3067 459 snh
3094 410 3319 459 mortem
3357 400 3648 471 subjecit?

2033 502 2300 571 quomodo
2327 500 2580 570 adjutrix,
2606 514 2700 568 per
2724 513 2881 567 quam
2906 496 2997 553 Dei
3028 496 3140 562 lilii,
3170 498 3414 565 adeoque
3436 506 3643 549 omnes

2035 602 2145 647 tum
2188 602 2383 647 terram
2426 591 2741 657 incolentes,
2786 603 2907 644 cum
2940 586 3086 653 feris,
3120 586 3453 652 volneribus,
3501 599 3644 639 cun-

2035 687 2241 754 tuisque
2260 683 2477 753 reliquis
2489 682 2844 736 animantibus
2866 679 3061 735 diluvio
3077 678 3234 733 deleti
3261 686 3385 732 sunt
3401 677 3427 730 ?
3452 688 3647 729 nonne

2035 793 2097 833 ca
2151 778 2352 846 justum
2396 775 2587 831 Jobum
2636 773 2952 844 perdidisset
2998 771 3140 843 (Job.
3184 770 3255 841 2)
3304 771 3406 825 nisi
3449 769 3502 823 is
3544 766 3646 821 ad-

2036 868 2250 923 modum
2281 883 2340 922 se
2364 867 2533 920 virum
2566 865 2918 935 praebuisset?
2957 879 3134 919 nonne
3164 864 3278 917 haec
3304 861 3647 917 Satnsonem

2037 959 2267 1028 perdidit
2299 957 2446 1028 (Jud.
2483 957 2614 1025 l6)?
2656 972 2835 1011 nonne
2875 971 2936 1011 ea
2966 955 3186 1025 perfecit
3231 965 3287 1008 ut
3314 954 3648 1008 universum

2041 1050 2384 1105 Hebrmorttm
2416 1062 2587 1118 genus
2605 1048 2951 1118 Beelphegori
2980 1048 3275 1101 initiaretur
3296 1045 3495 1116 (Nunt.
3514 1043 3646 1116 25),

2039 1157 2103 1197 ac
2142 1151 2488 1212 cognatorum
2535 1140 2779 1194 manibus
2822 1138 3207 1193 trucidaretur?
3234 1137 3363 1204 Quis
3406 1136 3648 1206 potissi-

2039 1248 2185 1287 mttm
2230 1231 2538 1286 Achaabnm
2578 1230 2793 1285 diabolo
2830 1229 3059 1299 prodidit
3105 1229 3180 1298 (5.
3208 1226 3335 1298 Reg.
3376 1227 3476 1282 2|.
3511 1226 3647 1297 25),

2041 1334 2203 1393 atque
2226 1331 2348 1377 ante
2374 1337 2493 1375 eum
2519 1319 2978 1389 SalomonemUb.
2998 1319 3081 1374 ll.
3108 1320 3185 1390 4),
3209 1328 3327 1389 post
3356 1327 3468 1373 tam
3501 1318 3650 1371 insi—

2041 1430 2198 1485 gnem
2243 1414 2554 1484 sapientiant
2586 1428 2651 1468 ac
2687 1412 3091 1468 celebritatem?
3134 1412 3321 1465 Nonne
3360 1410 3651 1489 hodieque

2041 1508 2170 1561 viris
2212 1508 2323 1561 suis
2363 1515 2608 1560 auctores
2634 1512 2759 1559 sunt
2793 1504 2958 1558 multa
2995 1503 3047 1556 in
3079 1503 3243 1557 Deum
3272 1500 3653 1556 admittendi?

2043 1612 2223 1652 nonne
2264 1596 2462 1651 idcirco
2505 1598 2718 1666 sapiens
2754 1596 2844 1650 ille
2888 1594 3143 1663 scriptum
3183 1593 3417 1661 reliquit,
3463 1590 3652 1645 Parva

2043 1698 2119 1743 est
2155 1688 2342 1757 qumvis
2380 1687 2604 1756 pravitas
2646 1701 2753 1756 pra:
2775 1685 3002 1739 mulieris
3032 1684 3273 1753 pravitate
3302 1681 3496 1753 (Ercli.
3542 1681 3646 1737 25.

2043 1780 2180 1852 26)?
2206 1778 2483 1846 Quomodo
2509 1778 2690 1850 igitur,
2721 1778 2909 1846 inquit,
2932 1776 3061 1831 diin
3096 1776 3256 1843 Deus,
3282 1775 3570 1829 Faciamus
3599 1775 3649 1828 ei

2044 1872 2329 1942 atljutorem
2370 1871 2585 1924 similem
2629 1870 2729 1939 ipsi
2775 1867 2928 1940 (Gen.
2975 1867 3031 1922 2.
3074 1868 3206 1938 l8)?
3258 1883 3429 1938 neque
3486 1868 3649 1923 enim

2046 1963 2302 2019 mentitur
2326 1963 2486 2016 Dens.
2526 1961 2708 2031 Neque
2737 1959 2789 2014 id
2815 1958 3058 2030 equidem
3101 1973 3349 2030 umquam
3376 1959 3644 2022 dixerim,

2047 2054 2266 2109 minimc
2290 2054 2562 2123 gentium;
2592 2052 2684 2107 sed
2717 2067 2834 2121 qua:
2870 2066 2931 2106 ea
2963 2049 3030 2106 de
3057 2066 3215 2105 causa
3256 2049 3395 2105 facta
3431 2058 3546 2114 est,
3590 2049 3648 2101 in

2047 2144 2303 2215 dignitate
2337 2158 2432 2199 sua
2476 2143 2761 2212 persistere
2809 2142 3002 2208 noluit;
3047 2140 3496 2211 quemadmodum
3542 2155 3654 2195 nec

2049 2236 2166 2304 ejus
2191 2235 2291 2288 vir.
2324 2233 2453 2288 Nam
2486 2242 2541 2288 et
2581 2249 2702 2288 eum
2732 2232 2798 2286 ad
2835 2233 3114 2302 imaginem
3146 2241 3200 2287 et
3227 2231 3650 2304 similitudinem

2049 2339 2198 2379 suam
2246 2325 2389 2378 Deus
2437 2322 2722 2377 fabricatus
2768 2330 2851 2375 est
2876 2300 3083 2376 ‘zinam
3110 2321 3203 2388 ait,
3234 2300 3515 2374 Faciamus
3544 2323 3650 2375 Ito-

2061 2415 2255 2466 minem
2280 2412 2350 2467 ad
2372 2409 2653 2482 imaginem
2679 2420 2728 2465 et
2746 2411 2816 2463 ad
2837 2411 3238 2465 similitudinem
3257 2419 3503 2464 nostram
3526 2408 3653 2480 (Id.

2056 2505 2110 2560 l.
2136 2504 2261 2574 26);
2292 2514 2350 2560 ut
2372 2513 2426 2560 et
2454 2504 2616 2569 dixit,
2648 2501 2938 2557 Faciamus
2965 2503 3013 2557 ei
3043 2502 3343 2569 adjutorem
3366 2517 3385 2560 ;
3411 2499 3511 2556 sed
3547 2501 3657 2571 qu'.

2055 2608 2280 2670 utroque
2323 2597 2577 2667 praeditus
2619 2603 2779 2659 esset,
2820 2603 3101 2663 utrumque
3143 2593 3388 2663 protinus
3435 2592 3653 2646 amisit.

2054 2688 2186 2743 Nam
2239 2702 2339 2743 nec
2386 2685 2786 2741 similitudinem
2837 2684 3193 2750 conservavit,
3248 2683 3337 2754 qui
3391 2683 3653 2737 absurdae

2055 2779 2329 2849 cupiditati
2369 2791 2429 2832 se
2470 2774 2756 2837 dediderit,
2796 2789 2859 2829 ac
2896 2773 3020 2829 dolo
3059 2784 3267 2842 captus,
3311 2774 3652 2842 voluptatem

2056 2871 2276 2926 minime
2324 2868 2567 2938 fregerit;
2616 2877 2670 2922 ct
2716 2865 2857 2936 quod
2892 2873 3008 2919 erat
3048 2865 3100 2919 in
3136 2879 3203 2920 eo
3247 2867 3312 2918 ad
3358 2864 3653 2933 imaginem

2060 2963 2176 3025 Dei,
2237 2962 2396 3017 etiam
2449 2958 2649 3013 nolenti
2699 2956 2956 3027 deinceps
3002 2964 3247 3026 ereptum
3304 2964 3404 3011 est.
3458 2954 3655 3025 Neque

2061 3053 2204 3110 enim
2257 3053 2396 3106 Deus
2438 3064 2599 3120 parva
2647 3048 2854 3118 imperii
2900 3055 3051 3117 parte
3095 3061 3216 3101 eum
3251 3047 3550 3115 mulctavit,
3597 3056 3653 3100 ct

2060 3159 2181 3200 cum
2225 3144 2313 3213 qni
2367 3140 2616 3196 omnibus
2653 3138 2904 3195 terribilis
2951 3145 3097 3193 esset
3129 3137 3277 3193 velut
3314 3136 3498 3200 herus,
3550 3150 3655 3190 ceu

2063 3238 2324 3307 ingratum
2369 3251 2607 3300 servum,
2640 3234 2727 3305 qui
2765 3232 3040 3287 dominum
3065 3231 3391 3297 offendisset,
3422 3246 3657 3286 conscr-

2062 3330 2145 3391 vis
2171 3326 2548 3398 chpicahiIem
2575 3324 2773 3380 effecit.
2800 3322 2933 3378 Nam
2964 3323 3117 3378 initio
3137 3324 3294 3378 etiam
3324 3320 3449 3376 feris
3473 3321 3654 3376 omni-

2064 3422 2164 3477 bus
2194 3420 2383 3476 tcrrori
2425 3426 2574 3483 erat;
2615 3431 2802 3471 omnes
2829 3416 3025 3485 quippe
3062 3415 3203 3469 Deus
3246 3412 3312 3472 ad
3359 3413 3506 3467 illum
3551 3413 3655 3465 ad-

2066 3515 2236 3581 duxit,
2269 3527 2441 3582 neque
2472 3511 2577 3566 nlla
2608 3526 2727 3565 eum
2757 3508 2955 3564 laedere
2995 3522 3058 3562 ac
3100 3504 3348 3561 invadere
3376 3515 3458 3559 est
3485 3518 3653 3567 ausa;

2068 3606 2280 3661 videbat
2305 3605 2500 3673 quippe
2543 3602 2594 3655 itt
2635 3615 2700 3655 eo
2739 3598 3066 3654 relucentem
3100 3596 3381 3667 imaginem
3420 3594 3655 3665 regiam.

2069 3697 2213 3765 Quas
2242 3695 2331 3750 ubi
2371 3701 2522 3748 notas
2549 3698 2768 3762 peccato
2793 3687 3128 3753 deformavit,
3163 3701 3283 3741 cum
3312 3685 3452 3740 Deus
3477 3684 3655 3752 impe-

2072 3792 2153 3847 rio
2177 3788 2391 3858 dcjecit.
2427 3787 2606 3858 Igitur,
2649 3787 2770 3842 licet
2806 3783 3072 3846 omnibus,
3100 3797 3219 3852 qua:
3249 3781 3300 3834 in
3342 3788 3481 3835 terra
3520 3779 3657 3843 sint,

2072 3881 2207 3935 adeo
2233 3894 2337 3933 non
2366 3878 2610 3946 imperet,
2641 3884 2700 3930 ut
2725 3875 2967 3943 quaedam
3014 3872 3172 3926 etiam
3213 3870 3428 3923 horreat
3455 3883 3518 3922 ac
3545 3867 3659 3922 for-

2075 3970 2274 4033 midet,
2308 3968 2400 4023 Dei
2426 3965 2742 4022 sententiam
2797 3964 2939 4018 illam
2993 3961 3253 4016 mendacii
3302 3975 3410 4014 non
3455 3961 3655 4029 arguit,

2077 4060 2146 4116 Et
2199 4060 2520 4114 dominentur
2567 4057 2907 4111 animantibus
2963 4053 3232 4125 tcrrazUb.
3259 4072 3305 4111 υ.
3331 4055 3659 4127 28):neqne

2076 4152 2219 4207 enim
2245 4151 2361 4221 ejus
2389 4151 2476 4221 qui
2505 4149 2673 4215 dedit,
2702 4148 2797 4205 sed
2823 4148 2911 4218 qui
2942 4146 3145 4217 accepit
3172 4147 3300 4200 vitio
3325 4160 3386 4200 ea
3415 4154 3658 4217 potestas

2081 4242 2306 4313 praecisa
2353 4249 2479 4315 est:
2511 4241 2580 4293 ita
2617 4253 2717 4294 nec
2754 4237 2961 4294 insidia:
2989 4252 3108 4308 qua:
3137 4237 3264 4291 viris
3300 4235 3369 4291 ab
3404 4235 3662 4290 uxoribus

2080 4342 2376 4398 struuntur,
2411 4332 2512 4386 hoc
2539 4330 2738 4386 dictum
2765 4329 3104 4394 labefactant,
3136 4326 3408 4382 Faciamus
3434 4328 3480 4381 ei
3501 4326 3659 4394 adiu-

2084 4434 2240 4479 tarent
2263 4423 2474 4478 similem
2501 4423 2634 4493 ipsi:
2663 4435 2784 4475 nam
2811 4420 2876 4474 ad
2908 4419 3008 4474 hoc
3028 4428 3330 4488 comparata
3356 4428 3457 4483 est,
3490 4417 3582 4472 sed
3608 4418 3662 4471 in

2084 4529 2149 4570 eo
2179 4529 2284 4570 non
2313 4514 2622 4585 permansit.
2649 4511 2788 4581 Quin
2830 4510 2961 4566 illud
2992 4519 3252 4581 praeterea
3296 4508 3472 4565 afferri
3499 4509 3666 4563 etiam

2087 4616 2286 4676 posset,
2332 4620 2451 4661 eam
2498 4603 2567 4659 ad
2614 4603 2893 4674 prmsentis
2936 4603 3059 4657 vita:
3103 4610 3320 4666 statum,
3373 4599 3663 4654 liberorum
3750 4618 3754 4622 θ

2089 4698 2550 4768 procreationem,
2607 4703 2764 4765 atque
2807 4694 3018 4749 insitam
3061 4693 3112 4746 in
3160 4701 3343 4745 natura
3388 4689 3663 4743 libidinem

2087 4788 2449 4858 adjnmentum
2498 4795 2751 4856 prmstare
2793 4783 2931 4839 :sed
2979 4797 3099 4836 cum
3148 4789 3201 4834 et
3247 4781 3369 4833 vita:
3399 4778 3574 4848 hujus,
3612 4788 3668 4833 et

2090 4881 2291 4936 sobolis
2336 4877 2715 4950 procreandze,
2764 4885 2817 4931 et
2870 4872 3103 4927 libidinis
3159 4871 3410 4941 deinceps
3458 4879 3668 4939 tempus

2091 4986 2196 5027 non
2227 4972 2313 5035 sit,
2342 4967 2466 5039 quid
2505 4965 2635 5022 mihi
2682 4966 2797 5034 ejus
2829 4962 2967 5017 hanc
3011 4963 3062 5016 in
3105 4972 3308 5032 partem
3357 4959 3668 5029 adjutricctn

2092 5062 2283 5117 frustra
2328 5058 2624 5114 memoras?
2658 5055 2790 5110 Nam
2823 5070 2937 5125 qua:
2980 5051 3044 5107 ad
3088 5051 3306 5106 minima
3345 5052 3513 5106 solum
3553 5050 3670 5105 usui

2091 5154 2180 5221 sit,
2220 5168 2336 5208 eam
2378 5153 2420 5206 si
2469 5152 2534 5205 ad
2579 5164 2767 5219 magna
2810 5148 3009 5202 sociam
3045 5144 3315 5211 adhibeat,
3363 5158 3468 5199 non
3512 5141 3672 5198 modo

2093 5244 2224 5299 nihil
2248 5243 2505 5315 proficiet,
2526 5240 2619 5296 sed
2647 5240 2804 5294 etiam
2826 5238 2967 5292 curis
2995 5235 3331 5304 impedietnr.

2166 5336 2373 5395 XLVII.
2418 5333 2680 5402 Quomodo
2712 5333 2874 5386 virum
2911 5330 3113 5399 adjuvet
3142 5344 3270 5381 mror
3295 5329 3350 5380 in
3390 5324 3672 5397 spirituali-

2096 5431 2452 5499 bus.—Quid
2479 5431 2656 5502 igitur,
2705 5426 2895 5496 inquit,
2938 5424 3004 5481 ad
3045 5423 3263 5479 Paulum
3303 5422 3562 5487 dicemus,
3591 5432 3676 5472 cu-

2091 5526 2181 5594 jus
2220 5524 2377 5579 verba
2420 5521 2537 5576 hare
2574 5528 2736 5574 sunt:
2767 5516 2866 5583 Qui
2893 5516 3010 5583 scis,
3043 5515 3243 5579 mulier,
3283 5512 3330 5568 si
3371 5511 3531 5566 virum
3568 5508 3675 5563 sal-

2162 5638 2176 5668 ¹
2215 5634 2533 5746 tltipnqut‘tzcdam
2570 5632 2748 5682 desunt
2784 5632 2832 5680 in
2866 5625 3031 5680 Morel.
3054 5637 3165 5688 quae
3205 5637 3267 5673 ex
3295 5631 3412 5685 Reg.
3451 5630 3502 5673 et
3539 5618 3678 5670 savii.

2162 5712 2216 5746 nt.
2240 5711 2269 5745 e

2096 5711 2269 5760 supple
