4016 6154
350 418 467 458 vum
501 400 656 471 [aries
691 398 772 468 (Ι.
803 395 918 451 Cor.
948 398 999 450 7.
1042 394 1167 464 16)?
1192 394 1385 465 quique
1423 392 1536 463 ejus
1562 389 1923 465 adjutuentum

350 494 512 548 etiam
553 492 607 547 in
640 487 968 561 spiritalibus
1011 485 1367 541 necessarium
1395 481 1619 545 censet?
1656 481 1721 545 Et
1752 496 1851 552 ego
1879 479 1929 535 id

352 581 615 637 conﬁteor
659 597 673 632 :
719 594 825 635 non
868 577 1011 631 enim
1060 590 1177 633 eam
1221 573 1288 629 ab
1325 573 1471 629 omni
1518 572 1738 643 Spiritali
1781 571 1931 642 adju-

349 681 531 727 mento
558 668 815 732 excludo;
856 669 1073 721 minime
1099 682 1263 733 vero;
1296 665 1391 727 sed
1431 665 1483 719 in
1531 679 1648 727 eam
1680 672 1933 736 pmstare

348 763 492 825 dico,
527 776 630 815 non
660 776 778 814 cum
804 767 1019 831 exercet
1048 773 1111 812 ea
1141 772 1260 827 quae
1300 755 1623 829 matrimonii
1660 764 1804 827 sunt,
1837 753 1933 817 sed

351 870 473 923 cum
515 852 757 918 muliebri
794 867 927 906 sexu
974 850 1230 920 prmdita,
1272 848 1339 904 ad
1377 848 1654 905 beatorum
1697 848 1932 917 virorum

350 946 597 999 virtutem
635 943 832 1007 evadit.
861 942 1044 1012 Neque
1070 942 1210 996 enim
1235 950 1467 1015 compta,
1499 940 1746 1013 delicata,
1774 952 1935 1007 pecu-

352 1036 551 1090 niarias
588 1033 794 1098 reditus
835 1048 866 1087 a
908 1034 1022 1097 viro
1058 1032 1319 1105 ﬂagitans,
1351 1031 1590 1103 prodiga,
1624 1037 1933 1112 sumptuosa

351 1142 473 1181 eum
500 1126 709 1194 eripere
732 1133 911 1195 queat,
934 1123 1031 1179 sed
1058 1134 1180 1179 cum
1208 1123 1292 1179 his
1321 1123 1480 1184 rebus
1503 1122 1749 1181 omnibus
1773 1120 1938 1176 subli-

352 1217 511 1281 mior,
556 1205 903 1286 apostolicam
944 1215 998 1269 in
1038 1228 1099 1270 se
1138 1218 1299 1269 vitam
1349 1213 1620 1283 exprimit,
1672 1225 1934 1266 summam

352 1309 673 1379 probitatem
693 1314 747 1362 et
768 1307 1172 1374 modestiam,et
1189 1306 1529 1377 pecuniarum
1550 1310 1933 1374 contemptum,

350 1409 405 1454 et
437 1400 777 1455 tolerantiam
806 1399 1202 1465 demonstrans,
1233 1399 1307 1453 ita
1349 1412 1471 1453 eum
1507 1396 1724 1453 demum
1765 1408 1936 1465 expu-

340 1505 517 1560 gnare
554 1490 750 1567 poterit
778 1508 791 1545 :
819 1506 941 1563 cum
977 1491 1160 1546 dicet:
1194 1489 1445 1543 Alimenta
1472 1495 1624 1557 atque
1652 1493 1936 1559 tegumenta

352 1584 612 1649 habentes,
643 1582 707 1636 iis
726 1583 944 1637 contenti
971 1599 1145 1637 sumus
1178 1581 1255 1652 (l.
1285 1579 1420 1635 Tim.
1451 1579 1504 1635 6.
1539 1577 1595 1649 8)
1627 1596 1639 1632 :
1672 1593 1794 1635 cum
1821 1576 1938 1637 huic

353 1674 512 1729 rebus
550 1674 681 1743 ipsis
724 1673 1032 1739 meditatur,
1072 1688 1135 1728 ac
1170 1672 1502 1743 corporalem
1547 1678 1773 1725 mortem
1815 1668 1937 1731 irri-

352 1767 508 1831 dens,
552 1766 715 1819 vitam
748 1765 886 1820 hanc
912 1774 1226 1835 praesentem
1274 1763 1405 1817 nihil
1449 1777 1570 1818 esse
1613 1761 1784 1815 dicit:
1814 1774 1935 1829 cum

351 1872 566 1912 omnem
589 1858 714 1911 vitae
731 1856 886 1926 hujus
906 1856 1129 1927 gloriam
1156 1854 1445 1923 secundum
1472 1851 1786 1937 prophetam
1810 1849 1937 1904 freni

354 1954 538 2006 liorem
565 1950 836 2007 existimat
865 1948 1014 2021 (lsai.
1048 1949 1137 2005 40.
1164 1949 1238 2019 7).
1269 1948 1382 2017 Non
1414 1946 1574 2025 igitur
1594 1960 1712 2025 qua:
1740 1942 1936 2005 mulie-

353 2041 520 2097 briter
545 2056 667 2096 cum
689 2040 805 2094 viro
825 2046 1160 2106 consuescat,
1189 2038 1267 2105 sic
1283 2038 1455 2111 virum
1478 2049 1694 2111 servare
1722 2033 1935 2104 poterit,

352 2132 448 2195 sed
502 2131 630 2186 dum
674 2130 1036 2201 evangelicam
1078 2129 1242 2184 vitam
1294 2126 1600 2199 praestabit;
1649 2123 1753 2180 hoc
1791 2122 1936 2179 enim

355 2222 541 2276 multae
563 2223 729 2276 etiam
753 2222 891 2276 citra
911 2221 1320 2283 matrimonium
1350 2219 1617 2274 fecerunt.
1646 2216 1782 2271 Nam
1815 2215 1936 2272 Pri-

364 2311 545 2377 scilla,
577 2310 763 2380 inquit
803 2311 947 2380 (Act.
986 2310 1096 2381 l8),
1121 2310 1355 2365 ascitum
1386 2308 1579 2379 Apollo
1600 2323 1696 2378 per
1719 2322 1937 2363 omnem

351 2408 592 2464 veritatis
620 2407 759 2460 viam
803 2404 1042 2461 deduxit.
1084 2403 1237 2471 Quod
1284 2402 1329 2457 si
1374 2416 1516 2457 nunc
1563 2417 1668 2459 non
1701 2399 1846 2463 licet,
1883 2406 1941 2455 at

352 2507 578 2569 possunt
617 2496 832 2551 interim
874 2510 1000 2566 erga
1042 2494 1295 2551 mulieres
1336 2492 1478 2548 idem
1529 2492 1760 2548 studium
1802 2507 1938 2561 prte—

351 2599 520 2653 stare,
564 2585 919 2656 eamdemque
960 2583 1189 2639 fructum
1237 2583 1445 2649 facere;
1495 2598 1618 2641 nam
1660 2580 1800 2652 quod
1826 2581 1935 2651 jam

350 2679 486 2745 dixi,
518 2692 713 2747 neque,
745 2677 836 2731 illa
873 2676 1125 2745 quoniam
1167 2674 1362 2745 conjux
1407 2681 1511 2740 est,
1541 2673 1715 2733 virum
1754 2671 1933 2727 trahit.

353 2767 565 2837 Αιίιηιιί
593 2766 723 2820 nihil
748 2772 970 2830 vetaret,
1003 2764 1270 2819 neminem
1306 2778 1371 2819 ex
1416 2762 1481 2818 iis
1508 2763 1595 2833 qui
1626 2777 1846 2823 uxorem
1876 2761 1938 2817 li-

351 2860 528 2914 delem
553 2857 784 2912 habeant
818 2854 1083 2910 inﬁdelem
1114 2869 1353 2921 manere,
1386 2854 1429 2908 si
1450 2852 1665 2924 quidem
1705 2866 1934 2908 consue-

354 2949 484 3004 tudo
507 2963 570 3002 ac
596 2947 874 3003 convictus
898 2962 1012 3002 rem
1036 2945 1283 3002 ell‘ectam
1313 2944 1484 3001 daret.
1517 2946 1587 2999 At
1616 2959 1722 2999 non
1751 2944 1821 2998 ita
1849 2958 1936 2999 res

333 3055 414 3096 'se
438 3039 628 3105 habet;
656 3038 751 3095 sed
768 3039 812 3093 si
828 3038 1045 3093 multam
1060 3037 1443 3108 philosotihiam
1461 3044 1621 3107 atque
1634 3035 1937 3107 patientiam

352 3130 624 3195 exhibeat,
635 3129 681 3184 si
692 3129 921 3200 conjugii
935 3128 1261 3184 calamitates
1272 3127 1526 3195 derideat,
1541 3139 1698 3197 atque
1710 3126 1759 3182 id
1774 3141 1937 3181 unum

351 3223 566 3279 assidue
604 3222 872 3292 negotium
905 3220 1087 3287 ducat,
1125 3218 1180 3274 id
1220 3233 1349 3274 vero
1391 3227 1476 3274 est
1498 3217 1639 3288 quod
1665 3216 1781 3288 ejus
1817 3231 1937 3272 cum

352 3331 463 3386 quo
505 3314 708 3368 habitat
750 3313 989 3367 animum
1037 3312 1242 3366 salvum
1279 3319 1530 3381 praestet:
1562 3309 1646 3365 sin
1690 3310 1939 3381 persistat

352 3405 633 3460 muliebria
676 3404 967 3474 postulare,
1009 3402 1059 3458 ei
1104 3410 1262 3457 nocet
1290 3388 1470 3475 imagis
1503 3416 1661 3471 quam
1697 3400 1935 3472 prodest.

353 3498 471 3553 Jam
500 3512 627 3552 vero
652 3497 735 3552 vel
767 3496 844 3551 sic
881 3512 998 3551 rem
1042 3497 1093 3550 in
1123 3495 1309 3568 primis
1338 3493 1609 3563 dillicilem
1644 3509 1783 3560 esse,
1813 3493 1936 3550 audi

354 3590 479 3660 quid
520 3589 664 3645 dicat
694 3607 708 3641 :
735 3588 836 3653 Qui
880 3588 980 3642 scis
1023 3588 1175 3651 enim,
1215 3585 1418 3654 mulier,
1465 3586 1511 3641 si
1546 3587 1709 3643 virum
1745 3587 1939 3642 salvum

358 3680 555 3753 facies?
593 3695 700 3755 quo
741 3678 1100 3749 interrogandi
1138 3693 1332 3749 genere
1375 3678 1453 3731 uti
1487 3677 1724 3733 solemus
1770 3677 1822 3731 in
1874 3677 1939 3732 iis

355 3789 476 3842 qua:
517 3772 808 3827 insolenter
835 3769 1100 3825 accidunt.
1141 3768 1279 3836 Quid
1319 3783 1449 3823 vero
1488 3774 1609 3838 post
1644 3766 1734 3823 illa
1768 3767 1938 3823 dicit?

355 3863 609 3934 Alligatus
636 3878 686 3917 es
714 3862 901 3916 uxori?
928 3861 1034 3915 noli
1057 3874 1279 3931 quaerere
1302 3860 1641 3923 solutionem;
1664 3860 1856 3914 solutus
1887 3877 1940 3914 es

357 3956 420 4009 ab
463 3955 661 4009 uxore?
702 3953 809 4007 noli
846 3968 1072 4023 quaerere
1107 3968 1335 4006 uxorem.
1375 3952 1555 4014 Vides,
1606 3960 1664 4006 ut
1698 3951 1943 4007 assiduas

359 4046 698 4102 transitiones
727 4044 901 4111 faciat,
929 4051 985 4099 et
1010 4043 1263 4113 frequens
1286 4042 1504 4097 omnino
1529 4043 1546 4073 ί
1564 4042 1941 4112 utriusqueco-

358 4137 675 4192 hortationis
707 4135 852 4190 velut
877 4134 1386 4205 temperamentum?
1412 4132 1545 4187 Nam
1576 4141 1635 4188 ut
1657 4133 1725 4189 de
1753 4133 1939 4187 matri-

358 4227 539 4282 monio
557 4224 903 4296 disputationi
931 4224 1000 4280 de
1018 4222 1343 4279 continentia
1373 4236 1672 4278 sermonem
1699 4221 1939 4292 interpo-

360 4319 488 4385 suit,
513 4317 813 4372 auditorem
843 4316 1054 4371 interim
1085 4320 1322 4369 excltans
1343 4330 1358 4367 :
1378 4313 1452 4385 ita
1478 4322 1533 4368 et
1556 4312 1643 4368 hic
1665 4313 1939 4368 tractatio-

365 4425 483 4464 nem
512 4410 585 4464 de
617 4409 956 4463 matrimonio
980 4405 1214 4462 vicissim
1258 4406 1462 4471 inserit,
1504 4420 1628 4461 eum
1667 4419 1936 4463 recreans.

366 4500 601 4557 Rxorsus
626 4515 656 4554 a
683 4499 1008 4569 virginitate,
1044 4510 1329 4568 antequam
1354 4496 1422 4552 de
1461 4512 1524 4552 ea
1548 4496 1746 4567 aliquid
1770 4495 1939 4551 dixis-

363 4601 462 4659 set,
508 4593 685 4646 statim
739 4590 804 4644 ad
851 4589 1243 4644 matrimonium
1301 4587 1565 4654 recurrit:
1594 4586 1722 4643 illud
1771 4588 1936 4655 enim,

361 4669 682 4755 Al’razceptum
733 4699 834 4737 non
881 4682 1072 4746 habeo,
1115 4679 1553 4735 matrimonium'
1588 4680 1942 4750 permittentis

365 4787 418 4832 et
440 4776 822 4832 introducentis
842 4782 943 4829 est.
973 4773 1106 4828 Tum
1131 4772 1219 4827 ubi
1248 4771 1316 4826 ad
1347 4771 1701 4841 virginitatem
1723 4780 1940 4826 ventum

365 4879 466 4933 est,
493 4869 819 4939 dictumque,
847 4866 1074 4921 Arbitror
1100 4867 1192 4919 hoc
1214 4866 1397 4919 bonum
1428 4880 1556 4931 esse,
1587 4878 1708 4918 cum
1735 4863 1944 4918 videret

365 4961 477 5030 ejus
502 4974 695 5015 nomen
725 4957 940 5013 assidue
964 4966 1274 5026 usurpatum
1295 4954 1535 5011 delicatis
1563 4955 1778 5010 auribus
1805 4955 1944 5010 mul-

366 5065 471 5106 tam
507 5051 849 5106 acerbitatem
891 5048 1101 5112 afferre,
1139 5063 1244 5104 non
1287 5047 1577 5103 identidem
1617 5047 1671 5102 id
1712 5047 1940 5118 repetit;

364 5143 488 5214 quin
518 5142 782 5212 explicata
827 5142 956 5196 satis
996 5140 1145 5210 gravi
1183 5153 1343 5196 causa
1378 5139 1446 5196 ad
1469 5138 1585 5210 ejus
1617 5138 1826 5194 labores
1850 5153 1941 5195 so-

363 5232 570 5300 landos,
601 5232 654 5287 id
674 5241 777 5297 est,
804 5232 1022 5289 instanti
1048 5231 1384 5297 necessitate,
1410 5245 1479 5285 ne
1501 5230 1579 5285 sic
1601 5229 1817 5300 quidem
1845 5245 1942 5283 au-

363 5340 451 5381 sus
495 5334 582 5381 est
626 5325 986 5396 virginitatem
1037 5324 1229 5378 iterum
1281 5312 1602 5388 nominare;
1636 5322 1732 5387 scd
1773 5322 1944 5392 quid?

368 5415 559 5472 Bonum
606 5425 680 5472 est
720 5416 913 5469 homini
958 5415 1032 5468 sic
1068 5431 1193 5468 esse.
1237 5412 1420 5486 Neque
1464 5429 1583 5470 eam
1625 5414 1945 5481 sententiam

360 5512 724 5583 prosequitur,
770 5508 866 5564 sed
909 5523 970 5563 ea
999 5510 1291 5581 interrupta
1338 5517 1392 5565 et
1421 5510 1608 5578 incisa,
1641 5510 1949 5580 priusquam

421 5659 435 5720 ξ
473 5656 546 5705 sic
563 5654 706 5718 juxta
722 5649 949 5720 Savil._tn
972 5659 1050 5720 B._,
1073 5649 1203 5720 brevi
1223 5650 1486 5704 intervallo.
1567 5659 1621 5701 tt.

420 5719 439 5749 ⁸
477 5713 596 5781 t‘ox',
616 5713 994 5779 ntatrtuumitutt,
1018 5713 1160 5767 deest
1188 5717 1238 5767 in
1258 5721 1375 5778 tteg.

1685 274 1773 335 DE
1816 272 2268 335 VIBCINI'I‘ATE.

3512 270 3642 327 519‘

2041 390 2219 463 gravis
2250 387 2540 455 videretur,
2568 387 2637 444 de
2677 387 3017 451 matrimonio
3051 403 3263 446 rursum
3290 389 3626 453 disserit'llis

2037 480 2254 537 verbis:
2285 478 2536 550 Alligatus
2591 495 2642 533 es
2678 479 2863 534 uxori?
2895 480 2999 534 noli
3049 497 3271 551 quwrere
3319 482 3620 544 solutionem

2038 572 2113 643 (Ι.
2138 573 2254 628 Cor.
2287 575 2338 629 7.
2372 570 2483 642 2'1).
2516 572 2646 629 Nam
2674 573 2729 630 ni
2759 574 2809 629 id
2841 581 3004 643 esset,
3035 573 3132 639 nisi
3159 573 3211 639 id
3254 572 3339 630 hic
3366 574 3642 631 solatium-
3704 608 3713 643 ς

2039 680 2227 747 parare
2245 668 2555 738 «cogitaret,
2581 670 2816 738 ineptum
2841 674 2984 724 esset
3027 666 3380 737 virginitatem
3419 682 3615 738 consu-

2040 754 2239 813 lentem
2277 757 2346 814 de
2386 760 2724 817 matrimonio
2760 759 3145 837 philosophari.
3194 760 3392 827 Deinde
3429 761 3620 815 iterum

2028 846 2106 901 ad
2133 848 2482 919 virginitatem
2514 850 2736 917 transit;
2783 867 2845 905 ac
2887 867 2956 905 ne
2994 866 3134 907 nunc
3161 850 3377 920 quidem
3408 852 3622 921 proprio

2041 941 2257 996 nomine
2281 940 2534 1010 appellat,
2561 940 2655 997 sed
2681 941 2843 1011 quid?
2870 941 3084 1003 Solutus
3111 958 3162 997 es
3189 941 3252 995 ab
3286 944 3490 999 uxore?
3516 943 3623 996 noli
3690 940 3732 1025 ἢ

2040 1047 2261 1102 qua'rere
2303 1049 2534 1097 uxorem.
2566 1034 2636 1091 At
2659 1033 2803 1093 enim
2842 1047 2910 1099 ne
2938 1048 3188 1098 vereare;
3215 1047 3320 1090 non
3358 1032 3409 1089 id
3437 1042 3621 1091 censet

2041 1116 2200 1192 atque
2223 1122 2396 1177 sancit
2422 1138 2436 1175 :
2471 1137 2637 1192 pr0pe
2665 1132 2748 1179 cst
2775 1122 2919 1179 enim
2948 1114 3159 1183 rut-sinu
3187 1125 3254 1181 de
3280 1124 3622 1189 matrimonio

2041 1229 2242 1287 sermo,
2291 1222 2547 1269 terrorem
2588 1198 2717 1269 eum
2760 1215 2975 1271 solvens
3023 1214 3107 1271 his
3138 1215 3356 1279 verbis:
3391 1214 3540 1282 Quod
3577 1216 3624 1273 si

2042 1303 2247 1358 duxeris
2271 1343 2287 1368 ,
2335 1320 2436 1371 non
2465 1305 2680 1373 peccasti
2710 1303 2868 1378 (Ibid.
2892 1321 2941 1359 υ.
2971 1302 3086 1376 28).
3132 1305 3201 1360 At
3223 1319 3321 1361 nec
3353 1305 3465 1376 jam
3488 1319 3621 1359 con-

2042 1396 2193 1463 cide;
2225 1411 2346 1453 nam
2374 1397 2566 1455 iterum
2602 1404 2654 1452 te
2680 1398 2747 1457 ad
2778 1397 3135 1468 virginitatem
3163 1397 3342 1471 trahit.
3370 1382 3546 1468 Atque
3569 1397 3621 1453 id

2040 1495 2126 1545 cst
2148 1487 2288 1558 quod
2316 1488 2448 1561 vult,
2480 1488 2702 1563 docens,
2728 1487 2821 1559 qui
2860 1488 3259 1557 matrimonium
3298 1488 3501 1554 ineant,
3528 1502 3624 1543 eos

2043 1578 2262 1635 multam
2306 1578 2360 1632 in
2404 1593 2567 1635 carne
2609 1572 3002 1641 tribulationem
3043 1578 3327 1634 sustinere.
3365 1578 3435 1645 Ut
3479 1579 3621 1635 enim

2043 1671 2227 1741 optimi
2256 1671 2450 1742 quique
2481 1671 2668 1729 medici
2696 1680 2752 1727 et
2774 1672 2987 1743 benigni
3007 1686 3247 1731 amarum
3268 1672 3623 1728 medicamento

2046 1771 2155 1815 tum
2186 1771 2277 1817 aut
2316 1763 2608 1823 sectionem
2652 1773 2743 1821 aut
2778 1764 3150 1823 ustulationem
3189 1772 3282 1819 aut
3319 1764 3491 1823 simile
3525 1765 3621 1819 ali-

2043 1853 2169 1925 quid
2214 1853 2525 1921 adhibituri,
2567 1870 2672 1911 non
2716 1856 2968 1919 continuo
3000 1865 3167 1913 totum
3212 1865 3488 1928 peragunt,
3529 1860 3625 1915 sed

2044 1942 2167 2012 data
2196 1943 2409 2005 interim
2434 1960 2575 2016 mgro
2605 1947 2974 2016 rcSpiratione,
3008 1948 3080 2002 ita
3103 1961 3316 2027 semper
3335 1930 3625 2019 quod'reli-

2044 2050 2206 2117 quum
2240 2042 2324 2089 est
2361 2033 2667 2101 adducunt:
2694 2037 2760 2091 ad
2799 2038 3047 2101 eumdem
3092 2039 3309 2101 modum
3347 2048 3402 2095 et
3435 2040 3625 2101 beatus

2046 2123 2242 2177 Paulus
2268 2123 2583 2195 virginitatis
2620 2126 2899 2184 consilium
2929 2141 3035 2187 non
3073 2128 3191 2185 sine
3231 2129 3624 2197 intermissione

2043 2221 2097 2268 et
2121 2221 2375 2283 perpetuo
2402 2227 2466 2269 ac
2491 2225 2878 2286 consequenter
2902 2217 3186 2287 pertexuit,
3218 2219 3314 2289 sed
3339 2219 3407 2280 de
3441 2221 3625 2276 matri-

2043 2305 2227 2361 monio
2267 2308 2549 2373 sententiis
2590 2308 2644 2363 id
2671 2308 2884 2365 assidue
2912 2310 3323 2381 interrumpens,
3365 2321 3525 2392 atque
3553 2312 3625 2371 ita

2045 2394 2301 2467 molestia:
2345 2395 2486 2453 illius
2514 2412 2729 2463 sensum
2767 2398 3022 2469 eripiens.
3051 2400 3301 2460 blandam
3339 2417 3404 2457 ac
3429 2403 3623 2477 plausi-

2044 2485 2205 2543 bilem
2235 2487 2533 2543 orationem
2570 2487 2824 2547 reddidit.
2852 2490 2935 2545 Ob
2973 2491 3025 2547 id
3055 2492 3215 2563 igitur
3240 2494 3380 2551 varia
3406 2505 3623 2555 senten-

2046 2579 2236 2649 tiarum
2277 2580 2429 2649 quasi
2463 2580 2695 2645 miscella
2738 2581 2874 2643 facta
2915 2590 3016 2647 est.
3046 2584 3153 2640 Sed
3188 2600 3365 2659 operm
3394 2588 3624 2661 pretium

2045 2686 2206 2742 porro
2226 2682 2307 2729 est
2323 2672 2435 2742 ipsa
2453 2674 2612 2734 etiam
2631 2674 2788 2731 verba
2810 2675 3079 2749 indagare.
3096 2678 3349 2750 Alligatus
3370 2697 3423 2736 es
3442 2683 3589 2736 uxori
3600 2684 3626 2737 2

2047 2764 2234 2835 inquit,
2268 2766 2371 2829 noli
2399 2781 2622 2837 querere
2655 2767 2973 2829 solutionem.
3014 2769 3131 2827 lloc
3159 2787 3267 2837 non
3308 2782 3414 2841 tam
3439 2789 3624 2833 consu-

2044 2856 2204 2925 lentis
2245 2865 2350 2924 est,
2392 2873 2553 2929 quam
2596 2860 2796 2921 vinculi
2844 2863 3179 2922 tenacitatem
3220 2880 3284 2931 ac
3318 2865 3624 2935 ﬁrmitatem

2044 2947 2481 3013 demonstrantis.
2518 2949 2874 3033 Quamobrem
2920 2963 3098 3017 autem
3126 2970 3235 3017 non
3269 2957 3423 3026 dixit,
3452 2959 3626 3021 Habes

2045 3038 2306 3095 uxorem?
2335 3056 2403 3096 ne
2431 3056 2548 3095 eam
2575 3040 2792 3109 desere;
2832 3056 2959 3103 eum
2996 3045 3084 3105 illa
3122 3046 3438 3117 coniunctus
3465 3050 3620 3122 vivis,

1996 3154 2012 3159 κ
2048 3147 2118 3188 ne
2143 3130 2378 3199 discede,
2421 3132 2513 3190 sed
2546 3133 2814 3202 vinculum
2857 3134 3160 3206 coniugium
3189 3140 3439 3194 vocavit?
3467 3141 3624 3203 nimi-

2045 3238 2164 3279 rum
2192 3232 2249 3279 ut
2272 3223 2348 3278 rei
2374 3224 2716 3284 acerbitatem
2740 3224 2824 3280 hic
2850 3225 3176 3283 ostenderet.
3198 3227 3458 3298 Quoniam
3482 3232 3625 3291 etiim
3666 3260 3674 3270 ι

2045 3313 2114 3369 ad
2153 3314 2551 3379 matrimonium
2588 3331 2689 3372 ceu
2731 3317 2797 3375 ad
2837 3318 3044 3377 facilius
3081 3320 3238 3393 vulgo
3279 3333 3625 3390 concurrunt,

2048 3405 2303 3478 eonjuges
2326 3407 2562 3463 declarat
2591 3408 2724 3469 nihil
2746 3423 2774 3463 a
2801 3410 2992 3465 vinctis
3018 3410 3267 3480 d'dl‘erre;
3300 3428 3420 3468 nam
3447 3425 3503 3473 et
3542 3415 3628 3471 hic

2045 3514 2377 3571 quocumque
2409 3500 2546 3557 alter
2572 3502 2764 3571 trahat,
2788 3503 2939 3558 alteri
2966 3503 3295 3575 sequendum
3334 3514 3438 3573 est,
3459 3517 3555 3569 aut
3580 3510 3628 3564 si

2047 3606 2276 3661 pugnam
2304 3600 2535 3658 moveat,
2566 3607 2686 3649 cum
2711 3608 2777 3648 eo
2807 3610 2909 3655 una
2939 3595 3291 3665 pereundum.
3311 3597 3450 3668 Quid
3476 3615 3625 3669 vero,

2046 3681 2237 3751 inquit,
2275 3682 2320 3737 si
2351 3685 2433 3736 vir
2467 3681 2760 3745 dissnlutus
2801 3683 2907 3749 sit,
2956 3700 3056 3754 ego
3080 3687 3360 3757 continens
3384 3703 3505 3749 esse
3532 3704 3625 3749 ve-

2048 3775 2184 3830 lim?
2207 3774 2441 3838 Necesse
2483 3785 2587 3844 est,
2613 3787 2671 3832 ut
2700 3787 2753 3833 tu
2784 3778 2935 3835 illum
2968 3779 3244 3849 sequaris;
3286 3781 3342 3845 id
3386 3783 3535 3837 enim
3570 3793 3629 3841 ut

2047 3867 2133 3922 vel
2168 3868 2361 3924 nolens
2393 3868 2574 3935 iacias,
2597 3868 2830 3938 jucunda
2868 3869 3191 3929 matrimonii
3225 3879 3413 3928 catena
3440 3873 3624 3940 trahit,

2047 3960 2116 4016 ad
2144 3976 2372 4032 eumque
2397 3960 2540 4032 cogit
2566 3952 2667 4045 qui
2694 3971 2871 4033 tecum
2894 3962 3045 4029 initio
3084 3962 3364 4027 devinctus
3389 3973 3473 4026 est
3502 3982 3514 4018 ε
3543 3965 3626 4021 sin

2047 4052 2289 4113 obnitare
2315 4068 2379 4109 ac
2411 4063 2462 4111 te
2486 4053 2753 4124 sejungas,
2795 4063 2852 4111 et
2885 4062 2937 4111 te
2972 4055 3201 4127 vinculis.
3224 4071 3331 4115 non
3356 4057 3624 4133 exsolves,

2047 4153 2104 4218 et
2130 4146 2182 4207 in
2205 4152 2501 4209 extremum
2531 4146 2847 4215 supplicium
2870 4146 3144 4216 coniicias.

2119 4236 2351 4295 XLVIII.
2385 4238 2513 4305 Qua:
2529 4237 2682 4295 invito
2700 4239 2809 4293 viro
2828 4238 3089 4300 continens
3104 4237 3186 4306 sit,
3205 4239 3460 4310 graviores
3474 4258 3628 4313 quam

2049 4330 2093 4385 is
2117 4329 2203 4399 qui
2243 4328 2490 4383 adulterat
2506 4344 2684 4397 poenas
2708 4329 3057 4393 daturam.-—-
3076 4328 3283 4395 Etenim
3304 4347 3426 4407 quae
3456 4331 3626 4403 invito

2050 4422 2171 4483 viro
2199 4420 2478 4480 continens
2514 4426 2636 4487 est,
2667 4434 2774 4483 non
2805 4420 2980 4477 solum
3016 4423 3356 4485 continentiae
3392 4426 3629 4499 praemiis

2051 4522 2236 4580 caret,
2265 4511 2360 4569 sed
2401 4511 2541 4569 illius
2574 4511 2735 4571 etiam
2764 4510 3083 4575 adulterium
3109 4515 3323 4584 gravius
3348 4529 3513 4587 quam
3540 4515 3629 4573 ille

2052 4603 2164 4665 luet
2188 4617 2251 4659 ac
2288 4603 2570 4674 plectatur.
2598 4601 2736 4669 Quid
2763 4602 2872 4663 ita?
2897 4602 3048 4671 Quod
3074 4618 3196 4659 eum
3223 4603 3460 4674 legitimo.
3484 4605 3627 4663 coitu

2051 4696 2376 4762 fraudatum,
2407 4697 2460 4765 in
2483 4694 2715 4755 lasciviae
2744 4693 3050 4765 barathrum
3074 4694 3388 4753 deturbarit.
3418 4696 3549 4751 Nam
3579 4698 3626 4752 si

2052 4805 2118 4846 eo
2145 4789 2360 4853 uolente
2391 4804 2491 4845 nec
2521 4788 2797 4855 minimum
2837 4788 2890 4857 id
2929 4788 3104 4863 iacere
3142 4789 3498 4859 permittitur,
3524 4805 3628 4863 qua

2052 4886 2207 4951 venia
2229 4885 2390 4958 digna
2410 4883 2481 4939 sit
2504 4900 2625 4954 qua:
2647 4899 2769 4943 eum
2795 4884 2983 4947 solatio
3013 4883 3112 4939 hoc
3138 4894 3392 4953 perpetuo
3420 4882 3632 4952 privat?

2053 4976 2124 5033 Et
2145 4974 2293 5047 quid,
2325 4975 2515 5045 inquit,
2542 4990 2609 5035 ea
2631 4974 2950 5031 necessitate
2975 4989 3038 5030 ac
3063 4974 3275 5037 miseria
3301 4973 3489 5039 durius
3509 4989 3631 5044 pos-

2052 5066 2123 5135 sit
2147 5065 2426 5133 aecidere?
2448 5064 2518 5133 Et
2538 5078 2637 5139 ego
2661 5065 2799 5135 idem
2825 5064 3017 5129 sentio.
3048 5065 3156 5127 Cur
3179 5072 3231 5131 te
3256 5064 3558 5129 necessitati
3580 5065 3632 5119 ei

2054 5158 2311 5229 subjiciat
2335 5156 2614 5223 enituveru
2634 5171 2756 5212 eam
2782 5156 3039 5225 rationem
3067 5170 3172 5221 non
3200 5161 3321 5225 post
3343 5195 3358 5220 ,
3387 5154 3481 5212 sed
3507 5165 3635 5221 ante

2058 5249 2456 5321 matrimonium
2473 5248 2789 5317 subductam
2803 5247 3099 5317 oportebat.
3118 5246 3303 5317 Itaque,
3316 5247 3476 5315 etiam
3497 5245 3634 5301 Pau-

2058 5340 2143 5396 lus
2168 5340 2435 5416 proposita
2468 5339 2682 5412 demum
2711 5337 2906 5410 vinculi
2930 5337 3245 5407 necessitate
3270 5378 3286 5403 ,
3317 5336 3387 5392 de
3410 5336 3631 5401 solutio-

2058 5446 2125 5507 ne
2147 5431 2564 5491 sermocinatur:
2583 5429 2634 5486 ei
2654 5427 2953 5502 sementim,
2976 5427 3226 5501 Alligatus
3245 5444 3296 5483 cs
3316 5429 3506 5485 uxori?
3529 5426 3638 5483 noli

2055 5538 2277 5591 quaere
2295 5522 2614 5586 solutionem,
2633 5521 2777 5587 illam
2796 5519 3049 5593 subdens,
3069 5519 3280 5591 Solutus
3299 5538 3353 5589 es
3367 5520 3429 5589 ab
3446 5519 3641 5575 uxore!

3703 642 3718 670 ι

3704 682 3713 696 ο

3706 699 3717 734 l

3706 800 3720 857 ἐ

2058 5629 2119 5672 ne
2144 5629 2312 5684 qurere
2339 5629 2566 5668 uxorem.
2595 5611 2651 5668 Id
2689 5620 2866 5668 autem
2893 5611 3047 5683 facit,
3079 5621 3139 5677 ut
3161 5621 3272 5681 tute
3302 5614 3448 5683 prius
3476 5627 3635 5667 accu-
3712 5642 3721 5647 —

1984 5748 1991 5753 -
2059 5714 2171 5771 tate
2192 5712 2472 5777 perspecta
2490 5718 2551 5761 ac
2572 5703 2782 5785 cognita
2803 5703 3125 5781 matrimonii
3144 5703 3193 5759 ri
3217 5702 3418 5773 lacibus
3441 5702 3508 5761 de
