4016 6154
344 340 439 396 571

320 461 508 523 ,Zlbatu
534 459 828 517 oralionem
856 458 1120 519 admittas.
1149 454 1295 523 Quod
1316 455 1356 508 si
1376 453 1585 513 duxisti,
1609 453 1797 522 inquit,
1823 440 1925 507 non

342 557 564 613 peccasti
582 572 601 620 ;
626 564 674 609 et
699 556 743 612 si
771 558 940 625 nupsit
963 553 1123 623 virgo,
1155 564 1254 604 non
1281 549 1521 620 peccavit.
1553 548 1631 603 Eu
1661 548 1834 617 magni
1865 547 1926 602 ii-

340 638 445 701 ltus
470 645 741 713 facinoris,
762 645 1083 700 matrimonii
1109 643 1330 709 scilicet,
1351 642 1573 707 exitum,
1596 648 1651 696 ut
1676 655 1780 695 non
1803 655 1925 695 reus

341 740 539 808 agaris,
569 751 675 791 non
702 745 757 790 ut
784 735 1118 791 admirationi
1151 733 1425 798 habearis;
1457 731 1508 786 id
1539 732 1679 787 enim
1709 742 1792 787 est
1821 732 1926 787 vir-

340 827 575 901 ginitatis
605 843 619 881 :
645 835 897 883 cancrum
925 823 1136 895 conjugi
1167 823 1295 878 satis
1324 823 1393 876 sit
1415 821 1598 876 audire
1622 863 1637 885 ,
1669 836 1789 876 eum
1817 837 1922 875 non

343 935 611 992 peccasse.
655 919 765 974 Cur
805 918 961 990 igitur
985 959 1000 982 ,
1043 915 1252 986 inquit,
1289 913 1519 968 hortaris
1558 928 1776 967 uxorem
1818 926 1923 966 non

340 1009 620 1080 qumrcre?
643 1007 794 1078 Quod
822 1007 988 1063 semel
1015 1006 1261 1062 devincto
1280 1045 1295 1071 ,
1327 1003 1460 1059 solvi
1490 1002 1636 1057 nefas
1661 1003 1749 1069 sit,
1780 1000 1921 1074 quod

316 1104 396 1158 \iu
424 1118 490 1158 eo
524 1102 595 1157 sit
623 1102 807 1173 ingens
837 1099 1073 1155 miseria.
1101 1097 1332 1153 Hoccine
1370 1094 1541 1150 solum
1566 1135 1581 1161 ,
1607 1107 1790 1164 quaeso
1812 1133 1827 1158 ,
1856 1107 1923 1146 ex

338 1195 639 1267 virginitate
664 1200 899 1264 qumstus
926 1191 1132 1256 faciam,
1164 1198 1221 1243 ut
1246 1186 1488 1243 miserias
1514 1186 1609 1241 has
1636 1183 1923 1255 effugiam?

341 1295 395 1343 et
420 1272 538 1357 quis
560 1285 917 1355 virginitatem
942 1283 1120 1339 colere
1140 1279 1398 1335 sustineat
1419 1276 1617 1332 tantilla
1645 1275 1923 1331 mercede?

339 1378 461 1451 quis
488 1377 538 1429 in
564 1385 766 1430 tantum
788 1383 1060 1431 certamen
1086 1369 1407 1433 descendere
1428 1369 1662 1423 animum
1685 1366 1918 1432 inducat,

343 1476 610 1522 tantorum
638 1465 892 1521 sudorum
918 1465 1019 1519 hoc
1042 1463 1211 1519 solum
1238 1460 1513 1532 prtemium
1540 1469 1791 1528 capturus
1809 1458 1834 1510 ?

411 1556 599 1612 XLIX.
640 1555 745 1611 Cur
779 1556 841 1609 ab
876 1555 1030 1626 hujus
1067 1553 1181 1609 vitae
1208 1551 1452 1623 jucundis
1486 1549 1554 1603 ad
1589 1549 1922 1619 virginitatem

340 1650 639 1724 instiget.—
652 1646 787 1717 Quid
803 1645 974 1701 dicis?
990 1660 1111 1725 eum
1131 1658 1215 1698 me
1238 1642 1305 1698 ad
1327 1656 1556 1713 pugnam
1578 1656 1697 1696 cum
1713 1639 1918 1695 daemo-

342 1744 497 1798 nibus
526 1753 801 1815 provocas.
831 1738 942 1794 Nec
969 1726 1102 1793 enirn
1125 1735 1265 1791 nobis
1287 1736 1420 1809 lucta
1444 1744 1516 1790 est
1539 1734 1778 1788 adversus
1799 1748 1919 1786 san-

341 1833 541 1906 guinem
571 1841 618 1887 et
646 1847 845 1886 carnem
878 1828 1110 1901 (Ep/tes.
1133 1828 1187 1883 6.
1212 1826 1280 1882 12
1300 1825 1320 1897 )
1342 1870 1356 1893 ,
1386 1841 1504 1881 cum
1529 1834 1729 1880 naturas
1756 1823 1919 1878 furori

338 1925 598 1981 obsistere
630 1922 820 1993 jubes,
853 1936 973 1976 eum
1013 1934 1173 1975 carne
1206 1927 1261 1975 et
1297 1917 1553 1988 sanguine
1581 1916 1920 1973 constitutam

340 2015 672 2087 incorporeis
693 2013 990 2069 Virtutibus
1013 2013 1160 2081 paria
1190 2018 1440 2080 praestare
1472 2007 1716 2073 hortaris,
1749 2015 1917 2062 terre-

338 2124 408 2164 na
437 2120 703 2163 memoras
729 2104 868 2160 bona
892 2145 907 2169 ,
935 2103 1175 2174 dicisque
1201 2115 1301 2157 nos
1329 2099 1650 2155 matrimonii
1681 2097 1921 2153 miserias

340 2215 447 2257 non
473 2197 711 2254 laturas?
735 2190 866 2251 Nam
897 2210 994 2249 cur
1031 2208 1137 2247 non
1169 2192 1243 2247 sic
1271 2191 1346 2245 ait
1372 2207 1385 2245 :
1416 2188 1568 2258 Quod
1598 2189 1641 2243 si
1683 2188 1922 2259 nupserit

341 2293 509 2362 virgo,
538 2304 644 2344 non
672 2286 931 2357 peccavit,
959 2283 1053 2339 sed
1083 2280 1399 2354 virginitatis
1424 2280 1638 2337 coronis
1662 2294 1720 2334 se
1743 2279 1920 2350 priva-

343 2382 419 2436 vit
436 2422 452 2446 ,
478 2378 686 2449 magnis
720 2376 825 2431 illis
855 2384 909 2430 et
934 2374 1143 2430 areanis
1171 2373 1325 2428 bonis
1345 2372 1371 2426 τ
1395 2371 1503 2427 Cur
1529 2387 1635 2431 non
1663 2371 1879 2442 prtemia
1900 2412 1918 2440 ,

339 2485 461 2541 qua:
488 2477 611 2540 post
637 2475 907 2526 certamen
936 2481 1029 2529 eas
1055 2470 1323 2530 maneant,
1349 2461 1635 2531 recensuit,
1663 2469 1720 2517 ut
1745 2461 1797 2517 in
1825 2476 1920 2516 oc-

339 2576 552 2616 cursum
581 2559 842 2631 prodeant
859 2571 1076 2628 sponso,
1099 2564 1157 2610 ut
1179 2554 1482 2625 splendidas
1502 2555 1747 2615 lucernas
1772 2554 1923 2610 habi-

339 2662 472 2706 turae
497 2650 604 2704 sint
621 2689 638 2716 ,
666 2657 724 2703 ut
752 2660 960 2703 summa
988 2660 1109 2701 cum
1138 2645 1303 2716 gloria
1332 2659 1395 2700 ac
1424 2643 1613 2699 ﬁducia
1641 2643 1839 2716 Regem
1867 2646 1918 2699 in

340 2742 628 2798 thalamum
654 2739 977 2796 comitentur
998 2778 1013 2805 ,
1040 2746 1097 2792 ut
1120 2737 1356 2791 omnium
1385 2737 1624 2806 proxime
1645 2736 1761 2806 ejus
1784 2736 1921 2792 solio

338 2844 393 2892 et
431 2833 593 2904 regiis
634 2832 767 2888 toris
807 2829 1131 2902 eifulgcant?
1171 2828 1276 2884 Sed
1319 2828 1386 2884 de
1423 2827 1508 2885 his
1546 2842 1615 2884 ne
1652 2828 1921 2885 levissime

339 2924 551 2996 quidem
578 2923 843 2990 meminit;
871 2922 1098 2992 vitaeque
1123 2919 1454 2975 miseriarum
1477 2919 1788 2975 vacuitatem
1806 2934 1921 2975 sur-

340 3034 459 3075 sum
486 3017 841 3087 deorsumque
860 3016 1044 3087 jactat.
1070 3012 1319 3076 Arbitror,
1346 3012 1533 3083 inquit,
1554 3011 1609 3066 id
1631 3012 1816 3071 bonum
1837 3027 1919 3066 es-

338 3127 393 3167 se
419 3126 438 3165 :
468 3124 532 3166 ac
568 3109 746 3165 dicere
783 3108 1090 3187 negligens,
1141 3113 1357 3175 propter
1393 3103 1565 3159 futura
1604 3102 1777 3166 bona,
1806 3101 1917 3168 ait,

339 3204 560 3274 Propter
586 3204 852 3257 instantem
877 3200 1236 3256 necessitatem.
1264 3196 1467 3257 Deinde
1504 3210 1715 3257 rursum
1745 3209 1811 3249 eo
1834 3193 1920 3248 di-

338 3306 427 3352 cto
449 3336 465 3360 ,
500 3293 649 3361 Quod
674 3293 719 3348 si
746 3293 974 3363 nupserit
1002 3291 1142 3362 virgo
1160 3331 1177 3357 ,
1207 3305 1307 3342 non
1338 3288 1557 3358 peccavit
1576 3329 1590 3353 ,
1618 3285 1921 3341 exelestibus

340 3388 594 3459 prmmiis,
616 3386 807 3457 quibus
831 3399 890 3439 se
913 3383 1149 3453 privarit,
1173 3380 1388 3444 silentio
1410 3377 1713 3448 prteterilis,
1738 3376 1922 3431 Tribu-

340 3480 599 3545 lationem,
627 3476 819 3547 inquit,
847 3477 1014 3529 carnis
1041 3472 1289 3532 habebunt
1315 3470 1627 3543 hujusmodi.
1656 3470 1839 3540 Neque
1868 3469 1920 3524 id

341 3576 597 3628 hactenus
622 3569 818 3634 solum,
850 3566 946 3622 sed
971 3567 1038 3621 ad
1070 3566 1228 3625 ﬁnem
1257 3579 1423 3633 usque
1454 3562 1613 3628 facit,
1639 3574 1693 3618 et
1721 3562 1919 3617 omissa

339 3664 457 3734 ejus
483 3678 512 3716 a
539 3661 727 3716 futuris
751 3659 906 3714 bouis
931 3655 1392 3712 commendatione
1413 3695 1428 3717 ,
1453 3652 1647 3711 iterum
1675 3653 1740 3707 ad
1771 3668 1920 3708 eam-

340 3756 460 3814 dem
501 3765 717 3808 causam
758 3748 991 3819 confugit
1014 3786 1032 3814 ,
1065 3746 1284 3815 Tempus
1323 3746 1465 3799 breve
1496 3753 1568 3798 est
1590 3786 1607 3812 ,
1637 3744 1917 3813 inquiens;

342 3846 567 3918 ejusque
589 3844 729 3908 loco,
756 3841 893 3897 Volo
915 3855 1012 3895 vos
1038 3841 1089 3893 in
1113 3839 1247 3894 caelo
1273 3837 1638 3906 resplendere,
1664 3846 1718 3892 et
1743 3839 1922 3913 nuptis

343 3940 513 3996 multo
558 3937 870 3993 illustriores
911 3932 1133 3997 haberi,
1174 3945 1386 3986 rursum
1430 3931 1597 3986 haeret
1639 3929 1916 4000 inquiens,

349 4030 478 4087 Volo
498 4039 664 4084 autem
689 4044 774 4082 vos
797 4026 905 4081 sine
926 4006 1265 4079 sollicitudine
1287 4038 1411 4077 esse.
1432 4011 1618 4091 Neque
1643 4021 1696 4076 id
1723 4021 1811 4076 hic
1835 4036 1923 4075 so-

343 4121 450 4183 lum
481 4121 605 4177 facit
630 4161 647 4189 ,
676 4117 771 4176 sed
801 4117 961 4173 etiam
991 4130 1097 4188 quo
1127 4115 1245 4170 loco
1278 4114 1327 4169 ei
1362 4113 1431 4170 de
1457 4113 1662 4183 injuriis
1689 4111 1923 4168 ferendis

342 4229 520 4272 sermo
548 4221 667 4279 est,
694 4209 935 4268 eamdem
962 4207 1169 4264 consilii
1195 4206 1336 4261 viam
1365 4205 1502 4259 iniit.
1534 4203 1662 4259 Nam
1690 4218 1812 4259 cum
1839 4203 1922 4258 di-

344 4307 544 4370 xisset,
577 4303 639 4359 Si
664 4282 816 4357 esurit
838 4300 1071 4354 inimicus
1096 4309 1212 4354 tuus
1232 4340 1247 4364 ,
1269 4296 1380 4351 ciba
1405 4296 1585 4362 illum;
1607 4296 1651 4350 si
1677 4296 1799 4360 sitit,
1829 4311 1924 4365 po-

349 4407 456 4454 tum
479 4399 547 4450 da
573 4395 650 4449 illi
668 4394 843 4466 (Rom.
868 4392 955 4447 12.
982 4392 1074 4462 20)
1101 4389 1226 4462 :qui
1251 4405 1364 4445 rem
1390 4396 1588 4444 tantam
1617 4390 1920 4457 imperaret,

345 4499 637 4557 contraque
673 4493 875 4539 naturae
904 4483 1276 4538 necessitatem
1306 4481 1402 4535 niti
1437 4480 1682 4551 juberct,
1716 4495 1778 4533 ac
1803 4495 1924 4534 cum

345 4596 478 4652 rogo
525 4588 632 4633 tam
678 4573 995 4641 intolerabili
1037 4572 1346 4637 decertare,
1377 4570 1468 4627 ubi
1515 4570 1581 4625 ad
1621 4570 1925 4625 mercedem

347 4682 564 4727 ventum
591 4676 675 4724 est
692 4708 706 4731 ,
733 4665 801 4721 de
826 4664 958 4719 ercto
984 4677 1048 4718 ac
1071 4661 1373 4717 caelestibus
1396 4660 1690 4725 silentium;
1723 4670 1926 4716 tantum

347 4767 463 4835 ejus
492 4780 522 4818 a
552 4777 658 4834 quo
687 4761 846 4815 laesus
872 4758 947 4814 sis
966 4756 1163 4812 damno
1191 4753 1674 4809 remunerationem
1702 4751 1922 4807 deﬁnit:

352 4858 420 4911 Id
454 4855 586 4909 enim
624 4852 847 4924 faciens,
877 4847 1084 4919 inquit,
1114 4844 1352 4900 carbones
1380 4843 1510 4914 ignis
1550 4843 1605 4896 in
1630 4842 1740 4914 ejus
1776 4852 1926 4912 caput

350 4943 588 5010 congeris
624 4936 855 5009 (Ibid.).
884 4927 1022 5001 Quid
1053 4933 1220 5002 igitur
1247 4948 1312 4987 eo
1354 4931 1532 4987 solatii
1569 4945 1769 5001 genere
1799 4944 1931 4987 usus

350 5032 471 5087 est?
522 5029 639 5086 Non
700 5027 919 5083 inscitia
979 5041 1152 5096 neque
1208 5025 1425 5096 ignarus
1478 5024 1928 5091 quemadmodum

353 5122 672 5178 alliciendus
705 5129 870 5189 atque
903 5115 1240 5171 inducendus
1274 5116 1347 5170 sit
1375 5114 1617 5179 auditor,
1655 5114 1749 5170 sed
1788 5114 1933 5185 quod

355 5214 589 5270 maxime
614 5210 860 5268 omnium
887 5208 1196 5263 mortalium
1220 5208 1322 5263 hac
1350 5207 1549 5262 virtute
1572 5207 1833 5277 praeditus
1856 5220 1940 5262 es-

355 5319 459 5369 set,
491 5302 880 5377 persuadendi,
917 5301 1159 5370 inquam.
1197 5297 1353 5355 Unde
1386 5300 1439 5353 id
1473 5298 1732 5369 apparet?
1768 5296 1845 5351 Ex
1871 5297 1939 5353 iis

357 5413 478 5467 quae
493 5397 737 5453 disserit.
756 5393 884 5462 Qui,
898 5402 952 5449 et
964 5392 1267 5464 quomodo?
1279 5390 1579 5448 Corinthiis
1596 5390 1939 5462 loquebatur;

362 5495 518 5574 prius
545 5492 690 5547 enim
710 5490 813 5544 hoc
824 5487 893 5545 de
908 5486 1219 5559 virginitate
1231 5482 1942 5574 expediemus;Corinthiis,

362 5572 609 5657 inquam,
630 5581 774 5653 apud
795 5595 937 5652 quos
958 5588 1231 5637 statuerat
1249 5575 1387 5632 nihil
1411 5576 1576 5641 scire,
1610 5576 1716 5630 nisi
1751 5572 1945 5630 Jesum

361 5678 676 5743 Christum,
697 5681 751 5731 et
780 5690 905 5731 eum
923 5671 1245 5728 cruciﬁxum
1275 5670 1349 5741 (l.
1379 5668 1502 5725 Cor.
1532 5667 1588 5721 2.
1611 5665 1703 5737 2);
1728 5680 1867 5737 quos
1889 5671 1949 5719 ut

371 5770 685 5851 spirituales
712 5767 914 5849 alloqui
938 5783 1046 5825 non
1064 5771 1337 5845 potuerat,
1364 5771 1417 5820 et
1436 5762 1581 5842 quod
1603 5760 1853 5819 carnales
1871 5774 1950 5825 es-

1069 344 1126 398 S.
1166 339 1443 399 J0.\NNIS
1474 337 1950 396 CHRYSOSTOMI
1992 336 2313 397 ABCliiEP.
2354 339 2892 401 C(lNSTANTlNOP.

3511 344 3615 401 572’.

2036 464 2156 511 sent
2194 453 2366 510 adhuc
2389 496 2404 522 ,
2454 457 2587 513 laete
2627 458 2868 525 aluerat;
2907 456 3100 528 quibus
3139 457 3298 514 etiam
3338 472 3461 513 cum
3508 459 3621 516 haec

2033 546 2313 611 scriberet,
2344 548 2457 601 haec
2486 548 2613 604 vitio
2635 549 2832 617 dabat,
2862 548 2967 604 Sed
2996 564 3058 603 ne
3081 565 3216 603 nunc
3242 550 3450 620 quidem
3476 562 3617 620 pote-

2032 639 2157 705 stis;
2183 634 2351 694 adhuc
2382 641 2515 695 enim
2541 641 2772 696 carnales
2806 643 2925 696 estis
2943 684 2958 709 ,
2990 651 3035 696 et
3059 640 3335 696 secundum
3365 642 3618 715 hominem

2031 729 2301 784 ambulatis
2333 727 2408 801 (l.
2441 731 2558 784 Cor.
2586 731 2638 785 '5.
2669 728 2750 804 2).
2785 730 2905 785 Ideo
2929 745 2959 784 a
2985 731 3147 786 rebus
3176 731 3424 797 terrenis,
3457 746 3619 801 aSpe-

2029 819 2308 876 ctabilibus
2328 836 2392 876 ac
2411 822 2752 878 sensibilibus
2767 865 2782 889 ,
2806 838 2899 878 eos
2919 832 2971 880 et
2991 823 3057 878 ad
3083 824 3441 895 virginitatem
3463 825 3619 880 insti-

2028 921 2140 983 gat,
2166 921 2220 968 et
2246 927 2279 968 a
2306 914 2647 970 matrimonio
2669 914 2884 971 abducit
2911 934 2925 969 :
2948 916 3090 987 quod
3119 917 3285 987 probe
3310 916 3500 983 sciret,
3521 917 3620 972 de-

2028 1002 2203 1074 jeetos
2226 1014 2384 1076 atque
2410 1020 2608 1077 pronos
2632 1015 2681 1062 et
2710 1007 2761 1060 in
2790 1000 2984 1062 terram
3008 1008 3182 1063 adhuc
3201 1008 3486 1064 inclinatos
3514 1017 3623 1064 ter-

2030 1097 2173 1151 renis
2216 1096 2374 1153 rebus
2421 1099 2588 1167 magis
2628 1098 2759 1155 cieri
2800 1113 2863 1155 ac
2902 1100 3096 1170 pellici.
3134 1099 3271 1168 Quid
3307 1109 3394 1157 est
3434 1102 3576 1159 enim
3599 1140 3614 1163 ,

2027 1202 2210 1261 quaeso
2229 1229 2244 1255 ,
2275 1190 2415 1259 quod
2446 1190 2687 1247 homines
2709 1192 2924 1262 quidem
2950 1193 3131 1248 rustici
3159 1207 3224 1249 ac
3249 1194 3477 1266 pingues
3504 1204 3618 1251 tum

2034 1281 2210 1350 parvis
2236 1323 2252 1349 ,
2285 1294 2394 1337 tum
2426 1285 2629 1355 magnis
2658 1284 2710 1339 in
2737 1286 2896 1343 rebus
2932 1300 3122 1342 secure
3149 1287 3314 1343 Deum
3345 1297 3403 1343 et
3432 1289 3619 1358 jurant

2029 1382 2081 1427 et
2110 1373 2381 1444 pejerant;
2412 1376 2463 1430 in
2500 1378 2674 1448 capite
2711 1393 2838 1434 vero
2864 1379 3091 1435 ﬁliorum
3113 1380 3296 1451 jurare
3322 1398 3619 1453 numquam

2027 1464 2263 1520 animum
2282 1466 2569 1524 inducant?
2589 1484 2815 1541 cumque
2835 1481 2887 1525 et
2909 1471 3200 1541 perjurium
3220 1481 3275 1529 et
3289 1475 3618 1544 supplicium

2027 1556 2128 1613 hoc
2152 1559 2281 1614 illud
2307 1559 2464 1631 longe
2489 1562 2701 1633 gravius
2725 1563 2795 1619 sit
2819 1604 2835 1632 ,
2870 1574 3046 1620 tamen
3089 1565 3190 1622 hoc
3216 1580 3377 1637 quam
3406 1568 3504 1623 illo
3523 1568 3619 1638 jn-

2025 1650 2310 1720 rejurando
2350 1653 2519 1724 magis
2556 1657 2911 1712 continentur.
2940 1658 3099 1728 Atqui
3137 1657 3203 1714 ad
3233 1674 3505 1730 pauperes
3526 1661 3619 1732 ju-

2026 1740 2233 1795 vandos
2259 1756 2365 1797 non
2395 1743 2617 1813 perinde
2644 1745 2979 1801 sermonibus
3004 1747 3073 1803 de
3101 1762 3264 1819 regno
3290 1752 3618 1813 excitantur.

2025 1830 2124 1885 etsi
2171 1830 2482 1901 frequenter
2521 1833 2768 1903 audiant,
2814 1845 2970 1906 atque
3010 1850 3107 1907 spe
3149 1840 3511 1910 consequendi
3563 1842 3617 1897 in

2025 1923 2276 1993 praesenti
2302 1925 2408 1978 vita
2434 1923 2534 1979 sibi
2555 1934 2645 1980 aut
2664 1926 2849 1983 liberis
2872 1926 3016 1983 boni.
3040 1908 3220 1999 itaque
3241 1908 3352 1985 tum
3377 1932 3619 1988 maxime

2030 2015 2086 2070 in
2126 2015 2210 2070 his
2248 2015 2568 2087 adjumentis
2605 2018 2871 2074 ambitiosi
2913 2018 3075 2087 ﬁunt,
3117 2021 3207 2076 ubi
3248 2038 3314 2078 ex
3357 2022 3619 2080 diuturno

2024 2105 2214 2161 morbo
2253 2107 2652 2174 convaluerint,
2694 2107 2783 2164 ubi
2827 2110 3119 2178 periculum
3165 2110 3489 2183 effugerint,
3522 2114 3614 2170 ubi

2025 2195 2389 2266 magistratum
2428 2198 2658 2267 aliquem
2681 2207 2733 2253 et
2768 2198 3051 2268 imperium
3080 2202 3218 2255 nacti
3248 2202 3389 2268 sint;
3419 2203 3614 2274 planc-

2023 2300 2129 2361 que
2152 2285 2320 2342 multo
2346 2287 2524 2356 plures
2548 2286 2644 2353 iis,
2676 2302 2794 2357 qua:
2821 2297 2946 2343 ante
2971 2289 3136 2358 pedes
3158 2291 3298 2358 sint,
3329 2294 3502 2363 magis
3527 2295 3616 2349 in-

2024 2374 2176 2437 citari
2199 2375 2589 2446 deprehendas.
2614 2376 2741 2432 ilice
2765 2392 2994 2448 namque
3016 2388 3072 2439 et.
3098 2379 3149 2434 in
3177 2380 3425 2438 secundis
3446 2384 3616 2440 vehe-

2024 2469 2257 2529 mentius
2282 2469 2664 2535 exstimulant,
2691 2479 2745 2528 et
2784 2471 2835 2526 in
2872 2470 3111 2531 adversis
3148 2480 3353 2531 terrent
3389 2477 3571 2535 acrius
3595 2518 3613 2545 ,

2023 2559 2165 2630 quod
2195 2559 2384 2615 horum
2414 2575 2627 2617 sensum
2658 2561 3092 2633 propinquiorem
3136 2563 3385 2619 habeant.
3430 2566 3616 2634 Quare

2023 2659 2079 2707 et
2104 2666 2226 2709 cum
2254 2650 2549 2709 Corinthiis
2576 2652 2654 2710 sic
2682 2652 2970 2717 disseruit,
3005 2662 3059 2709 et
3091 2652 3360 2713 Romanos
3389 2670 3418 2710 a
3451 2657 3614 2714 rebus

2023 2742 2377 2812 praesentibus
2419 2741 2486 2798 ad
2527 2743 2735 2812 injuria:
2772 2743 3078 2814 patientiam
3116 2746 3373 2800 exercuit.
3415 2747 3612 2805 Anima

2023 2834 2167 2890 enim
2208 2832 2417 2888 inﬁrma
2455 2833 2697 2891 lacessita
2720 2875 2737 2899 ,
2768 2850 2873 2890 non
2907 2847 3011 2889 tam
3042 2834 3194 2892 facile
3218 2837 3312 2891 ira:
3342 2854 3612 2896 venenum

2021 2925 2267 2993 remittit,
2295 2925 2340 2980 si
2366 2913 2447 2982 dc'
2461 2940 2624 2996 regno
2649 2926 2847 2992 audiat,
2874 2936 3031 2999 atque
3061 2929 3112 2983 in
3139 2944 3286 3000 spem
3313 2932 3494 2987 veniat
3520 2914 3611 2990 rc-

2023 3024 2224 3076 motam
2250 3057 2266 3084 ,
2295 3032 2451 3088 quam
2489 3019 2533 3072 si
2570 3017 2685 3087 ejus
2720 3019 2809 3088 qui
2836 3019 3079 3089 iujuriam
3115 3020 3324 3077 dederit
3354 3024 3612 3082 ultionem
3678 3009 3681 3011 ﬁ

2023 3116 2313 3179 exspectet.
2342 3108 2521 3179 Itaque
2541 3110 2724 3165 volens
2742 3111 3049 3180 injuriarum
3076 3113 3458 3171 recordationis
3479 3118 3614 3172 radi.

2023 3214 2139 3255 cem
2166 3201 2491 3267 convellere,
2523 3209 2682 3272 atque
2711 3202 2839 3256 iram
2864 3219 3114 3260 amovere
3133 3247 3148 3272 ,
3175 3205 3314 3276 quod
3339 3205 3615 3264 efﬁcacius

2025 3300 2144 3347 erat
2167 3290 2234 3347 ad
2260 3306 2382 3348 eum
2406 3291 2498 3363 qui
2521 3292 2681 3348 laesus
2702 3301 2845 3348 esset
2868 3295 3146 3350 solandum
3175 3296 3393 3365 profert,
3421 3315 3531 3353 non
3558 3310 3615 3353 ut

2025 3396 2147 3437 eum
2186 3383 2432 3452 repositis
2471 3383 2525 3437 in
2556 3381 2733 3438 futuro
2769 3393 3009 3454 tempore
3050 3387 3279 3455 prmmiis
3317 3387 3610 3458 fraudaret,

2024 3472 2117 3528 sed
2145 3483 2203 3527 ut
2230 3488 2442 3544 quoque
2479 3473 2638 3529 modo
2669 3474 2722 3529 in
2763 3473 3114 3545 philosophia:
3154 3478 3291 3532 viam
3328 3479 3614 3536 induceret

2024 3573 2183 3637 atque
2222 3565 2289 3620 ad
2332 3566 2819 3624 reconciliationem
2859 3568 3052 3624 ostium
3093 3571 3340 3639 aperiret.
3382 3573 3516 3628 Nam
3558 3575 3609 3628 in

2029 3654 2176 3709 omni
2207 3655 2459 3725 praeclara
2492 3656 2759 3712 iunctione
2797 3657 3002 3716 initium
3038 3658 3212 3716 facere
3238 3660 3610 3719 difﬁcillimum

2024 3755 2141 3813 est;
2175 3756 2295 3818 post
2333 3748 2629 3818 ingressum
2667 3765 2730 3805 ea
2770 3765 2873 3806 non
2916 3766 3067 3821 mque
3104 3762 3187 3806 est
3225 3752 3509 3809 laboriosa.
3541 3759 3613 3813 At

2015 3852 2133 3893 non
2178 3837 2431 3892 Dominus
2471 3848 2654 3893 noster
2688 3838 2841 3894 Jesus
2875 3840 3118 3899 Christus
3156 3840 3295 3896 idem
3333 3842 3476 3910 facit,
3511 3861 3613 3902 nec

2025 3943 2146 3984 cum
2176 3926 2244 3984 de
2272 3928 2575 3998 virginitate
2599 3970 2614 3996 ,
2648 3946 2746 3985 nec
2777 3946 2897 3985 cum
2929 3930 2997 3986 de
3032 3931 3242 4002 injuriis
3267 3932 3500 3989 ferendis
3515 3932 3615 3988 διε.

2026 4028 2206 4090 putat;
2246 4021 2340 4076 sed
2367 4021 2473 4076 illic
2490 4022 2703 4078 caeleste
2726 4038 2942 4093 regnum
2984 4024 3262 4093 proponit:
3288 4024 3420 4080 Sunt
3440 4028 3608 4096 enim,

2027 4112 2235 4181 inquit,
2263 4114 2511 4177 eunuchi,
2538 4114 2625 4185 qui
2664 4113 2853 4186 seipsos
2891 4126 3094 4187 prapter
3127 4134 3335 4188 regnum
3370 4119 3611 4176 cartorum

2026 4212 2312 4263 castrarunt
2338 4205 2356 4275 (
2384 4203 2572 4263 Matth.
2604 4205 2691 4261 l9.
2728 4206 2792 4260 12
2817 4204 2835 4276 )
2862 4224 2875 4259 :
2902 4222 3021 4260 cum
3059 4222 3188 4264 vero
3230 4224 3328 4277 pro
3367 4209 3612 4265 hostibus

2028 4297 2232 4367 precari
2261 4307 2442 4354 monet
2469 4338 2484 4366 ,
2516 4313 2616 4353 nec
2649 4297 2952 4354 detrimenti
2985 4314 3168 4354 eorum
3199 4301 3286 4371 qui
3329 4301 3606 4370 laeserint,

2028 4402 2131 4444 nec
2161 4388 2437 4459 igneorum
2464 4388 2756 4444 carbonum
2789 4389 3066 4456 meminit,
3094 4390 3188 4445 sed
3219 4406 3280 4446 ea
3307 4391 3482 4446 omnia
3511 4408 3611 4461 pu-

2028 4478 2308 4534 sillanimis
2335 4492 2399 4534 ac
2445 4479 2654 4539 miseris
2677 4478 2899 4534 dicenda
2929 4480 3164 4545 mittens,
3192 4481 3305 4551 ipse
3329 4498 3422 4537 eos
3447 4483 3613 4553 majo-

2030 4570 2177 4625 ribus
2217 4570 2453 4639 prtemiis
2491 4571 2699 4625 invitat.
2740 4571 3103 4637 Quibusnam?
3135 4571 3201 4631 Ut
3237 4574 3426 4628 similes
3462 4574 3608 4640 sitis,

2030 4660 2222 4731 inquit,
2256 4659 2428 4714 Patris
2451 4662 2599 4717 vestri
2622 4661 2709 4732 qui
2731 4662 2785 4715 in
2809 4663 2945 4716 cwlis
2966 4672 3037 4719 est
3068 4662 3278 4734 (Matth.
3302 4664 3348 4718 5.
3382 4664 3495 4734 45).
3521 4664 3614 4719 Vi-

2031 4750 2098 4805 de
2123 4761 2378 4822 quantum
2414 4751 2722 4819 praemium;
2757 4766 2878 4811 nam
2910 4750 3178 4805 auditores
3207 4761 3357 4806 erant
3385 4752 3573 4808 Petrus
3592 4794 3610 4821 ,

2029 4842 2279 4908 Jacobus,
2306 4841 2559 4906 Joannes,
2587 4850 2884 4910 caulemque
2912 4841 3272 4911 apostolorum
3301 4843 3452 4898 turba
3479 4862 3491 4898 :
3516 4845 3614 4904 ita-

2032 4949 2136 5004 que
2174 4950 2268 4989 eos
2307 4934 2633 5007 Spiritalibus
2671 4933 2907 5007 pranniis
2948 4934 3130 4989 allicit.
3163 4935 3336 5004 Atque
3380 4936 3518 4992 idem
3561 4948 3615 4994 et

2033 5024 2226 5080 Paulus
2248 5022 2476 5089 fecisset,
2493 5023 2534 5077 si
2548 5037 2669 5077 cum
2681 5023 2942 5092 ejusmodi
2959 5032 3232 5079 tractasset
3252 5043 3264 5080 :
3282 5027 3375 5081 sed
3392 5028 3613 5097 quicum

2031 5115 2321 5171 Corinthiis
2344 5124 2556 5185 ageret,
2584 5114 2758 5171 adhuc
2788 5114 2970 5172 rudius
2993 5115 3194 5175 allectis
3215 5158 3230 5183 ,
3252 5117 3362 5184 jam
3391 5120 3513 5182 inde
3538 5122 3617 5175 eis

2033 5207 2273 5264 laborum
2324 5206 2554 5270 fructum
2604 5207 2892 5276 proponit,
2937 5223 3044 5279 quo
3089 5208 3300 5265 virtutis
3349 5212 3615 5280 negotium

2032 5295 2342 5362 promptius
2366 5294 2587 5345 inirent.
2611 5292 2799 5362 Neque
2826 5294 2988 5356 aliam
3007 5294 3078 5349 ob
3100 5309 3324 5356 causam
3352 5299 3495 5353 Deus
3524 5298 3621 5353 Ju-

2034 5383 2167 5438 daais
2189 5382 2372 5454 (Deut.
2396 5382 2510 5454 28),
2533 5385 2738 5440 omissa
2765 5385 3000 5451 caelestis
3029 5389 3179 5459 regni
3196 5390 3619 5459 pollicitatione,

2032 5489 2255 5539 terrena
2273 5476 2414 5531 bona
2428 5475 2839 5546 largiebatur,et
2853 5493 2951 5548 pro
2968 5480 3275 5536 sceleribus
3292 5496 3399 5535 non
3419 5484 3622 5551 gehen-

2030 5582 2187 5635 nam,
2220 5569 2318 5625 sed
2362 5569 2461 5624 aevi
2508 5569 2671 5639 hujus
2705 5570 3069 5635 calamitates,
3117 5583 3356 5642 pestem,
3386 5575 3619 5640 famem,

2031 5659 2277 5727 morbos,
2308 5659 2476 5723 bella,
2510 5660 2787 5726 exsilium,
2818 5662 3142 5732 reliquaque
3166 5662 3367 5717 similia
3393 5666 3617 5720 commi-

2031 5751 2283 5819 nabatur,
2318 5751 2402 5809 bis
2431 5752 2576 5809 enim
2609 5754 2945 5811 carnaliores
2970 5754 3145 5829 magis
3169 5754 3528 5819 continentur
3558 5771 3622 5820 ac
