4016 6154
339 313 448 367 573

343 418 758 486 perterreliunt;
787 419 855 475 de
883 419 943 478 iis
969 435 1096 476 vero
1121 438 1238 492 quae
1267 433 1538 495 aspectum
1569 425 1765 496 fugiant
1785 469 1800 495 ,
1832 444 1931 483 nec

345 519 545 579 praesto
571 511 699 576 sint,
724 512 899 566 minus
924 525 1207 582 anguntur.
1230 514 1405 580 Quare
1427 515 1620 571 Paulus
1646 517 1695 571 in
1731 517 1794 572 iis
1819 533 1933 571 ma-

341 602 426 669 gis
449 602 615 655 haeret
632 644 647 666 ,
671 617 789 670 quae
811 617 994 657 eorum
1019 604 1316 660 tarditatem
1342 608 1672 677 potissimum
1693 608 1931 664 ferirent.

352 693 618 747 l'rastcrea
648 693 777 748 illud
806 710 1014 764 quoque
1039 697 1322 753 osmndere
1345 700 1553 754 volebat
1573 739 1589 765 ,
1621 708 1932 754 eazterarnm

344 785 604 837 \irtutum
635 784 893 853 quasdam
923 785 1007 839 hic
1035 801 1134 842 nos
1166 788 1344 843 multis
1371 789 1639 845 laboribus
1660 806 1932 858 exercere,

345 885 399 929 ct
431 874 664 931 fructum
696 893 910 932 omnem
942 879 992 932 in
1019 879 1250 945 futurum
1282 891 1489 953 tempus
1515 882 1748 938 condere
1779 901 1793 937 :
1822 884 1933 937 vir-

343 969 621 1038 ginitatem
653 984 804 1038 vcro,
832 971 991 1025 etiam
1019 972 1146 1026 dum
1180 973 1402 1040 colitur,
1421 988 1525 1028 non
1564 975 1736 1030 levem
1772 975 1926 1030 nobis

347 1061 839 1130 compensationem
869 1061 1112 1129 reddere,
1136 1077 1253 1132 quae
1279 1079 1378 1119 nos
1405 1073 1482 1122 tot
1501 1065 1752 1120 aerumnis
1775 1074 1936 1134 atque

348 1153 490 1207 curis
517 1152 726 1207 liberet.
759 1155 932 1222 Atque
962 1154 1179 1224 insuper
1202 1163 1258 1210 et
1283 1155 1494 1210 tertium
1520 1156 1771 1228 quiddam
1794 1173 1932 1226 prac-

349 1243 505 1298 stitit.
533 1245 839 1312 Quidnam?
867 1245 943 1301 Ne
980 1262 1066 1301 res
1098 1249 1440 1318 impossibilis
1468 1248 1777 1304 crederetur
1796 1291 1811 1316 ,
1843 1250 1935 1304 sed

348 1334 433 1386 vel
462 1333 515 1386 in
546 1333 730 1402 primis
762 1333 951 1388 facilis.
981 1335 1038 1390 Id
1065 1345 1239 1391 autem
1266 1337 1448 1404 efﬁcit,
1478 1337 1650 1393 inesse
1677 1339 1728 1392 in
1756 1339 1939 1393 matri-

347 1425 532 1478 monio
572 1425 688 1494 plus
729 1424 1095 1480 d.f‘licultatum
1143 1428 1296 1482 facile
1337 1427 1746 1495 demonstrans;
1787 1431 1937 1501 quasi

347 1514 554 1570 diceret
595 1535 609 1570 ε
644 1517 972 1573 Ᾰῐτυιιιιιοείι
1015 1519 1111 1574 tibi
1156 1535 1219 1574 ac
1261 1519 1521 1576 laboriosa
1565 1536 1654 1576 res
1693 1521 1933 1577 videtur!

348 1607 598 1676 equidem
631 1623 759 1662 vero
788 1620 1068 1678 prapterea
1098 1611 1519 1680 persequendam
1545 1627 1760 1676 censeo,
1793 1611 1936 1682 quod

348 1699 488 1752 adeo
517 1700 646 1753 levis
673 1701 758 1763 sit,
793 1713 847 1755 ut
877 1703 1211 1772 negotiorum
1239 1703 1404 1756 ninlto
1433 1704 1608 1758 minus
1630 1720 1788 1773 quam
1820 1720 1936 1758 nia-

351 1790 658 1844 trimonium
688 1791 942 1860 praebeat.
973 1793 1102 1845 Nam
1133 1808 1251 1847 eum
1285 1793 1434 1847 vobis
1466 1809 1701 1865 parcam,
1731 1795 1936 1864 inquit,

352 1895 455 1935 nee
474 1881 630 1935 velim
655 1883 898 1936 miserias
919 1882 1140 1948 habere,
1167 1893 1406 1954 Optarem
1429 1901 1522 1941 vos
1545 1874 1939 1956 matrimonium

352 1989 460 2026 non
491 1976 827 2030 contrahere.
853 1975 1023 2040 Quam
1051 1976 1358 2031 miseriam?
1378 1977 1520 2034 dicat
1547 1976 1770 2032 fortasse
1797 1979 1941 2047 quis-

353 2065 532 2131 piam;
564 2065 671 2119 imo
704 2079 832 2120 vero
873 2067 1127 2136 grandem
1167 2067 1576 2122 oblectationem
1619 2083 1683 2140 ac
1723 2068 1940 2142 delicias

355 2154 552 2209 habere
582 2155 934 2210 inveniemus.
967 2159 1140 2227 Atque
1178 2159 1229 2211 in
1271 2159 1455 2228 primis
1483 2174 1688 2213 summa
1718 2174 1837 2213 eum
1873 2161 1938 2226 li,-

351 2248 527 2302 ccntia
552 2249 893 2318 cupiditatem
921 2251 1157 2320 explere,
1188 2267 1285 2305 nec
1309 2252 1424 2322 cogi
1455 2261 1657 2306 naturzn
1684 2252 1938 2322 impetum

353 2339 498 2394 ferre
538 2355 642 2395 non
673 2342 951 2395 minimum
982 2342 1107 2397 facit
1133 2343 1198 2397 ad
1238 2345 1541 2398 facilitatem
1574 2363 1587 2398 :
1619 2344 1940 2415 insuperqne

352 2431 556 2500 reliqua
585 2433 758 2486 omnis
784 2432 888 2486 vita
916 2448 946 2487 a
977 2449 1209 2490 maerore
1234 2450 1297 2488 ac
1321 2435 1565 2504 squalore
1593 2436 1779 2504 libera,
1807 2435 1942 2490 hila-

353 2523 529 2578 ritatis
553 2566 568 2591 ,
605 2525 775 2590 risus,
818 2525 995 2596 gaudii
1035 2528 1189 2596 plena
1224 2535 1330 2582 est.
1365 2527 1578 2582 Etenim
1612 2537 1666 2583 et
1702 2530 1936 2599 opiparis

352 2617 576 2680 ntcnsis,
596 2626 647 2671 et
667 2617 906 2672 delicatis
921 2619 1176 2683 vestibus,
1196 2629 1246 2674 et
1269 2619 1414 2674 molli
1439 2627 1575 2687 toro,
1597 2628 1652 2675 et
1671 2621 1940 2692 perpetuis

352 2705 560 2760 balneis
588 2748 602 2771 ,
635 2716 689 2762 et
717 2709 996 2779 unguentis
1017 2751 1032 2775 ,
1063 2718 1118 2765 et
1150 2710 1272 2764 vino
1302 2719 1570 2781 unguento
1598 2712 1762 2767 nihilo
1786 2711 1936 2767 dete-

352 2795 506 2860 riori,
530 2797 736 2866 aliaque
761 2799 923 2852 multa
944 2813 1006 2853 ac
1027 2799 1170 2854 varia
1197 2799 1434 2870 impensa
1455 2815 1648 2872 corpus
1667 2809 1938 2872 curantes,

353 2889 480 2942 inde
509 2905 744 2945 summas
769 2891 818 2945 ci
843 2890 1062 2946 delicias
1090 2902 1420 2963 comparant.

426 2977 490 3030 L.
524 2978 730 3033 Delicia:
755 2981 963 3050 perinde
987 2981 1036 3034 in
1066 2979 1230 3035 Veteri
1253 2991 1402 3054 atque
1423 2983 1473 3037 in
1498 2981 1646 3037 Nova
1669 2982 1803 3055 Lege
1823 3001 1941 3054 pro-

355 3069 547 3124 hibita.
575 3101 640 3110 —
664 3071 733 3126 At
759 3088 890 3127 vero
920 3088 1091 3143 neque
1117 3072 1231 3131 lucc
1257 3074 1436 3140 licent,
1463 3083 1519 3129 et
1546 3075 1941 3131 matrimonium

354 3162 528 3214 coitus
548 3162 718 3216 solum
742 3162 1028 3227 licentiam,
1053 3179 1158 3221 non
1181 3166 1337 3219 etiam
1360 3165 1670 3220 deliciarum
1690 3177 1943 3236 praestare

355 3253 496 3307 solet
524 3268 538 3307 :
573 3253 623 3306 id
653 3254 836 3308 beatus
870 3254 1062 3310 Paulus
1093 3265 1314 3314 testatur
1344 3255 1426 3310 his
1452 3257 1628 3312 verbis
1647 3299 1661 3323 ,
1699 3257 1825 3325 Quae
1850 3274 1944 3310 au-

357 3355 457 3398 tem
480 3346 531 3398 in
552 3346 744 3400 deliciis
763 3357 854 3412 est,
879 3348 1044 3401 vivens
1065 3357 1261 3402 mortua
1288 3357 1361 3402 est
1381 3349 1455 3419 (1.
1483 3348 1616 3402 Tim.
1640 3349 1691 3403 5.
1712 3348 1787 3418 6).
1811 3349 1940 3416 Qtue

357 3438 402 3491 si
431 3436 499 3490 de
526 3437 698 3490 viduis
721 3436 910 3492 effatus
934 3449 1032 3503 est,
1063 3438 1184 3494 audi
1212 3439 1336 3510 quid
1361 3439 1429 3493 de
1453 3439 1631 3509 nuptis
1653 3439 1834 3494 itidem
1860 3439 1940 3494 (li-

359 3536 446 3581 cat
481 3545 494 3580 :
527 3527 768 3582 Mulieres
797 3529 968 3582 habitu
993 3529 1216 3584 modesto
1240 3570 1254 3594 ,
1277 3545 1391 3584 cum
1417 3531 1554 3583 omni
1583 3530 1877 3583 verecundia
1896 3538 1942 3584 et

361 3616 625 3672 sobrietate
647 3628 881 3672 amantes
901 3635 972 3684 se,
1003 3635 1103 3673 non
1130 3619 1393 3682 cincinnis,
1417 3629 1502 3672 aut
1526 3636 1671 3686 auro,
1695 3630 1783 3672 aut
1809 3637 1944 3673 mar-

362 3709 558 3779 garitis,
577 3719 663 3762 aut
686 3717 976 3776 sumptuoso
1002 3713 1195 3773 vestitu,
1224 3710 1312 3764 sed
1339 3721 1388 3763 ut
1418 3710 1631 3780 feminas
1661 3712 1817 3775 decet,
1838 3711 1944 3780 pic-

363 3810 515 3853 tatem
545 3810 676 3855 recte
703 3802 851 3873 [actis
879 3803 1168 3870 proﬁtentes
1191 3803 1267 3871 (ι.
1296 3800 1426 3855 Tim.
1457 3801 1510 3856 2.
1540 3801 1592 3857 9.
1619 3801 1728 3870 IO).
1759 3785 1945 3872 Neqtte

364 3890 454 3946 hic
478 3891 673 3959 solum,
701 3892 794 3947 sed
824 3893 950 3947 alibi
982 3908 1190 3963 quoque
1222 3893 1272 3946 in
1301 3908 1364 3947 eo
1390 3893 1542 3947 valde
1573 3892 1819 3962 frequens
1842 3877 1943 3959 est,

365 3981 496 4035 nihil
514 3982 870 4051 plaoebarum
893 3997 1067 4037 rerum
1083 3997 1403 4053 magnOpcre
1423 3983 1775 4052 expetendum
1795 3983 1948 4039 nobis

367 4088 508 4130 esse.
539 4075 605 4128 Et
650 4073 774 4145 quid
815 4073 1034 4138 Paulum
1077 4074 1198 4128 dico
1237 4074 1296 4128 ‘?
1326 4075 1413 4144 qui
1453 4089 1572 4128 eum
1616 4083 1668 4128 et
1725 4091 1948 4130 summa:

368 4166 720 4224 accurationis
761 4175 965 4238 tempus
1001 4175 1172 4232 esset,
1203 4177 1257 4220 et
1283 4167 1467 4236 ingens
1496 4167 1711 4237 spiritus
1733 4169 1900 4238 gratia
1925 4208 1944 4240 ,

371 4259 484 4313 htcc
522 4258 750 4314 dicebat.
781 4259 947 4313 Amos
984 4259 1146 4326 enim,
1175 4260 1263 4330 qui
1302 4259 1528 4316 infantes
1561 4260 1773 4316 Judaeos
1810 4261 1944 4316 allo-

371 4349 631 4418 quebatur
651 4392 665 4416 ,
694 4367 794 4420 qua
824 4358 1134 4421 tempestate
1157 4350 1380 4417 deliciae,
1413 4351 1564 4406 luxus
1584 4395 1598 4420 ,
1631 4353 1912 4423 omniaque
1931 4394 1947 4420 ,

373 4452 429 4495 ut
458 4446 534 4497 sic
563 4443 733 4498 dicam
758 4483 774 4507 ,
804 4457 1196 4514 supervacanea
1233 4447 1488 4514 permissa
1527 4453 1680 4500 erant
1702 4486 1716 4509 ,
1744 4447 1863 4500 audi
1895 4455 1952 4502 ut

373 4533 577 4594 deliciis
602 4534 842 4589 addictos
869 4535 1010 4591 serio
1038 4545 1214 4606 tangat
1241 4555 1255 4590 :
1296 4535 1380 4590 Va:
1407 4538 1491 4607 qui
1515 4538 1582 4590 ad
1604 4538 1736 4592 diem
1761 4538 1952 4592 malum

373 4628 654 4696 conﬂuunt,
681 4627 765 4697 qui
793 4627 926 4696 falsa
953 4627 1157 4682 sabbata
1185 4629 1499 4697 frequentant
1525 4638 1674 4697 atque
1701 4639 1949 4695 tractant;

375 4715 458 4784 qui
483 4716 535 4768 in
564 4715 700 4770 lectis
726 4716 962 4770 cubantes
989 4717 1234 4784 eburneis,
1258 4717 1579 4772 luxuriantur
1604 4719 1657 4771 in
1682 4718 1784 4772 suis
1811 4717 1951 4771 cubi-

376 4809 526 4872 libus,
558 4819 604 4863 et
633 4809 838 4863 acilium
869 4811 1037 4864 ha’dos
1058 4852 1073 4876 ,
1103 4820 1149 4865 et
1176 4827 1237 4865 ex
1261 4812 1423 4865 ntedio
1452 4810 1690 4866 bovilium
1720 4811 1956 4867 lactentes

376 4900 557 4955 vitulos
596 4902 900 4966 comedunt;
923 4903 1006 4967 qui
1033 4903 1100 4955 ad
1124 4918 1428 4974 organorum
1457 4919 1636 4957 sonum
1664 4904 1912 4974 plaudunt
1937 4944 1952 4970 ,

331 4985 338 4998 ’
377 4993 587 5063 fugitiva
617 5010 709 5061 pro
734 4995 876 5047 statis
907 4993 1159 5058 habentes,
1188 4995 1358 5048 vinum
1383 4993 1680 5062 defarcatum
1705 4995 1920 5050 bibentes
1938 5035 1954 5063 ,

344 5139 348 5146 ,
376 5097 422 5140 ct
451 5087 706 5156 primariis
735 5085 1000 5156 unguentis
1028 5085 1234 5140 delibuti
1261 5085 1434 5156 (Amos
1463 5085 1516 5139 6.
1545 5081 1680 5154 4-6).

450 5179 532 5233 Ll.
571 5179 706 5232 Licet
735 5169 964 5235 deliciuri
1003 5179 1304 5247 permissum
1341 5187 1502 5244 esset,
1547 5177 1857 5231 matrimonii
1882 5187 1953 5231 ta-

377 5287 492 5325 men
525 5273 776 5343 mﬂestias
819 5272 941 5325 satis
968 5288 1074 5332 esse
1102 5287 1214 5338 qua:
1260 5287 1369 5324 eam
1411 5270 1716 5342 voluptatem
1771 5270 1962 5323 eastin-

378 5361 820 5440 gitana—Itaque
854 5361 991 5440 quod
1021 5362 1259 5416 dicebam
1290 5363 1340 5414 in
1371 5361 1573 5432 primis,
1603 5375 1700 5414 nec
1724 5359 1959 5432 deliciari

443 5520 458 5550 ¹
496 5527 673 5582 Reg...
698 5519 843 5585 Nobis
861 5531 962 5568 esse
986 5531 1009 5585 :_
1031 5517 1263 5568 Habentes
1285 5517 1412 5568 enim
1426 5513 1617 5585 ,_inqus't
1635 5549 1650 5573 ,
1673 5511 1898 5585 gluttth
1918 5517 1965 5582 et

379 5574 672 5642 tegumenta,
697 5581 775 5632 his
802 5580 1009 5632 contenti
1031 5593 1210 5630 sumus.
1238 5589 1356 5630 Nam
1379 5579 1461 5641 qui
1483 5574 1641 5627 volunt
1664 5574 1966 5685 dicitesjieri

381 5643 595 5685 turidlmt
615 5643 664 5685 in
689 5643 1015 5685 ιρηῑιιιὶυηρηι-
1039 5649 1082 5685 et
1104 5641 1154 5685 in
1175 5642 1396 5685 laqueum
1420 5638 1624 5685 diaboli.
1649 5641 1694 5685 rt
1719 5639 1822 5685 (less
1860 5649 1966 5685 erm

381 5643 595 5710 incidunt
615 5638 1015 5710 intentationem,
1039 5649 1082 5691 et
1104 5641 1154 5692 in
1175 5638 1400 5700 laqueum
1419 5638 1597 5710 diaboli
1610 5677 1624 5700 ,
1649 5641 1694 5710 rt
1719 5638 1966 5710 desideria

377 5707 530 5760 multa
553 5706 743 5757 inutilia
765 5713 812 5755 et
835 5719 912 5754 ηοι
926 5699 1016 5768 inn,
1039 5717 1148 5764 qua:
1169 5711 1386 5768 mergunt
1399 5702 1622 5768 nomines
1645 5699 1696 5750 in
1715 5699 1964 5768 interitum

381 5778 426 5827 tt
447 5770 764 5836 tx'rdtftiorwm
787 5769 859 5832 (ι.
885 5760 1061 5818 lineo.
1081 5771 1132 5819 δ.
1149 5768 1222 5830 9).
1247 5760 1300 5818 Et
1325 5766 1441 5830 quid
1468 5763 1668 5818 t'autum
1691 5765 1800 5814 dtCO

1680 316 1770 372 DE
1807 313 2273 376 VlRGlNlTATE.

3513 321 3616 374 5η

2047 429 2198 483 licet.
2220 427 2356 496 Quin
2397 439 2454 488 ut
2481 425 2610 482 nihil
2641 427 2828 482 horum
2856 428 3076 483 vetitum
3107 437 3284 494 esset,
3317 427 3411 485 sed
3441 435 3620 484 omnia

2042 534 2316 584 concessa,
2349 527 2401 573 at
2427 530 2549 573 sunt
2573 517 2674 572 alia
2712 517 2778 571 ad
2826 519 3129 573 maestitiam
3159 533 3222 574 ae
3267 519 3504 574 dolorem
3535 521 3615 574 his

2042 610 2287 681 :equalia,
2320 608 2426 663 imo
2457 617 2602 664 tanto
2627 619 2681 674 et
2705 608 2852 678 plura
2880 617 2936 664 et
2959 610 3256 678 majora,ut
3287 608 3494 664 illorum
3521 623 3622 664 nec

2045 705 2318 760 minimum
2349 704 2562 774 quidem
2601 719 2818 762 sensum
2847 704 3119 774 capiamus
3148 744 3164 769 ,
3209 703 3306 758 sed
3333 703 3506 772 omnis
3550 715 3615 755 ex

2043 795 2110 852 iis
2139 795 2380 864 Voluptas
2406 793 2651 854 facessat.

2115 885 2220 940 Lll.
2253 885 2510 953 Quantum
2539 885 2728 944 malum
2757 885 2821 939 sit
2845 885 3114 955 zelotypia.
3143 914 3216 923 —
3242 883 3299 940 Si
3328 883 3469 939 enim
3496 882 3616 952 quis

2043 985 2230 1030 natura
2281 977 2350 1031 sit
2397 974 2462 1030 ad
2509 977 2825 1046 zelotypiam
2870 990 3164 1048 propensus
3192 1017 3208 1043 ,
3250 984 3341 1030 aut
3368 991 3433 1036 ex
3458 989 3617 1032 causa

2043 1067 2151 1121 ulla
2183 1067 2402 1122 minime
2427 1081 2552 1122 vera
2579 1080 2644 1124 eo
2672 1067 2812 1121 malo
2832 1067 3152 1136 corripiatur
3182 1108 3198 1134 ,
3228 1067 3417 1137 ecquid
3441 1066 3620 1137 anima

2043 1156 2343 1226 hujusmodi
2373 1156 2725 1212 miserabilius
2751 1157 2858 1210 sit?
2897 1156 2954 1212 Si
2984 1157 3176 1220 bellum
3213 1165 3373 1225 atque
3416 1165 3620 1225 tempe-

2044 1257 2233 1304 statem
2251 1265 2370 1304 cum
2389 1249 2470 1303 his
2485 1249 2686 1306 mdibns
2699 1258 3388 1318 couiparemus,accuratam
3402 1247 3622 1317 hujusce

2045 1342 2121 1397 rei
2145 1356 2533 1412 consequemur
2555 1342 2834 1412 imaginem
2865 1358 2878 1394 :
2902 1343 3076 1396 omnia
3100 1341 3345 1404 tristitiae,
3362 1341 3621 1408 suspicio-

2043 1435 2150 1502 nis,
2191 1434 2646 1499 rixarum,turb:e
2670 1434 2822 1502 plena
2851 1442 2990 1488 sunt.
3030 1433 3160 1487 Nam
3178 1433 3268 1502 qui
3295 1432 3394 1486 hac
3415 1431 3619 1486 insania

2044 1525 2180 1598 ictus
2193 1525 2334 1592 sit,ci
2347 1525 2513 1582 nihilo
2530 1525 2720 1580 melius
2737 1534 2998 1594 est,qnant
3013 1523 3352 1592 dmmoniacis
3368 1538 3430 1577 ac
3445 1531 3621 1577 mente

2043 1617 2231 1686 captis:
2245 1616 2380 1671 adeo
2396 1615 2608 1671 assidue
2632 1615 3022 1683 exsilit,resilit,
3037 1617 3089 1668 in
3107 1630 3293 1670 omnes
3316 1614 3618 1676 stomacha-

2047 1716 2132 1770 tur
2155 1708 2204 1762 in
2229 1717 2540 1775 praesentes,
2563 1723 2658 1766 seu
2685 1722 2892 1782 servus,
2919 1723 3011 1760 seu
3039 1716 3198 1760 natus
3222 1746 3236 1770 ,
3261 1721 3356 1762 seu
3384 1707 3622 1776 quisquis

2044 1803 2179 1858 alius
2203 1801 2290 1866 sit,
2315 1803 2657 1856 immerentes
2674 1800 2816 1865 licet,
2831 1799 3095 1854 irascitur.
3130 1798 3384 1868 Voluptas
3403 1811 3622 1866 prorsus

2046 1891 2533 1964 fugatur,moerore,
2555 1891 2718 1958 luctu,
2740 1891 3057 1945 insuavitate
3078 1889 3253 1944 omnia
3267 1889 3460 1944 referta
3473 1897 3616 1945 sunt:

2046 1997 2139 2042 seu
2163 1982 2306 2037 domi
2334 1991 2564 2044 maneat,
2596 1997 2688 2036 seu
2715 1981 2766 2034 in
2796 1980 2966 2042 forum
2994 1980 3247 2054 prodeat,
3277 1994 3370 2034 seu
3400 1980 3500 2034 iter
3526 1978 3620 2031 ad-

2045 2085 2198 2130 ornet
2217 2116 2232 2140 ,
2262 2074 2457 2145 ubique
2485 2073 2624 2127 malo
2651 2072 2878 2141 tangitur
2905 2112 2920 2137 ,
2965 2071 3198 2144 animum
3228 2071 3277 2126 ei
3305 2070 3496 2140 quovis
3521 2067 3618 2122 sti-

2045 2165 2190 2220 mulo
2217 2164 2394 2224 acrius
2416 2172 2683 2234 pungente
2704 2178 2766 2217 ac
2786 2170 3011 2217 vexante
3041 2203 3058 2228 ,
3103 2176 3203 2216 nec
3241 2161 3520 2232 quiescere
3543 2161 3619 2214 si-

2045 2262 2206 2322 nente
2229 2271 2242 2306 :
2269 2269 2440 2323 neque
2466 2254 2608 2308 enim
2641 2253 2724 2307 hic
2750 2253 2965 2307 morbus
2993 2252 3259 2306 tristitiam
3287 2250 3458 2306 solum
3481 2292 3496 2317 ,
3525 2249 3622 2305 sed

2048 2345 2210 2400 etiam
2241 2343 2628 2398 intolerabilem
2657 2341 2893 2398 furorem
2915 2356 3104 2412 parcre
3125 2341 3278 2396 solet.
3311 2341 3488 2410 Atque
3509 2340 3622 2394 haec

2044 2436 2128 2490 vel
2149 2435 2351 2506 singula
2373 2435 2745 2504 satissintquze
2761 2433 2860 2488 hoc
2880 2433 3067 2488 morbo
3083 2441 3292 2502 captum
3313 2426 3620 2488 conficiant:

2045 2527 2126 2582 sin
2168 2537 2344 2580 autem
2392 2525 2548 2584 simul
2605 2525 2884 2594 conjuncta
2926 2530 3234 2595 oppugnent
3261 2564 3277 2588 ,
3323 2537 3444 2588 eum
3481 2523 3619 2577 assi-

2045 2615 2149 2680 due
2173 2617 2459 2686 prementia
2485 2655 2500 2679 ,
2538 2629 2636 2670 nec
2674 2614 2948 2669 minimum
2993 2614 3042 2669 ei
3091 2613 3388 2683 respirandi
3415 2621 3625 2682 tempus

2048 2707 2326 2762 tribucntia
2353 2747 2368 2773 ,
2406 2722 2508 2776 qua
2537 2721 2643 2761 non
2672 2713 2844 2772 morte
2865 2705 2917 2758 id
2945 2704 3190 2760 acerbius
3218 2705 3323 2758 sit?
3368 2703 3500 2758 Nam
3529 2717 3624 2758 seu

2044 2809 2338 2855 extremam
2364 2806 2654 2868 egestatem
2681 2839 2696 2863 ,
2725 2813 2820 2852 seu
2845 2796 3191 2852 insanabilem
3219 2797 3461 2850 morbum
3487 2836 3500 2856 ,
3527 2809 3621 2847 seu

2046 2891 2241 2958 ignem,
2265 2904 2359 2943 seu
2386 2888 2585 2942 ferrum
2614 2888 2874 2956 nomines,
2895 2887 3025 2942 nihil
3052 2903 3146 2957 par
3171 2887 3368 2941 dixeris
3401 2904 3414 2940 :
3447 2885 3496 2940 id
3522 2885 3624 2940 soli

2046 2997 2112 3036 ex
2125 2981 2253 3051 pcrti
2279 2979 2442 3048 probe
2463 2981 2654 3033 sciunt.
2682 2978 2835 3042 Nulla
2856 2986 2939 3034 est
2958 2979 3098 3033 enim
3120 2978 3329 3032 dicendi
3353 2986 3494 3031 tanta
3521 2977 3622 3036 vis.

2045 3091 2164 3146 qua:
2211 3074 2332 3127 mali
2373 3073 2690 3144 gravitatem
2725 3080 3098 3146 consequatur.
3123 3070 3332 3124 Etenim
3359 3083 3482 3124 eum
3507 3083 3623 3122 om-

2047 3169 2192 3222 nium
2225 3146 2552 3221 carissimam
2585 3204 2600 3229 ,
2633 3171 2686 3218 et
2728 3177 2825 3232 pro
2870 3145 2973 3234 qua
3014 3162 3201 3214 lubens
3225 3159 3310 3214 vel
3338 3160 3494 3212 vitam
3525 3158 3622 3212 int-

2050 3259 2275 3331 pendat,
2321 3265 2620 3326 suspectam
2651 3254 2846 3318 habere
2880 3267 3092 3321 semper
3127 3252 3354 3320 cogitur,
3377 3249 3502 3319 quid
3547 3258 3629 3302 est

2048 3350 2265 3406 omnino
2295 3347 2434 3418 quod
2461 3347 2620 3409 solari
2659 3361 2781 3410 eum
2812 3343 3022 3414 possit?
3069 3343 3174 3402 Seu
3201 3357 3432 3410 namque
3469 3356 3610 3396 soni-

2049 3425 2174 3498 nnm
2203 3442 2356 3507 inire,
2387 3455 2480 3497 seu
2506 3438 2682 3499 cibum
2705 3447 2994 3508 potumque
3019 3450 3210 3504 capere
3234 3447 3511 3488 necessum
3532 3432 3622 3495 sit,

2049 3549 2286 3588 mensam
2316 3531 2558 3592 letalibus
2583 3529 2802 3585 venenis
2836 3527 3013 3597 potius
3044 3541 3200 3598 quam
3222 3524 3410 3580 eduliis
3427 3523 3623 3577 instru—

2050 3633 2188 3678 ctam
2213 3621 2428 3678 credet:
2463 3621 2518 3686 in
2547 3621 2684 3676 lecto
2702 3635 2799 3674 nec
2821 3619 2904 3674 vel
2934 3603 3204 3676 momento
3233 3615 3503 3685 quiescet,
3532 3612 3627 3666 sed

2052 3694 2302 3786 tanquam
2333 3713 2586 3782 subjectis
2619 3711 2803 3781 prunis
2823 3708 3068 3774 :estuabit
3095 3722 3156 3762 ae
3179 3705 3496 3775 iactabitur:
3529 3719 3624 3758 ne-

2051 3821 2155 3884 que
2180 3815 2270 3859 aut
2295 3804 2586 3858 amicorum
2617 3815 2953 3873 congressus,
2983 3806 3076 3852 aut
3105 3796 3436 3876 negotiorum
3475 3809 3624 3857 cura,

2051 3907 2146 3953 aut
2165 3896 2518 3968 periculorum
2537 3902 2726 3958 metus,
2752 3901 2842 3946 ant
2868 3892 3056 3961 ingens
3080 3890 3341 3957 voluptas,
3365 3895 3456 3940 aut
3481 3885 3623 3939 aliud

2052 3989 2336 4064 quidquam
2367 3987 2433 4041 ab
2457 4001 2523 4042 eo
2547 3996 2680 4040 testu
2717 3983 2983 4037 hominem
3013 3979 3276 4035 abducere
3297 3985 3472 4047 potest
3495 4016 3509 4043 ,
3531 3975 3626 4030 sed

2053 4083 2284 4158 procella
2312 4082 2427 4136 hzce
2461 4079 2704 4136 omnibus
2733 4085 2786 4133 et
2806 4074 3056 4146 iucundis
3085 4082 3139 4136 et
3171 4070 3410 4134 tristibus
3441 4078 3624 4139 poteno

2055 4180 2159 4233 tius
2198 4175 2432 4230 animum
2478 4171 2732 4242 possidet.
2782 4169 2905 4224 Haec
2943 4183 3063 4222 cum
3090 4164 3448 4237 perspexi<set
3478 4162 3630 4216 Salo-

2055 4287 2202 4338 mon,
2229 4269 2439 4324 dicebat
2463 4283 2477 4319 :
2507 4265 2676 4319 Durus
2696 4263 2822 4322 sicut
2848 4263 3073 4333 infernus
3103 4259 3237 4312 zelus
3257 4254 3426 4328 (Cant.
3453 4257 3504 4312 8.
3536 4251 3628 4323 6):

2055 4375 2109 4420 et
2135 4378 2362 4427 rursum,
2397 4358 2588 4413 Plenus
2617 4357 2751 4411 enim
2776 4355 2871 4408 zeli
2899 4355 3006 4424 ejus
3034 4352 3128 4405 viri
3148 4347 3312 4420 furor,
3338 4364 3438 4402 non
3465 4354 3632 4416 parcet

2056 4459 2109 4513 in
2121 4457 2201 4511 die
2205 4455 2414 4527 judicii,
2433 4468 2521 4504 nec
2545 4449 2884 4518 redemptione
2907 4444 3014 4498 ulla
3036 4441 3323 4498 inimicitias
3349 4446 3632 4508 componet,

2057 4568 2148 4620 nec
2173 4547 2446 4621 quantisvis
2485 4543 2629 4598 donis
2660 4539 2941 4612 placabitur
2959 4536 3140 4610 (Prov.
3168 4535 3220 4591 6.
3246 4536 3333 4602 Si.
3351 4535 3462 4604 35).
3487 4533 3534 4587 ls
3553 4539 3638 4586 est

2059 4646 2199 4710 enim
2227 4639 2395 4695 morbi
2415 4637 2572 4707 hujus
2603 4634 2769 4695 furor,
2799 4641 2857 4687 ut
2883 4646 2980 4696 nec
2999 4638 3211 4708 sumpto
3235 4627 3302 4682 de
3329 4641 3395 4681 eo
3423 4624 3514 4696 qui
3544 4625 3638 4678 la:-

2059 4736 2190 4797 serit
2216 4731 2500 4803 supplicio,
2529 4727 2770 4792 dolorem
2804 4724 3024 4782 missum
3052 4723 3225 4776 faciat.
3256 4719 3436 4788 Itaque
3460 4717 3635 4779 multi,

2059 4827 2302 4884 adultero
2326 4823 2537 4880 sublato
2569 4863 2584 4884 ,
2626 4821 2758 4882 iram
2799 4825 2957 4888 atque
2988 4828 3271 4872 interorem
3314 4811 3500 4866 tollere
3529 4824 3637 4866 non

2060 4925 2365 4991 potuerunt.
2393 4916 2526 4972 Sunt
2553 4922 2607 4970 et
2637 4913 2728 4984 qui
2753 4912 2904 4966 caesis
2929 4909 3038 4963 suis
3059 4904 3371 4976 conjugibns
3395 4945 3409 4968 ,
3441 4916 3594 4972 teque
3621 4942 3638 4966 ,

2063 5013 2169 5067 imo
2195 5010 2382 5079 magis,
2414 5022 2480 5063 eo
2505 5020 2635 5075 rogo
2661 5000 2973 5057 exarserint.
3005 5001 3080 5052 Ae
3105 4999 3185 5052 vir
3223 4995 3434 5066 quidem
3475 4993 3528 5047 in
3560 4992 3642 5056 his

2064 5103 2217 5160 malis
2242 5100 2420 5170 degit,
2475 5099 2633 5154 etiam
2681 5110 2804 5150 eum
2845 5093 2974 5148 nihil
3015 5103 3198 5146 verum
3243 5089 3329 5142 sit.
3376 5085 3640 5140 Caeterum

2068 5195 2261 5248 misera
2291 5191 2379 5246 illa
2408 5198 2462 5245 et
2483 5201 2784 5244 aerumnosa
2811 5184 2893 5238 vel
2911 5182 3025 5238 viro
3047 5179 3259 5252 gravius
3285 5175 3641 5231 exeruciatur.

2065 5287 2196 5352 Nam
2226 5300 2344 5339 eum
2373 5297 2493 5338 cum
2528 5323 2543 5347 ,
2575 5280 2664 5350 qui
2715 5290 3071 5335 terumnarum
3116 5270 3351 5334 omnium
3398 5265 3644 5321 solatium

2068 5393 2188 5435 csse
2216 5377 2438 5450 debeat,
2494 5381 2548 5428 et
2583 5369 2724 5436 unde
2747 5366 3057 5439 prmsidiutn
3086 5358 3500 5434 exspectandum
3533 5357 3594 5410 sit
3629 5397 3644 5421 ,

2069 5472 2290 5530 efferum
2320 5478 2478 5536 atque
2520 5464 2754 5528 omnium
2806 5461 2856 5513 in
2911 5475 2967 5512 se
3011 5454 3372 5509 inimicissime
3399 5449 3648 5503 allectum

2070 5565 2261 5627 cernit,
2301 5578 2406 5630 quo
2429 5560 2536 5627 jam
2569 5571 2626 5611 se
2652 5553 2858 5609 vertat?
2903 5551 2965 5622 ad
2986 5564 3141 5620 quem
3169 5543 3478 5614 confugiat?
3508 5540 3648 5596 unde

2073 5656 2330 5722 malorum
2359 5650 2618 5705 auxilium
2644 5655 2822 5718 petat,
2850 5653 3002 5721 portu
3030 5641 3077 5695 ei
3107 5646 3454 5708 przcstrncto,
3486 5647 3535 5688 et
3565 5633 3614 5684 in
3635 5659 3650 5669 -

2075 5724 2491 5819 numerabilibus
2526 5741 2758 5814 scopulis
2787 5736 3021 5796 referto?
3063 5734 3197 5790 Tum
3226 5743 3280 5789 et
3315 5731 3457 5785 servi
3481 5737 3526 5784 et
3552 5739 3647 5779 an-
