4016 6154
372 346 478 402 575

372 461 509 515 cilla:
536 461 599 517 ’in
624 476 743 517 eam
785 463 900 517 viro
942 466 1439 520 contumeliosiorcs
1485 478 1628 521 sunt.
1675 467 1769 521 Est
1805 469 1945 522 enim

373 567 542 619 genus
568 553 668 607 hoc
697 553 1005 618 hominum,
1039 569 1159 609 cum
1186 556 1380 626 alioqui
1406 558 1757 627 suspiciosum
1786 567 1840 612 et
1867 560 1948 612 in-

375 653 584 710 gratum
614 684 627 706 ,
663 652 770 697 tum
801 645 1029 699 licentia:
1056 648 1172 715 plus
1197 647 1337 701 nacti
1361 688 1376 713 ,
1406 647 1648 718 interque
1675 664 1734 704 se
1758 649 1949 704 adverv

379 748 467 786 sos
510 731 668 787 heros
693 735 1080 804 conspicientes
1104 777 1120 803 ,
1151 752 1218 791 ex
1258 752 1453 791 eorum
1482 737 1622 792 bello
1648 754 1753 792 non
1781 739 1951 793 levem

381 823 734 892 improbitatis
760 840 870 880 sua:
895 842 1079 881 ansam
1106 829 1339 898 capiunt.
1359 842 1363 846 '
1386 829 1518 883 Nam
1561 840 1668 885 tum
1698 830 1762 884 iis
1795 830 1953 900 quid-

378 912 504 980 quid
522 914 667 969 lubet
688 931 892 970 summa
907 917 1218 986 impunitate
1239 920 1435 990 fingere
1457 929 1613 990 atque
1624 920 1952 975 comminisci

383 1001 542 1068 licet,
585 1013 638 1057 et
666 1006 1023 1074 suSpieionem
1052 1008 1331 1063 calumniis
1360 1010 1472 1064 suis
1505 1011 1953 1065 confirmatiorem

383 1093 626 1164 reddere.
658 1096 881 1150 Animus
920 1098 1061 1153 enim
1102 1100 1271 1153 semel
1311 1099 1415 1155 hoc
1460 1101 1726 1169 pestilenti
1771 1104 1959 1159 morbo

383 1195 675 1255 occltpatus
692 1228 707 1252 ,
758 1188 913 1242 facile
940 1191 1322 1246 cunctacredit
1343 1233 1357 1257 ,
1383 1201 1435 1247 et
1460 1208 1589 1248 aure
1615 1194 1863 1249 omnibus
1890 1210 1958 1250 ex

384 1291 537 1347 :rquo
565 1289 745 1348 aperta
772 1321 788 1345 ,
822 1282 1177 1351 sycophantas
1209 1298 1239 1336 a
1269 1297 1370 1337 non
1397 1286 1737 1356 sycophantis
1761 1287 1964 1342 discer-

387 1385 514 1424 nere
544 1386 646 1425 non
673 1376 918 1440 sustinet,
950 1375 1042 1428 sed
1076 1374 1109 1429 ii
1139 1376 1313 1446 potius
1338 1392 1459 1431 vera
1489 1377 1670 1433 dicere
1692 1379 1956 1447 videntur,

385 1462 475 1530 qui
521 1464 875 1534 suspicionem
920 1476 1134 1535 augent,
1165 1483 1323 1537 quam
1350 1468 1437 1538 qui
1465 1468 1649 1524 tollere
1673 1481 1957 1524 conantur.

390 1550 572 1620 Itaque
596 1551 799 1622 fugitivi
822 1555 919 1623 illi,
951 1570 1242 1626 eorumque
1270 1572 1487 1623 uxores,
1513 1558 1680 1612 nihilo
1707 1560 1881 1613 minus
1910 1559 1961 1613 ei

387 1658 546 1713 quam
574 1645 973 1702 contubernalis
1003 1648 1217 1702 timemli
1241 1658 1291 1704 et
1314 1649 1565 1704 horrendi
1598 1660 1754 1717 sunt,
1782 1665 1963 1705 suum-

387 1749 490 1802 que
514 1734 618 1789 illis
646 1734 818 1790 locum
845 1736 1002 1792 cedat
1040 1739 1091 1793 in
1120 1739 1437 1811 illorumqne
1456 1739 1699 1796 ordinem
1731 1749 1965 1796 transeat

387 1835 616 1896 oportet.
643 1827 709 1882 Et
727 1829 939 1899 quando
958 1831 1073 1885 sine
1094 1831 1344 1902 lacrymis
1366 1848 1521 1902 agere
1551 1834 1785 1904 poterit?
1803 1850 1963 1903 quam

388 1915 645 1970 noctem?
674 1932 828 1987 quem
869 1917 1053 1973 diem?
1099 1920 1239 1987 quod
1295 1921 1530 1976 festum?
1577 1921 1788 1992 quando
1831 1923 1964 1978 citra

385 2007 638 2075 gemitum
662 2048 679 2075 ,
701 2008 954 2078 ejulatum
985 2051 1000 2077 ,
1047 2011 1311 2066 lamenta?
1340 2012 1493 2067 Minae
1522 2055 1539 2082 ,
1582 2015 1917 2070 contumelia:
1947 2056 1967 2084 ,

389 2098 627 2152 convicia
711 2110 964 2170 perpetuo
1014 2143 1030 2169 ,
1100 2111 1208 2157 tum
1283 2119 1313 2158 a
1381 2106 1495 2160 viro
1569 2115 1768 2163 temere
1839 2122 1965 2163 sau-

388 2189 474 2242 cio
500 2231 515 2252 ,
560 2197 670 2244 tmn
701 2192 768 2246 ab
794 2192 1015 2262 impuris
1061 2194 1272 2250 famulis
1303 2214 1316 2251 :
1346 2198 1602 2253 custodia:
1642 2215 1763 2254 una:
1805 2210 1966 2270 atque

389 2278 573 2334 altera:
602 2298 615 2334 :
649 2283 825 2337 omnia
850 2286 1072 2339 terroris
1095 2300 1157 2340 ac
1186 2287 1551 2355 trepidationis
1576 2290 1751 2359 plena.
1782 2290 1968 2363 Neque

389 2371 533 2424 enim
561 2372 737 2428 exitus
775 2375 947 2429 solum
977 2383 1031 2431 et
1062 2378 1331 2448 ingressus
1360 2420 1375 2445 ,
1407 2379 1502 2435 sed
1531 2389 1586 2435 et
1602 2383 1762 2439 verba
1793 2392 1850 2439 et
1872 2385 1968 2440 ob-

390 2470 536 2518 tutus
558 2473 610 2518 et
636 2464 862 2534 suspiria
888 2477 1138 2523 accurate
1177 2477 1336 2538 atque
1364 2472 1573 2526 curiose
1599 2473 1966 2544 explorantur,

390 2562 444 2607 et
470 2553 551 2608 vel
581 2555 726 2609 saxis
748 2556 1060 2627 rigidiorem
1098 2559 1313 2614 silentio
1339 2571 1527 2616 cuncta
1550 2561 1711 2630 ferre,
1753 2578 1817 2619 ac
1847 2565 1960 2619 tha-

392 2640 532 2699 Iamo
556 2656 811 2717 perpetuo
833 2649 1045 2704 afﬁxam
1064 2665 1183 2706 esse
1206 2651 1380 2707 vincto
1405 2651 1592 2708 durius
1617 2670 1838 2712 necesse
1859 2664 1962 2725 est,

390 2737 474 2790 vel
505 2738 670 2807 loqui,
693 2738 984 2808 suspirare,
1015 2742 1197 2811 egredi
1225 2743 1495 2799 volentem
1520 2786 1535 2813 ,
1568 2746 1803 2801 omnium
1834 2763 1967 2802 cau-

389 2843 503 2884 sam
534 2828 714 2886 dicere
740 2831 879 2899 apud
913 2843 1196 2903 corruptos
1231 2849 1324 2890 eos
1348 2836 1556 2906 judices
1580 2879 1596 2904 ,
1629 2836 1856 2893 famulas
1880 2840 1966 2895 in-

390 2934 548 2988 quam
573 2929 625 2975 et
652 2936 926 2977 servorum
958 2924 1187 2979 turbam.
1217 2925 1411 2997 lgitnr,
1444 2929 1486 2983 si
1514 2928 1702 2998 placet,
1731 2946 1852 2987 cum
1883 2930 1968 2988 his

391 3009 544 3064 malis
569 3018 625 3066 et
649 3026 778 3081 opes
821 3013 1058 3085 ingentes
1092 3025 1146 3071 et
1183 3016 1493 3085 splendidas
1538 3035 1747 3076 mensas
1771 3032 1826 3076 et
1849 3038 1967 3078 ser-

390 3113 578 3154 vorum
605 3117 819 3173 gregem
844 3144 859 3169 ,
902 3106 1116 3176 generis
1161 3108 1502 3178 splendorem
1529 3151 1543 3176 ,
1574 3112 1823 3180 potentiae
1852 3128 1970 3169 ma-

390 3194 719 3263 gnitudinem
746 3238 760 3263 ,
789 3197 1010 3267 gloriam
1032 3214 1293 3256 summam
1315 3243 1330 3268 ,
1377 3202 1639 3273 majorum
1670 3206 1966 3263 claritatem

389 3284 606 3353 confer;
635 3302 818 3344 eorum
848 3306 965 3360 qua:
991 3292 1153 3346 vitam
1181 3292 1316 3349 hanc
1355 3295 1535 3351 studio
1561 3296 1967 3355 desiderabilem

391 3378 624 3435 efficiant
650 3380 782 3435 nihil
811 3384 1179 3451 przetermitte,
1204 3384 1298 3440 sed
1329 3386 1507 3440 omnia
1534 3386 1815 3459 diligenter
1842 3390 1961 3445 col-

390 3470 523 3526 lecta
553 3471 722 3525 dolori
768 3473 890 3527 huic
912 3487 1124 3543 oppone
1160 3491 1174 3528 :
1206 3489 1337 3531 sane
1374 3476 1701 3547 voluptatem
1745 3496 1864 3550 qua:
1900 3496 1968 3537 ex

390 3563 456 3618 iis
476 3572 660 3618 manat
680 3579 779 3619 nec
807 3575 1152 3636 apparentem
1185 3568 1402 3637 quidem
1425 3584 1614 3626 cernes
1638 3611 1655 3638 ,
1706 3581 1865 3642 atque
1894 3572 1966 3628 ita

391 3652 719 3725 profligatam
737 3695 752 3721 ,
781 3664 839 3710 ut
864 3657 1094 3712 scintilla
1127 3658 1179 3712 in
1206 3668 1412 3714 vastum
1440 3676 1623 3732 :equor
1650 3662 1838 3732 illapsa
1867 3679 1966 3718 ex-

389 3743 693 3813 stinguitur.
732 3745 797 3799 Et
823 3744 937 3800 llaec
965 3746 1178 3816 quidem
1200 3748 1286 3803 ubi
1315 3750 1395 3804 vir
1422 3751 1684 3823 zelotypia
1708 3752 1865 3808 fuerit
1883 3754 1968 3809 af-

398 3834 587 3891 fectus.
625 3835 716 3891 Sin
743 3837 809 3892 ad
832 3854 1057 3894 uxorem
1091 3841 1354 3912 aegritudo
1377 3859 1442 3899 ea
1469 3845 1724 3914 pervadat
1752 3844 1772 3918 (
1795 3863 1966 3919 neque

388 3928 531 3982 enim
564 3929 614 3985 id
639 3946 759 3985 raro
784 3933 997 3988 evenire
1024 3933 1203 4005 solet)
1231 3977 1246 4002 ,
1273 3951 1393 3991 cum
1416 3937 1510 3991 illo
1528 3954 1686 4008 quam
1718 3956 1837 3994 cum
1870 3941 1968 3998 hac

392 4019 584 4074 melius
623 4031 845 4092 agetur:
892 4022 988 4078 sed
1016 4024 1068 4081 in
1098 4025 1236 4081 hanc
1267 4028 1514 4084 miseram
1546 4047 1757 4088 rursum
1799 4033 1969 4104 major

389 4110 630 4166 dolorum
657 4127 780 4182 pars
809 4114 1126 4172 redundabit
1150 4136 1164 4173 :
1193 4134 1369 4189 neque
1390 4121 1534 4176 enim
1567 4124 1644 4178 fas
1673 4133 1756 4179 est
1775 4125 1965 4182 iisdem

389 4203 554 4258 armis
584 4203 637 4258 in
663 4217 965 4275 suspectum
990 4211 1087 4262 uti.
1135 4208 1266 4265 Nam
1310 4213 1429 4282 quis
1471 4229 1692 4271 uxorem
1723 4216 1859 4273 ferat
1882 4220 1969 4288 ju-

390 4293 601 4350 bentem
629 4296 773 4352 domi
800 4299 1011 4355 assidue
1046 4304 1304 4358 manere?
1337 4305 1456 4374 quis
1486 4320 1517 4361 e
1565 4309 1734 4363 servis
1780 4309 1965 4366 herum

389 4389 673 4445 observare
706 4392 882 4457 ausit,
913 4396 1038 4463 quin
1070 4396 1323 4451 continuo
1375 4397 1441 4451 ad
1492 4398 1797 4455 barathrum
1829 4403 1969 4458 abri-

392 4480 601 4549 piatur?
632 4480 809 4551 Itaque
834 4499 933 4539 nec
962 4484 1046 4541 his
1075 4488 1516 4545 machinamentis
1553 4493 1713 4547 solari
1751 4509 1811 4549 se
1849 4510 1971 4564 pos-

391 4571 478 4633 sit,
508 4586 607 4626 nec
632 4572 765 4627 iram
803 4575 983 4629 verbis
1025 4577 1247 4634 efferre:
1295 4580 1390 4634 sed
1426 4580 1511 4634 vir
1546 4583 1717 4637 semel
1744 4583 1967 4641 fortasse

394 4664 688 4733 iterumque
751 4664 1141 4735 vitilitigantem
1213 4668 1485 4737 patietur;
1543 4671 1627 4725 sin
1692 4673 1968 4731 criminari

392 4755 663 4824 persistat,
689 4756 867 4810 statim
897 4755 1129 4823 docebit,
1149 4767 1407 4827 praestare
1422 4774 1485 4814 ea
1512 4761 1724 4816 silentio
1746 4762 1885 4820 ferre
1906 4780 1969 4822 ac

391 4848 686 4904 tabescere.
726 4851 899 4919 Atque
924 4849 1040 4905 tunc
1067 4850 1280 4919 quidem
1331 4852 1376 4905 si
1423 4853 1658 4923 suspicio
1687 4855 1776 4910 sit.
1801 4856 1968 4914 Porro

390 4943 435 4999 si
463 4944 661 4999 malum
704 4942 803 4997 huc
828 4959 1010 4998 verum
1042 4944 1154 5012 sit,
1202 4944 1313 5014 jam
1347 4959 1568 5000 uxorem
1614 4962 1821 5006 nemoe
1846 4949 1962 5007 laesi

400 5040 645 5095 manibus
681 5038 874 5108 eripiat
902 5079 916 5102 ,
949 5038 1073 5106 quin
1105 5038 1249 5107 leges
1286 5038 1608 5109 opitulantes
1639 5054 1824 5099 nactus
1847 5059 1969 5100 om-

392 5132 535 5186 nium
566 5131 663 5185 sibi
687 5130 1017 5185 carissimam
1053 5130 1104 5183 in
1123 5128 1379 5199 judicium
1407 5131 1685 5188 adductam
1719 5136 1963 5192 trucidet:

398 5234 650 5281 cmterum
672 5223 756 5278 vir
780 5222 954 5292 legum
984 5237 1169 5292 pmnas
1196 5222 1411 5294 effugit,
1440 5226 1652 5282 sublimi
1681 5244 1744 5283 ac
1771 5229 1966 5286 divinte

391 5317 670 5371 sententize
694 5327 958 5371 servatus.
997 5316 1191 5371 Verum
1223 5316 1275 5371 id
1299 5317 1366 5372 ad
1396 5317 1608 5374 misera:
1641 5323 1966 5377 consolatio—

392 5427 511 5466 nem
527 5426 630 5467 non
654 5411 872 5478 sufficit;
888 5410 982 5467 sed
1012 5427 1230 5469 necesse
1258 5422 1339 5469 est
1362 5413 1569 5485 longam
1596 5400 1877 5486 quamdam
1907 5433 1971 5474 ac

393 5504 751 5561 miserandam
783 5513 1009 5559 mortem
1030 5505 1209 5561 subire
1228 5542 1243 5572 ,
1273 5520 1369 5576 per
1389 5507 1779 5563 incantamenta
1810 5519 1968 5579 atque

396 5598 644 5655 veneficia
663 5640 679 5666 ,
711 5614 828 5669 qua:
852 5597 1110 5654 adulterae
1136 5598 1389 5654 mulieres
1414 5610 1712 5670 prteparant
1737 5616 1751 5652 :
1781 5600 1969 5669 plora:-

300 5756 301 5763 η
391 5708 493 5762 que
514 5692 675 5746 etiam
707 5704 806 5746 nec
833 5689 1038 5746 insidiis
1063 5691 1115 5746 in
1152 5705 1245 5748 eas
1269 5703 1400 5760 quas
1426 5690 1691 5745 lacessant
1711 5704 1848 5760 epus
1875 5690 1970 5745 ha-

392 5787 737 5857 buerunt,sed
760 5787 862 5847 illa:
876 5787 1123 5845 mmroris
1138 5786 1475 5846 vehementia
1494 5786 1644 5858 prius
1664 5786 1964 5856 exstinctat,

1067 351 1125 409 S.
1164 351 1437 411 JOANNIS
1474 354 1946 411 CllllYSOSTOMI
1988 355 2302 412 ABCIIIEP.
2345 358 2876 416 CONSTANTiNOP.

3534 362 3641 418 576

2055 471 2195 538 ipsas
2224 480 2621 539 praevenerunt.
2673 474 2746 528 Ita
2779 483 2835 528 ut
2859 475 3194 544 quantumvis
3222 477 3317 530 viri
3344 491 3543 532 omnes
3571 478 3640 532 ad

2056 561 2449 615 matrimonium
2471 562 2820 630 confluerent,
2848 565 3056 620 feminis
3087 566 3138 620 id
3182 581 3288 622 non
3329 569 3405 623 sit
3450 582 3647 639 perse—

2056 653 2347 723 quendum.
2372 654 2505 709 Nam
2534 670 2633 711 nec
2663 656 2837 713 inesse
2870 659 2919 712 in
2964 673 3022 713 se
3046 667 3245 714 tantam
3275 660 3523 716 libidinis
3543 661 3650 715 im—

2060 745 2345 813 potentiam
2375 756 2596 815 possunt
2619 746 2796 803 dicere
2818 789 2835 816 ,
2882 759 2936 803 et
2958 749 3203 805 dolorum
3228 752 3316 821 qui
3346 766 3418 806 ex
3447 766 3518 806 eo
3545 752 3651 805 im—

2060 833 2323 902 pendeant
2347 834 2470 903 plus
2495 836 2709 904 capiunt
2739 854 2752 890 :
2780 838 2920 907 quod
2953 838 3166 909 quidem
3183 841 3291 909 jam
3317 850 3403 895 est
3432 856 3465 894 a
3492 840 3653 895 nobis

2059 923 2498 980 demonstratum.
2518 927 2652 994 Quid
2670 929 2844 999 igitur,
2872 929 3074 1000 inquit,
3096 930 3150 986 id
3177 931 3228 986 in
3261 931 3413 987 omni
3442 932 3641 986 matri-

2060 1015 2241 1070 monio
2280 1016 2407 1071 est?
2430 1016 2540 1073 Nec
2586 1016 2718 1074 vero
2764 1019 2916 1075 abest
2940 1020 3007 1075 ab
3035 1021 3180 1075 omni
3217 1037 3232 1074 :
3282 1031 3555 1076 caeterum
3583 1021 3657 1075 ab

2061 1107 2205 1163 omni
2234 1109 2530 1180 virginitate
2550 1110 2704 1182 longe
2722 1119 2877 1183 atque
2898 1113 3077 1182 procul
3103 1121 3202 1168 est.
3230 1114 3308 1169 Ac
3322 1126 3496 1183 nupta
3526 1113 3658 1169 licet

2063 1202 2114 1255 in
2143 1201 2338 1256 malum
2369 1217 2474 1258 non
2501 1204 2736 1273 incidat,
2763 1213 2819 1260 at
2844 1206 2893 1259 in
2920 1206 3039 1260 mali
3066 1216 3262 1260 metum
3289 1206 3495 1260 incidet
3521 1225 3534 1261 :
3568 1222 3657 1261 ne-

2063 1308 2165 1360 que
2210 1294 2352 1346 enim
2383 1302 2557 1361 potest
2577 1334 2593 1359 ,
2624 1295 2706 1349 cui
2739 1310 2858 1350 cum
2885 1297 3000 1351 viro
3028 1297 3492 1352 consuescendum
3544 1298 3655 1358 sit.

2065 1397 2170 1435 non
2203 1395 2300 1436 una
2325 1399 2444 1437 cum
2472 1385 2854 1441 consuetudine
2882 1386 3018 1440 mala
3045 1388 3221 1441 omnia
3251 1402 3436 1442 secum
3460 1397 3657 1456 putare

2065 1486 2127 1526 ac
2153 1481 2391 1543 metuere
2420 1493 2433 1528 :
2471 1476 2618 1545 virgo
2642 1484 2815 1530 autem
2846 1491 2953 1531 non
2980 1477 3150 1531 solum
3172 1492 3201 1530 a
3223 1477 3490 1532 molestiis
3515 1518 3533 1545 ,
3561 1477 3659 1531 sed

2067 1560 2224 1616 etiam
2245 1578 2274 1617 a
2303 1562 2605 1634 suspicione
2632 1566 2795 1620 libera
2824 1575 2925 1621 est.
2958 1566 3030 1620 At
3053 1565 3155 1622 huc
3181 1583 3284 1620 non
3312 1576 3397 1622 est
3424 1568 3479 1621 in
3506 1565 3660 1621 omni

2067 1654 2424 1707 matrimonio.
2454 1654 2572 1710 Non
2608 1656 2854 1725 equidem
2883 1656 2937 1711 id
2960 1656 3077 1711 dico
3102 1698 3118 1723 ,
3162 1657 3253 1710 sed
3296 1661 3555 1726 quamvis
3606 1656 3659 1710 id

2069 1758 2175 1796 non
2201 1743 2344 1810 insit’,
2369 1745 2469 1799 alia
2498 1745 2677 1800 insunt
2700 1747 2885 1813 multa,
2910 1761 2971 1801 ac
2991 1746 3114 1802 licet
3142 1746 3228 1800 illa
3258 1745 3506 1816 effugias,
3539 1760 3662 1800 om.

2069 1834 2155 1888 nia
2181 1834 2337 1904 plane
2362 1834 2596 1907 effugere
2626 1852 2730 1891 non
2754 1838 2926 1907 possis
2950 1854 2966 1903 ;
2998 1836 3093 1892 sed
3118 1837 3262 1892 velut
3290 1837 3342 1890 in
3368 1836 3625 1891 sentibus
3642 1876 3657 1897 .

2068 1942 2188 1995 quae
2212 1927 2541 1984 vestimentis
2568 1927 2916 1993 adhaereant,
2938 1927 3033 1998 qui
3058 1942 3238 1996 sepem
3267 1926 3612 1982 transcendit
3642 1968 3658 1993 ,

2068 2019 2135 2074 ad
2155 2035 2311 2074 unam
2333 2020 2659 2076 evellendam
2682 2035 2989 2087 conversus,
3012 2020 3128 2075 aliis
3151 2019 3387 2089 pluribus
3415 2026 3660 2074 tenetur:

2070 2110 2143 2165 ita
2170 2119 2224 2166 et
2252 2111 2306 2166 in
2335 2127 2396 2167 re
2421 2113 2606 2167 uxoria
2628 2153 2645 2178 ,
2672 2112 2762 2183 qui
2794 2111 2895 2167 hoc
2933 2111 3227 2182 perrumpit
3257 2152 3272 2176 ,
3307 2111 3401 2164 illo
3435 2124 3660 2164 rursum

2070 2203 2313 2269 Izeditur;
2358 2205 2447 2274 qui
2478 2220 2606 2260 vero
2634 2204 2759 2260 illud
2784 2205 3044 2268 evaserit,
3073 2203 3217 2258 aliud
3248 2202 3513 2256 offendit:
3557 2216 3663 2256 nec

2069 2293 2225 2350 facile
2254 2297 2647 2351 matrimonium
2676 2296 2913 2351 invenias
2941 2296 3084 2348 onmi
3117 2294 3353 2348 molestia
3384 2294 3657 2347 solutum.

2140 2384 2271 2439 Llll.
2305 2383 2607 2457 Conjugium
2645 2385 2855 2439 divitum
2888 2384 3215 2454 expetendum
3239 2400 3337 2436 non
3363 2399 3509 2448 esse,
3555 2383 3664 2435 ima

2072 2492 2350 2546 pauperum
2376 2476 2622 2531 connubio
2650 2477 2907 2531 nwlestius
2930 2492 3052 2529 esse.
3073 2504 3142 2514 --
3168 2473 3361 2529 Verum
3383 2515 3397 2539 ,
3430 2474 3477 2527 si
3506 2474 3663 2528 vidc-

2072 2579 2177 2638 tur,
2212 2569 2453 2624 infaustis
2481 2570 2714 2624 dimissis
2736 2611 2751 2636 ,
2780 2567 2919 2637 quod
2947 2568 2997 2621 in
3029 2583 3093 2622 eo
3123 2575 3203 2620 ter
3232 2566 3440 2620 beatum
3466 2566 3661 2619 existi-

2071 2671 2266 2726 metur,
2299 2668 2352 2715 et
2390 2660 2560 2726 multi,
2588 2659 2829 2728 adeoque
2854 2673 3040 2712 omnes
3066 2660 3248 2726 optent
3278 2657 3569 2726 consequi,
3607 2655 3664 2710 id

2072 2767 2212 2806 nunc
2236 2753 2289 2805 in
2319 2750 2552 2807 medium
2581 2751 2894 2821 productum
2933 2750 3279 2818 inquiramus.
3304 2749 3571 2816 Quidnam
3602 2749 3659 2803 id

2071 2845 2189 2900 est?
2215 2844 2314 2912 Qui
2348 2843 2568 2914 pauper.
2600 2841 2812 2896 humilis
2831 2883 2848 2908 ,
2881 2841 3117 2910 abjectus
3145 2841 3219 2895 sis
3241 2880 3257 2906 ,
3289 2857 3354 2895 ex
3380 2841 3561 2910 ampla
3592 2856 3660 2895 ac

2070 2935 2272 3006 potenti
2315 2941 2370 2989 et
2412 2934 2672 3003 locuplete
2708 2933 2869 2987 domo
2896 2946 3113 2987 uxorem
3142 2931 3359 2987 ducere.
3398 2933 3471 2986 At
3510 2931 3655 2997 hoc,

2070 3024 2212 3095 quod
2237 3022 2592 3094 expetendum
2617 3023 2845 3090 videtur,
2875 3038 2980 3078 non
3028 3023 3322 3077 minoribus
3341 3064 3355 3087 ,
3386 3038 3553 3093 quam
3594 3024 3658 3076 il-

2071 3116 2190 3183 Iud,
2222 3116 2360 3188 quod
2401 3129 2646 3186 perosum
2677 3123 2790 3179 est,
2820 3113 3208 3170 calamitatibus
3236 3114 3528 3168 obnoxium
3560 3112 3657 3169 de-

2071 3209 2483 3281 prehendamus.
2514 3207 2608 3262 Est
2633 3208 2775 3262 enim
2806 3205 3006 3278 alioqui
3029 3220 3150 3260 cum
3180 3205 3453 3261 hominum
3479 3220 3657 3276 genus

2071 3301 2566 3364 insolentissimum,
2599 3309 2707 3355 tum
2733 3298 2787 3352 in
2813 3297 2877 3352 iis
2900 3297 3169 3362 mulieres,
3197 3311 3262 3351 eo
3288 3295 3506 3368 quidem
3533 3310 3654 3349 ma-

2069 3395 2171 3465 gis,
2200 3408 2309 3465 quo
2346 3392 2744 3463 impotentiores
2774 3397 2915 3444 sunt.
2943 3389 3119 3456 Quare
3143 3397 3199 3443 et
3226 3388 3412 3443 morbo
3441 3389 3546 3442 hoc
3577 3386 3657 3440 fa-

2070 3485 2225 3540 cilius
2252 3483 2569 3553 capiuntur:
2596 3482 2642 3536 si
2669 3495 2795 3536 vero
2819 3480 3081 3550 superbia:
3110 3493 3297 3550 graves
3321 3477 3480 3533 etiam
3520 3492 3655 3531 cau-

2069 3593 2158 3634 sas
2201 3576 2468 3644 habeant,
2500 3574 2628 3629 nihil
2655 3582 2737 3629 est
2771 3571 2912 3642 quod
2936 3585 3027 3627 eas
3053 3572 3105 3626 in
3144 3569 3323 3625 officio
3345 3571 3654 3634 contineat;

2070 3669 2169 3725 sed
2197 3668 2347 3739 quasi
2374 3664 2588 3722 flamma
2612 3666 2887 3722 materiam
2918 3673 3067 3718 nacta
3088 3704 3103 3728 ,
3130 3663 3197 3716 ita
3225 3662 3454 3716 immane
3477 3676 3652 3732 quan-

2072 3769 2183 3816 tum
2214 3776 2273 3816 se
2294 3759 2600 3823 sustollunt,
2628 3757 2870 3813 ordinem
2897 3756 3162 3810 invertunt
3180 3794 3195 3818 ,
3222 3768 3425 3807 summa
3451 3752 3653 3805 infimis

2072 3860 2297 3908 mutant.
2328 3849 2460 3905 Nam
2488 3849 2662 3904 virum
2691 3863 2826 3903 uxor
2862 3847 3051 3917 capitis
3089 3845 3262 3899 locum
3309 3851 3491 3897 tenere
3541 3857 3650 3896 non

2070 3946 2215 4011 sinit,
2243 3943 2336 3999 sed
2362 3959 2464 4014 qua
2489 3952 2573 3998 est
2594 3941 2923 3996 contumacia
2947 3947 3103 4009 atque
3128 3938 3285 4003 fastu,
3307 3937 3375 3992 de
3396 3951 3461 3991 eo
3480 3936 3650 4007 gradu

2070 4037 2335 4107 dejectum
2376 4036 2426 4090 in
2457 4049 2610 4090 suum
2631 4075 2646 4100 ,
2676 4034 2726 4088 id
2754 4042 2837 4089 est
2863 4031 2929 4087 ad
2958 4029 3338 4099 subjectionem
3362 4069 3376 4094 ,
3403 4028 3651 4107 compel-

2071 4128 2161 4191 lit,
2204 4128 2422 4196 ipsaque
2450 4126 2510 4179 fit
2535 4132 2694 4195 caput
2736 4138 2799 4179 ac
2821 4122 2948 4178 dux.
2978 4121 3045 4177 Et
3073 4118 3200 4190 quid
3229 4134 3290 4173 ea
3317 4118 3651 4174 absurditate

2069 4211 2282 4282 gravius
2307 4226 2427 4266 esse
2462 4208 2675 4280 potest?
2715 4215 2771 4261 ut
2797 4206 2928 4260 nihil
2963 4204 3170 4269 dicam,
3215 4202 3488 4268 convicia,
3519 4218 3652 4257 con-

2073 4302 2315 4357 tumelias
2333 4343 2349 4368 ,
2378 4299 2763 4362 insuavitatem,
2791 4312 2909 4368 qua:
2935 4296 3172 4351 omnium
3194 4305 3318 4350 sunt
3342 4294 3648 4350 durissima.

2142 4392 2276 4449 LIV.
2311 4391 2639 4457 Quantumt‘is
2672 4389 2944 4460 subjectum
2984 4404 3193 4442 uxorem
3230 4387 3517 4458 opulentam
3557 4387 3653 4439 ha-

2073 4486 2209 4552 bens,
2249 4484 2423 4554 ingens
2445 4481 2832 4536 incommodum
2870 4495 2996 4533 esse.
3023 4508 3095 4518 —
3121 4477 3238 4533 Jam
3273 4477 3319 4531 si
3347 4477 3465 4547 quis
3507 4476 3653 4530 dicat

2073 4580 2222 4651 (nam
2265 4576 2508 4647 equidem
2552 4574 2748 4648 multos
2785 4572 2965 4628 dicere
3007 4570 3202 4636 audivi,
3235 4584 3354 4626 cum
3385 4566 3649 4638 ejusmodi

2073 4684 2350 4726 sermones
2381 4663 2641 4736 incidunt)
2672 4682 2686 4717 :
2719 4663 2946 4718 Tantum
2978 4662 3126 4716 dives
3151 4669 3205 4715 et
3243 4674 3521 4714 nummosa
3558 4659 3649 4724 sit,

2073 4761 2220 4817 nullo
2249 4759 2458 4829 negotio
2477 4758 2592 4828 ejus
2622 4755 2786 4810 fastus
2806 4753 3131 4823 deprimetur
3162 4766 3226 4806 ac
3253 4749 3532 4821 dejicietur
3561 4766 3576 4803 :
3605 4748 3651 4802 si

2072 4853 2213 4923 quis,
2258 4851 2495 4921 inquam,
2540 4848 2656 4903 lucc
2702 4845 2866 4912 dicat,
2911 4859 2994 4911 me
3039 4843 3128 4898 ille
3171 4845 3399 4912 primum
3444 4843 3653 4912 ignorat

2073 4945 2224 5001 valde
2245 4943 2298 4998 id
2322 4942 2537 4999 difficile
2555 4955 2709 5005 esse;
2731 4937 2922 4993 deinde
2948 4946 3005 4991 ut
3024 4936 3312 5005 contingat,
3336 4950 3442 4989 non
3464 4949 3650 5004 parum

2072 5036 2243 5093 adfert
2264 5033 2589 5097 detrimenti.
2621 5031 2832 5087 Etenim
2859 5029 2910 5085 vi
2942 5040 2998 5084 et
3023 5028 3294 5082 timentem
3321 5042 3383 5082 ac
3409 5038 3649 5082 coactam

2071 5131 2189 5185 viro
2214 5128 2425 5198 subjici,
2453 5126 2664 5195 gravius
2704 5134 2863 5193 atque
2889 5119 3225 5192 injucundius
3253 5127 3355 5182 est,
3384 5134 3542 5190 quam
3570 5119 3652 5173 vel

2073 5237 2281 5279 summa
2312 5219 2624 5275 auctoritate
2662 5217 2711 5271 ei
2754 5216 3034 5286 imperare.
3070 5211 3206 5278 Quid
3243 5211 3354 5265 ita?
3398 5210 3550 5280 Quod
3588 5224 3650 5264 ca

2071 5317 2153 5372 vis
2180 5313 2467 5370 amicitiam
2489 5324 2700 5365 omnem
2728 5322 2791 5362 ac
2818 5306 3141 5376 voluptatem
3173 5302 3440 5373 expellat:
3470 5301 3654 5355 amici-

2075 5409 2160 5464 tiae
2185 5415 2361 5461 autem
2388 5411 2546 5473 atque
2583 5399 2743 5455 studii
2784 5398 2953 5453 vicem
2995 5406 3200 5451 terrore
3243 5409 3306 5448 ac
3334 5393 3651 5449 necessitate

2073 5501 2353 5564 subeunte,
2379 5495 2559 5569 quanti
2590 5494 2699 5564 jam
2735 5490 2863 5548 illud
2890 5489 3047 5546 fuerit
3078 5486 3473 5542 matrimonium
3499 5483 3647 5539 :esti-

2073 5592 2362 5652 mandum‘l
3360 5668 3364 5673 ο

2146 5685 2256 5743 LV.
2287 5679 2612 5738 Intolerabile
2639 5680 2828 5734 malum
2865 5694 2971 5733 esse
3006 5674 3180 5730 ditiori
3211 5673 3317 5729 viro
3350 5671 3551 5726 nubere.
3580 5694 3645 5708 --

2077 5783 2251 5851 Atque
2277 5777 2391 5833 ιιωο
2410 5774 2622 5846 quidem
2644 5773 2687 5828 si
2714 5786 2847 5828 uxor
2870 5770 3119 5840 opulenta
3135 5767 3222 5822 sit.
3241 5765 3336 5821 Sin
3354 5766 3640 5834 contingat,
