4016 6154
228 253 330 309 ϐῖὸ

224 368 827 440 11611513]oi:1£1611161
850 370 1172 443 θεράπαιναι
1199 373 1416 445 τάνδρὸς
1440 375 1894 449 ὑϐριστικώτερον

222 455 355 525 αὐτῇ
380 456 677 528 κέχρηνται
696 474 708 488 ·
746 455 981 511 ὕποπτον
1008 461 1104 529 μὲν
1134 460 1241 533 γάρ
1276 463 1369 514 καὶ
1394 462 1566 527 ἄλλως
1588 465 1680 517 καὶ
1700 466 1894 536 ἀχάρι-

223 558 346 594 στον
384 543 542 596 τοῦτο
567 544 629 596 τὺ
658 546 849 614 γένος,
890 547 1019 601 ὅταν
1063 548 1118 599 δὲ
1151 549 1247 600 καὶ
1289 551 1598 621 παρρησίας
1652 553 1894 623 μείζονος

221 630 571 701 ἐπιλάϐηται,
597 634 694 686 καὶ
719 634 1197 699 διαστασιάζοντας
1228 638 1362 708 πρὸς
1380 638 1641 709 ἀλλήλους
1658 639 1742 712 ίδῃ
1770 641 1895 703 τοὺς

223 720 558 789 κρατοῦντας
582 722 781 787 αὐτῶν,
806 723 867 776 οὑ
891 722 1091 794 μικρὰν
1103 724 1355 796 ἀφορμὴν
1367 726 1466 799 τῇς
1486 726 1692 789 οίκείας
1710 726 1896 796 βδελυ-

225 807 343 877 ρίας
375 820 397 842 ⁸
427 808 521 861 τὸν
556 809 783 863 ἐκείνων
823 810 1159 880 λαμϐάνουσι
1188 812 1443 883 πόλεμον.
1485 813 1597 867 Καὶ
1627 813 1736 885 γὰρ
1768 831 1897 866 συν-

219 893 429 947 τιθέναι
450 896 547 948 καὶ
568 895 830 949 πλάττειν
854 897 1061 968 ὅσαπερ
1086 896 1152 950 ἂν
1183 897 1442 952 ἐθέλωσιν
1468 898 1678 964 ἔξεστιν
1711 900 1897 963 αὑτοῖς

225 981 367 1051 μετά
397 983 587 1046 ἀδείας
612 984 836 1054 ἀπάσης
875 984 1017 1048 τότε,
1054 984 1150 1038 καὶ
1187 986 1287 1055 τήν
1327 985 1561 1055 ὑποψίαν
1605 989 1728 1050 ταῖς
1764 989 1895 1056 παρ’

220 1070 405 1124 αὑτῶν
428 1070 706 1134 διαϐολαῖς
747 1072 1122 1144 δυνατωτέραν
1173 1074 1370 1127 ποιεῖν.
1403 1073 1469 1127 Ἦ
1505 1074 1612 1144 γάρ
1645 1073 1796 1137 ἅπαξ
1827 1076 1895 1145 τῇ

222 1159 441 1229 πονηρᾷ
466 1158 639 1230 ταύτῃ
676 1158 819 1228 νόσῳ
853 1158 1253 1228 κατασχεθεῖσα
1280 1159 1429 1230 ψυχὴ
1458 1161 1635 1214 πάντα
1663 1160 1898 1222 εὐκόλως
1944 1190 1951 1197 ’

222 1245 495 1309 πείθεται,
520 1247 618 1298 καί
651 1248 820 1299 πᾶσιν
860 1246 1248 1301 ἀναπετάσασα
1283 1247 1341 1313 ἐξ
1387 1247 1509 1317 ίσης
1556 1248 1656 1317 τὴν
1700 1247 1895 1317 ἀκοὴν,

221 1333 320 1385 οὑκ
340 1332 597 1402 ἀνέχεται
621 1333 916 1403 διακρίνειν
949 1336 1075 1397 τοὺς
1107 1334 1448 1403 συκοφάντας
1476 1334 1585 1387 τῶν
1619 1333 1694 1404 μὴ
1721 1332 1898 1386 τοιού-

218 1438 350 1484 των,
381 1420 516 1472 ἀλλά
540 1421 634 1472 καὶ
663 1421 814 1474 αὑτοὶ
843 1420 1076 1489 μάλιστα
1104 1421 1273 1474 πιστά
1293 1421 1471 1489 λέγειν
1489 1419 1757 1483 δοκοῦσιν,
1780 1422 1895 1474 ὅσοι

218 1506 318 1575 τὴν
368 1504 607 1575 ὑποψίαν
654 1506 1002 1577 ἐπαίρουσιν,
1048 1506 1081 1576 ἢ
1131 1507 1247 1559 ὅσοι
1292 1506 1685 1569 σπουδάζουσιν
1727 1506 1898 1577 αὑτὴν

221 1592 496 1648 καθελεῖν.
539 1592 819 1645 Ἐντεῦθεν
853 1593 1037 1647 λοιπὸν
1086 1594 1297 1664 ἀνάγκη
1326 1593 1622 1648 δεδοικέναι
1655 1593 1749 1647 καὶ
1776 1593 1900 1663 τρέ-

222 1697 344 1750 μειν
370 1679 468 1732 τοῦ
487 1678 858 1743 συνοικοῦντος
887 1681 986 1750 οὑχ
1001 1675 1161 1751 ἦττον
1185 1682 1311 1743 τοὺς
1330 1680 1601 1751 δραπέτας
1626 1679 1893 1742 ἐκείνους,

220 1767 314 1819 καὶ
342 1766 444 1827 τὰς
461 1768 691 1821 ἐκείνων
710 1770 995 1835 γυναῖκας,
1016 1769 1110 1821 καὶ
1134 1768 1234 1839 τὴν
1255 1768 1392 1839 αὑτῇ
1412 1769 1730 1839 πρέπουσαν
1748 1767 1900 1833 τάξιν

219 1855 538 1924 προεμένην
572 1856 601 1894 δ
629 1856 837 1919 αὑτοῖς,
880 1854 977 1924 τὴν
1012 1854 1235 1908 ἐκείνων
1271 1856 1599 1909 ἀντιλαϐεῖν.
1641 1855 1778 1907 Πότε
1808 1850 1901 1907 οὖν

217 1941 488 2010 ἀδακρυτὶ
533 1942 818 2010 διαγαγεῖν
870 1941 1197 2011 δυνήσεται;
1256 1941 1418 1994 ποίαν
1477 1942 1684 2003 νύκτας
1739 1942 1901 1993 ποίαν

218 2028 467 2098 ή;.ιέραν;
494 2029 655 2081 ποίαν
675 2029 872 2097 ἑορτήν
893 2044 907 2093 ;
935 2028 1066 2081 πότε
1089 2026 1409 2099 στεναγμῶν
1433 2029 1602 2098 χωρἰς
1632 2028 1727 2080 καὶ
1748 2028 1903 2099 ὀδυρ-

222 2115 335 2184 μῶν
372 2116 469 2167 καὶ
496 2114 745 2186 θρήνων;
781 2115 1026 2168 Ἀπειλαὶ
1052 2117 1146 2168 καὶ
1170 2114 1356 2185 ὑϐρεις
1378 2116 1474 2168 καὶ
1496 2114 1755 2186 λοιδορίαι
1784 2116 1902 2169 616-

221 2203 448 2265 παντὸς,
478 2204 532 2255 αἱ
566 2204 665 2273 μὲν
698 2203 849 2274 παρά
881 2204 975 2256 τοῦ
1000 2203 1345 2274 τετρωμένου
1386 2204 1564 2274 μάτην
1603 2203 1818 2274 ἀνδρὸς,
1846 2202 1903 2255 αί

216 2290 272 2342 δὲ
290 2307 367 2343 πα
377 2286 578 2360 ράτῶν
602 2290 812 2362 μιαρῦν
837 2290 1184 2362 θεραπόντων
1204 2308 1217 2321 ’
1239 2291 1498 2360 φυλακαὶ,
1523 2291 1899 2362 προφυλακαὶ,

220 2377 311 2428 καὶ
346 2377 567 2431 ἅπαντα
598 2379 754 2441 δέους
786 2380 880 2432 καὶ
916 2378 1120 2449 τρόμου
1166 2378 1360 2449 μεστά.
1401 2379 1476 2430 Ού
1510 2378 1620 2448 γάρ
1652 2389 1674 2417 ε
1707 2378 1903 2431 εἴσοδοι

220 2465 312 2516 καὶ
331 2463 510 2528 ἔξοδοι
546 2463 1129 2535 πολυπραγμονοῦνται
1164 2456 1361 2535 μόνονζ
1377 2464 1514 2517 ἀλλά
1551 2465 1646 2517 καὶ
1687 2466 1906 2534 ῥήματα

219 2553 311 2605 καὶ
352 2551 648 2623 βλέμματα
679 2554 774 2605 καὶ
800 2551 1100 2621 στεναγμὸς
1136 2551 1272 2622 μετὰ
1311 2551 1514 2623 πολλῆς
1536 2551 1901 2622 βασανίζεται

218 2640 317 2708 τῆς
353 2640 668 2711 ἀκριϐείας,
700 2640 796 2693 καὶ
846 2640 1063 2710 ἀνάγκη
1109 2639 1279 2710 ἢτῶν
1316 2638 1481 2693 λίθων
1515 2639 1905 2711 ἀκινητοτέραν

219 2723 382 2791 εῖναι,
420 2728 517 2781 1161
558 2730 684 2799 σιγῇ
729 2727 903 2780 πάντα
948 2728 1136 2797 φέρειν
1160 2768 1173 2787 ,
1209 2727 1302 2780 καὶ
1351 2726 1431 2798 τῷ
1464 2725 1694 2798 θαλάμῳ
1732 2743 1901 2799 προσ-

221 2815 777 2887 ηλῶσθαιδιαπαντδς
790 2812 1069 2885 δεσμώτου
1098 2816 1301 2886 χεῖρον,
1325 2814 1357 2886 ἢ
1385 2812 1716 2886 βουλομένην
1742 2814 1908 2884 φθέγ-

224 2903 419 2970 γεσθαι
456 2903 555 2956 καὶ
590 2901 801 2955 στένειν
831 2902 925 2955 καὶ
946 2901 1168 2966 ἐξιέναι,
1195 2902 1415 2955 πάντων
1432 2902 1664 2966 εὐθύνας
1683 2903 1907 2972 ὑπέχειν

223 2993 316 3045 καὶ
346 2991 535 3059 λόγον,
557 2992 614 3043 ἐν
634 2993 747 3053 τοῖς
774 2988 1192 3060 διεφθαρμένοις
1208 2989 1438 3053 ἐκείνοις
1457 2990 1761 3053 δικασταῖς,
1786 2991 1909 3052 ταῖς

128 3123 138 3130 .
223 3078 577 3149 θεραπαινίσι
603 3076 750 3145 λέγω
778 3079 872 3131 καὶ
903 3075 982 3147 τῷ
1010 3075 1206 3147 πλήθει
1230 3077 1340 3129 ’τῶν
1375 3075 1625 3129 οἰκετῶν.
1666 3075 1905 3139 Τούτων,

225 3169 272 3219 εἰ
296 3166 507 3237 βούλει,
545 3165 749 3236 μεταξὺ
771 3164 880 3217 τῶν
907 3163 1098 3219 δεινῶν
1126 3162 1266 3216 τίθει
1292 3163 1388 3216 καὶ
1417 3160 1649 3235 πλοῦτον
1676 3162 1906 3231 ἄφατον,

228 3256 317 3307 καὶ
347 3254 640 3324 τραπέζης
669 3252 1035 3315 πολυτέλειαν,
1080 3250 1174 3303 καὶ
1204 3248 1432 3303 οἰκετῶν
1468 3249 1695 3317 ἀγέλας,
1719 3248 1911 3317 γένους

225 3337 614 3407 λαμπρότητα,
637 3335 955 3396 δυναστείας
986 3331 1245 3403 μέγεθος,
1270 3332 1429 3395 δόξαν
1460 3331 1683 3400 πολλὴν,
1710 3331 1913 3401 προγό-

225 3438 328 3473 νων
360 3420 729 3490 περιφάνειαν
749 3434 764 3448 °
805 3418 971 3488 μηδὲν
994 3417 1132 3478 ὅλως
1152 3417 1298 3487 ἀφῇς
1333 3415 1443 3468 τῶν
1475 3414 1777 3468 δοκούντων
1808 3412 1912 3484 ζη-

225 3505 392 3558 λωτὸν
437 3505 531 3558 τὸν
564 3504 811 3575 παρόντα
845 3503 959 3573 βίον
1010 3505 1207 3564 ποιεῖν,
1255 3500 1395 3556 ἀλλά
1444 3500 1622 3553 πάντα
1670 3498 1915 3570 ἀκριϐῶς

227 3604 397 3657 συναγ
412 3587 581 3655 αγὼν,
609 3586 823 3649 ἀντίθες
845 3585 1018 3657 ταύτῃ
1036 3588 1101 3655 τῇ
1124 3584 1291 3656 λύπῃ,
1320 3584 1414 3637 καὶ
1438 3583 1560 3637 οὐδὲ
1580 3583 1915 3652 φαινομένην

225 3671 345 3738 δῴει
384 3672 488 3740 τὴν
524 3670 588 3733 ἐξ
623 3669 847 3722 ἐκείνων
886 3667 1098 3739 ήδονὴν,
1138 3666 1253 3719 ἀλλ’
1298 3665 1473 3727 οὕτως
1504 3663 1911 3735 ἠφανισμένην,

225 3757 418 3829 ὥσπερ
471 3759 532 3810 ἐν
566 3756 791 3824 πελάγει
829 3754 1009 3825 πολλῷ
1053 3754 1325 3824 σπινθῆρα
1368 3753 1563 3824 μικρὸν
1606 3752 1917 3823 ἐμπεσόντα

231 3845 395 3898 σϐεσθ
414 3847 537 3913 τιναι
572 3843 740 3906 είκός.
770 3843 880 3896 K61
903 3842 1078 3896 ταῦτα
1109 3842 1207 3912 μὲν
1236 3841 1362 3895 ὅταν
1389 3841 1417 3893 6
1445 3840 1583 3911 ἀνὴρ
1607 3839 1881 3910 ζηλοτυπῇ
1902 3856 1915 3870 ·

231 3933 278 3984 εί
306 3932 364 3984 δὲ
401 3930 497 3983 ἐπὶ
529 3929 628 3999 τὴν
651 3928 885 3999 γυναῖκά
908 3944 1036 3981 ποτε
1073 3926 1339 3999 μεταϐαίη
1370 3926 1433 3979 τὸ
1467 3925 1638 3988 πάθος
1662 3925 1783 3990 (οὑκ
1807 3924 1919 3978 6A1-

230 4021 393 4089 γάκις
428 4017 486 4070 δὲ
508 4016 665 4070 τοῦτο
696 4016 854 4069 είωθε
884 4012 1174 4085 γίνεσθαι),
1204 4015 1411 4077 ἐκεῖνος
1435 4013 1534 4084 μὲν
1566 4014 1697 4084 ῥᾷον
1721 4011 1923 4066 διακεί-

235 4124 386 4160 σεται
420 4107 524 4176 τῆς
551 4104 830 4173 γυναικὸς,
860 4104 921 4157 τὸ
959 4103 1017 4157 δὲ
1056 4102 1218 4156 πλέον
1252 4102 1351 4172 τῆς
1392 4101 1587 4173 ὀδύνης
1629 4100 1791 4153 πάλιν
1829 4099 1922 4153 ἐπὶ

235 4197 330 4265 τήν
362 4193 568 4248 ἀθλίαν
613 4192 829 4263 ἐκείνην
875 4191 1174 4263 μετέπεσεν
1200 4206 1214 4221 ο
1254 4188 1379 4243 οὑτε
1425 4189 1534 4261 γὰρ
1578 4190 1691 4251 τοῖς
1737 4187 1922 4249 αὐτοῖς

236 4283 419 4345 ὅπλοις
449 4278 755 4350 χρήσασθαι
786 4280 877 4332 ἐπὶ
904 4278 997 4332 τὸν
1038 4275 1445 4331 ὑποπτευθέντα
1478 4276 1803 4344 δυνήσεται-
1835 4273 1920 4336 τίς

237 4369 344 4440 γάρ
371 4371 442 4423 ἀν
460 4368 635 4431 ἕξεται
657 4366 913 4435 γυναικὸς
945 4365 1273 4434 κελευούσης
1302 4364 1441 4418 οῖκοι
1480 4362 1663 4433 μένειν
1688 4362 1920 4416 διαπαν-

236 4457 361 4521 τός;
394 4454 482 4520 τίς
525 4455 582 4507 δὲ
620 4454 714 4507 τὸν
747 4454 1013 4524 δεσπότην
1045 4452 1306 4524 τολμήσει
1339 4448 1778 4522 παρατηρεῖσθαι
1815 4446 1924 4500 τῶν

238 4541 491 4605 οἰκετῶν,
529 4541 626 4595 καὶ
649 4541 750 4595 οὑκ
776 4540 977 4605 εὐθέως
1004 4540 1099 4594 ἐπὶ
1129 4540 1191 4592 τὸ
1211 4538 1484 4611 βάραθρον
1506 4535 1884 4607 ἀπαχθήσεται
1908 4551 1923 4599 ;

242 4631 379 4684 Οὔτε
439 4625 536 4684 οὖν
577 4630 788 4694 τούτοις
836 4630 1124 4700 δυνήσεται
1172 4628 1371 4698 ἑαυτὴν
1416 4622 1924 4696 παραμυθήσασθαι

242 4720 354 4780 τοῖς
390 4718 812 4788 μηχανήμασιν,
836 4716 963 4770 οὔτε
996 4714 1075 4786 τῷ
1092 4715 1192 4786 τὴν
1220 4714 1391 4785 ὀργὴν
1416 4712 1505 4766 διά
1528 4710 1637 4765 τῶν
1666 4709 1924 4780 ῥημάτων

243 4808 579 4873 ἐξενεγκεῖν,
623 4805 740 4859 ἀλλ’
777 4803 924 4869 ἀπαξ
976 4805 1074 4874 μὲν
1116 4803 1284 4874 αὐτὴν
1338 4802 1468 4863 ῖσως
1494 4798 1928 4871 χαλεπαίνουσαν

245 4895 382 4946 οῖσει
403 4896 508 4946 καί
531 4892 614 4957 δὶς
626 4895 655 4946 6
669 4893 811 4964 ἀνήρ
832 4910 845 4924 ·
863 4892 960 4945 ἐὰν
977 4892 1035 4944 δὲ
1062 4891 1319 4963 ἐπιμείνῃ
1336 4888 1576 4958 συνεχῶς
1597 4885 1928 4956 ἐγκαλοῦσα.

246 4980 450 5045 διδάξει
492 4979 705 5049 ταχέως
734 4978 924 5050 αὑτὴν,
952 4980 1035 5032 ὅτι
1066 4978 1270 5050 βέλτιον
1316 4978 1443 5047 σιγῇ
1480 4975 1549 5028 τά
1581 4974 1805 5027 τοιαῦτα
1838 4972 1933 5042 φέ-

251 5083 368 5137 ρειν
405 5067 505 5119 καὶ
545 5065 827 5137 τήκεσθαι.
868 5067 978 5119 K61
1022 5064 1195 5117 ταῦτα
1230 5063 1330 5134 μὲν
1368 5064 1425 5116 ἐν
1466 5064 1586 5124 ταῖς
1638 5058 1929 5129 ὑποψίαις

248 5154 454 5208 ὅτανδὲ
488 5153 687 5224 ἀληθὲς
709 5151 770 5204 ὃν
794 5152 933 5223 τύχῃ
959 5152 1020 5205 τὸ
1037 5150 1227 5214 δεινὸν,
1249 5149 1349 5220 τὴν
1384 5148 1484 5219 μὲν
1507 5148 1743 5216 γυναῖκα
1761 5145 1936 5208 οὐδεὶς

250 5241 610 5311 ἐξαιρήσεται
633 5239 747 5293 τῶν
772 5239 867 5293 τοῦ
892 5239 1226 5309 ἠδικημένου
1254 5235 1474 5308 χειρῶν,
1495 5235 1646 5307 [⁸514]
1663 5234 1778 5287 ἀλλ’
1798 5233 1935 5303 έχων

249 5323 406 5395 αὐτῷ
446 5324 779 5395 βοηθοῦντας
807 5326 931 5387 τοὺς
956 5325 1154 5394 νόμους
1176 5325 1278 5392 τὴν
1298 5322 1550 5376 ἁπάντων
1578 5320 1728 5391 αὑτῷ
1750 5321 1939 5389 φιλτά-

254 5429 357 5482 την
387 5415 470 5477 εἰς
497 5413 849 5482 δικαστήριον
872 5411 1093 5479 ἀγαγὼν
1125 5409 1462 5478 κατέσφαξεν
1482 5425 1495 5437 ·
1526 5408 1556 5458 6
1590 5406 1649 5459 δὲ
1670 5405 1810 5476 ἀνὴρ
1839 5404 1938 5476 τὴν

258 5500 363 5569 μὲν
384 5500 498 5553 ἀπὸ
530 5499 641 5553 τῶν
671 5499 856 5569 νόμων
886 5496 1167 5567 διαφεύγει
1195 5495 1487 5568 τιμωρίαν,
1523 5497 1590 5564 τῇ
1632 5493 1689 5546 δὲ
1732 5492 1938 5547 ἀνωθεν

259 5586 359 5641 καὶ
401 5590 467 5660 τῇ
507 5588 602 5641 τοῦ
646 5585 785 5641 Θεοῦ
813 5584 841 5624 ά
880 5589 1175 5657 τετήρηται
1214 5586 1400 5655 ψήφῳ.
1450 5582 1588 5636 Ἀλλ’
1618 5582 1717 5651 οὑχ
1759 5580 1940 5633 ίκανὸν

260 5674 424 5729 τοῦτο
450 5671 964 5746 παραμυθήσασθαι
987 5672 1084 5743 τὴν
1107 5672 1295 5725 ἀθλίαν
1321 5670 1557 5740 ἐκείνην,
1585 5668 1700 5722 ἀλλ’
1725 5668 1938 5737 ἀνάγκη

329 5756 358 5820 _‘
383 5757 508 5820 39g.
533 5751 947 5820 λοιδορίας-Διηίηι
967 5752 1095 5820 idem;
1114 5755 1171 5802 ἂν
1195 5754 1455 5820 βούλοιντο,
1476 5754 1651 5808 ἔξεστιν
1671 5750 1849 5806 αὑταῖς.

329 5813 362 5881 ιζ
382 5813 507 5881 βθᾷ.
532 5813 700 5881 αὐτοῖς
724 5815 998 5881 πρέπουσαν
1021 5816 1155 5881 δόξαν
1177 5813 1475 5881 προεμένους.

266 5918 273 5939 .
330 5877 358 5934 9
381 5874 510 5943 Βρξ.
533 5880 617 5929 καὶ
639 5874 1053 5943 μετάσφραγὶδων
1070 5874 1268 5927 ἅπαντα.
1293 5874 1364 5925 Οὐ
1390 5881 1497 5942 γάρ.

1665 261 1769 337 01;
1792 260 2254 319 VIRGINITATE.

3556 232 3679 317 576'

2008 379 2217 450 μακρόν
2246 394 2365 430 τινα
2407 376 2498 429 καὶ
2541 376 2769 429 ἐλεεινὸν
2818 377 3108 448 ὑπομένειν
3158 377 3407 440 θάνατον,
3442 376 3532 430 τὸν
3566 377 3676 431 ἀπο

2002 467 2110 520 τῶν
2154 464 2523 538 μαγγανειῶν,
2566 466 2655 518 τὸν
2707 466 2813 518 ἀπὸ
2852 465 2959 519 τῶν
3008 465 3386 536 φαρμακειῶν,
3441 464 3584 535 ἀπερ
3610 466 3664 517 αἱ

2004 555 2393 627 πορνευόμεναι
2419 556 2675 621 γυναῖκες
2698 554 3212 618 κατασκευάζουσιν.
3234 553 3355 606 E161
3368 553 3423 607 δὲ
3442 547 3531 615 αἷς
3545 550 3671 605 οὔτε

2002 641 2293 712 ἐπιϐουλῆς
2340 642 2433 694 ἐπὶ
2470 641 2570 702 τὰς
2605 641 2939 711 ήδικημένας
2981 642 3231 712 ἐδέησεν,
3280 641 3393 693 ἀλλ’
3428 639 3673 706 ἔφθασαν

2002 730 2205 782 ἐκεῖναι
2240 727 2778 801 προαναρπασθεῖσαι
2808 732 2874 800 τῇ
2907 730 3004 800 τῆς
3034 728 3273 798 ἀθυμίας
3308 726 3668 796 σφοδρότητι’

2001 817 2143 872 ὥστε
2175 819 2222 871 εί
2255 819 2350 870 καὶ
2377 816 2577 879 πάντες
2599 816 2791 887 ἄνδρες
2815 818 3106 889 ἐπέτρεχον
3140 814 3214 885 τῷ
3244 814 3428 884 γάμῳ,
3452 812 3552 876 τάς
3575 830 3670 881 γυ-

2003 908 2197 968 ναῖκας
2223 904 2322 958 οὑκ
2355 906 2521 976 ἐχρῆν
2563 904 2724 958 αὑτὸν
2774 904 3013 958 διώκειν.
3063 901 3200 956 Οὑτε
3240 901 3352 971 γὰρ
3392 899 3458 953 ἀν
3495 898 3679 969 ἔχοιεν

2004 993 2176 1044 εἰπεῖν
2202 992 2276 1056 ὡς
2301 993 2536 1064 τοσαύτη
2556 995 2685 1065 παρ’
2709 993 2899 1053 αὑταῖς
2920 990 3016 1054 τῆς
3032 988 3326 1058 ἐπιθυμίας
3340 989 3373 1057 ή
3393 985 3671 1058 τυραννὶς,

2005 1079 2229 1133 καὶτῶν
2258 1082 2349 1132 τοῦ
2381 1081 2704 1152 πράγματος
2726 1077 2911 1131 κακῶν
2940 1078 3000 1131 τὸ
3025 1076 3185 1129 πλέον
3217 1072 3675 1145 66161116911060-

2004 1183 2095 1218 ται
2126 1165 2311 1236 μέρος.
2336 1166 2524 1236 ῶσπερ
2545 1162 2638 1219 οὖν
2666 1164 2761 1218 καὶ
2799 1164 2826 1216 ό
2852 1163 3009 1229 λόγος
3035 1159 3307 1226 ἀπέδειξε.
3338 1158 3404 1212 Τί
3433 1154 3548 1222 οὖν,
3572 1173 3677 1229 φη-

2007 1252 2112 1315 σὶν,
2142 1252 2312 1306 ἅπασι
2342 1252 2500 1305 τοῦτο
2531 1251 2789 1324 πρόσεστι
2812 1251 2925 1312 τοῖς
2944 1248 3173 1317 γάμοις;
3216 1246 3357 1299 Ἀλλ’
3387 1244 3509 1298 οὑδέ
3538 1243 3677 1298 πάν-ι

2004 1357 2113 1393 των
2150 1340 2368 1403 ἄπεστι,
2413 1340 2711 1411 παρθενίας
2752 1337 2809 1389 δὲ
2855 1336 3044 1409 πόρρω
3087 1334 3180 1386 καὶ
3230 1333 3447 1403 μακρὰν
3495 1330 3677 1402 πάσης

2006 1427 2145 1479 ἐστί.
2174 1428 2334 1497 Καὶή
2365 1427 2463 1496 μὲν
2494 1425 2822 1495 γαμηθεῖσα,
2842 1422 2944 1475 κᾶν
2977 1420 3051 1492 μὴ
3084 1418 3161 1486 τῷ
3194 1417 3352 1488 δεινῷ
3380 1418 3675 1488 περιπέσῃ,

2007 1512 2141 1566 ἀλλά
2167 1515 2232 1584 τῇ
2261 1513 2355 1565 τοῦ
2376 1512 2550 1565 δεινοῦ
2575 1510 2870 1582 προσδοκία
2888 1510 3293 1579 περιπεσεῖται·
3329 1506 3390 1558 οὑ
3422 1504 3532 1575 γὰρ
3562 1504 3679 1557 ἐστι

2005 1601 2104 1672 τὴν
2120 1601 2273 1670 ἀνδρὶ
2303 1600 2596 1669 μέλλουσαν
2621 1598 2849 1669 ὁμιλεῖν,
2875 1595 2948 1667 μὴ
2976 1595 3112 1666 μετά
3132 1595 3231 1664 τῆς
3250 1591 3469 1663 ὁμιλίας
3500 1591 3680 1644 πάντα

2007 1686 2420 1754 ἀναλογίζεσθαι
2453 1688 2545 1741 καὶ
2575 1683 2874 1739 δεδοικέναι
2910 1682 2982 1736 τά
3025 1682 3208 1735 δεινά³
3242 1682 3275 1750 ή
3308 1679 3366 1732 δὲ
3412 1677 3683 1749 παρθένος

2007 1775 2069 1827 οὑ
2101 1775 2259 1844 μόνον
2287 1774 2395 1827 τῶν
2416 1773 2692 1844 δυσχερῶν
2721 1770 3087 1843 πραγμάτων,
3138 1766 3276 1821 ἀλλά
3309 1766 3404 1819 καὶ
3456 1765 3556 1835 τῆς
3581 1765 3683 1816 ὑπ-

2008 1863 2168 1932 οψίας
2198 1862 2562 1933 ἀπήλλακται.
2584 1862 2658 1914 Οὑ
2688 1859 2945 1929 πρόσεστι
2979 1856 3135 1910 τοῦτο
3170 1856 3301 1908 πᾶσι
3322 1855 3432 1916 τοῖς
3461 1853 3680 1923 γάμοις.

2010 1950 2144 2003 Οὑδὲ
2174 1950 2282 2021 γάρ
2316 1948 2426 2019 ἐγὼ
2464 1948 2621 2001 τοῦτό
2655 1964 2818 2018 φημι,
2854 1944 2969 1997 ἀλλ’
2999 1943 3095 1995 ἐὰν
3136 1940 3295 1994 τοῦτο
3346 1941 3423 2010 μή
3479 1940 3681 2009 προσῇ,

2012 2034 2184 2091 πολλὰ
2211 2036 2374 2106 ἕτερα
2403 2035 2688 2106 πρόσεστι·
2731 2032 2836 2086 κᾶν
2873 2030 3057 2083 ἐκεῖνά
3103 2045 3186 2091 τις
3211 2026 3471 2097 διαφύγῃ,
3504 2026 3683 2078 πάντα

2013 2121 2193 2186 ἀπλῶς
2238 2122 2518 2191 διαφυγεῖν
2552 2121 2612 2174 ού
2663 2120 2972 2190 δυνήσεται.
3022 2115 3160 2168 Ἀλλ’
3195 2114 3386 2184 ὥσπερ
3432 2114 3526 2165 ἐπὶ
3571 2111 3682 2165 τῶν

2010 2210 2263 2264 ἀκανθῶν
2297 2210 2404 2262 τῶν
2434 2211 2547 2273 τοῖς
2587 2207 2825 2277 ἱματίοις
2862 2201 3369 2276 προσπηγνυμένων
3403 2201 3461 2253 ἐν
3488 2199 3566 2270 τῷ
3590 2200 3687 2262 τίς

2011 2297 2276 2370 αίμασιάς
2304 2297 2622 2355 διαϐαίνειν.
2651 2297 2779 2349 ὅταν
2818 2294 3123 2363 ἐπιστραφῇ
3167 2307 3250 2353 τις
3281 2289 3380 2359 τὴν
3415 2288 3541 2358 μίαν
3600 2286 3688 2351 ἐξ·

2012 2387 2177 2452 ελεῖν,
2209 2386 2427 2460 ἑτέραις
2457 2386 2747 2455 κατέχεται
2782 2382 3042 2444 πλείοσιν,
3068 2379 3209 2433 οὕτω
3235 2379 3329 2432 καὶ
3346 2379 3435 2430 ἐπὶ
3457 2376 3563 2430 τῶν
3591 2374 3686 2428 τοῦ

2012 2474 2191 2543 γάμου
2228 2471 2571 2543 πραγμάτων
2595 2472 2623 2522 6
2649 2469 2807 2523 τοῦτο
2831 2466 3072 2539 διαδράς,
3093 2466 3287 2535 ἐκείνῳ
3305 2463 3687 2535 περιπείρεται

2016 2561 2177 2615 πάλιν
2196 2577 2209 2590 ’
2252 2562 2348 2612 καὶ
2373 2561 2401 2612 6
2429 2557 2586 2611 τοῦτο
2616 2557 2816 2619 διαδὺς,
2844 2554 2988 2624 ἄλλῳ
3016 2552 3403 2625 προσέπταισε,
3426 2550 3518 2603 καὶ
3549 2550 3685 2611 ὅλως

2013 2651 2114 2703 οὑκ
2143 2648 2221 2701 ἔνι
2250 2648 2426 2717 γάμον
2454 2648 2635 2715 πάσης
2657 2645 2834 2713 εὑρεῖν
2865 2641 3058 2714 ἀηδίας
3086 2640 3391 2711 ἐλεύθερον.

2086 2737 2210 2793 NI".
2228 2736 2388 2801 Ἀλλ’,
2406 2737 2454 2789 εί
2472 2735 2672 2805 βούλει,
2686 2734 2755 2786 τά
2771 2731 3007 2801 δυσχερῆ
3019 2729 3155 2792 τέως
3170 2728 3398 2797 ἀφέντες
3420 2724 3482 2777 τὸ
3500 2722 3693 2777 δοκοῦν

2016 2822 2155 2880 εἶναι
2182 2827 2240 2878 ὲν
2270 2823 2419 2893 αύτῷ
2444 2819 2800 2893 μακαριστόν,
2818 2820 2912 2872 καὶ
2935 2812 2995 2871 οὑ
3026 2815 3213 2869 πολλοὶ
3240 2813 3523 2875 πολλάκις,
3550 2809 3692 2880 μᾶλ-

2016 2914 2108 2967 λον
2136 2913 2193 2966 δέ
2227 2911 2429 2973 πάντες
2474 2909 2727 2978 εὖχονται
2759 2906 3061 2975 ἐπιτυχεῖν,
3094 2902 3254 2956 τοῦτο
3283 2900 3580 2969 ἀγαγόντες
3611 2898 3691 2959 είς

2021 3002 2184 3071 μέσον
2220 2998 2562 3066 ἐξετάσωμεν
2596 2995 2709 3048 νῦν.
2748 2993 2814 3045 Τί
2858 2993 2921 3063 δὴ
2963 2990 3119 3043 τοῦτό
3156 2991 3341 3053 ὲστιν;
3372 2989 3446 3044 Τὸ
3482 2986 3692 3054 πένητα

2018 3070 2149 3143 ὅντα
2178 3086 2274 3139 καὶ
2300 3084 2493 3152 εὑτελῆ
2517 3082 2610 3134 καὶ
2641 3078 2897 3133 ταπεινὸν
2926 3078 3034 3130 ἀπὸ
3066 3075 3317 3146 μεγάλων
3336 3072 3429 3125 καὶ
3450 3070 3693 3125 δυνατῶν

2020 3176 2114 3228 καὶ
2147 3172 2315 3225 πολλά
2343 3174 2604 3242 χρήματα
2634 3183 2802 3235 κεκτη
2814 3165 2987 3235 μένων
3017 3165 3250 3231 γυναῖκα
3283 3158 3492 3212 λαϐεῖν.
3534 3156 3693 3211 Ἀλλά

2019 3261 2179 3315 τοῦτο
2214 3260 2275 3313 τδ
2302 3257 2540 3328 ζηλωτὸν
2570 3254 2782 3308 ἐκείνου
2825 3250 2918 3304 τοῦ
2967 3246 3240 3303 ἀπευκτοῦ
3288 3246 3392 3299 οὑκ
3439 3245 3693 3307 ἐλάττους

2020 3348 2326 3417 εὑρήσομεν
2354 3344 2474 3414 ἔχον
2497 3342 2594 3404 τὰς
2625 3338 2930 3411 συμφοράς.
2957 3336 3114 3388 Ἐστι
3142 3333 3240 3404 μὲν
3265 3330 3374 3402 γάρ
3400 3331 3494 3383 καὶ
3515 3330 3690 3417 ἄλλως

2021 3414 2341 3488 τὸ-τῶνῖάνθ
2350 3430 2545 3502 ρώπων
2561 3428 2717 3497 γένος
2737 3437 2760 3465 θ
2782 3420 3317 3495 ὑπεροπτικώτατον,
3336 3419 3431 3470 1161
3461 3420 3518 3470 ἐν
3543 3414 3694 3486 αὑτῷ

2022 3520 2196 3591 τούτῳ
2228 3519 2426 3591 μᾶλλον
2446 3517 2507 3570 τὸ
2536 3515 2645 3568 τῶν
2681 3511 2976 3583 γυναικῶν,
3005 3511 3114 3579 ὅσῳ
3141 3507 3234 3561 x61
3269 3506 3655 3573 ἀσθενέστερον
3677 3518 3694 3534 ο

2023 3609 2107 3663 διὸ
2134 3608 2229 3662 καὶ
2262 3605 2460 3678 μᾶλλον
2497 3603 2601 3658 ὑπὸ
2636 3602 2730 3656 τοῦ
2772 3600 2977 3662 πάθους
3016 3597 3300 3651 ἁλίσκεται
3321 3610 3334 3624 ⁸
3366 3594 3494 3646 ὅταν
3525 3591 3582 3644 δέ
3604 3591 3698 3645 καὶ

2025 3695 2280 3767 ἀφορμὰς
2309 3694 2406 3764 ἔχη
2438 3692 2536 3761 τῆς
2560 3687 2856 3761 ὑπεροψίας
2883 3685 3100 3749 πολλάς,
3131 3683 3286 3737 οὐδέν
3330 3682 3447 3733 ἐστι
3479 3680 3540 3733 τὸ
3563 3696 3700 3732 κατ-

2026 3783 2150 3853 έχον
2199 3781 2400 3844 αὑτάς’
2445 3779 2634 3849 ὥσπερ
2677 3777 2810 3847 ὕλης
2846 3775 2988 3837 τινὸς
3027 3771 3302 3842 λαϐομένη
3345 3768 3495 3837 φλὸξ,
3517 3767 3703 3830 ὀὕτως

2028 3871 2110 3934 είς
2139 3869 2272 3938 ὑψος
2301 3867 2504 3937 ἄφατον
2531 3866 2798 3935 αἴρονται,
2833 3860 2930 3914 καὶ
2956 3861 3056 3931 τὴν
3080 3858 3230 3924 τάξιν
3261 3854 3697 3926 ἀντιστρέφουσι,

2028 3958 2124 4011 καὶ
2153 3957 2222 4009 τά
2257 3955 2367 4008 ἀνω
2409 3953 2561 4006 κάτω
2598 3948 2860 4004 ⁴ποιοῦσιν.
2905 3948 2980 3999 Οὑ
3014 3945 3123 4015 γὰρ
3155 3944 3380 4013 ἀφίησιν
3413 3943 3471 3993 ἐν
3497 3944 3564 4011 τῇ
3598 3940 3701 4010 τῆς

2029 4043 2274 4114 κεφαλῆς
2305 4040 2459 4111 χώρᾳ
2488 4040 2668 4110 μένειν
2688 4039 2779 4090 τον
2808 4035 2973 4105 ἀνδρα
3009 4036 3041 4102 ἡ
3080 4034 3239 4101 γυνὴ,
3275 4029 3389 4083 ἀλλ’
3432 4029 3534 4082 ὑπὸ
3570 4044 3704 4114 φρο-

2029 4112 2269 4203 νήματος
2313 4128 2404 4181 καὶ
2450 4124 2707 4186 ἀπονοίας
2746 4122 3085 4190 ἀπωσαμένη
3130 4119 3230 4188 τῆς
3280 4117 3488 4182 τάξεως
3536 4112 3704 4203 αὑτὸν

2032 4201 2273 4289 ἐκείνης,
2298 4216 2390 4270 καὶ
2416 4218 2494 4277 είς
2523 4213 2622 4283 τὴν
2645 4213 2781 4282 αὑτῇ
2810 4210 3195 4282 προσήκουσαν
3228 4205 3458 4289 ἄγουσα,
3484 4201 3704 4289 τὴν-τῆς

2034 4284 2332 4372 ὑποταγῆς,
2357 4299 2495 4369 αὑτὴ
2529 4297 2737 4367 γίνεται
2759 4294 2963 4364 κεφαλὴ
2996 4294 3087 4345 καὶ
3112 4290 3355 4361 ἀρχή.Τί
3382 4284 3473 4341 οῦν
3502 4287 3704 4358 ταύτης

2032 4393 2133 4464 τῆς
2152 4387 2470 4460 ἀνωμαλίας
2482 4387 2663 4457 χεῖρον
2693 4382 2888 4453 γένοιτ’
2908 4380 3008 4446 ἄν;
3046 4379 3157 4432 Καὶ
3182 4376 3371 4431 σιωπῶ
3407 4375 3475 4429 τά
3503 4375 3704 4464 ὀνείδη,

2034 4462 2132 4543 τάς
2175 4477 2390 4547 ὕϐρεις,
2435 4474 2532 4536 τὰς
2563 4471 2774 4541 ἀηδίας,
2802 4469 2838 4523 ἀ
2873 4468 3089 4521 πάντων
3118 4466 3267 4519 ἐστὶν
3300 4462 3704 4536 ἀφορητότερα·

2106 4567 2230 4621 NA’.
2270 4564 2332 4617 Εί
2364 4563 2421 4616 δέ
2442 4561 2589 4628 λέγοι
2613 4577 2697 4622 τις
2722 4555 2963 4627 (καὶγὰρ
2979 4553 3188 4608 πολλῶν
3210 4552 3418 4623 ηκουσα
3438 4549 3710 4618 λεγόντων

2036 4652 2167 4721 ἐγὼ,
2207 4652 2336 4705 ὅταν
2367 4648 2600 4702 τοιοῦτοι
2649 4645 2906 4714 γίνωνται
2967 4642 3156 4711 λόγοι)·
3204 4638 3509 4692 Πλουτείτω
3547 4635 3708 4706 μόνον

2039 4720 2123 4809 [3i
2135 4734 2189 4807 5]
2214 4734 2306 4788 καὶ
2321 4731 2551 4803 εὔπορος
2571 4730 2733 4789 έστω,
2761 4728 2856 4781 καὶ
2875 4726 3023 4780 οὑδέν
3047 4724 3207 4809 ἔργον
3223 4720 3707 4809 ἐστὶ-’κατενεγκεῖν

2038 4796 2207 4889 αὐτῆς
2240 4817 2335 4871 καὶ
2363 4796 2699 4868 ταπεινῶσαι
2729 4810 2791 4864 τὸ
2812 4809 3084 4879 φρόνημα·
3116 4805 3170 4889 εί
3195 4821 3281 4889 τις
3306 4796 3415 4889 οὖνΔ
3430 4800 3605 4889 ταῦτα
3629 4798 3710 4889 λέ-

2037 4915 2146 4968 γοι,
2164 4881 2399 4970 ’πρῶτον
2433 4896 2530 4967 μὲν
2553 4896 2738 4963 ἀγνοεῖ
2762 4895 2844 4947 ὅτι
2868 4893 2978 4944 τῶν
3010 4888 3211 4959 σφόδρα
3236 4884 3516 4970 δυσκόλων
3538 4881 3707 4970 6611—0:

2040 4964 2240 5035 ἔπειτα.
2255 4983 2336 5034 ὅτι
2371 4964 2473 5033 κάν
2503 4977 2732 5048 γένοιτο,
2766 4978 2825 5029 ού
2862 4972 3065 5045 μικράν
3095 4971 3209 5040 ἔχει
3246 4968 3348 5039 τὴν
3381 4965 3607 5036 ζημίαν.
3628 4964 3711 5048 Τὸ

2041 5067 2151 5137 γάρ
2188 5065 2401 5136 ἀνάγκῃ
2436 5044 2532 5115 καῖ
2562 5044 2873 5113 δεδοικυῖανί
2898 5056 2994 5137 καὶ
3029 5051 3316 5137 μετάβίας
3348 5044 3711 5137 ὑποτετάχθαι

2042 5129 2134 5217 θεῷ’
2158 5129 2314 5217 ἀνδρί
2347 5129 2440 5197 τοῦ
2482 5140 2620 5213 μετά
2654 5141 2833 5209 πάσης
2867 5135 3117 5201 ἐξουσίας
3164 5132 3468 5217 ἐπιτάττειν
3502 5139 3526 5168 ο
3563 5129 3712 5217 αὑτῷ

2047 5212 2343 5301 βαρύτερον
2369 5212 2521 5280 ἔσται
2549 5225 2642 5277 καὶ
2666 5221 3011 5301 ἀηδέστερον.
3042 5218 3107 5301 Τί
3348 5212 3712 5301 ;_":O1111&66v

2045 5294 2296 5367 ἐκϐάλλει
2340 5309 2522 5379 φιλίαν
2554 5307 2648 5361 καὶ
2680 5303 2869 5375 ἡδονὴν
2908 5299 3044 5371 αὕτη
3075 5300 3109 5369 ή
3142 5297 3251 5368 βία·
3300 5294 3484 5365 φιλίας
3525 5294 3581 5348 δέ
3612 5294 3714 5347 οὐκ

2047 5398 2213 5469 οὔσης
2245 5395 2364 5449 οὑδὲ
2389 5392 2576 5454 πόθου,
2602 5388 2715 5443 ἀλλ’
2739 5387 2860 5440 ἀντὶ
2890 5383 3094 5469 τούτων
3126 5380 3293 5469 φόϐου
3326 5381 3418 5433 καὶ
3446 5379 3713 5452 ἀνάγκης,

2049 5464 2189 5543 τίνος
2215 5481 2243 5532 6
2262 5477 2499 5538 τοιοῦτος
2521 5474 2666 5539 ἄξιος
2689 5471 2838 5523 ἕσται
2869 5468 3047 5537 γάμος
3068 5464 3255 5516 λοιπόν
3278 5481 3292 5523 ς

2099 5564 2223 5616 NE'.
2241 5560 2351 5613 K61
2365 5558 2533 5611 ταῦτα
2555 5556 2650 5626 μὲν
2667 5557 2699 5625 ή
2718 5552 2854 5622 γυνὴ
2872 5552 3003 5604 ὅταν
3021 5544 3385 5621 εὑποροςῇΕί
3400 5545 3455 5599 δὲ
3475 5543 3715 5626 συμϐαίη

2050 5644 2251 5712 ταύτην
2289 5641 2388 5712 μὲν
2420 5623 2581 5709 μηδὲν
2607 5623 2770 5707 ἔχειν,
2813 5634 2904 5687 τὸν
2943 5633 2999 5685 δὲ
3044 5630 3209 5702 ἀνδρα
3258 5629 3522 5691 πλουτεῖν,
3556 5623 3715 5694 θερά-

2118 5740 2144 5779 (ι
2172 5742 2293 5802 Reg.
2319 5740 2494 5802 ἄνωθεν
2513 5735 2642 5798 παρά
2661 5733 2747 5802 τοῦ
2776 5731 2919 5802 θεοῦ.

2118 5804 2143 5862 ⁸,
2180 5796 2301 5862 Ιίειέ.
2325 5801 2381 5847 τὸ
2400 5801 2498 5862 τῶν
2513 5796 2746 5862 γυναικῶν
2764 5796 2913 5862 γένος.

2126 5861 2146 5900 ί
2177 5851 2306 5911 Βίουθ
2331 5851 2626 5920 Ξεινίιίοριυ
2651 5851 2940 5903 ὑποτάττειν.
2970 5851 3104 5900 E011.
