  <div class='ocr_page' id='page_1' title='image "/cluster/home/n/w/nwhite01/storage/ocr_20150623/48/mdp.39015032114640/058.png"; bbox 0 0 4016 6154; ppageno 0'>
   <div class='ocr_carea' id='block_1_1' title="bbox 307 285 2231 356">
    <p class='ocr_par' dir='ltr' id='par_1_1' title="bbox 307 285 2231 356">
     <span class='ocr_line' id='line_1_1' title="bbox 307 285 2231 356; baseline 0.001 -4"><span class='ocrx_word' id='word_1_1' title='bbox 307 297 404 352; x_wconf 75' lang='lat'><strong>577</strong></span> <span class='ocrx_word' id='word_1_2' title='bbox 1643 301 1729 355; x_wconf 72' lang='lat' dir='ltr'><strong>ne</strong></span> <span class='ocrx_word' id='word_1_3' title='bbox 1773 285 2231 356; x_wconf 75' lang='lat' dir='ltr'><strong>vmcINirA&#39;re.</strong></span> 
     </span>
    </p>
   </div>
   <div class='ocr_carea' id='block_1_2' title="bbox 307 403 1892 487">
    <p class='ocr_par' dir='ltr' id='par_1_2' title="bbox 307 403 1892 487">
     <span class='ocr_line' id='line_1_2' title="bbox 307 403 1892 487; baseline 0.005 -26"><span class='ocrx_word' id='word_1_4' title='bbox 307 421 367 461; x_wconf 82' lang='lat' dir='ltr'><strong>ea</strong></span> <span class='ocrx_word' id='word_1_5' title='bbox 394 403 526 463; x_wconf 81' lang='lat' dir='ltr'><strong>nihil</strong></span> <span class='ocrx_word' id='word_1_6' title='bbox 557 407 808 474; x_wconf 89' lang='lat' dir='ltr'><strong>habente,</strong></span> <span class='ocrx_word' id='word_1_7' title='bbox 841 411 1011 466; x_wconf 81' lang='lat' dir='ltr'><strong>virum</strong></span> <span class='ocrx_word' id='word_1_8' title='bbox 1037 411 1252 468; x_wconf 81' lang='lat' dir='ltr'><strong>divitem</strong></span> <span class='ocrx_word' id='word_1_9' title='bbox 1281 425 1426 479; x_wconf 86' lang='lat' dir='ltr'><strong>esse,</strong></span> <span class='ocrx_word' id='word_1_10' title='bbox 1453 407 1646 470; x_wconf 84' lang='lat' dir='ltr'><strong>famula</strong></span> <span class='ocrx_word' id='word_1_11' title='bbox 1674 415 1775 468; x_wconf 86' lang='lat' dir='ltr'><strong>erit</strong></span> <span class='ocrx_word' id='word_1_12' title='bbox 1795 420 1892 487; x_wconf 78' lang='lat' dir='ltr'><strong>pro</strong></span> 
     </span>
    </p>
   </div>
   <div class='ocr_carea' id='block_1_3' title="bbox 310 500 1893 572">
    <p class='ocr_par' dir='ltr' id='par_1_3' title="bbox 310 500 1893 572">
     <span class='ocr_line' id='line_1_3' title="bbox 310 500 1893 572; baseline 0.003 -18"><span class='ocrx_word' id='word_1_13' title='bbox 310 500 556 570; x_wconf 75' lang='lat' dir='ltr'><strong>euujn&#39;ge,</strong></span> <span class='ocrx_word' id='word_1_14' title='bbox 580 511 633 555; x_wconf 88' lang='lat' dir='ltr'><strong>et</strong></span> <span class='ocrx_word' id='word_1_15' title='bbox 653 511 774 572; x_wconf 72' lang='lat' dir='ltr'><strong>quae</strong></span> <span class='ocrx_word' id='word_1_16' title='bbox 799 504 1024 572; x_wconf 74' lang='lat' dir='ltr'><strong>ingenua</strong></span> <span class='ocrx_word' id='word_1_17' title='bbox 1051 511 1134 560; x_wconf 92' lang='lat' dir='ltr'><strong>est</strong></span> <span class='ocrx_word' id='word_1_18' title='bbox 1159 503 1311 560; x_wconf 76' lang='lat' dir='ltr'><strong>serva</strong></span> <span class='ocrx_word' id='word_1_19' title='bbox 1337 502 1618 570; x_wconf 69' lang='lat' dir='ltr'><strong>eﬁicie’tur,</strong></span> <span class='ocrx_word' id='word_1_20' title='bbox 1649 521 1711 559; x_wconf 91' lang='lat' dir='ltr'><strong>ac</strong></span> <span class='ocrx_word' id='word_1_21' title='bbox 1732 521 1788 560; x_wconf 84' lang='lat' dir='ltr'><strong>se</strong></span> <span class='ocrx_word' id='word_1_22' title='bbox 1814 503 1893 559; x_wconf 87' lang='lat' dir='ltr'><strong>di-</strong></span> 
     </span>
    </p>
   </div>
   <div class='ocr_carea' id='block_1_4' title="bbox 304 587 1894 668">
    <p class='ocr_par' dir='ltr' id='par_1_4' title="bbox 304 587 1894 668">
     <span class='ocr_line' id='line_1_4' title="bbox 304 587 1894 668; baseline 0.006 -27"><span class='ocrx_word' id='word_1_23' title='bbox 304 597 406 660; x_wconf 78' lang='lat' dir='ltr'><strong>gna</strong></span> <span class='ocrx_word' id='word_1_24' title='bbox 422 587 711 646; x_wconf 55' lang='lat' dir='ltr'><strong>uile-mica</strong></span> <span class='ocrx_word' id='word_1_25' title='bbox 726 594 967 648; x_wconf 84' lang='lat' dir='ltr'><strong>manibus</strong></span> <span class='ocrx_word' id='word_1_26' title='bbox 987 595 1202 663; x_wconf 84' lang='lat' dir='ltr'><strong>amissa,</strong></span> <span class='ocrx_word' id='word_1_27' title='bbox 1221 596 1474 667; x_wconf 88' lang='lat' dir='ltr'><strong>emptitiis</strong></span> <span class='ocrx_word' id='word_1_28' title='bbox 1496 591 1658 653; x_wconf 78' lang='lat' dir='ltr'><strong>nihilo</strong></span> <span class='ocrx_word' id='word_1_29' title='bbox 1673 607 1894 668; x_wconf 64' lang='grc' dir='ltr'><strong>[παιδια-</strong></span> 
     </span>
    </p>
   </div>
   <div class='ocr_carea' id='block_1_5' title="bbox 309 681 1894 759">
    <p class='ocr_par' dir='ltr' id='par_1_5' title="bbox 309 681 1894 759">
     <span class='ocr_line' id='line_1_5' title="bbox 309 681 1894 759; baseline 0.007 -26"><span class='ocrx_word' id='word_1_30' title='bbox 309 681 420 746; x_wconf 87' lang='lat' dir='ltr'><strong>hit;</strong></span> <span class='ocrx_word' id='word_1_31' title='bbox 454 681 550 737; x_wconf 80' lang='lat' dir='ltr'><strong>sed</strong></span> <span class='ocrx_word' id='word_1_32' title='bbox 580 681 923 751; x_wconf 84' lang='lat' dir='ltr'><strong>quantumvis</strong></span> <span class='ocrx_word' id='word_1_33' title='bbox 961 687 1042 741; x_wconf 83' lang='lat' dir='ltr'><strong>&#39;vir</strong></span> <span class='ocrx_word' id='word_1_34' title='bbox 1076 688 1334 754; x_wconf 76' lang='lat' dir='ltr'><strong>lasciviat,</strong></span> <span class='ocrx_word' id='word_1_35' title='bbox 1373 691 1710 759; x_wconf 76' lang='lat' dir='ltr'><strong>quantumvis</strong></span> <span class='ocrx_word' id='word_1_36' title='bbox 1745 687 1894 746; x_wconf 80' lang='lat' dir='ltr'><strong>fero-</strong></span> 
     </span>
    </p>
   </div>
   <div class='ocr_carea' id='block_1_6' title="bbox 305 775 1891 853">
    <p class='ocr_par' dir='ltr' id='par_1_6' title="bbox 305 775 1891 853">
     <span class='ocr_line' id='line_1_6' title="bbox 305 775 1891 853; baseline 0.008 -27"><span class='ocrx_word' id='word_1_37' title='bbox 305 775 433 837; x_wconf 86' lang='lat' dir='ltr'><strong>ciat,</strong></span> <span class='ocrx_word' id='word_1_38' title='bbox 465 777 810 844; x_wconf 68' lang='lat' dir='ltr'><strong>quantumvis</strong></span> <span class='ocrx_word' id='word_1_39' title='bbox 838 781 1178 834; x_wconf 84' lang='lat' dir='ltr'><strong>meretricum</strong></span> <span class='ocrx_word' id='word_1_40' title='bbox 1221 794 1436 835; x_wconf 90' lang='lat' dir='ltr'><strong>manum</strong></span> <span class='ocrx_word' id='word_1_41' title='bbox 1477 780 1531 836; x_wconf 86' lang='lat' dir='ltr'><strong>lh</strong></span> <span class='ocrx_word' id='word_1_42' title='bbox 1574 781 1689 853; x_wconf 84' lang='lat' dir='ltr'><strong>ejus</strong></span> <span class='ocrx_word' id='word_1_43' title='bbox 1713 777 1891 838; x_wconf 70' lang='lat' dir='ltr'><strong>torum</strong></span> 
     </span>
    </p>
   </div>
   <div class='ocr_carea' id='block_1_7' title="bbox 305 859 1894 943">
    <p class='ocr_par' dir='ltr' id='par_1_7' title="bbox 305 859 1894 943">
     <span class='ocr_line' id='line_1_7' title="bbox 305 859 1894 943; baseline 0.006 -24"><span class='ocrx_word' id='word_1_44' title='bbox 305 859 594 930; x_wconf 74' lang='lat' dir='ltr'><strong>adsciscat,</strong></span> <span class='ocrx_word' id='word_1_45' title='bbox 627 870 804 922; x_wconf 88' lang='lat' dir='ltr'><strong>omnia</strong></span> <span class='ocrx_word' id='word_1_46' title='bbox 846 872 951 940; x_wconf 89' lang='lat' dir='ltr'><strong>pati</strong></span> <span class='ocrx_word' id='word_1_47' title='bbox 991 886 1054 925; x_wconf 87' lang='lat' dir='ltr'><strong>ac</strong></span> <span class='ocrx_word' id='word_1_48' title='bbox 1093 863 1318 942; x_wconf 83' lang='lat' dir='ltr'><strong>benigne</strong></span> <span class='ocrx_word' id='word_1_49' title='bbox 1348 873 1590 943; x_wconf 70' lang='lat' dir='ltr'><strong>acc-ipere</strong></span> <span class='ocrx_word' id='word_1_50' title='bbox 1617 882 1894 930; x_wconf 83' lang='lat' dir='ltr'><strong>necessum</strong></span> 
     </span>
    </p>
   </div>
   <div class='ocr_carea' id='block_1_8' title="bbox 303 960 1893 1035">
    <p class='ocr_par' dir='ltr' id='par_1_8' title="bbox 303 960 1893 1035">
     <span class='ocr_line' id='line_1_8' title="bbox 303 960 1893 1035; baseline 0.006 -23"><span class='ocrx_word' id='word_1_51' title='bbox 303 961 429 1019; x_wconf 85' lang='lat' dir='ltr'><strong>erit,</strong></span> <span class='ocrx_word' id='word_1_52' title='bbox 453 968 548 1014; x_wconf 89' lang='lat' dir='ltr'><strong>aut</strong></span> <span class='ocrx_word' id='word_1_53' title='bbox 565 960 732 1014; x_wconf 88' lang='lat' dir='ltr'><strong>&#39;domo</strong></span> <span class='ocrx_word' id='word_1_54' title='bbox 758 962 969 1017; x_wconf 86' lang='lat' dir='ltr'><strong>cedere.</strong></span> <span class='ocrx_word' id='word_1_55' title='bbox 997 962 1182 1033; x_wconf 84' lang='lat' dir='ltr'><strong>Neque</strong></span> <span class='ocrx_word' id='word_1_56' title='bbox 1219 965 1271 1019; x_wconf 84' lang='lat' dir='ltr'><strong>id</strong></span> <span class='ocrx_word' id='word_1_57' title='bbox 1302 966 1472 1019; x_wconf 81' lang='lat' dir='ltr'><strong>solum</strong></span> <span class='ocrx_word' id='word_1_58' title='bbox 1503 969 1585 1020; x_wconf 85' lang='lat' dir='ltr'><strong>est</strong></span> <span class='ocrx_word' id='word_1_59' title='bbox 1613 968 1893 1035; x_wconf 61' lang='lat' dir='ltr'><strong>melestia‘,</strong></span> 
     </span>
    </p>
   </div>
   <div class='ocr_carea' id='block_1_9' title="bbox 307 1050 1896 1123">
    <p class='ocr_par' dir='ltr' id='par_1_9' title="bbox 307 1050 1896 1123">
     <span class='ocr_line' id='line_1_9' title="bbox 307 1050 1896 1123; baseline 0.007 -21"><span class='ocrx_word' id='word_1_60' title='bbox 307 1050 403 1103; x_wconf 86' lang='lat' dir='ltr'><strong>sed</strong></span> <span class='ocrx_word' id='word_1_61' title='bbox 440 1051 600 1105; x_wconf 87' lang='lat' dir='ltr'><strong>etiam</strong></span> <span class='ocrx_word' id='word_1_62' title='bbox 635 1052 778 1122; x_wconf 91' lang='lat' dir='ltr'><strong>quod</strong></span> <span class='ocrx_word' id='word_1_63' title='bbox 813 1055 929 1108; x_wconf 88' lang='lat' dir='ltr'><strong>viro</strong></span> <span class='ocrx_word' id='word_1_64' title='bbox 962 1055 1039 1110; x_wconf 89' lang='lat' dir='ltr'><strong>sic</strong></span> <span class='ocrx_word' id='word_1_65' title='bbox 1078 1055 1287 1122; x_wconf 87' lang='lat' dir='ltr'><strong>all‘ecto,</strong></span> <span class='ocrx_word' id='word_1_66' title='bbox 1321 1061 1419 1112; x_wconf 84' lang='lat' dir='ltr'><strong>nec</strong></span> <span class='ocrx_word' id='word_1_67' title='bbox 1446 1057 1645 1123; x_wconf 79' lang='lat' dir='ltr'><strong>servis,</strong></span> <span class='ocrx_word' id='word_1_68' title='bbox 1677 1063 1775 1113; x_wconf 81' lang='lat' dir='ltr'><strong>nec</strong></span> <span class='ocrx_word' id='word_1_69' title='bbox 1802 1073 1896 1112; x_wconf 89' lang='lat' dir='ltr'><strong>an-</strong></span> 
     </span>
    </p>
   </div>
   <div class='ocr_carea' id='block_1_10' title="bbox 313 1141 1897 1216">
    <p class='ocr_par' dir='ltr' id='par_1_10' title="bbox 313 1141 1897 1216">
     <span class='ocr_line' id='line_1_10' title="bbox 313 1141 1897 1216; baseline 0.006 -21"><span class='ocrx_word' id='word_1_70' title='bbox 313 1141 448 1197; x_wconf 82' lang='lat' dir='ltr'><strong>rillis</strong></span> <span class='ocrx_word' id='word_1_71' title='bbox 494 1143 664 1199; x_wconf 83' lang='lat' dir='ltr'><strong>libere</strong></span> <span class='ocrx_word' id='word_1_72' title='bbox 712 1145 965 1202; x_wconf 89' lang='lat' dir='ltr'><strong>mandare</strong></span> <span class='ocrx_word' id='word_1_73' title='bbox 1015 1149 1229 1216; x_wconf 91' lang='lat' dir='ltr'><strong>poterit,</strong></span> <span class='ocrx_word' id='word_1_74' title='bbox 1285 1148 1378 1203; x_wconf 76' lang='lat' dir='ltr'><strong>&quot;sed</strong></span> <span class='ocrx_word' id='word_1_75' title='bbox 1427 1149 1568 1205; x_wconf 88' lang='lat' dir='ltr'><strong>velut</strong></span> <span class='ocrx_word' id='word_1_76' title='bbox 1614 1151 1666 1205; x_wconf 93' lang='lat' dir='ltr'><strong>in</strong></span> <span class='ocrx_word' id='word_1_77' title='bbox 1709 1151 1897 1206; x_wconf 80' lang='lat' dir='ltr'><strong>alienis</strong></span> 
     </span>
    </p>
   </div>
   <div class='ocr_carea' id='block_1_11' title="bbox 308 1233 1897 1308">
    <p class='ocr_par' dir='ltr' id='par_1_11' title="bbox 308 1233 1897 1308">
     <span class='ocr_line' id='line_1_11' title="bbox 308 1233 1897 1308; baseline 0.007 -23"><span class='ocrx_word' id='word_1_78' title='bbox 308 1233 533 1303; x_wconf 85' lang='lat' dir='ltr'><strong>degens,</strong></span> <span class='ocrx_word' id='word_1_79' title='bbox 565 1235 736 1306; x_wconf 87' lang='lat' dir='ltr'><strong>iisque</strong></span> <span class='ocrx_word' id='word_1_80' title='bbox 780 1253 896 1305; x_wconf 70' lang='lat' dir='ltr'><strong>qua:</strong></span> <span class='ocrx_word' id='word_1_81' title='bbox 935 1237 1001 1292; x_wconf 88' lang='lat' dir='ltr'><strong>ad</strong></span> <span class='ocrx_word' id='word_1_82' title='bbox 1043 1251 1102 1292; x_wconf 91' lang='lat' dir='ltr'><strong>se</strong></span> <span class='ocrx_word' id='word_1_83' title='bbox 1145 1255 1248 1292; x_wconf 86' lang='lat' dir='ltr'><strong>non</strong></span> <span class='ocrx_word' id='word_1_84' title='bbox 1295 1240 1595 1308; x_wconf 83' lang='lat' dir='ltr'><strong>pertineant</strong></span> <span class='ocrx_word' id='word_1_85' title='bbox 1630 1249 1802 1308; x_wconf 84' lang='lat' dir='ltr'><strong>utens,</strong></span> <span class='ocrx_word' id='word_1_86' title='bbox 1845 1235 1897 1296; x_wconf 69' lang='lat' dir='ltr'><strong>ei</strong></span> 
     </span>
    </p>
   </div>
   <div class='ocr_carea' id='block_1_12' title="bbox 307 1323 1898 1401">
    <p class='ocr_par' dir='ltr' id='par_1_12' title="bbox 307 1323 1898 1401">
     <span class='ocr_line' id='line_1_12' title="bbox 307 1323 1898 1401; baseline 0.008 -27"><span class='ocrx_word' id='word_1_87' title='bbox 307 1323 444 1377; x_wconf 86' lang='lat' dir='ltr'><strong>ltero</strong></span> <span class='ocrx_word' id='word_1_88' title='bbox 481 1325 654 1392; x_wconf 79' lang='lat' dir='ltr'><strong>potius</strong></span> <span class='ocrx_word' id='word_1_89' title='bbox 684 1341 842 1395; x_wconf 88' lang='lat' dir='ltr'><strong>quam</strong></span> <span class='ocrx_word' id='word_1_90' title='bbox 873 1328 990 1382; x_wconf 92' lang='lat' dir='ltr'><strong>viro</strong></span> <span class='ocrx_word' id='word_1_91' title='bbox 1016 1329 1325 1396; x_wconf 84' lang='lat' dir='ltr'><strong>con&#39;vivens,</strong></span> <span class='ocrx_word' id='word_1_92' title='bbox 1360 1330 1429 1383; x_wconf 91' lang='lat' dir='ltr'><strong>ita</strong></span> <span class='ocrx_word' id='word_1_93' title='bbox 1458 1331 1634 1385; x_wconf 85' lang='lat' dir='ltr'><strong>omnia</strong></span> <span class='ocrx_word' id='word_1_94' title='bbox 1661 1337 1716 1386; x_wconf 89' lang='lat' dir='ltr'><strong>e&#39;t</strong></span> <span class='ocrx_word' id='word_1_95' title='bbox 1738 1337 1898 1401; x_wconf 87' lang='lat' dir='ltr'><strong>agere</strong></span> 
     </span>
    </p>
   </div>
   <div class='ocr_carea' id='block_1_13' title="bbox 307 1417 1896 1492">
    <p class='ocr_par' dir='ltr' id='par_1_13' title="bbox 307 1417 1896 1492">
     <span class='ocr_line' id='line_1_13' title="bbox 307 1417 1896 1492; baseline 0.004 -23"><span class='ocrx_word' id='word_1_96' title='bbox 307 1425 364 1469; x_wconf 89' lang='lat' dir='ltr'><strong>et</strong></span> <span class='ocrx_word' id='word_1_97' title='bbox 396 1417 505 1486; x_wconf 88' lang='lat' dir='ltr'><strong>pati</strong></span> <span class='ocrx_word' id='word_1_98' title='bbox 548 1419 773 1488; x_wconf 86' lang='lat' dir='ltr'><strong>cogitur.</strong></span> <span class='ocrx_word' id='word_1_99' title='bbox 801 1420 954 1486; x_wconf 86' lang='lat' dir='ltr'><strong>Quod</strong></span> <span class='ocrx_word' id='word_1_100' title='bbox 990 1421 1034 1474; x_wconf 91' lang='lat' dir='ltr'><strong>si</strong></span> <span class='ocrx_word' id='word_1_101' title='bbox 1075 1421 1294 1492; x_wconf 57' lang='lat' dir='ltr'><strong>aequalis</strong></span> <span class='ocrx_word' id='word_1_102' title='bbox 1331 1422 1650 1478; x_wconf 74' lang='lat' dir='ltr'><strong>conditionis</strong></span> <span class='ocrx_word' id='word_1_103' title='bbox 1678 1438 1896 1478; x_wconf 89' lang='lat' dir='ltr'><strong>uxorem</strong></span> 
     </span>
    </p>
   </div>
   <div class='ocr_carea' id='block_1_14' title="bbox 308 1506 1897 1584">
    <p class='ocr_par' dir='ltr' id='par_1_14' title="bbox 308 1506 1897 1584">
     <span class='ocr_line' id='line_1_14' title="bbox 308 1506 1897 1584; baseline 0.007 -26"><span class='ocrx_word' id='word_1_104' title='bbox 308 1506 497 1570; x_wconf 85' lang='lat' dir='ltr'><strong>ducas,</strong></span> <span class='ocrx_word' id='word_1_105' title='bbox 531 1509 882 1577; x_wconf 83' lang='lat' dir='ltr'><strong>&#39;subjcctionis</strong></span> <span class='ocrx_word' id='word_1_106' title='bbox 916 1527 1125 1565; x_wconf 86' lang='lat' dir='ltr'><strong>rursum</strong></span> <span class='ocrx_word' id='word_1_107' title='bbox 1158 1513 1323 1581; x_wconf 85' lang='lat' dir='ltr'><strong>legem</strong></span> <span class='ocrx_word' id='word_1_108' title='bbox 1354 1513 1627 1582; x_wconf 67' lang='lat' dir='ltr'><strong>inqualitas</strong></span> <span class='ocrx_word' id='word_1_109' title='bbox 1654 1515 1897 1584; x_wconf 85' lang='lat' dir='ltr'><strong>pessum-</strong></span> 
     </span>
    </p>
   </div>
   <div class='ocr_carea' id='block_1_15' title="bbox 307 1596 1900 1670">
    <p class='ocr_par' dir='ltr' id='par_1_15' title="bbox 307 1596 1900 1670">
     <span class='ocr_line' id='line_1_15' title="bbox 307 1596 1900 1670; baseline 0.006 -22"><span class='ocrx_word' id='word_1_110' title='bbox 307 1596 481 1664; x_wconf 85' lang='lat' dir='ltr'><strong>dabit,</strong></span> <span class='ocrx_word' id='word_1_111' title='bbox 505 1604 625 1651; x_wconf 89' lang='lat' dir='ltr'><strong>cum</strong></span> <span class='ocrx_word' id='word_1_112' title='bbox 651 1597 956 1654; x_wconf 80' lang='lat' dir='ltr'><strong>facultatum</strong></span> <span class='ocrx_word' id='word_1_113' title='bbox 986 1601 1176 1655; x_wconf 89' lang='lat' dir='ltr'><strong>modus</strong></span> <span class='ocrx_word' id='word_1_114' title='bbox 1199 1603 1443 1670; x_wconf 81' lang='lat' dir='ltr'><strong>posmlet,</strong></span> <span class='ocrx_word' id='word_1_115' title='bbox 1471 1603 1527 1656; x_wconf 63' lang='lat' dir='ltr'><strong>&quot;ut</strong></span> <span class='ocrx_word' id='word_1_116' title='bbox 1551 1599 1613 1658; x_wconf 80' lang='lat' dir='ltr'><strong>ea</strong></span> <span class='ocrx_word' id='word_1_117' title='bbox 1643 1609 1762 1658; x_wconf 85' lang='lat' dir='ltr'><strong>cum</strong></span> <span class='ocrx_word' id='word_1_118' title='bbox 1787 1601 1900 1658; x_wconf 83' lang='lat' dir='ltr'><strong>viro</strong></span> 
     </span>
    </p>
   </div>
   <div class='ocr_carea' id='block_1_16' title="bbox 309 1683 1900 1765">
    <p class='ocr_par' dir='ltr' id='par_1_16' title="bbox 309 1683 1900 1765">
     <span class='ocr_line' id='line_1_16' title="bbox 309 1683 1900 1765; baseline 0.006 -25"><span class='ocrx_word' id='word_1_119' title='bbox 309 1691 573 1756; x_wconf 73' lang='lat' dir='ltr'><strong>mqnetur.</strong></span> <span class='ocrx_word' id='word_1_120' title='bbox 614 1688 750 1756; x_wconf 83' lang='lat' dir='ltr'><strong>Quid</strong></span> <span class='ocrx_word' id='word_1_121' title='bbox 782 1691 940 1760; x_wconf 87' lang='lat' dir='ltr'><strong>igitur</strong></span> <span class='ocrx_word' id='word_1_122' title='bbox 972 1701 1048 1746; x_wconf 88' lang='lat' dir='ltr'><strong>tot</strong></span> <span class='ocrx_word' id='word_1_123' title='bbox 1078 1693 1270 1761; x_wconf 85' lang='lat' dir='ltr'><strong>ubique</strong></span> <span class='ocrx_word' id='word_1_124' title='bbox 1308 1693 1708 1750; x_wconf 82' lang='lat' dir='ltr'><strong>difﬁcultatibus</strong></span> <span class='ocrx_word' id='word_1_125' title='bbox 1735 1683 1900 1765; x_wconf 74' lang='lat' dir='ltr'><strong>agas?</strong></span> 
     </span>
    </p>
   </div>
   <div class='ocr_carea' id='block_1_17' title="bbox 309 1769 1896 1854">
    <p class='ocr_par' dir='ltr' id='par_1_17' title="bbox 309 1769 1896 1854">
     <span class='ocr_line' id='line_1_17' title="bbox 309 1769 1896 1854; baseline 0.007 -24"><span class='ocrx_word' id='word_1_126' title='bbox 309 1769 494 1846; x_wconf 82' lang='lat' dir='ltr'><strong>Neque</strong></span> <span class='ocrx_word' id='word_1_127' title='bbox 521 1780 667 1832; x_wconf 85' lang='lat' dir='ltr'><strong>enim</strong></span> <span class='ocrx_word' id='word_1_128' title='bbox 709 1781 858 1844; x_wconf 90' lang='lat' dir='ltr'><strong>mihi,</strong></span> <span class='ocrx_word' id='word_1_129' title='bbox 887 1782 933 1836; x_wconf 88' lang='lat' dir='ltr'><strong>si</strong></span> <span class='ocrx_word' id='word_1_130' title='bbox 962 1799 1081 1851; x_wconf 71' lang='lat' dir='ltr'><strong>quae</strong></span> <span class='ocrx_word' id='word_1_131' title='bbox 1105 1787 1330 1853; x_wconf 81' lang='lat' dir='ltr'><strong>usquam</strong></span> <span class='ocrx_word' id='word_1_132' title='bbox 1360 1789 1526 1854; x_wconf 79' lang='lat' dir='ltr'><strong>pauca</strong></span> <span class='ocrx_word' id='word_1_133' title='bbox 1556 1787 1896 1841; x_wconf 81' lang='lat' dir='ltr'><strong>matrimonia</strong></span> 
     </span>
    </p>
   </div>
   <div class='ocr_carea' id='block_1_18' title="bbox 308 1864 1900 1947">
    <p class='ocr_par' dir='ltr' id='par_1_18' title="bbox 308 1864 1900 1947">
     <span class='ocr_line' id='line_1_18' title="bbox 308 1864 1900 1947; baseline 0.009 -27"><span class='ocrx_word' id='word_1_134' title='bbox 308 1864 431 1922; x_wconf 37' lang='lat' dir='ltr'><strong>huic</strong></span> <span class='ocrx_word' id='word_1_135' title='bbox 466 1871 788 1941; x_wconf 84' lang='lat' dir='ltr'><strong>&#39;ell&#39;ugerun&#39;t,</strong></span> <span class='ocrx_word' id='word_1_136' title='bbox 829 1889 890 1927; x_wconf 90' lang='lat' dir='ltr'><strong>ea</strong></span> <span class='ocrx_word' id='word_1_137' title='bbox 931 1875 983 1928; x_wconf 90' lang='lat' dir='ltr'><strong>in</strong></span> <span class='ocrx_word' id='word_1_138' title='bbox 1028 1876 1262 1930; x_wconf 86' lang='lat' dir='ltr'><strong>medium</strong></span> <span class='ocrx_word' id='word_1_139' title='bbox 1306 1878 1512 1947; x_wconf 81' lang='lat' dir='ltr'><strong>profer;</strong></span> <span class='ocrx_word' id='word_1_140' title='bbox 1559 1895 1680 1933; x_wconf 93' lang='lat' dir='ltr'><strong>nam</strong></span> <span class='ocrx_word' id='word_1_141' title='bbox 1724 1895 1793 1934; x_wconf 82' lang='lat' dir='ltr'><strong>ex</strong></span> <span class='ocrx_word' id='word_1_142' title='bbox 1835 1881 1900 1936; x_wconf 91' lang='lat' dir='ltr'><strong>iis</strong></span> 
     </span>
    </p>
   </div>
   <div class='ocr_carea' id='block_1_19' title="bbox 312 1961 1899 2037">
    <p class='ocr_par' dir='ltr' id='par_1_19' title="bbox 312 1961 1899 2037">
     <span class='ocr_line' id='line_1_19' title="bbox 312 1961 1899 2037; baseline 0.01 -26"><span class='ocrx_word' id='word_1_143' title='bbox 312 1969 432 2027; x_wconf 71' lang='lat' dir='ltr'><strong>q‘ure</strong></span> <span class='ocrx_word' id='word_1_144' title='bbox 455 1961 670 2016; x_wconf 77' lang='lat' dir='ltr'><strong>assidue</strong></span> <span class='ocrx_word' id='word_1_145' title='bbox 697 1965 1028 2036; x_wconf 80' lang='lat' dir='ltr'><strong>contingant,</strong></span> <span class='ocrx_word' id='word_1_146' title='bbox 1065 1971 1169 2020; x_wconf 87' lang='lat' dir='ltr'><strong>non</strong></span> <span class='ocrx_word' id='word_1_147' title='bbox 1198 1983 1316 2037; x_wconf 74' lang='lat' dir='ltr'><strong>qua:</strong></span> <span class='ocrx_word' id='word_1_148' title='bbox 1343 1969 1622 2024; x_wconf 87' lang='lat' dir='ltr'><strong>insolentia</strong></span> <span class='ocrx_word' id='word_1_149' title='bbox 1651 1969 1778 2035; x_wconf 90' lang='lat' dir='ltr'><strong>sin‘t,</strong></span> <span class='ocrx_word' id='word_1_150' title='bbox 1811 1973 1899 2026; x_wconf 76' lang='lat' dir='ltr'><strong>re&#39;s</strong></span> 
     </span>
    </p>
   </div>
   <div class='ocr_carea' id='block_1_20' title="bbox 310 2050 1899 2128">
    <p class='ocr_par' dir='ltr' id='par_1_20' title="bbox 310 2050 1899 2128">
     <span class='ocr_line' id='line_1_20' title="bbox 310 2050 1899 2128; baseline 0.009 -26"><span class='ocrx_word' id='word_1_151' title='bbox 310 2050 679 2106; x_wconf 68' lang='lat' dir='ltr'><strong>describenda:</strong></span> <span class='ocrx_word' id='word_1_152' title='bbox 705 2053 848 2108; x_wconf 74' lang='lat' dir='ltr'><strong>sunt.</strong></span> <span class='ocrx_word' id='word_1_153' title='bbox 878 2054 1003 2109; x_wconf 68' lang='lat' dir='ltr'><strong>Haec</strong></span> <span class='ocrx_word' id='word_1_154' title='bbox 1030 2059 1258 2126; x_wconf 78' lang='lat' dir='ltr'><strong>namque</strong></span> <span class='ocrx_word' id='word_1_155' title='bbox 1281 2058 1332 2112; x_wconf 87' lang='lat' dir='ltr'><strong>in</strong></span> <span class='ocrx_word' id='word_1_156' title='bbox 1361 2059 1660 2128; x_wconf 81' lang='lat' dir='ltr'><strong>virginitate</strong></span> <span class='ocrx_word' id='word_1_157' title='bbox 1679 2059 1899 2116; x_wconf 80' lang='lat' dir='ltr'><strong>difﬁcile</strong></span> 
     </span>
    </p>
   </div>
   <div class='ocr_carea' id='block_1_21' title="bbox 309 2141 1901 2218">
    <p class='ocr_par' dir='ltr' id='par_1_21' title="bbox 309 2141 1901 2218">
     <span class='ocr_line' id='line_1_21' title="bbox 309 2141 1901 2218; baseline 0.008 -24"><span class='ocrx_word' id='word_1_158' title='bbox 309 2151 394 2194; x_wconf 85' lang='lat' dir='ltr'><strong>est</strong></span> <span class='ocrx_word' id='word_1_159' title='bbox 419 2141 655 2207; x_wconf 85' lang='lat' dir='ltr'><strong>evenire,</strong></span> <span class='ocrx_word' id='word_1_160' title='bbox 680 2145 786 2198; x_wconf 88' lang='lat' dir='ltr'><strong>imo</strong></span> <span class='ocrx_word' id='word_1_161' title='bbox 805 2155 873 2199; x_wconf 76' lang='lat' dir='ltr'><strong>‘ea</strong></span> <span class='ocrx_word' id='word_1_162' title='bbox 903 2147 1142 2202; x_wconf 89' lang='lat' dir='ltr'><strong>accidere</strong></span> <span class='ocrx_word' id='word_1_163' title='bbox 1164 2153 1460 2218; x_wconf 81' lang='lat' dir='ltr'><strong>nequeunt;</strong></span> <span class='ocrx_word' id='word_1_164' title='bbox 1484 2150 1542 2204; x_wconf 91' lang='lat' dir='ltr'><strong>in</strong></span> <span class='ocrx_word' id='word_1_165' title='bbox 1565 2150 1901 2206; x_wconf 83' lang='lat' dir='ltr'><strong>matrimonio</strong></span> 
     </span>
    </p>
   </div>
   <div class='ocr_carea' id='block_1_22' title="bbox 312 2234 1046 2292">
    <p class='ocr_par' dir='ltr' id='par_1_22' title="bbox 312 2234 1046 2292">
     <span class='ocr_line' id='line_1_22' title="bbox 312 2234 1046 2292; baseline 0.01 -7"><span class='ocrx_word' id='word_1_166' title='bbox 312 2234 533 2290; x_wconf 89' lang='lat' dir='ltr'><strong>difficile</strong></span> <span class='ocrx_word' id='word_1_167' title='bbox 559 2244 643 2290; x_wconf 87' lang='lat' dir='ltr'><strong>est</strong></span> <span class='ocrx_word' id='word_1_168' title='bbox 669 2241 776 2290; x_wconf 85' lang='lat' dir='ltr'><strong>non</strong></span> <span class='ocrx_word' id='word_1_169' title='bbox 806 2241 1046 2292; x_wconf 89' lang='lat' dir='ltr'><strong>evenire.</strong></span> 
     </span>
    </p>
   </div>
   <div class='ocr_carea' id='block_1_23' title="bbox 383 2317 1900 2404">
    <p class='ocr_par' dir='ltr' id='par_1_23' title="bbox 383 2317 1900 2404">
     <span class='ocr_line' id='line_1_23' title="bbox 383 2317 1900 2404; baseline 0.005 -25"><span class='ocrx_word' id='word_1_170' title='bbox 383 2317 518 2380; x_wconf 68' lang='lat' dir='ltr'><strong>LVI.</strong></span> <span class='ocrx_word' id='word_1_171' title='bbox 560 2325 752 2398; x_wconf 76' lang='lat' dir='ltr'><strong>Nupta:</strong></span> <span class='ocrx_word' id='word_1_172' title='bbox 788 2346 992 2398; x_wconf 80' lang='lat' dir='ltr'><strong>gravem</strong></span> <span class='ocrx_word' id='word_1_173' title='bbox 1026 2331 1216 2385; x_wconf 85' lang='lat' dir='ltr'><strong>doloris</strong></span> <span class='ocrx_word' id='word_1_174' title='bbox 1247 2333 1586 2386; x_wconf 73' lang='lat' dir='ltr'><strong>necessitatem</strong></span> <span class='ocrx_word' id='word_1_175' title='bbox 1614 2333 1900 2404; x_wconf 77' lang='lat' dir='ltr'><strong>impositam</strong></span> 
     </span>
    </p>
   </div>
   <div class='ocr_carea' id='block_1_24' title="bbox 311 2413 1898 2490">
    <p class='ocr_par' dir='ltr' id='par_1_24' title="bbox 311 2413 1898 2490">
     <span class='ocr_line' id='line_1_24' title="bbox 311 2413 1898 2490; baseline 0.005 -21"><span class='ocrx_word' id='word_1_176' title='bbox 311 2418 438 2470; x_wconf 66' lang='lat' dir='ltr'><strong>esas.</strong></span> <span class='ocrx_word' id='word_1_177' title='bbox 462 2448 532 2456; x_wconf 97' lang='lat'><em>—</em></span> <span class='ocrx_word' id='word_1_178' title='bbox 552 2413 702 2484; x_wconf 80' lang='lat' dir='ltr'><strong>Quod</strong></span> <span class='ocrx_word' id='word_1_179' title='bbox 735 2419 778 2472; x_wconf 91' lang='lat' dir='ltr'><strong>si</strong></span> <span class='ocrx_word' id='word_1_180' title='bbox 805 2421 860 2473; x_wconf 86' lang='lat' dir='ltr'><strong>in</strong></span> <span class='ocrx_word' id='word_1_181' title='bbox 892 2421 954 2474; x_wconf 85' lang='lat' dir='ltr'><strong>iis</strong></span> <span class='ocrx_word' id='word_1_182' title='bbox 980 2437 1099 2490; x_wconf 70' lang='lat' dir='ltr'><strong>qua:</strong></span> <span class='ocrx_word' id='word_1_183' title='bbox 1117 2421 1348 2490; x_wconf 83' lang='lat' dir='ltr'><strong>jucunda</strong></span> <span class='ocrx_word' id='word_1_184' title='bbox 1375 2421 1675 2489; x_wconf 75' lang='lat' dir='ltr'><strong>videantur,</strong></span> <span class='ocrx_word' id='word_1_185' title='bbox 1697 2433 1898 2477; x_wconf 88' lang='lat' dir='ltr'><strong>tantum</strong></span> 
     </span>
    </p>
   </div>
   <div class='ocr_carea' id='block_1_25' title="bbox 312 2492 1900 2581">
    <p class='ocr_par' dir='ltr' id='par_1_25' title="bbox 312 2492 1900 2581">
     <span class='ocr_line' id='line_1_25' title="bbox 312 2492 1900 2581; baseline 0.004 -22"><span class='ocrx_word' id='word_1_186' title='bbox 312 2492 487 2560; x_wconf 75' lang='lat' dir='ltr'><strong>uritur</strong></span> <span class='ocrx_word' id='word_1_187' title='bbox 531 2510 863 2563; x_wconf 81' lang='lat' dir='ltr'><strong>miseriarum</strong></span> <span class='ocrx_word' id='word_1_188' title='bbox 899 2518 953 2564; x_wconf 91' lang='lat' dir='ltr'><strong>et</strong></span> <span class='ocrx_word' id='word_1_189' title='bbox 990 2493 1369 2574; x_wconf 74' lang='lat' dir='ltr'><strong>calamitatum,</strong></span> <span class='ocrx_word' id='word_1_190' title='bbox 1403 2512 1524 2580; x_wconf 89' lang='lat' dir='ltr'><strong>quid</strong></span> <span class='ocrx_word' id='word_1_191' title='bbox 1565 2511 1632 2565; x_wconf 91' lang='lat' dir='ltr'><strong>de</strong></span> <span class='ocrx_word' id='word_1_192' title='bbox 1677 2513 1741 2567; x_wconf 89' lang='lat' dir='ltr'><strong>iis</strong></span> <span class='ocrx_word' id='word_1_193' title='bbox 1782 2529 1900 2581; x_wconf 69' lang='lat' dir='ltr'><strong>qua:</strong></span> 
     </span>
    </p>
   </div>
   <div class='ocr_carea' id='block_1_26' title="bbox 313 2585 1898 2672">
    <p class='ocr_par' dir='ltr' id='par_1_26' title="bbox 313 2585 1898 2672">
     <span class='ocr_line' id='line_1_26' title="bbox 313 2585 1898 2672; baseline 0.007 -25"><span class='ocrx_word' id='word_1_194' title='bbox 313 2597 455 2651; x_wconf 84' lang='lat' dir='ltr'><strong>haud</strong></span> <span class='ocrx_word' id='word_1_195' title='bbox 483 2585 646 2652; x_wconf 71' lang='lat' dir='ltr'><strong>dubie</strong></span> <span class='ocrx_word' id='word_1_196' title='bbox 679 2599 872 2654; x_wconf 77' lang='lat' dir='ltr'><strong>acerba</strong></span> <span class='ocrx_word' id='word_1_197' title='bbox 900 2605 1043 2667; x_wconf 80' lang='lat' dir='ltr'><strong>s&#39;unt,</strong></span> <span class='ocrx_word' id='word_1_198' title='bbox 1073 2600 1357 2655; x_wconf 74' lang='lat' dir='ltr'><strong>dicendum</strong></span> <span class='ocrx_word' id='word_1_199' title='bbox 1387 2601 1521 2655; x_wconf 85' lang='lat' dir='ltr'><strong>erit?</strong></span> <span class='ocrx_word' id='word_1_200' title='bbox 1547 2602 1728 2672; x_wconf 83' lang='lat' dir='ltr'><strong>Neque</strong></span> <span class='ocrx_word' id='word_1_201' title='bbox 1757 2605 1898 2658; x_wconf 90' lang='lat' dir='ltr'><strong>enim</strong></span> 
     </span>
    </p>
   </div>
   <div class='ocr_carea' id='block_1_27' title="bbox 309 2691 1900 2765">
    <p class='ocr_par' dir='ltr' id='par_1_27' title="bbox 309 2691 1900 2765">
     <span class='ocr_line' id='line_1_27' title="bbox 309 2691 1900 2765; baseline 0.003 -21"><span class='ocrx_word' id='word_1_202' title='bbox 309 2707 437 2744; x_wconf 89' lang='lat' dir='ltr'><strong>cum</strong></span> <span class='ocrx_word' id='word_1_203' title='bbox 476 2691 592 2746; x_wconf 86' lang='lat' dir='ltr'><strong>sola</strong></span> <span class='ocrx_word' id='word_1_204' title='bbox 627 2694 887 2746; x_wconf 86' lang='lat' dir='ltr'><strong>moritura</strong></span> <span class='ocrx_word' id='word_1_205' title='bbox 927 2693 1016 2759; x_wconf 90' lang='lat' dir='ltr'><strong>sit,</strong></span> <span class='ocrx_word' id='word_1_206' title='bbox 1061 2693 1217 2747; x_wconf 82' lang='lat' dir='ltr'><strong>unam</strong></span> <span class='ocrx_word' id='word_1_207' title='bbox 1261 2693 1428 2748; x_wconf 76' lang='lat' dir='ltr'><strong>&#39;solum</strong></span> <span class='ocrx_word' id='word_1_208' title='bbox 1472 2704 1698 2749; x_wconf 86' lang='lat' dir='ltr'><strong>mortem</strong></span> <span class='ocrx_word' id='word_1_209' title='bbox 1737 2712 1900 2765; x_wconf 78' lang='lat' dir='ltr'><strong>expa-</strong></span> 
     </span>
    </p>
   </div>
   <div class='ocr_carea' id='block_1_28' title="bbox 312 2782 1898 2852">
    <p class='ocr_par' dir='ltr' id='par_1_28' title="bbox 312 2782 1898 2852">
     <span class='ocr_line' id='line_1_28' title="bbox 312 2782 1898 2852; baseline 0.003 -18"><span class='ocrx_word' id='word_1_210' title='bbox 312 2782 505 2847; x_wconf 87' lang='lat' dir='ltr'><strong>vescit,</strong></span> <span class='ocrx_word' id='word_1_211' title='bbox 538 2797 638 2837; x_wconf 89' lang='lat' dir='ltr'><strong>nec</strong></span> <span class='ocrx_word' id='word_1_212' title='bbox 663 2785 958 2852; x_wconf 77' lang='lat' dir='ltr'><strong>quze&#39;unam</strong></span> <span class='ocrx_word' id='word_1_213' title='bbox 983 2783 1173 2838; x_wconf 82' lang='lat' dir='ltr'><strong>habeat</strong></span> <span class='ocrx_word' id='word_1_214' title='bbox 1192 2785 1427 2838; x_wconf 87' lang='lat' dir='ltr'><strong>‘animam</strong></span> <span class='ocrx_word' id='word_1_215' title='bbox 1454 2785 1520 2839; x_wconf 86' lang='lat' dir='ltr'><strong>de</strong></span> <span class='ocrx_word' id='word_1_216' title='bbox 1541 2789 1647 2838; x_wconf 78' lang='lat' dir='ltr'><strong>una</strong></span> <span class='ocrx_word' id='word_1_217' title='bbox 1671 2785 1898 2840; x_wconf 87' lang='lat' dir='ltr'><strong>sollicita</strong></span> 
     </span>
    </p>
   </div>
   <div class='ocr_carea' id='block_1_29' title="bbox 311 2870 1900 2947">
    <p class='ocr_par' dir='ltr' id='par_1_29' title="bbox 311 2870 1900 2947">
     <span class='ocr_line' id='line_1_29' title="bbox 311 2870 1900 2947; baseline 0.003 -19"><span class='ocrx_word' id='word_1_218' title='bbox 311 2872 414 2935; x_wconf 83' lang='lat' dir='ltr'><strong>cs&#39;t,</strong></span> <span class='ocrx_word' id='word_1_219' title='bbox 443 2871 537 2928; x_wconf 76' lang='lat' dir='ltr'><strong>sed</strong></span> <span class='ocrx_word' id='word_1_220' title='bbox 567 2879 620 2928; x_wconf 88' lang='lat' dir='ltr'><strong>et</strong></span> <span class='ocrx_word' id='word_1_221' title='bbox 645 2875 760 2929; x_wconf 73' lang='lat' dir='ltr'><strong>vir‘o</strong></span> <span class='ocrx_word' id='word_1_222' title='bbox 788 2883 842 2930; x_wconf 89' lang='lat' dir='ltr'><strong>et</strong></span> <span class='ocrx_word' id='word_1_223' title='bbox 867 2876 1049 2931; x_wconf 79' lang='lat' dir='ltr'><strong>liberis</strong></span> <span class='ocrx_word' id='word_1_224' title='bbox 1069 2870 1225 2931; x_wconf 80' lang='lat' dir='ltr'><strong>timet</strong></span> <span class='ocrx_word' id='word_1_225' title='bbox 1260 2881 1553 2947; x_wconf 88' lang='lat' dir='ltr'><strong>eorumque</strong></span> <span class='ocrx_word' id='word_1_226' title='bbox 1584 2877 1900 2947; x_wconf 81' lang='lat' dir='ltr'><strong>cenjugibus</strong></span> 
     </span>
    </p>
   </div>
   <div class='ocr_carea' id='block_1_30' title="bbox 312 2968 1894 3040">
    <p class='ocr_par' dir='ltr' id='par_1_30' title="bbox 312 2968 1894 3040">
     <span class='ocr_line' id='line_1_30' title="bbox 312 2968 1894 3040; baseline 0.006 -22"><span class='ocrx_word' id='word_1_227' title='bbox 312 2978 477 3035; x_wconf 90' lang='lat' dir='ltr'><strong>atque</strong></span> <span class='ocrx_word' id='word_1_228' title='bbox 498 2968 689 3034; x_wconf 87' lang='lat' dir='ltr'><strong>soboli,</strong></span> <span class='ocrx_word' id='word_1_229' title='bbox 719 2986 780 3024; x_wconf 86' lang='lat' dir='ltr'><strong>ac</strong></span> <span class='ocrx_word' id='word_1_230' title='bbox 802 2985 906 3038; x_wconf 92' lang='lat' dir='ltr'><strong>quo</strong></span> <span class='ocrx_word' id='word_1_231' title='bbox 933 2970 1081 3024; x_wconf 82' lang='lat' dir='ltr'><strong>radix</strong></span> <span class='ocrx_word' id='word_1_232' title='bbox 1111 2972 1161 3024; x_wconf 93' lang='lat' dir='ltr'><strong>in</strong></span> <span class='ocrx_word' id='word_1_233' title='bbox 1191 2971 1368 3040; x_wconf 83' lang='lat' dir='ltr'><strong>plures</strong></span> <span class='ocrx_word' id='word_1_234' title='bbox 1386 2974 1566 3026; x_wconf 84' lang='lat' dir='ltr'><strong>ramos</strong></span> <span class='ocrx_word' id='word_1_235' title='bbox 1588 2969 1894 3040; x_wconf 76' lang='lat' dir='ltr'><strong>effunditur,</strong></span> 
     </span>
    </p>
   </div>
   <div class='ocr_carea' id='block_1_31' title="bbox 314 3058 1897 3133">
    <p class='ocr_par' dir='ltr' id='par_1_31' title="bbox 314 3058 1897 3133">
     <span class='ocr_line' id='line_1_31' title="bbox 314 3058 1897 3133; baseline 0.006 -24"><span class='ocrx_word' id='word_1_236' title='bbox 314 3067 464 3111; x_wconf 80' lang='lat' dir='ltr'><strong>tanto</strong></span> <span class='ocrx_word' id='word_1_237' title='bbox 489 3058 541 3112; x_wconf 90' lang='lat' dir='ltr'><strong>ei</strong></span> <span class='ocrx_word' id='word_1_238' title='bbox 566 3067 616 3112; x_wconf 90' lang='lat' dir='ltr'><strong>et</strong></span> <span class='ocrx_word' id='word_1_239' title='bbox 647 3074 893 3114; x_wconf 85' lang='lat' dir='ltr'><strong>curarum</strong></span> <span class='ocrx_word' id='word_1_240' title='bbox 926 3061 1043 3130; x_wconf 85' lang='lat' dir='ltr'><strong>plus</strong></span> <span class='ocrx_word' id='word_1_241' title='bbox 1071 3061 1296 3116; x_wconf 90' lang='lat' dir='ltr'><strong>accedit.</strong></span> <span class='ocrx_word' id='word_1_242' title='bbox 1329 3061 1526 3116; x_wconf 89' lang='lat' dir='ltr'><strong>llorum</strong></span> <span class='ocrx_word' id='word_1_243' title='bbox 1557 3064 1778 3133; x_wconf 85' lang='lat' dir='ltr'><strong>singulis</strong></span> <span class='ocrx_word' id='word_1_244' title='bbox 1803 3069 1897 3118; x_wconf 73' lang='lat' dir='ltr'><strong>seu</strong></span> 
     </span>
    </p>
   </div>
   <div class='ocr_carea' id='block_1_32' title="bbox 315 3148 1897 3221">
    <p class='ocr_par' dir='ltr' id='par_1_32' title="bbox 315 3148 1897 3221">
     <span class='ocr_line' id='line_1_32' title="bbox 315 3148 1897 3221; baseline 0.005 -22"><span class='ocrx_word' id='word_1_245' title='bbox 315 3150 656 3201; x_wconf 72' lang='lat' dir='ltr'><strong>nunnno&#39;ru&#39;m</strong></span> <span class='ocrx_word' id='word_1_246' title='bbox 682 3148 910 3219; x_wconf 80' lang='lat' dir='ltr'><strong>jactura,</strong></span> <span class='ocrx_word' id='word_1_247' title='bbox 942 3165 1036 3205; x_wconf 90' lang='lat' dir='ltr'><strong>seu</strong></span> <span class='ocrx_word' id='word_1_248' title='bbox 1068 3151 1305 3221; x_wconf 89' lang='lat' dir='ltr'><strong>corporis</strong></span> <span class='ocrx_word' id='word_1_249' title='bbox 1339 3151 1604 3219; x_wconf 88' lang='lat' dir='ltr'><strong>valetudo,</strong></span> <span class='ocrx_word' id='word_1_250' title='bbox 1634 3169 1724 3206; x_wconf 90' lang='lat' dir='ltr'><strong>seu</strong></span> <span class='ocrx_word' id='word_1_251' title='bbox 1754 3154 1897 3208; x_wconf 86' lang='lat' dir='ltr'><strong>aliud</strong></span> 
     </span>
    </p>
   </div>
   <div class='ocr_carea' id='block_1_33' title="bbox 313 3237 1900 3314">
    <p class='ocr_par' dir='ltr' id='par_1_33' title="bbox 313 3237 1900 3314">
     <span class='ocr_line' id='line_1_33' title="bbox 313 3237 1900 3314; baseline 0.007 -25"><span class='ocrx_word' id='word_1_252' title='bbox 313 3237 514 3305; x_wconf 86' lang='lat' dir='ltr'><strong>aliquid</strong></span> <span class='ocrx_word' id='word_1_253' title='bbox 563 3239 771 3293; x_wconf 85' lang='lat' dir='ltr'><strong>accidat</strong></span> <span class='ocrx_word' id='word_1_254' title='bbox 808 3239 1094 3309; x_wconf 87' lang='lat' dir='ltr'><strong>ingratum,</strong></span> <span class='ocrx_word' id='word_1_255' title='bbox 1127 3242 1174 3295; x_wconf 92' lang='lat' dir='ltr'><strong>ei</strong></span> <span class='ocrx_word' id='word_1_256' title='bbox 1216 3253 1486 3296; x_wconf 89' lang='lat' dir='ltr'><strong>macerare</strong></span> <span class='ocrx_word' id='word_1_257' title='bbox 1524 3257 1584 3296; x_wconf 93' lang='lat' dir='ltr'><strong>se</strong></span> <span class='ocrx_word' id='word_1_258' title='bbox 1613 3257 1680 3296; x_wconf 86' lang='lat' dir='ltr'><strong>ac</strong></span> <span class='ocrx_word' id='word_1_259' title='bbox 1719 3244 1900 3314; x_wconf 86' lang='lat' dir='ltr'><strong>Ingere</strong></span> 
     </span>
    </p>
   </div>
   <div class='ocr_carea' id='block_1_34' title="bbox 314 3329 1894 3401">
    <p class='ocr_par' dir='ltr' id='par_1_34' title="bbox 314 3329 1894 3401">
     <span class='ocr_line' id='line_1_34' title="bbox 314 3329 1894 3401; baseline 0.006 -23"><span class='ocrx_word' id='word_1_260' title='bbox 314 3342 537 3381; x_wconf 89' lang='lat' dir='ltr'><strong>necesse</strong></span> <span class='ocrx_word' id='word_1_261' title='bbox 558 3329 661 3382; x_wconf 90' lang='lat' dir='ltr'><strong>erit</strong></span> <span class='ocrx_word' id='word_1_262' title='bbox 682 3330 847 3383; x_wconf 81' lang='lat' dir='ltr'><strong>nihilo</strong></span> <span class='ocrx_word' id='word_1_263' title='bbox 869 3332 1065 3396; x_wconf 88' lang='lat' dir='ltr'><strong>minus,</strong></span> <span class='ocrx_word' id='word_1_264' title='bbox 1087 3345 1242 3400; x_wconf 91' lang='lat' dir='ltr'><strong>quam</strong></span> <span class='ocrx_word' id='word_1_265' title='bbox 1269 3331 1332 3386; x_wconf 92' lang='lat' dir='ltr'><strong>iis</strong></span> <span class='ocrx_word' id='word_1_266' title='bbox 1355 3333 1443 3400; x_wconf 86' lang='lat' dir='ltr'><strong>qui</strong></span> <span class='ocrx_word' id='word_1_267' title='bbox 1471 3332 1584 3387; x_wconf 66' lang='lat' dir='ltr'><strong>haec</strong></span> <span class='ocrx_word' id='word_1_268' title='bbox 1607 3333 1894 3401; x_wconf 87' lang='lat' dir='ltr'><strong>patiuntur.</strong></span> 
     </span>
    </p>
   </div>
   <div class='ocr_carea' id='block_1_35' title="bbox 315 3419 1899 3490">
    <p class='ocr_par' dir='ltr' id='par_1_35' title="bbox 315 3419 1899 3490">
     <span class='ocr_line' id='line_1_35' title="bbox 315 3419 1899 3490; baseline 0.007 -19"><span class='ocrx_word' id='word_1_269' title='bbox 315 3419 392 3472; x_wconf 75' lang='lat' dir='ltr'><strong>Ac</strong></span> <span class='ocrx_word' id='word_1_270' title='bbox 423 3420 467 3472; x_wconf 87' lang='lat' dir='ltr'><strong>si</strong></span> <span class='ocrx_word' id='word_1_271' title='bbox 498 3419 712 3489; x_wconf 87' lang='lat' dir='ltr'><strong>quidem</strong></span> <span class='ocrx_word' id='word_1_272' title='bbox 741 3430 926 3476; x_wconf 89' lang='lat' dir='ltr'><strong>omnes</strong></span> <span class='ocrx_word' id='word_1_273' title='bbox 948 3432 1070 3477; x_wconf 86' lang='lat' dir='ltr'><strong>ante</strong></span> <span class='ocrx_word' id='word_1_274' title='bbox 1095 3438 1213 3477; x_wconf 88' lang='lat' dir='ltr'><strong>eam</strong></span> <span class='ocrx_word' id='word_1_275' title='bbox 1235 3423 1516 3490; x_wconf 90' lang='lat' dir='ltr'><strong>decedant,</strong></span> <span class='ocrx_word' id='word_1_276' title='bbox 1548 3425 1899 3482; x_wconf 85' lang='lat' dir='ltr'><strong>intolerabilis</strong></span> 
     </span>
    </p>
   </div>
   <div class='ocr_carea' id='block_1_36' title="bbox 313 3510 1899 3582">
    <p class='ocr_par' dir='ltr' id='par_1_36' title="bbox 313 3510 1899 3582">
     <span class='ocr_line' id='line_1_36' title="bbox 313 3510 1899 3582; baseline 0.005 -18"><span class='ocrx_word' id='word_1_277' title='bbox 313 3511 418 3564; x_wconf 90' lang='lat' dir='ltr'><strong>erit</strong></span> <span class='ocrx_word' id='word_1_278' title='bbox 445 3510 620 3565; x_wconf 92' lang='lat' dir='ltr'><strong>luctus</strong></span> <span class='ocrx_word' id='word_1_279' title='bbox 639 3527 654 3576; x_wconf 90' lang='lat'><strong>;</strong></span> <span class='ocrx_word' id='word_1_280' title='bbox 674 3513 757 3567; x_wconf 91' lang='lat' dir='ltr'><strong>sin</strong></span> <span class='ocrx_word' id='word_1_281' title='bbox 780 3513 895 3566; x_wconf 92' lang='lat' dir='ltr'><strong>aliis</strong></span> <span class='ocrx_word' id='word_1_282' title='bbox 916 3514 1289 3582; x_wconf 87' lang='lat' dir='ltr'><strong>superstitibus</strong></span> <span class='ocrx_word' id='word_1_283' title='bbox 1310 3515 1398 3568; x_wconf 90' lang='lat' dir='ltr'><strong>alii</strong></span> <span class='ocrx_word' id='word_1_284' title='bbox 1423 3516 1699 3570; x_wconf 89' lang='lat' dir='ltr'><strong>immatura</strong></span> <span class='ocrx_word' id='word_1_285' title='bbox 1729 3527 1899 3573; x_wconf 90' lang='lat' dir='ltr'><strong>morte</strong></span> 
     </span>
    </p>
   </div>
   <div class='ocr_carea' id='block_1_37' title="bbox 315 3605 1894 3679">
    <p class='ocr_par' dir='ltr' id='par_1_37' title="bbox 315 3605 1894 3679">
     <span class='ocr_line' id='line_1_37' title="bbox 315 3605 1894 3679; baseline 0.007 -23"><span class='ocrx_word' id='word_1_286' title='bbox 315 3605 612 3673; x_wconf 82' lang='lat' dir='ltr'><strong>rapiantur,</strong></span> <span class='ocrx_word' id='word_1_287' title='bbox 645 3621 713 3661; x_wconf 88' lang='lat' dir='ltr'><strong>ne</strong></span> <span class='ocrx_word' id='word_1_288' title='bbox 752 3607 830 3660; x_wconf 90' lang='lat' dir='ltr'><strong>sic</strong></span> <span class='ocrx_word' id='word_1_289' title='bbox 867 3606 1079 3677; x_wconf 88' lang='lat' dir='ltr'><strong>quidem</strong></span> <span class='ocrx_word' id='word_1_290' title='bbox 1125 3609 1370 3662; x_wconf 85' lang='lat' dir='ltr'><strong>solatium</strong></span> <span class='ocrx_word' id='word_1_291' title='bbox 1405 3626 1591 3679; x_wconf 87' lang='lat' dir='ltr'><strong>purum</strong></span> <span class='ocrx_word' id='word_1_292' title='bbox 1636 3611 1894 3667; x_wconf 84' lang='lat' dir='ltr'><strong>invenias.</strong></span> 
     </span>
    </p>
   </div>
   <div class='ocr_carea' id='block_1_38' title="bbox 315 3689 1896 3760">
    <p class='ocr_par' dir='ltr' id='par_1_38' title="bbox 315 3689 1896 3760">
     <span class='ocr_line' id='line_1_38' title="bbox 315 3689 1896 3760; baseline 0.008 -13"><span class='ocrx_word' id='word_1_293' title='bbox 315 3693 448 3747; x_wconf 78' lang='lat' dir='ltr'><strong>Nam</strong></span> <span class='ocrx_word' id='word_1_294' title='bbox 481 3694 550 3750; x_wconf 88' lang='lat' dir='ltr'><strong>de</strong></span> <span class='ocrx_word' id='word_1_295' title='bbox 578 3695 710 3750; x_wconf 78' lang='lat' dir='ltr'><strong>vivis</strong></span> <span class='ocrx_word' id='word_1_296' title='bbox 742 3706 913 3752; x_wconf 90' lang='lat' dir='ltr'><strong>metus</strong></span> <span class='ocrx_word' id='word_1_297' title='bbox 942 3689 1153 3754; x_wconf 82' lang='lat' dir='ltr'><strong>assidue</strong></span> <span class='ocrx_word' id='word_1_298' title='bbox 1181 3700 1408 3755; x_wconf 89' lang='lat' dir='ltr'><strong>animam</strong></span> <span class='ocrx_word' id='word_1_299' title='bbox 1437 3705 1688 3758; x_wconf 90' lang='lat' dir='ltr'><strong>coneieus</strong></span> <span class='ocrx_word' id='word_1_300' title='bbox 1713 3704 1896 3760; x_wconf 90' lang='lat' dir='ltr'><strong>dolore</strong></span> 
     </span>
    </p>
   </div>
   <div class='ocr_carea' id='block_1_39' title="bbox 314 3785 1897 3864">
    <p class='ocr_par' dir='ltr' id='par_1_39' title="bbox 314 3785 1897 3864">
     <span class='ocr_line' id='line_1_39' title="bbox 314 3785 1897 3864; baseline 0.006 -27"><span class='ocrx_word' id='word_1_301' title='bbox 314 3786 382 3839; x_wconf 84' lang='lat' dir='ltr'><strong>de</strong></span> <span class='ocrx_word' id='word_1_302' title='bbox 408 3787 637 3840; x_wconf 88' lang='lat' dir='ltr'><strong>mortuis</strong></span> <span class='ocrx_word' id='word_1_303' title='bbox 662 3785 802 3842; x_wconf 86' lang='lat' dir='ltr'><strong>haud</strong></span> <span class='ocrx_word' id='word_1_304' title='bbox 829 3801 957 3844; x_wconf 87' lang='lat' dir='ltr'><strong>sane</strong></span> <span class='ocrx_word' id='word_1_305' title='bbox 975 3787 1146 3845; x_wconf 90' lang='lat' dir='ltr'><strong>levior</strong></span> <span class='ocrx_word' id='word_1_306' title='bbox 1165 3799 1275 3854; x_wconf 89' lang='lat' dir='ltr'><strong>est;</strong></span> <span class='ocrx_word' id='word_1_307' title='bbox 1310 3793 1433 3861; x_wconf 90' lang='lat' dir='ltr'><strong>quin</strong></span> <span class='ocrx_word' id='word_1_308' title='bbox 1457 3793 1500 3846; x_wconf 92' lang='lat' dir='ltr'><strong>si</strong></span> <span class='ocrx_word' id='word_1_309' title='bbox 1525 3794 1714 3847; x_wconf 89' lang='lat' dir='ltr'><strong>mirum</strong></span> <span class='ocrx_word' id='word_1_310' title='bbox 1744 3793 1897 3864; x_wconf 82' lang='lat' dir='ltr'><strong>quid-</strong></span> 
     </span>
    </p>
   </div>
   <div class='ocr_carea' id='block_1_40' title="bbox 316 3876 1896 3951">
    <p class='ocr_par' dir='ltr' id='par_1_40' title="bbox 316 3876 1896 3951">
     <span class='ocr_line' id='line_1_40' title="bbox 316 3876 1896 3951; baseline 0.006 -22"><span class='ocrx_word' id='word_1_311' title='bbox 316 3876 437 3931; x_wconf 88' lang='lat' dir='ltr'><strong>dam</strong></span> <span class='ocrx_word' id='word_1_312' title='bbox 467 3877 649 3933; x_wconf 88' lang='lat' dir='ltr'><strong>dicere</strong></span> <span class='ocrx_word' id='word_1_313' title='bbox 675 3878 756 3934; x_wconf 87' lang='lat' dir='ltr'><strong>fas</strong></span> <span class='ocrx_word' id='word_1_314' title='bbox 780 3879 870 3946; x_wconf 89' lang='lat' dir='ltr'><strong>sit,</strong></span> <span class='ocrx_word' id='word_1_315' title='bbox 899 3882 1057 3936; x_wconf 87' lang='lat' dir='ltr'><strong>etiam</strong></span> <span class='ocrx_word' id='word_1_316' title='bbox 1091 3883 1325 3951; x_wconf 81' lang='lat' dir='ltr'><strong>gravior.</strong></span> <span class='ocrx_word' id='word_1_317' title='bbox 1358 3879 1488 3937; x_wconf 83' lang='lat' dir='ltr'><strong>Nam</strong></span> <span class='ocrx_word' id='word_1_318' title='bbox 1526 3883 1896 3939; x_wconf 78' lang='lat' dir='ltr'><strong>defunctorum</strong></span> 
     </span>
    </p>
   </div>
   <div class='ocr_carea' id='block_1_41' title="bbox 317 3972 1896 4042">
    <p class='ocr_par' dir='ltr' id='par_1_41' title="bbox 317 3972 1896 4042">
     <span class='ocr_line' id='line_1_41' title="bbox 317 3972 1896 4042; baseline 0.004 -21"><span class='ocrx_word' id='word_1_319' title='bbox 317 3975 606 4022; x_wconf 74' lang='lat' dir='ltr'><strong>Inmrure‘m</strong></span> <span class='ocrx_word' id='word_1_320' title='bbox 651 3977 857 4038; x_wconf 86' lang='lat' dir='ltr'><strong>tempus</strong></span> <span class='ocrx_word' id='word_1_321' title='bbox 901 3972 1108 4042; x_wconf 81' lang='lat' dir='ltr'><strong>mitigat</strong></span> <span class='ocrx_word' id='word_1_322' title='bbox 1145 3989 1160 4027; x_wconf 90' lang='lat'>:</span> <span class='ocrx_word' id='word_1_323' title='bbox 1203 3972 1271 4027; x_wconf 87' lang='lat' dir='ltr'><strong>de</strong></span> <span class='ocrx_word' id='word_1_324' title='bbox 1313 3974 1445 4028; x_wconf 90' lang='lat' dir='ltr'><strong>vivis</strong></span> <span class='ocrx_word' id='word_1_325' title='bbox 1488 3975 1896 4030; x_wconf 87' lang='lat' dir='ltr'><strong>sollicitudinem</strong></span> 
     </span>
    </p>
   </div>
   <div class='ocr_carea' id='block_1_42' title="bbox 317 4063 1896 4137">
    <p class='ocr_par' dir='ltr' id='par_1_42' title="bbox 317 4063 1896 4137">
     <span class='ocr_line' id='line_1_42' title="bbox 317 4063 1896 4137; baseline 0.009 -31"><span class='ocrx_word' id='word_1_326' title='bbox 317 4069 573 4126; x_wconf 82' lang='lat' dir='ltr'><strong>perpetuo</strong></span> <span class='ocrx_word' id='word_1_327' title='bbox 602 4075 820 4115; x_wconf 85' lang='lat' dir='ltr'><strong>manere</strong></span> <span class='ocrx_word' id='word_1_328' title='bbox 847 4071 1075 4130; x_wconf 90' lang='lat' dir='ltr'><strong>oportet,</strong></span> <span class='ocrx_word' id='word_1_329' title='bbox 1113 4065 1205 4117; x_wconf 87' lang='lat' dir='ltr'><strong>aut</strong></span> <span class='ocrx_word' id='word_1_330' title='bbox 1247 4063 1420 4119; x_wconf 78' lang='lat' dir='ltr'><strong>marte</strong></span> <span class='ocrx_word' id='word_1_331' title='bbox 1455 4066 1566 4119; x_wconf 91' lang='lat' dir='ltr'><strong>sola</strong></span> <span class='ocrx_word' id='word_1_332' title='bbox 1611 4066 1896 4137; x_wconf 72' lang='lat' dir='ltr'><strong>exstingui.</strong></span> 
     </span>
    </p>
   </div>
   <div class='ocr_carea' id='block_1_43' title="bbox 312 4147 1897 4225">
    <p class='ocr_par' dir='ltr' id='par_1_43' title="bbox 312 4147 1897 4225">
     <span class='ocr_line' id='line_1_43' title="bbox 312 4147 1897 4225; baseline 0.008 -26"><span class='ocrx_word' id='word_1_333' title='bbox 312 4147 468 4212; x_wconf 74' lang='lat' dir='ltr'><strong>Quod</strong></span> <span class='ocrx_word' id='word_1_334' title='bbox 510 4150 554 4203; x_wconf 92' lang='lat' dir='ltr'><strong>si</strong></span> <span class='ocrx_word' id='word_1_335' title='bbox 593 4166 691 4204; x_wconf 89' lang='lat' dir='ltr'><strong>nec</strong></span> <span class='ocrx_word' id='word_1_336' title='bbox 733 4153 959 4221; x_wconf 83' lang='lat' dir='ltr'><strong>propriis</strong></span> <span class='ocrx_word' id='word_1_337' title='bbox 1001 4154 1156 4208; x_wconf 87' lang='lat' dir='ltr'><strong>malis</strong></span> <span class='ocrx_word' id='word_1_338' title='bbox 1195 4153 1508 4221; x_wconf 85' lang='lat' dir='ltr'><strong>sufficimus,</strong></span> <span class='ocrx_word' id='word_1_339' title='bbox 1546 4170 1702 4225; x_wconf 91' lang='lat' dir='ltr'><strong>quam</strong></span> <span class='ocrx_word' id='word_1_340' title='bbox 1734 4159 1897 4212; x_wconf 90' lang='lat' dir='ltr'><strong>vitam</strong></span> 
     </span>
    </p>
   </div>
   <div class='ocr_carea' id='block_1_44' title="bbox 317 4243 1899 4316">
    <p class='ocr_par' dir='ltr' id='par_1_44' title="bbox 317 4243 1899 4316">
     <span class='ocr_line' id='line_1_44' title="bbox 317 4243 1899 4316; baseline 0.008 -24"><span class='ocrx_word' id='word_1_341' title='bbox 317 4255 558 4309; x_wconf 80' lang='lat' dir='ltr'><strong>agentes,</strong></span> <span class='ocrx_word' id='word_1_342' title='bbox 605 4243 828 4297; x_wconf 90' lang='lat' dir='ltr'><strong>aliorum</strong></span> <span class='ocrx_word' id='word_1_343' title='bbox 877 4245 1207 4301; x_wconf 90' lang='lat' dir='ltr'><strong>calamitates</strong></span> <span class='ocrx_word' id='word_1_344' title='bbox 1244 4246 1427 4316; x_wconf 84' lang='lat' dir='ltr'><strong>lugere</strong></span> <span class='ocrx_word' id='word_1_345' title='bbox 1474 4249 1681 4303; x_wconf 81' lang='lat' dir='ltr'><strong>coacti?</strong></span> <span class='ocrx_word' id='word_1_346' title='bbox 1723 4248 1899 4305; x_wconf 65' lang='lat' dir='ltr'><strong>Multae</strong></span> 
     </span>
    </p>
   </div>
   <div class='ocr_carea' id='block_1_45' title="bbox 315 4332 1896 4402">
    <p class='ocr_par' dir='ltr' id='par_1_45' title="bbox 315 4332 1896 4402">
     <span class='ocr_line' id='line_1_45' title="bbox 315 4332 1896 4402; baseline 0.006 -18"><span class='ocrx_word' id='word_1_347' title='bbox 315 4345 462 4400; x_wconf 68' lang='lat' dir='ltr'><strong>smpe</strong></span> <span class='ocrx_word' id='word_1_348' title='bbox 498 4332 655 4386; x_wconf 84' lang='lat' dir='ltr'><strong>claris</strong></span> <span class='ocrx_word' id='word_1_349' title='bbox 678 4334 971 4402; x_wconf 81' lang='lat' dir='ltr'><strong>majoribus</strong></span> <span class='ocrx_word' id='word_1_350' title='bbox 1004 4339 1168 4400; x_wconf 65' lang='lat' dir='ltr'><strong>ortae,</strong></span> <span class='ocrx_word' id='word_1_351' title='bbox 1192 4337 1473 4391; x_wconf 85' lang='lat' dir='ltr'><strong>admodum</strong></span> <span class='ocrx_word' id='word_1_352' title='bbox 1502 4337 1726 4394; x_wconf 85' lang='lat' dir='ltr'><strong>delicate</strong></span> <span class='ocrx_word' id='word_1_353' title='bbox 1763 4338 1896 4394; x_wconf 88' lang='lat' dir='ltr'><strong>edu-</strong></span> 
     </span>
    </p>
   </div>
   <div class='ocr_carea' id='block_1_46' title="bbox 315 4422 1897 4497">
    <p class='ocr_par' dir='ltr' id='par_1_46' title="bbox 315 4422 1897 4497">
     <span class='ocr_line' id='line_1_46' title="bbox 315 4422 1897 4497; baseline 0.006 -22"><span class='ocrx_word' id='word_1_354' title='bbox 315 4423 492 4486; x_wconf 84' lang='lat' dir='ltr'><strong>catae,</strong></span> <span class='ocrx_word' id='word_1_355' title='bbox 554 4422 669 4476; x_wconf 89' lang='lat' dir='ltr'><strong>viro</strong></span> <span class='ocrx_word' id='word_1_356' title='bbox 721 4424 949 4492; x_wconf 87' lang='lat' dir='ltr'><strong>cuipiam</strong></span> <span class='ocrx_word' id='word_1_357' title='bbox 997 4427 1312 4494; x_wconf 76' lang='lat' dir='ltr'><strong>prtepolenti</strong></span> <span class='ocrx_word' id='word_1_358' title='bbox 1366 4427 1620 4492; x_wconf 83' lang='lat' dir='ltr'><strong>elecatae,</strong></span> <span class='ocrx_word' id='word_1_359' title='bbox 1676 4438 1897 4497; x_wconf 88' lang='lat' dir='ltr'><strong>repente</strong></span> 
     </span>
    </p>
   </div>
   <div class='ocr_carea' id='block_1_47' title="bbox 317 4507 1897 4587">
    <p class='ocr_par' dir='ltr' id='par_1_47' title="bbox 317 4507 1897 4587">
     <span class='ocr_line' id='line_1_47' title="bbox 317 4507 1897 4587; baseline 0.004 -22"><span class='ocrx_word' id='word_1_360' title='bbox 317 4511 626 4580; x_wconf 84' lang='lat' dir='ltr'><strong>priusquam</strong></span> <span class='ocrx_word' id='word_1_361' title='bbox 675 4512 739 4566; x_wconf 93' lang='lat' dir='ltr'><strong>iis</strong></span> <span class='ocrx_word' id='word_1_362' title='bbox 779 4513 939 4568; x_wconf 85' lang='lat' dir='ltr'><strong>rebus</strong></span> <span class='ocrx_word' id='word_1_363' title='bbox 977 4515 1221 4587; x_wconf 82' lang='lat' dir='ltr'><strong>beentur,</strong></span> <span class='ocrx_word' id='word_1_364' title='bbox 1264 4507 1498 4585; x_wconf 89' lang='lat' dir='ltr'><strong>periculo</strong></span> <span class='ocrx_word' id='word_1_365' title='bbox 1539 4517 1717 4587; x_wconf 89' lang='lat' dir='ltr'><strong>aliquo</strong></span> <span class='ocrx_word' id='word_1_366' title='bbox 1758 4525 1897 4572; x_wconf 88' lang='lat' dir='ltr'><strong>tam-</strong></span> 
     </span>
    </p>
   </div>
   <div class='ocr_carea' id='block_1_48' title="bbox 318 4584 1899 4674">
    <p class='ocr_par' dir='ltr' id='par_1_48' title="bbox 318 4584 1899 4674">
     <span class='ocr_line' id='line_1_48' title="bbox 318 4584 1899 4674; baseline 0.006 -23"><span class='ocrx_word' id='word_1_367' title='bbox 318 4615 476 4668; x_wconf 84' lang='lat' dir='ltr'><strong>quam</strong></span> <span class='ocrx_word' id='word_1_368' title='bbox 510 4601 737 4662; x_wconf 86' lang='lat' dir='ltr'><strong>procella</strong></span> <span class='ocrx_word' id='word_1_369' title='bbox 774 4615 836 4655; x_wconf 89' lang='lat' dir='ltr'><strong>ac</strong></span> <span class='ocrx_word' id='word_1_370' title='bbox 866 4584 1072 4656; x_wconf 80' lang='lat' dir='ltr'><strong>turbine</strong></span> <span class='ocrx_word' id='word_1_371' title='bbox 1103 4584 1364 4672; x_wconf 83' lang='lat' dir='ltr'><strong>ingruenti</strong></span> <span class='ocrx_word' id='word_1_372' title='bbox 1391 4613 1444 4658; x_wconf 91' lang='lat' dir='ltr'><strong>et</strong></span> <span class='ocrx_word' id='word_1_373' title='bbox 1482 4606 1611 4674; x_wconf 65' lang='lat' dir='ltr'><strong>ipsa:</strong></span> <span class='ocrx_word' id='word_1_374' title='bbox 1629 4584 1899 4662; x_wconf 71' lang='lat' dir='ltr'><strong>demersae</strong></span> 
     </span>
    </p>
   </div>
   <div class='ocr_carea' id='block_1_49' title="bbox 317 4689 1899 4766">
    <p class='ocr_par' dir='ltr' id='par_1_49' title="bbox 317 4689 1899 4766">
     <span class='ocr_line' id='line_1_49' title="bbox 317 4689 1899 4766; baseline 0.004 -22"><span class='ocrx_word' id='word_1_375' title='bbox 317 4689 575 4760; x_wconf 78' lang='lat' dir='ltr'><strong>naufragii</strong></span> <span class='ocrx_word' id='word_1_376' title='bbox 618 4691 875 4745; x_wconf 85' lang='lat' dir='ltr'><strong>malorum</strong></span> <span class='ocrx_word' id='word_1_377' title='bbox 901 4691 1199 4761; x_wconf 76' lang='lat' dir='ltr'><strong>participes</strong></span> <span class='ocrx_word' id='word_1_378' title='bbox 1230 4693 1380 4760; x_wconf 78' lang='lat' dir='ltr'><strong>fiunt,</strong></span> <span class='ocrx_word' id='word_1_379' title='bbox 1411 4698 1463 4749; x_wconf 83' lang='lat' dir='ltr'><strong>et</strong></span> <span class='ocrx_word' id='word_1_380' title='bbox 1502 4702 1620 4764; x_wconf 65' lang='lat' dir='ltr'><strong>quae</strong></span> <span class='ocrx_word' id='word_1_381' title='bbox 1664 4695 1899 4766; x_wconf 69' lang='lat' dir='ltr'><strong>innupta:</strong></span> 
     </span>
    </p>
   </div>
   <div class='ocr_carea' id='block_1_50' title="bbox 316 4779 1898 4860">
    <p class='ocr_par' dir='ltr' id='par_1_50' title="bbox 316 4779 1898 4860">
     <span class='ocr_line' id='line_1_50' title="bbox 316 4779 1898 4860; baseline 0.005 -27"><span class='ocrx_word' id='word_1_382' title='bbox 316 4779 465 4833; x_wconf 87' lang='lat' dir='ltr'><strong>mille</strong></span> <span class='ocrx_word' id='word_1_383' title='bbox 486 4779 640 4834; x_wconf 90' lang='lat' dir='ltr'><strong>bonis</strong></span> <span class='ocrx_word' id='word_1_384' title='bbox 664 4780 992 4849; x_wconf 82' lang='lat' dir='ltr'><strong>fruebantur,</strong></span> <span class='ocrx_word' id='word_1_385' title='bbox 1023 4789 1200 4860; x_wconf 73' lang='lat' dir='ltr'><strong>nupta:</strong></span> <span class='ocrx_word' id='word_1_386' title='bbox 1228 4784 1280 4838; x_wconf 90' lang='lat' dir='ltr'><strong>in</strong></span> <span class='ocrx_word' id='word_1_387' title='bbox 1309 4791 1603 4840; x_wconf 85' lang='lat' dir='ltr'><strong>extremam</strong></span> <span class='ocrx_word' id='word_1_388' title='bbox 1630 4787 1898 4841; x_wconf 81' lang='lat' dir='ltr'><strong>calamita-</strong></span> 
     </span>
    </p>
   </div>
   <div class='ocr_carea' id='block_1_51' title="bbox 317 4870 1900 4948">
    <p class='ocr_par' dir='ltr' id='par_1_51' title="bbox 317 4870 1900 4948">
     <span class='ocr_line' id='line_1_51' title="bbox 317 4870 1900 4948; baseline 0.007 -24"><span class='ocrx_word' id='word_1_389' title='bbox 317 4881 428 4926; x_wconf 87' lang='lat' dir='ltr'><strong>tem</strong></span> <span class='ocrx_word' id='word_1_390' title='bbox 485 4870 754 4928; x_wconf 79' lang='lat' dir='ltr'><strong>decidunt.</strong></span> <span class='ocrx_word' id='word_1_391' title='bbox 800 4875 869 4928; x_wconf 79' lang='lat' dir='ltr'><strong>At</strong></span> <span class='ocrx_word' id='word_1_392' title='bbox 915 4879 1020 4930; x_wconf 79' lang='lat' dir='ltr'><strong>no&#39;n</strong></span> <span class='ocrx_word' id='word_1_393' title='bbox 1053 4875 1198 4941; x_wconf 69' lang='lat' dir='ltr'><strong>“lucc,</strong></span> <span class='ocrx_word' id='word_1_394' title='bbox 1257 4877 1445 4948; x_wconf 85' lang='lat' dir='ltr'><strong>inquit,</strong></span> <span class='ocrx_word' id='word_1_395' title='bbox 1493 4879 1761 4944; x_wconf 72' lang='lat' dir='ltr'><strong>Omnibus,</strong></span> <span class='ocrx_word' id='word_1_396' title='bbox 1808 4890 1900 4935; x_wconf 87' lang='lat' dir='ltr'><strong>aut</strong></span> 
     </span>
    </p>
   </div>
   <div class='ocr_carea' id='block_1_52' title="bbox 315 4951 1900 5037">
    <p class='ocr_par' dir='ltr' id='par_1_52' title="bbox 315 4951 1900 5037">
     <span class='ocr_line' id='line_1_52' title="bbox 315 4951 1900 5037; baseline 0.006 -21"><span class='ocrx_word' id='word_1_397' title='bbox 315 4967 536 5030; x_wconf 85' lang='lat' dir='ltr'><strong>semper</strong></span> <span class='ocrx_word' id='word_1_398' title='bbox 577 4964 793 5019; x_wconf 82' lang='lat' dir='ltr'><strong>evenire</strong></span> <span class='ocrx_word' id='word_1_399' title='bbox 833 4957 1027 5020; x_wconf 83' lang='lat' dir='ltr'><strong>solent.</strong></span> <span class='ocrx_word' id='word_1_400' title='bbox 1052 4951 1242 5037; x_wconf 83' lang='lat' dir='ltr'><strong>Neque</strong></span> <span class='ocrx_word' id='word_1_401' title='bbox 1271 4973 1398 5022; x_wconf 87' lang='lat' dir='ltr'><strong>vero</strong></span> <span class='ocrx_word' id='word_1_402' title='bbox 1436 4969 1504 5023; x_wconf 85' lang='lat' dir='ltr'><strong>ab</strong></span> <span class='ocrx_word' id='word_1_403' title='bbox 1541 4969 1786 5024; x_wconf 83' lang='lat' dir='ltr'><strong>omnibus</strong></span> <span class='ocrx_word' id='word_1_404' title='bbox 1815 4977 1900 5026; x_wconf 86' lang='lat' dir='ltr'><strong>re-</strong></span> 
     </span>
    </p>
   </div>
   <div class='ocr_carea' id='block_1_53' title="bbox 315 5053 1898 5131">
    <p class='ocr_par' dir='ltr' id='par_1_53' title="bbox 315 5053 1898 5131">
     <span class='ocr_line' id='line_1_53' title="bbox 315 5053 1898 5131; baseline 0.006 -24"><span class='ocrx_word' id='word_1_405' title='bbox 315 5053 464 5108; x_wconf 80' lang='lat' dir='ltr'><strong>mota</strong></span> <span class='ocrx_word' id='word_1_406' title='bbox 490 5063 644 5119; x_wconf 88' lang='lat' dir='ltr'><strong>sunt;</strong></span> <span class='ocrx_word' id='word_1_407' title='bbox 665 5060 794 5110; x_wconf 85' lang='lat' dir='ltr'><strong>nam</strong></span> <span class='ocrx_word' id='word_1_408' title='bbox 826 5054 1069 5127; x_wconf 81' lang='lat' dir='ltr'><strong>equidem</strong></span> <span class='ocrx_word' id='word_1_409' title='bbox 1102 5067 1312 5130; x_wconf 81' lang='lat' dir='ltr'><strong>qttoque</strong></span> <span class='ocrx_word' id='word_1_410' title='bbox 1341 5059 1480 5116; x_wconf 85' lang='lat' dir='ltr'><strong>idem</strong></span> <span class='ocrx_word' id='word_1_411' title='bbox 1508 5063 1781 5131; x_wconf 75' lang='lat' dir='ltr'><strong>repetam;</strong></span> <span class='ocrx_word' id='word_1_412' title='bbox 1805 5063 1898 5117; x_wconf 83' lang='lat' dir='ltr'><strong>sed</strong></span> 
     </span>
    </p>
   </div>
   <div class='ocr_carea' id='block_1_54' title="bbox 314 5145 1902 5219">
    <p class='ocr_par' dir='ltr' id='par_1_54' title="bbox 314 5145 1902 5219">
     <span class='ocr_line' id='line_1_54' title="bbox 314 5145 1902 5219; baseline 0.006 -22"><span class='ocrx_word' id='word_1_413' title='bbox 314 5145 439 5197; x_wconf 79' lang='lat' dir='ltr'><strong>cum</strong></span> <span class='ocrx_word' id='word_1_414' title='bbox 473 5145 663 5213; x_wconf 80' lang='lat' dir='ltr'><strong>partim</strong></span> <span class='ocrx_word' id='word_1_415' title='bbox 695 5147 812 5200; x_wconf 89' lang='lat' dir='ltr'><strong>usui</strong></span> <span class='ocrx_word' id='word_1_416' title='bbox 840 5152 1133 5216; x_wconf 70' lang='lat' dir='ltr'><strong>Venerunt,</strong></span> <span class='ocrx_word' id='word_1_417' title='bbox 1166 5153 1276 5203; x_wconf 85' lang='lat' dir='ltr'><strong>tum</strong></span> <span class='ocrx_word' id='word_1_418' title='bbox 1307 5149 1496 5219; x_wconf 77' lang='lat' dir='ltr'><strong>quibus</strong></span> <span class='ocrx_word' id='word_1_419' title='bbox 1523 5150 1645 5205; x_wconf 83' lang='lat' dir='ltr'><strong>usui</strong></span> <span class='ocrx_word' id='word_1_420' title='bbox 1674 5158 1781 5206; x_wconf 83' lang='lat' dir='ltr'><strong>non</strong></span> <span class='ocrx_word' id='word_1_421' title='bbox 1811 5161 1902 5206; x_wconf 69' lang='lat' dir='ltr'><strong>Ve-</strong></span> 
     </span>
    </p>
   </div>
   <div class='ocr_carea' id='block_1_55' title="bbox 315 5233 1900 5313">
    <p class='ocr_par' dir='ltr' id='par_1_55' title="bbox 315 5233 1900 5313">
     <span class='ocr_line' id='line_1_55' title="bbox 315 5233 1900 5313; baseline 0.004 -23"><span class='ocrx_word' id='word_1_422' title='bbox 315 5233 549 5300; x_wconf 85' lang='lat' dir='ltr'><strong>nissent,</strong></span> <span class='ocrx_word' id='word_1_423' title='bbox 590 5237 682 5292; x_wconf 86' lang='lat' dir='ltr'><strong>eos</strong></span> <span class='ocrx_word' id='word_1_424' title='bbox 720 5238 802 5291; x_wconf 88' lang='lat' dir='ltr'><strong>sui</strong></span> <span class='ocrx_word' id='word_1_425' title='bbox 831 5243 974 5292; x_wconf 84' lang='lat' dir='ltr'><strong>metu</strong></span> <span class='ocrx_word' id='word_1_426' title='bbox 1005 5237 1309 5295; x_wconf 77' lang='lat' dir='ltr'><strong>crueiarunt</strong></span> <span class='ocrx_word' id='word_1_427' title='bbox 1341 5258 1353 5294; x_wconf 92' lang='lat'><strong>:</strong></span> <span class='ocrx_word' id='word_1_428' title='bbox 1383 5247 1640 5296; x_wconf 60' lang='lat' dir='ltr'><strong>caeterum</strong></span> <span class='ocrx_word' id='word_1_429' title='bbox 1670 5242 1819 5313; x_wconf 82' lang='lat' dir='ltr'><strong>virgo</strong></span> <span class='ocrx_word' id='word_1_430' title='bbox 1847 5250 1900 5297; x_wconf 91' lang='lat' dir='ltr'><strong>et</strong></span> 
     </span>
    </p>
   </div>
   <div class='ocr_carea' id='block_1_56' title="bbox 314 5329 1518 5398">
    <p class='ocr_par' dir='ltr' id='par_1_56' title="bbox 314 5329 1518 5398">
     <span class='ocr_line' id='line_1_56' title="bbox 314 5329 1518 5398; baseline 0.005 -16"><span class='ocrx_word' id='word_1_431' title='bbox 314 5329 688 5398; x_wconf 64' lang='lat' dir='ltr'><strong>cxpeTimcnto</strong></span> <span class='ocrx_word' id='word_1_432' title='bbox 716 5340 770 5386; x_wconf 92' lang='lat' dir='ltr'><strong>et</strong></span> <span class='ocrx_word' id='word_1_433' title='bbox 789 5333 938 5386; x_wconf 84' lang='lat' dir='ltr'><strong>metu</strong></span> <span class='ocrx_word' id='word_1_434' title='bbox 958 5332 1103 5387; x_wconf 80' lang='lat' dir='ltr'><strong>omni</strong></span> <span class='ocrx_word' id='word_1_435' title='bbox 1122 5334 1399 5388; x_wconf 79' lang='lat' dir='ltr'><strong>&#39;sublim&#39;iOr</strong></span> <span class='ocrx_word' id='word_1_436' title='bbox 1417 5343 1518 5388; x_wconf 90' lang='lat' dir='ltr'><strong>est.</strong></span> 
     </span>
    </p>
   </div>
   <div class='ocr_carea' id='block_1_57' title="bbox 387 5409 1900 5496">
    <p class='ocr_par' dir='ltr' id='par_1_57' title="bbox 387 5409 1900 5496">
     <span class='ocr_line' id='line_1_57' title="bbox 387 5409 1900 5496; baseline 0.003 -22"><span class='ocrx_word' id='word_1_437' title='bbox 387 5419 548 5475; x_wconf 77' lang='lat' dir='ltr'><strong>LVII.</strong></span> <span class='ocrx_word' id='word_1_438' title='bbox 579 5409 657 5477; x_wconf 75' lang='lat' dir='ltr'><strong>De</strong></span> <span class='ocrx_word' id='word_1_439' title='bbox 684 5424 926 5479; x_wconf 71' lang='lat' dir='ltr'><strong>molestiis</strong></span> <span class='ocrx_word' id='word_1_440' title='bbox 953 5431 1065 5496; x_wconf 73' lang='lat' dir='ltr'><strong>quae</strong></span> <span class='ocrx_word' id='word_1_441' title='bbox 1099 5442 1214 5478; x_wconf 89' lang='lat' dir='ltr'><strong>cum</strong></span> <span class='ocrx_word' id='word_1_442' title='bbox 1248 5427 1384 5480; x_wconf 76' lang='lat' dir='ltr'><strong>omni</strong></span> <span class='ocrx_word' id='word_1_443' title='bbox 1424 5425 1741 5480; x_wconf 80' lang='lat' dir='ltr'><strong>man-imanio</strong></span> <span class='ocrx_word' id='word_1_444' title='bbox 1782 5435 1900 5479; x_wconf 80' lang='lat' dir='ltr'><strong>con-</strong></span> 
     </span>
    </p>
   </div>
   <div class='ocr_carea' id='block_1_58' title="bbox 303 5510 1902 5588">
    <p class='ocr_par' dir='ltr' id='par_1_58' title="bbox 303 5510 1902 5588">
     <span class='ocr_line' id='line_1_58' title="bbox 303 5510 1902 5588; baseline 0.005 -23"><span class='ocrx_word' id='word_1_445' title='bbox 303 5511 507 5580; x_wconf 69' lang='lat' dir='ltr'><strong>juncta:</strong></span> <span class='ocrx_word' id='word_1_446' title='bbox 533 5514 648 5570; x_wconf 71' lang='lat' dir='ltr'><strong>sint.</strong></span> <span class='ocrx_word' id='word_1_447' title='bbox 678 5517 751 5555; x_wconf 77' lang='grc'><strong>’-</strong></span> <span class='ocrx_word' id='word_1_448' title='bbox 775 5515 889 5572; x_wconf 81' lang='lat' dir='ltr'><strong>Sed</strong></span> <span class='ocrx_word' id='word_1_449' title='bbox 927 5516 1066 5570; x_wconf 90' lang='lat' dir='ltr'><strong>enim</strong></span> <span class='ocrx_word' id='word_1_450' title='bbox 1093 5518 1141 5571; x_wconf 76' lang='lat' dir='ltr'><strong>Si</strong></span> <span class='ocrx_word' id='word_1_451' title='bbox 1171 5517 1363 5588; x_wconf 89' lang='lat' dir='ltr'><strong>placet,</strong></span> <span class='ocrx_word' id='word_1_452' title='bbox 1397 5517 1480 5572; x_wconf 90' lang='lat' dir='ltr'><strong>his</strong></span> <span class='ocrx_word' id='word_1_453' title='bbox 1518 5517 1752 5585; x_wconf 90' lang='lat' dir='ltr'><strong>omissis,</strong></span> <span class='ocrx_word' id='word_1_454' title='bbox 1784 5510 1902 5588; x_wconf 79' lang='lat' dir='ltr'><strong>quae</strong></span> 
     </span>
    </p>
   </div>
   <div class='ocr_carea' id='block_1_59' title="bbox 315 5607 1902 5680">
    <p class='ocr_par' dir='ltr' id='par_1_59' title="bbox 315 5607 1902 5680">
     <span class='ocr_line' id='line_1_59' title="bbox 315 5607 1902 5680; baseline 0.003 -22"><span class='ocrx_word' id='word_1_455' title='bbox 315 5609 504 5660; x_wconf 83' lang='lat' dir='ltr'><strong>natura</strong></span> <span class='ocrx_word' id='word_1_456' title='bbox 533 5607 876 5662; x_wconf 88' lang='lat' dir='ltr'><strong>matrimonio</strong></span> <span class='ocrx_word' id='word_1_457' title='bbox 904 5608 1096 5662; x_wconf 88' lang='lat' dir='ltr'><strong>tributa</strong></span> <span class='ocrx_word' id='word_1_458' title='bbox 1123 5609 1249 5676; x_wconf 90' lang='lat' dir='ltr'><strong>sint,</strong></span> <span class='ocrx_word' id='word_1_459' title='bbox 1279 5625 1449 5680; x_wconf 91' lang='lat' dir='ltr'><strong>neque</strong></span> <span class='ocrx_word' id='word_1_460' title='bbox 1471 5619 1501 5664; x_wconf 85' lang='lat' dir='ltr'><strong>a</strong></span> <span class='ocrx_word' id='word_1_461' title='bbox 1525 5625 1790 5680; x_wconf 91' lang='lat' dir='ltr'><strong>quoquam</strong></span> <span class='ocrx_word' id='word_1_462' title='bbox 1818 5626 1902 5665; x_wconf 89' lang='lat' dir='ltr'><strong>vo-</strong></span> 
     </span>
    </p>
   </div>
   <div class='ocr_carea' id='block_1_60' title="bbox 313 5693 1904 5773">
    <p class='ocr_par' dir='ltr' id='par_1_60' title="bbox 313 5693 1904 5773">
     <span class='ocr_line' id='line_1_60' title="bbox 313 5693 1904 5773; baseline 0.007 -26"><span class='ocrx_word' id='word_1_463' title='bbox 313 5693 458 5751; x_wconf 88' lang='lat' dir='ltr'><strong>lente</strong></span> <span class='ocrx_word' id='word_1_464' title='bbox 500 5697 716 5754; x_wconf 88' lang='lat' dir='ltr'><strong>nolcnte</strong></span> <span class='ocrx_word' id='word_1_465' title='bbox 746 5697 904 5752; x_wconf 86' lang='lat' dir='ltr'><strong>vitari</strong></span> <span class='ocrx_word' id='word_1_466' title='bbox 945 5700 1166 5770; x_wconf 83' lang='lat' dir='ltr'><strong>possint,</strong></span> <span class='ocrx_word' id='word_1_467' title='bbox 1200 5702 1252 5756; x_wconf 93' lang='lat' dir='ltr'><strong>in</strong></span> <span class='ocrx_word' id='word_1_468' title='bbox 1293 5701 1575 5771; x_wconf 69' lang='lat' dir='ltr'><strong>prmsentia</strong></span> <span class='ocrx_word' id='word_1_469' title='bbox 1617 5701 1904 5773; x_wconf 83' lang='lat' dir='ltr'><strong>perluStre-</strong></span> 
     </span>
    </p>
   </div>
   <div class='ocr_carea' id='block_1_61' title="bbox 3478 303 3587 360">
    <p class='ocr_par' dir='ltr' id='par_1_61' title="bbox 3478 303 3587 360">
     <span class='ocr_line' id='line_1_61' title="bbox 3478 303 3587 360; baseline 0.037 -4"><span class='ocrx_word' id='word_1_470' title='bbox 3478 303 3587 360; x_wconf 81' lang='lat'><strong>573</strong></span> 
     </span>
    </p>
   </div>
   <div class='ocr_carea' id='block_1_62' title="bbox 2002 414 3588 488">
    <p class='ocr_par' dir='ltr' id='par_1_62' title="bbox 2002 414 3588 488">
     <span class='ocr_line' id='line_1_62' title="bbox 2002 414 3588 488; baseline 0.004 -19"><span class='ocrx_word' id='word_1_471' title='bbox 2002 429 2140 470; x_wconf 90' lang='lat' dir='ltr'><strong>mus.</strong></span> <span class='ocrx_word' id='word_1_472' title='bbox 2169 415 2424 484; x_wconf 71' lang='lat' dir='ltr'><strong>Quantam</strong></span> <span class='ocrx_word' id='word_1_473' title='bbox 2453 430 2513 471; x_wconf 86' lang='lat' dir='ltr'><strong>ea</strong></span> <span class='ocrx_word' id='word_1_474' title='bbox 2541 416 2700 470; x_wconf 82' lang='lat' dir='ltr'><strong>sunt?</strong></span> <span class='ocrx_word' id='word_1_475' title='bbox 2727 414 2947 473; x_wconf 82' lang='lat' dir='ltr'><strong>Dolores</strong></span> <span class='ocrx_word' id='word_1_476' title='bbox 2970 425 3174 488; x_wconf 90' lang='lat' dir='ltr'><strong>partus,</strong></span> <span class='ocrx_word' id='word_1_477' title='bbox 3199 417 3446 474; x_wconf 87' lang='lat' dir='ltr'><strong>inlantes.</strong></span> <span class='ocrx_word' id='word_1_478' title='bbox 3479 420 3588 474; x_wconf 79' lang='lat' dir='ltr'><strong>llllO</strong></span> 
     </span>
    </p>
   </div>
   <div class='ocr_carea' id='block_1_63' title="bbox 2003 507 3589 578">
    <p class='ocr_par' dir='ltr' id='par_1_63' title="bbox 2003 507 3589 578">
     <span class='ocr_line' id='line_1_63' title="bbox 2003 507 3589 578; baseline 0.002 -21"><span class='ocrx_word' id='word_1_479' title='bbox 2003 513 2132 564; x_wconf 81' lang='lat' dir='ltr'><strong>vero</strong></span> <span class='ocrx_word' id='word_1_480' title='bbox 2171 507 2330 561; x_wconf 86' lang='lat' dir='ltr'><strong>altius</strong></span> <span class='ocrx_word' id='word_1_481' title='bbox 2365 507 2659 561; x_wconf 78' lang='lat' dir='ltr'><strong>orationem</strong></span> <span class='ocrx_word' id='word_1_482' title='bbox 2703 516 3028 578; x_wconf 83' lang='lat' dir='ltr'><strong>repetamus,</strong></span> <span class='ocrx_word' id='word_1_483' title='bbox 3065 517 3121 562; x_wconf 89' lang='lat' dir='ltr'><strong>et</strong></span> <span class='ocrx_word' id='word_1_484' title='bbox 3156 523 3274 578; x_wconf 71' lang='lat' dir='ltr'><strong>quae</strong></span> <span class='ocrx_word' id='word_1_485' title='bbox 3311 507 3589 562; x_wconf 69' lang='lat' dir='ltr'><strong>matrimo.</strong></span> 
     </span>
    </p>
   </div>
   <div class='ocr_carea' id='block_1_64' title="bbox 2001 596 3585 669">
    <p class='ocr_par' dir='ltr' id='par_1_64' title="bbox 2001 596 3585 669">
     <span class='ocr_line' id='line_1_64' title="bbox 2001 596 3585 669; baseline 0.004 -21"><span class='ocrx_word' id='word_1_486' title='bbox 2001 596 2148 651; x_wconf 89' lang='lat' dir='ltr'><strong>nium</strong></span> <span class='ocrx_word' id='word_1_487' title='bbox 2171 598 2510 665; x_wconf 88' lang='lat' dir='ltr'><strong>antecedant,</strong></span> <span class='ocrx_word' id='word_1_488' title='bbox 2533 602 2789 668; x_wconf 85' lang='lat' dir='ltr'><strong>quantum</strong></span> <span class='ocrx_word' id='word_1_489' title='bbox 2810 597 2890 654; x_wconf 84' lang='lat' dir='ltr'><strong>fas</strong></span> <span class='ocrx_word' id='word_1_490' title='bbox 2914 608 2997 654; x_wconf 74' lang='lat' dir='ltr'><strong>est</strong></span> <span class='ocrx_word' id='word_1_491' title='bbox 3019 609 3438 669; x_wconf 79' lang='lat' dir='ltr'><strong>cognoscamus;</strong></span> <span class='ocrx_word' id='word_1_492' title='bbox 3464 617 3585 654; x_wconf 89' lang='lat' dir='ltr'><strong>nam</strong></span> 
     </span>
    </p>
   </div>
   <div class='ocr_carea' id='block_1_65' title="bbox 2001 689 3589 762">
    <p class='ocr_par' dir='ltr' id='par_1_65' title="bbox 2001 689 3589 762">
     <span class='ocr_line' id='line_1_65' title="bbox 2001 689 3589 762; baseline 0.002 -21"><span class='ocrx_word' id='word_1_493' title='bbox 2001 699 2250 744; x_wconf 82' lang='lat' dir='ltr'><strong>accurate</strong></span> <span class='ocrx_word' id='word_1_494' title='bbox 2271 689 2368 744; x_wconf 87' lang='lat' dir='ltr'><strong>soli</strong></span> <span class='ocrx_word' id='word_1_495' title='bbox 2394 692 2596 759; x_wconf 83' lang='lat' dir='ltr'><strong>experti</strong></span> <span class='ocrx_word' id='word_1_496' title='bbox 2618 691 2830 747; x_wconf 88' lang='lat' dir='ltr'><strong>callent.</strong></span> <span class='ocrx_word' id='word_1_497' title='bbox 2859 689 3018 746; x_wconf 78' lang='lat' dir='ltr'><strong>Adest</strong></span> <span class='ocrx_word' id='word_1_498' title='bbox 3039 693 3425 762; x_wconf 88' lang='lat' dir='ltr'><strong>sponsaliormn</strong></span> <span class='ocrx_word' id='word_1_499' title='bbox 3456 703 3589 747; x_wconf 88' lang='lat' dir='ltr'><strong>tem—</strong></span> 
     </span>
    </p>
   </div>
   <div class='ocr_carea' id='block_1_66' title="bbox 2003 779 3589 852">
    <p class='ocr_par' dir='ltr' id='par_1_66' title="bbox 2003 779 3589 852">
     <span class='ocr_line' id='line_1_66' title="bbox 2003 779 3589 852; baseline 0.003 -20"><span class='ocrx_word' id='word_1_500' title='bbox 2003 793 2134 848; x_wconf 85' lang='lat' dir='ltr'><strong>pus;</strong></span> <span class='ocrx_word' id='word_1_501' title='bbox 2180 779 2361 849; x_wconf 88' lang='lat' dir='ltr'><strong>itaque</strong></span> <span class='ocrx_word' id='word_1_502' title='bbox 2397 782 2638 849; x_wconf 87' lang='lat' dir='ltr'><strong>protinus</strong></span> <span class='ocrx_word' id='word_1_503' title='bbox 2670 795 2798 836; x_wconf 89' lang='lat' dir='ltr'><strong>cura</strong></span> <span class='ocrx_word' id='word_1_504' title='bbox 2841 795 3037 852; x_wconf 89' lang='lat' dir='ltr'><strong>anceps</strong></span> <span class='ocrx_word' id='word_1_505' title='bbox 3066 792 3225 852; x_wconf 90' lang='lat' dir='ltr'><strong>atque</strong></span> <span class='ocrx_word' id='word_1_506' title='bbox 3257 783 3400 836; x_wconf 90' lang='lat' dir='ltr'><strong>varia</strong></span> <span class='ocrx_word' id='word_1_507' title='bbox 3430 797 3589 852; x_wconf 86' lang='lat' dir='ltr'><strong>quem</strong></span> 
     </span>
    </p>
   </div>
   <div class='ocr_carea' id='block_1_67' title="bbox 2001 871 3586 944">
    <p class='ocr_par' dir='ltr' id='par_1_67' title="bbox 2001 871 3586 944">
     <span class='ocr_line' id='line_1_67' title="bbox 2001 871 3586 944; baseline 0.003 -20"><span class='ocrx_word' id='word_1_508' title='bbox 2001 871 2172 924; x_wconf 81' lang='lat' dir='ltr'><strong>virum</strong></span> <span class='ocrx_word' id='word_1_509' title='bbox 2193 880 2413 940; x_wconf 87' lang='lat' dir='ltr'><strong>captura</strong></span> <span class='ocrx_word' id='word_1_510' title='bbox 2442 873 2532 939; x_wconf 89' lang='lat' dir='ltr'><strong>sit,</strong></span> <span class='ocrx_word' id='word_1_511' title='bbox 2561 888 2626 925; x_wconf 92' lang='lat' dir='ltr'><strong>an</strong></span> <span class='ocrx_word' id='word_1_512' title='bbox 2658 873 2966 942; x_wconf 81' lang='lat' dir='ltr'><strong>obscurum,</strong></span> <span class='ocrx_word' id='word_1_513' title='bbox 2991 888 3057 928; x_wconf 89' lang='lat' dir='ltr'><strong>an</strong></span> <span class='ocrx_word' id='word_1_514' title='bbox 3078 874 3348 939; x_wconf 83' lang='lat' dir='ltr'><strong>infamem,</strong></span> <span class='ocrx_word' id='word_1_515' title='bbox 3375 890 3440 928; x_wconf 88' lang='lat' dir='ltr'><strong>an</strong></span> <span class='ocrx_word' id='word_1_516' title='bbox 3469 889 3586 944; x_wconf 86' lang='lat' dir='ltr'><strong>per-</strong></span> 
     </span>
    </p>
   </div>
   <div class='ocr_carea' id='block_1_68' title="bbox 1999 957 3592 1034">
    <p class='ocr_par' dir='ltr' id='par_1_68' title="bbox 1999 957 3592 1034">
     <span class='ocr_line' id='line_1_68' title="bbox 1999 957 3592 1034; baseline 0.003 -20"><span class='ocrx_word' id='word_1_517' title='bbox 1999 957 2262 1027; x_wconf 71' lang='lat' dir='ltr'><strong>&#39;vicacem,</strong></span> <span class='ocrx_word' id='word_1_518' title='bbox 2294 979 2362 1018; x_wconf 90' lang='lat' dir='ltr'><strong>an</strong></span> <span class='ocrx_word' id='word_1_519' title='bbox 2390 962 2630 1018; x_wconf 87' lang='lat' dir='ltr'><strong>fallacem</strong></span> <span class='ocrx_word' id='word_1_520' title='bbox 2657 973 2712 1018; x_wconf 92' lang='lat' dir='ltr'><strong>et</strong></span> <span class='ocrx_word' id='word_1_521' title='bbox 2730 975 3091 1034; x_wconf 80' lang='lat' dir='ltr'><strong>arrogantem,</strong></span> <span class='ocrx_word' id='word_1_522' title='bbox 3121 981 3188 1019; x_wconf 81' lang='lat' dir='ltr'><strong>an</strong></span> <span class='ocrx_word' id='word_1_523' title='bbox 3218 967 3497 1032; x_wconf 78' lang='lat' dir='ltr'><strong>audacem,</strong></span> <span class='ocrx_word' id='word_1_524' title='bbox 3521 983 3592 1020; x_wconf 84' lang='lat' dir='ltr'><strong>an</strong></span> 
     </span>
    </p>
   </div>
   <div class='ocr_carea' id='block_1_69' title="bbox 2002 1055 3592 1126">
    <p class='ocr_par' dir='ltr' id='par_1_69' title="bbox 2002 1055 3592 1126">
     <span class='ocr_line' id='line_1_69' title="bbox 2002 1055 3592 1126; baseline 0.004 -19"><span class='ocrx_word' id='word_1_525' title='bbox 2002 1055 2330 1125; x_wconf 81' lang='lat' dir='ltr'><strong>zelotypum,</strong></span> <span class='ocrx_word' id='word_1_526' title='bbox 2373 1071 2440 1109; x_wconf 89' lang='lat' dir='ltr'><strong>an</strong></span> <span class='ocrx_word' id='word_1_527' title='bbox 2473 1056 2734 1112; x_wconf 87' lang='lat' dir='ltr'><strong>trivialcm</strong></span> <span class='ocrx_word' id='word_1_528' title='bbox 2773 1059 3096 1126; x_wconf 76' lang='lat' dir='ltr'><strong>quempiam,</strong></span> <span class='ocrx_word' id='word_1_529' title='bbox 3132 1074 3198 1110; x_wconf 89' lang='lat' dir='ltr'><strong>an</strong></span> <span class='ocrx_word' id='word_1_530' title='bbox 3243 1057 3488 1122; x_wconf 78' lang='lat' dir='ltr'><strong>bardum,</strong></span> <span class='ocrx_word' id='word_1_531' title='bbox 3522 1072 3592 1112; x_wconf 86' lang='lat' dir='ltr'><strong>an</strong></span> 
     </span>
    </p>
   </div>
   <div class='ocr_carea' id='block_1_70' title="bbox 2001 1137 3592 1214">
    <p class='ocr_par' dir='ltr' id='par_1_70' title="bbox 2001 1137 3592 1214">
     <span class='ocr_line' id='line_1_70' title="bbox 2001 1137 3592 1214; baseline 0.006 -18"><span class='ocrx_word' id='word_1_532' title='bbox 2001 1143 2324 1213; x_wconf 88' lang='lat' dir='ltr'><strong>improbum,</strong></span> <span class='ocrx_word' id='word_1_533' title='bbox 2347 1137 2416 1200; x_wconf 79' lang='lat' dir='ltr'><strong>an</strong></span> <span class='ocrx_word' id='word_1_534' title='bbox 2440 1147 2654 1214; x_wconf 90' lang='lat' dir='ltr'><strong>durum,</strong></span> <span class='ocrx_word' id='word_1_535' title='bbox 2677 1163 2744 1203; x_wconf 88' lang='lat' dir='ltr'><strong>an</strong></span> <span class='ocrx_word' id='word_1_536' title='bbox 2773 1148 3064 1204; x_wconf 83' lang='lat' dir='ltr'><strong>imbellem.</strong></span> <span class='ocrx_word' id='word_1_537' title='bbox 3095 1150 3221 1204; x_wconf 67' lang='lat' dir='ltr'><strong>[ch</strong></span> <span class='ocrx_word' id='word_1_538' title='bbox 3245 1151 3386 1204; x_wconf 92' lang='lat' dir='ltr'><strong>enim</strong></span> <span class='ocrx_word' id='word_1_539' title='bbox 3408 1152 3592 1205; x_wconf 81' lang='lat' dir='ltr'><strong>omnia</strong></span> 
     </span>
    </p>
   </div>
   <div class='ocr_carea' id='block_1_71' title="bbox 1999 1237 3590 1306">
    <p class='ocr_par' dir='ltr' id='par_1_71' title="bbox 1999 1237 3590 1306">
     <span class='ocr_line' id='line_1_71' title="bbox 1999 1237 3590 1306; baseline 0.005 -19"><span class='ocrx_word' id='word_1_540' title='bbox 1999 1241 2196 1304; x_wconf 84' lang='lat' dir='ltr'><strong>nuptas</strong></span> <span class='ocrx_word' id='word_1_541' title='bbox 2223 1237 2480 1306; x_wconf 90' lang='lat' dir='ltr'><strong>consequi</strong></span> <span class='ocrx_word' id='word_1_542' title='bbox 2513 1251 2618 1292; x_wconf 88' lang='lat' dir='ltr'><strong>non</strong></span> <span class='ocrx_word' id='word_1_543' title='bbox 2647 1246 2729 1293; x_wconf 85' lang='lat' dir='ltr'><strong>est</strong></span> <span class='ocrx_word' id='word_1_544' title='bbox 2759 1252 3003 1305; x_wconf 83' lang='lat' dir='ltr'><strong>necesse,</strong></span> <span class='ocrx_word' id='word_1_545' title='bbox 3031 1239 3204 1294; x_wconf 80' lang='lat' dir='ltr'><strong>vereri</strong></span> <span class='ocrx_word' id='word_1_546' title='bbox 3224 1241 3401 1293; x_wconf 89' lang='lat' dir='ltr'><strong>omnia</strong></span> <span class='ocrx_word' id='word_1_547' title='bbox 3431 1249 3495 1294; x_wconf 89' lang='lat' dir='ltr'><strong>ac</strong></span> <span class='ocrx_word' id='word_1_548' title='bbox 3521 1242 3590 1294; x_wconf 79' lang='lat' dir='ltr'><strong>ti-</strong></span> 
     </span>
    </p>
   </div>
   <div class='ocr_carea' id='block_1_72' title="bbox 2000 1330 3588 1400">
    <p class='ocr_par' dir='ltr' id='par_1_72' title="bbox 2000 1330 3588 1400">
     <span class='ocr_line' id='line_1_72' title="bbox 2000 1330 3588 1400; baseline 0.003 -21"><span class='ocrx_word' id='word_1_549' title='bbox 2000 1337 2151 1381; x_wconf 82' lang='lat' dir='ltr'><strong>mere</strong></span> <span class='ocrx_word' id='word_1_550' title='bbox 2191 1341 2412 1383; x_wconf 88' lang='lat' dir='ltr'><strong>necesse</strong></span> <span class='ocrx_word' id='word_1_551' title='bbox 2451 1338 2533 1383; x_wconf 88' lang='lat' dir='ltr'><strong>est</strong></span> <span class='ocrx_word' id='word_1_552' title='bbox 2567 1330 2803 1400; x_wconf 88' lang='lat' dir='ltr'><strong>:quippe</strong></span> <span class='ocrx_word' id='word_1_553' title='bbox 2845 1345 2965 1384; x_wconf 94' lang='lat' dir='ltr'><strong>cum</strong></span> <span class='ocrx_word' id='word_1_554' title='bbox 3008 1331 3241 1385; x_wconf 90' lang='lat' dir='ltr'><strong>no‘ndum</strong></span> <span class='ocrx_word' id='word_1_555' title='bbox 3284 1341 3488 1385; x_wconf 90' lang='lat' dir='ltr'><strong>certum</strong></span> <span class='ocrx_word' id='word_1_556' title='bbox 3519 1333 3588 1384; x_wconf 89' lang='lat' dir='ltr'><strong>sit</strong></span> 
     </span>
    </p>
   </div>
   <div class='ocr_carea' id='block_1_73' title="bbox 2003 1413 3588 1492">
    <p class='ocr_par' dir='ltr' id='par_1_73' title="bbox 2003 1413 3588 1492">
     <span class='ocr_line' id='line_1_73' title="bbox 2003 1413 3588 1492; baseline 0.004 -21"><span class='ocrx_word' id='word_1_557' title='bbox 2003 1431 2161 1487; x_wconf 88' lang='lat' dir='ltr'><strong>quem</strong></span> <span class='ocrx_word' id='word_1_558' title='bbox 2191 1420 2259 1474; x_wconf 91' lang='lat' dir='ltr'><strong>sit</strong></span> <span class='ocrx_word' id='word_1_559' title='bbox 2283 1421 2555 1485; x_wconf 90' lang='lat' dir='ltr'><strong>sortitura,</strong></span> <span class='ocrx_word' id='word_1_560' title='bbox 2582 1421 2675 1476; x_wconf 86' lang='lat' dir='ltr'><strong>sed</strong></span> <span class='ocrx_word' id='word_1_561' title='bbox 2703 1421 2875 1476; x_wconf 89' lang='lat' dir='ltr'><strong>adhuc</strong></span> <span class='ocrx_word' id='word_1_562' title='bbox 2899 1433 2995 1492; x_wconf 87' lang='lat' dir='ltr'><strong>spe</strong></span> <span class='ocrx_word' id='word_1_563' title='bbox 3021 1431 3288 1492; x_wconf 84' lang='lat' dir='ltr'><strong>tamquam</strong></span> <span class='ocrx_word' id='word_1_564' title='bbox 3312 1431 3347 1476; x_wconf 84' lang='lat' dir='ltr'><strong>&#39;e</strong></span> <span class='ocrx_word' id='word_1_565' title='bbox 3373 1413 3588 1478; x_wconf 85' lang='lat' dir='ltr'><strong>sublimi</strong></span> 
     </span>
    </p>
   </div>
   <div class='ocr_carea' id='block_1_74' title="bbox 1999 1510 3592 1584">
    <p class='ocr_par' dir='ltr' id='par_1_74' title="bbox 1999 1510 3592 1584">
     <span class='ocr_line' id='line_1_74' title="bbox 1999 1510 3592 1584; baseline 0.004 -21"><span class='ocrx_word' id='word_1_566' title='bbox 1999 1510 2321 1566; x_wconf 83' lang='lat' dir='ltr'><strong>imminente</strong></span> <span class='ocrx_word' id='word_1_567' title='bbox 2360 1511 2568 1566; x_wconf 78' lang='lat' dir='ltr'><strong>animus</strong></span> <span class='ocrx_word' id='word_1_568' title='bbox 2595 1513 2771 1567; x_wconf 87' lang='lat' dir='ltr'><strong>omnia</strong></span> <span class='ocrx_word' id='word_1_569' title='bbox 2813 1523 2968 1582; x_wconf 83' lang='lat' dir='ltr'><strong>pavet</strong></span> <span class='ocrx_word' id='word_1_570' title='bbox 3008 1528 3071 1568; x_wconf 90' lang='lat' dir='ltr'><strong>ac</strong></span> <span class='ocrx_word' id='word_1_571' title='bbox 3111 1513 3381 1576; x_wconf 82' lang='lat' dir='ltr'><strong>formidat,</strong></span> <span class='ocrx_word' id='word_1_572' title='bbox 3415 1529 3592 1584; x_wconf 83' lang='lat' dir='ltr'><strong>neque</strong></span> 
     </span>
    </p>
   </div>
   <div class='ocr_carea' id='block_1_75' title="bbox 2006 1598 3587 1673">
    <p class='ocr_par' dir='ltr' id='par_1_75' title="bbox 2006 1598 3587 1673">
     <span class='ocr_line' id='line_1_75' title="bbox 2006 1598 3587 1673; baseline 0.001 -19"><span class='ocrx_word' id='word_1_573' title='bbox 2006 1598 2193 1655; x_wconf 91' lang='lat' dir='ltr'><strong>horum</strong></span> <span class='ocrx_word' id='word_1_574' title='bbox 2220 1601 2507 1672; x_wconf 85' lang='lat' dir='ltr'><strong>quidquam</strong></span> <span class='ocrx_word' id='word_1_575' title='bbox 2534 1610 2616 1656; x_wconf 86' lang='lat' dir='ltr'><strong>est</strong></span> <span class='ocrx_word' id='word_1_576' title='bbox 2641 1603 2781 1672; x_wconf 88' lang='lat' dir='ltr'><strong>quod</strong></span> <span class='ocrx_word' id='word_1_577' title='bbox 2815 1618 2922 1657; x_wconf 93' lang='lat' dir='ltr'><strong>non</strong></span> <span class='ocrx_word' id='word_1_578' title='bbox 2949 1604 3168 1673; x_wconf 79' lang='lat' dir='ltr'><strong>cogitet.</strong></span> <span class='ocrx_word' id='word_1_579' title='bbox 3196 1603 3289 1658; x_wconf 91' lang='lat' dir='ltr'><strong>Sin</strong></span> <span class='ocrx_word' id='word_1_580' title='bbox 3313 1604 3460 1658; x_wconf 90' lang='lat' dir='ltr'><strong>dicat</strong></span> <span class='ocrx_word' id='word_1_581' title='bbox 3485 1603 3587 1656; x_wconf 89' lang='lat' dir='ltr'><strong>ali-</strong></span> 
     </span>
    </p>
   </div>
   <div class='ocr_carea' id='block_1_76' title="bbox 2001 1692 3584 1763">
    <p class='ocr_par' dir='ltr' id='par_1_76' title="bbox 2001 1692 3584 1763">
     <span class='ocr_line' id='line_1_76' title="bbox 2001 1692 3584 1763; baseline -0.001 -17"><span class='ocrx_word' id='word_1_582' title='bbox 2001 1692 2143 1763; x_wconf 80' lang='lat' dir='ltr'><strong>quis,</strong></span> <span class='ocrx_word' id='word_1_583' title='bbox 2172 1707 2289 1746; x_wconf 89' lang='lat' dir='ltr'><strong>eam</strong></span> <span class='ocrx_word' id='word_1_584' title='bbox 2319 1692 2715 1762; x_wconf 72' lang='lat' dir='ltr'><strong>exspectantem</strong></span> <span class='ocrx_word' id='word_1_585' title='bbox 2742 1693 3008 1748; x_wconf 81' lang='lat' dir='ltr'><strong>centraria</strong></span> <span class='ocrx_word' id='word_1_586' title='bbox 3034 1693 3200 1747; x_wconf 72' lang='lat' dir='ltr'><strong>ltetari</strong></span> <span class='ocrx_word' id='word_1_587' title='bbox 3221 1693 3382 1748; x_wconf 81' lang='lat' dir='ltr'><strong>etiam</strong></span> <span class='ocrx_word' id='word_1_588' title='bbox 3407 1704 3584 1762; x_wconf 86' lang='lat' dir='ltr'><strong>posse,</strong></span> 
     </span>
    </p>
   </div>
   <div class='ocr_carea' id='block_1_77' title="bbox 2004 1783 3588 1852">
    <p class='ocr_par' dir='ltr' id='par_1_77' title="bbox 2004 1783 3588 1852">
     <span class='ocr_line' id='line_1_77' title="bbox 2004 1783 3588 1852; baseline -0.001 -15"><span class='ocrx_word' id='word_1_589' title='bbox 2004 1783 2139 1837; x_wconf 87' lang='lat' dir='ltr'><strong>sciat</strong></span> <span class='ocrx_word' id='word_1_590' title='bbox 2158 1789 2265 1836; x_wconf 83' lang='lat' dir='ltr'><strong>non</strong></span> <span class='ocrx_word' id='word_1_591' title='bbox 2293 1789 2400 1836; x_wconf 90' lang='lat' dir='ltr'><strong>tam</strong></span> <span class='ocrx_word' id='word_1_592' title='bbox 2428 1787 2526 1836; x_wconf 82' lang='lat' dir='ltr'><strong>nes</strong></span> <span class='ocrx_word' id='word_1_593' title='bbox 2551 1783 2814 1837; x_wconf 79' lang='lat' dir='ltr'><strong>bemrum</strong></span> <span class='ocrx_word' id='word_1_594' title='bbox 2847 1792 2996 1852; x_wconf 85' lang='lat' dir='ltr'><strong>spem</strong></span> <span class='ocrx_word' id='word_1_595' title='bbox 3025 1783 3205 1844; x_wconf 88' lang='lat' dir='ltr'><strong>solari.</strong></span> <span class='ocrx_word' id='word_1_596' title='bbox 3230 1797 3389 1852; x_wconf 89' lang='lat' dir='ltr'><strong>quam</strong></span> <span class='ocrx_word' id='word_1_597' title='bbox 3419 1783 3588 1836; x_wconf 85' lang='lat' dir='ltr'><strong>malo-</strong></span> 
     </span>
    </p>
   </div>
   <div class='ocr_carea' id='block_1_78' title="bbox 1999 1874 3588 1942">
    <p class='ocr_par' dir='ltr' id='par_1_78' title="bbox 1999 1874 3588 1942">
     <span class='ocr_line' id='line_1_78' title="bbox 1999 1874 3588 1942; baseline 0.001 -15"><span class='ocrx_word' id='word_1_598' title='bbox 1999 1879 2124 1940; x_wconf 79' lang='lat' dir='ltr'><strong>&quot;rum</strong></span> <span class='ocrx_word' id='word_1_599' title='bbox 2166 1881 2362 1928; x_wconf 91' lang='lat' dir='ltr'><strong>metum</strong></span> <span class='ocrx_word' id='word_1_600' title='bbox 2406 1887 2622 1942; x_wconf 86' lang='lat' dir='ltr'><strong>angere.</strong></span> <span class='ocrx_word' id='word_1_601' title='bbox 2667 1874 2797 1927; x_wconf 84' lang='lat' dir='ltr'><strong>Nam</strong></span> <span class='ocrx_word' id='word_1_602' title='bbox 2842 1874 2980 1929; x_wconf 83' lang='lat' dir='ltr'><strong>bona</strong></span> <span class='ocrx_word' id='word_1_603' title='bbox 3023 1874 3238 1929; x_wconf 90' lang='lat' dir='ltr'><strong>demum</strong></span> <span class='ocrx_word' id='word_1_604' title='bbox 3283 1889 3405 1928; x_wconf 89' lang='lat' dir='ltr'><strong>eum</strong></span> <span class='ocrx_word' id='word_1_605' title='bbox 3439 1884 3588 1929; x_wconf 84' lang='lat' dir='ltr'><strong>certo</strong></span> 
     </span>
    </p>
   </div>
   <div class='ocr_carea' id='block_1_79' title="bbox 2005 1957 3588 2034">
    <p class='ocr_par' dir='ltr' id='par_1_79' title="bbox 2005 1957 3588 2034">
     <span class='ocr_line' id='line_1_79' title="bbox 2005 1957 3588 2034; baseline -0.001 -18"><span class='ocrx_word' id='word_1_606' title='bbox 2005 1957 2308 2032; x_wconf 70' lang='lat' dir='ltr'><strong>sperantur,</strong></span> <span class='ocrx_word' id='word_1_607' title='bbox 2337 1965 2660 2032; x_wconf 77' lang='lat' dir='ltr'><strong>voluptatem</strong></span> <span class='ocrx_word' id='word_1_608' title='bbox 2685 1965 2926 2032; x_wconf 88' lang='lat' dir='ltr'><strong>pariunt;</strong></span> <span class='ocrx_word' id='word_1_609' title='bbox 2955 1964 3113 2028; x_wconf 91' lang='lat' dir='ltr'><strong>mala,</strong></span> <span class='ocrx_word' id='word_1_610' title='bbox 3139 1963 3224 2018; x_wconf 90' lang='lat' dir='ltr'><strong>ubi</strong></span> <span class='ocrx_word' id='word_1_611' title='bbox 3249 1964 3329 2018; x_wconf 71' lang='lat' dir='ltr'><strong>v‘el</strong></span> <span class='ocrx_word' id='word_1_612' title='bbox 3355 1965 3588 2034; x_wconf 75' lang='lat' dir='ltr'><strong>suspicio</strong></span> 
     </span>
    </p>
   </div>
   <div class='ocr_carea' id='block_1_80' title="bbox 2007 2050 3588 2124">
    <p class='ocr_par' dir='ltr' id='par_1_80' title="bbox 2007 2050 3588 2124">
     <span class='ocr_line' id='line_1_80' title="bbox 2007 2050 3588 2124; baseline 0.001 -16"><span class='ocrx_word' id='word_1_613' title='bbox 2007 2055 2095 2119; x_wconf 86' lang='lat' dir='ltr'><strong>sit,</strong></span> <span class='ocrx_word' id='word_1_614' title='bbox 2127 2050 2396 2124; x_wconf 80' lang='lat' dir='ltr'><strong>extemplo</strong></span> <span class='ocrx_word' id='word_1_615' title='bbox 2425 2063 2657 2109; x_wconf 87' lang='lat' dir='ltr'><strong>mentem</strong></span> <span class='ocrx_word' id='word_1_616' title='bbox 2689 2053 3020 2108; x_wconf 82' lang='lat' dir='ltr'><strong>confundunt</strong></span> <span class='ocrx_word' id='word_1_617' title='bbox 3060 2067 3124 2108; x_wconf 91' lang='lat' dir='ltr'><strong>ac</strong></span> <span class='ocrx_word' id='word_1_618' title='bbox 3153 2054 3486 2124; x_wconf 82' lang='lat' dir='ltr'><strong>perturbant.</strong></span> <span class='ocrx_word' id='word_1_619' title='bbox 3521 2055 3588 2109; x_wconf 90' lang='lat' dir='ltr'><strong>Ut</strong></span> 
     </span>
    </p>
   </div>
   <div class='ocr_carea' id='block_1_81' title="bbox 2005 2144 3588 2216">
    <p class='ocr_par' dir='ltr' id='par_1_81' title="bbox 2005 2144 3588 2216">
     <span class='ocr_line' id='line_1_81' title="bbox 2005 2144 3588 2216; baseline 0.001 -16"><span class='ocrx_word' id='word_1_620' title='bbox 2005 2145 2148 2200; x_wconf 81' lang='lat' dir='ltr'><strong>e’nitn</strong></span> <span class='ocrx_word' id='word_1_621' title='bbox 2189 2146 2452 2216; x_wconf 90' lang='lat' dir='ltr'><strong>mancipia</strong></span> <span class='ocrx_word' id='word_1_622' title='bbox 2481 2145 2548 2200; x_wconf 86' lang='lat' dir='ltr'><strong>de</strong></span> <span class='ocrx_word' id='word_1_623' title='bbox 2575 2144 2765 2199; x_wconf 88' lang='lat' dir='ltr'><strong>futuris</strong></span> <span class='ocrx_word' id='word_1_624' title='bbox 2803 2145 2952 2199; x_wconf 82' lang='lat' dir='ltr'><strong>heris</strong></span> <span class='ocrx_word' id='word_1_625' title='bbox 2981 2145 3182 2200; x_wconf 88' lang='lat' dir='ltr'><strong>incerta</strong></span> <span class='ocrx_word' id='word_1_626' title='bbox 3216 2147 3394 2200; x_wconf 90' lang='lat' dir='ltr'><strong>animo</strong></span> <span class='ocrx_word' id='word_1_627' title='bbox 3431 2146 3588 2215; x_wconf 87' lang='lat' dir='ltr'><strong>quie-</strong></span> 
     </span>
    </p>
   </div>
   <div class='ocr_carea' id='block_1_82' title="bbox 2003 2235 3618 2316">
    <p class='ocr_par' dir='ltr' id='par_1_82' title="bbox 2003 2235 3618 2316">
     <span class='ocr_line' id='line_1_82' title="bbox 2003 2235 3618 2316; baseline 0.001 -27"><span class='ocrx_word' id='word_1_628' title='bbox 2003 2247 2155 2316; x_wconf 69' lang='lat' dir='ltr'><strong>scere</strong></span> <span class='ocrx_word' id='word_1_629' title='bbox 2179 2250 2282 2288; x_wconf 91' lang='lat' dir='ltr'><strong>non</strong></span> <span class='ocrx_word' id='word_1_630' title='bbox 2309 2244 2564 2305; x_wconf 90' lang='lat' dir='ltr'><strong>possunt:</strong></span> <span class='ocrx_word' id='word_1_631' title='bbox 2593 2235 2662 2289; x_wconf 93' lang='lat' dir='ltr'><strong>ita</strong></span> <span class='ocrx_word' id='word_1_632' title='bbox 2685 2243 2739 2290; x_wconf 86' lang='lat' dir='ltr'><strong>e‘t</strong></span> <span class='ocrx_word' id='word_1_633' title='bbox 2762 2236 3022 2304; x_wconf 72' lang='lat' dir='ltr'><strong>virginum</strong></span> <span class='ocrx_word' id='word_1_634' title='bbox 3045 2249 3216 2302; x_wconf 86' lang='lat' dir='ltr'><strong>mens,</strong></span> <span class='ocrx_word' id='word_1_635' title='bbox 3243 2250 3308 2291; x_wconf 86' lang='lat' dir='ltr'><strong>ex</strong></span> <span class='ocrx_word' id='word_1_636' title='bbox 3325 2250 3431 2305; x_wconf 90' lang='lat' dir='ltr'><strong>quo</strong></span> <span class='ocrx_word' id='word_1_637' title='bbox 3453 2235 3618 2292; x_wconf 58' lang='lat' dir='ltr'><strong>facta;</strong></span> 
     </span>
    </p>
   </div>
   <div class='ocr_carea' id='block_1_83' title="bbox 1999 2325 3587 2397">
    <p class='ocr_par' dir='ltr' id='par_1_83' title="bbox 1999 2325 3587 2397">
     <span class='ocr_line' id='line_1_83' title="bbox 1999 2325 3587 2397; baseline 0.002 -18"><span class='ocrx_word' id='word_1_638' title='bbox 1999 2326 2222 2395; x_wconf 79' lang='lat' dir='ltr'><strong>&#39;sponsio</strong></span> <span class='ocrx_word' id='word_1_639' title='bbox 2251 2335 2353 2393; x_wconf 90' lang='lat' dir='ltr'><strong>est,</strong></span> <span class='ocrx_word' id='word_1_640' title='bbox 2378 2325 2686 2381; x_wconf 79' lang='lat' dir='ltr'><strong>ﬂuctuantis</strong></span> <span class='ocrx_word' id='word_1_641' title='bbox 2712 2327 2904 2397; x_wconf 84' lang='lat' dir='ltr'><strong>navigii</strong></span> <span class='ocrx_word' id='word_1_642' title='bbox 2934 2327 3122 2382; x_wconf 85' lang='lat' dir='ltr'><strong>similis</strong></span> <span class='ocrx_word' id='word_1_643' title='bbox 3150 2337 3252 2395; x_wconf 85' lang='lat' dir='ltr'><strong>est,</strong></span> <span class='ocrx_word' id='word_1_644' title='bbox 3278 2328 3587 2397; x_wconf 86' lang='lat' dir='ltr'><strong>parentibus</strong></span> 
     </span>
    </p>
   </div>
   <div class='ocr_carea' id='block_1_84' title="bbox 2006 2416 3586 2488">
    <p class='ocr_par' dir='ltr' id='par_1_84' title="bbox 2006 2416 3586 2488">
     <span class='ocr_line' id='line_1_84' title="bbox 2006 2416 3586 2488; baseline 0.001 -18"><span class='ocrx_word' id='word_1_645' title='bbox 2006 2416 2057 2470; x_wconf 93' lang='lat' dir='ltr'><strong>in</strong></span> <span class='ocrx_word' id='word_1_646' title='bbox 2077 2417 2194 2471; x_wconf 81' lang='lat' dir='ltr'><strong>dies</strong></span> <span class='ocrx_word' id='word_1_647' title='bbox 2214 2418 2347 2472; x_wconf 90' lang='lat' dir='ltr'><strong>alios</strong></span> <span class='ocrx_word' id='word_1_648' title='bbox 2371 2418 2744 2485; x_wconf 81' lang='lat' dir='ltr'><strong>retinentibus,</strong></span> <span class='ocrx_word' id='word_1_649' title='bbox 2778 2418 2914 2472; x_wconf 80' lang='lat' dir='ltr'><strong>aliOs</strong></span> <span class='ocrx_word' id='word_1_650' title='bbox 2935 2418 3288 2488; x_wconf 77' lang='lat' dir='ltr'><strong>exigentibus.</strong></span> <span class='ocrx_word' id='word_1_651' title='bbox 3316 2418 3448 2473; x_wconf 86' lang='lat' dir='ltr'><strong>Nam</strong></span> <span class='ocrx_word' id='word_1_652' title='bbox 3473 2419 3586 2473; x_wconf 89' lang='lat' dir='ltr'><strong>heri</strong></span> 
     </span>
    </p>
   </div>
   <div class='ocr_carea' id='block_1_85' title="bbox 2006 2508 3586 2579">
    <p class='ocr_par' dir='ltr' id='par_1_85' title="bbox 2006 2508 3586 2579">
     <span class='ocr_line' id='line_1_85' title="bbox 2006 2508 3586 2579; baseline 0.001 -17"><span class='ocrx_word' id='word_1_653' title='bbox 2006 2508 2261 2563; x_wconf 83' lang='lat' dir='ltr'><strong>victorem</strong></span> <span class='ocrx_word' id='word_1_654' title='bbox 2293 2523 2514 2578; x_wconf 86' lang='lat' dir='ltr'><strong>procum</strong></span> <span class='ocrx_word' id='word_1_655' title='bbox 2542 2509 2700 2564; x_wconf 86' lang='lat' dir='ltr'><strong>hodie</strong></span> <span class='ocrx_word' id='word_1_656' title='bbox 2739 2511 2907 2579; x_wconf 88' lang='lat' dir='ltr'><strong>gratia</strong></span> <span class='ocrx_word' id='word_1_657' title='bbox 2946 2510 3113 2564; x_wconf 81' lang='lat' dir='ltr'><strong>vineit</strong></span> <span class='ocrx_word' id='word_1_658' title='bbox 3149 2510 3306 2576; x_wconf 87' lang='lat' dir='ltr'><strong>alius,</strong></span> <span class='ocrx_word' id='word_1_659' title='bbox 3347 2519 3403 2564; x_wconf 89' lang='lat' dir='ltr'><strong>et</strong></span> <span class='ocrx_word' id='word_1_660' title='bbox 3445 2509 3586 2564; x_wconf 90' lang='lat' dir='ltr'><strong>hunc</strong></span> 
     </span>
    </p>
   </div>
   <div class='ocr_carea' id='block_1_86' title="bbox 2005 2600 3586 2670">
    <p class='ocr_par' dir='ltr' id='par_1_86' title="bbox 2005 2600 3586 2670">
     <span class='ocr_line' id='line_1_86' title="bbox 2005 2600 3586 2670; baseline 0 -17"><span class='ocrx_word' id='word_1_661' title='bbox 2005 2605 2212 2653; x_wconf 86' lang='lat' dir='ltr'><strong>rursum</strong></span> <span class='ocrx_word' id='word_1_662' title='bbox 2229 2601 2478 2654; x_wconf 82' lang='lat' dir='ltr'><strong>exturbat</strong></span> <span class='ocrx_word' id='word_1_663' title='bbox 2505 2601 2661 2654; x_wconf 89' lang='lat' dir='ltr'><strong>alius.</strong></span> <span class='ocrx_word' id='word_1_664' title='bbox 2689 2600 2826 2668; x_wconf 81' lang='lat' dir='ltr'><strong>Quin</strong></span> <span class='ocrx_word' id='word_1_665' title='bbox 2856 2601 3168 2670; x_wconf 85' lang='lat' dir='ltr'><strong>plerumque</strong></span> <span class='ocrx_word' id='word_1_666' title='bbox 3195 2600 3246 2652; x_wconf 91' lang='lat' dir='ltr'><strong>in</strong></span> <span class='ocrx_word' id='word_1_667' title='bbox 3269 2600 3386 2668; x_wconf 91' lang='lat' dir='ltr'><strong>ipso</strong></span> <span class='ocrx_word' id='word_1_668' title='bbox 3403 2601 3586 2653; x_wconf 86' lang='lat' dir='ltr'><strong>matri-</strong></span> 
     </span>
    </p>
   </div>
   <div class='ocr_carea' id='block_1_87' title="bbox 2006 2689 3588 2760">
    <p class='ocr_par' dir='ltr' id='par_1_87' title="bbox 2006 2689 3588 2760">
     <span class='ocr_line' id='line_1_87' title="bbox 2006 2689 3588 2760; baseline 0.001 -18"><span class='ocrx_word' id='word_1_669' title='bbox 2006 2689 2168 2743; x_wconf 86' lang='lat' dir='ltr'><strong>monii</strong></span> <span class='ocrx_word' id='word_1_670' title='bbox 2203 2698 2474 2759; x_wconf 85' lang='lat' dir='ltr'><strong>tamquam</strong></span> <span class='ocrx_word' id='word_1_671' title='bbox 2507 2691 2708 2755; x_wconf 78' lang='lat' dir='ltr'><strong>limine,</strong></span> <span class='ocrx_word' id='word_1_672' title='bbox 2743 2689 2832 2760; x_wconf 89' lang='lat' dir='ltr'><strong>qui</strong></span> <span class='ocrx_word' id='word_1_673' title='bbox 2863 2703 3092 2760; x_wconf 88' lang='lat' dir='ltr'><strong>sponsus</strong></span> <span class='ocrx_word' id='word_1_674' title='bbox 3116 2698 3374 2758; x_wconf 90' lang='lat' dir='ltr'><strong>speretur,</strong></span> <span class='ocrx_word' id='word_1_675' title='bbox 3407 2689 3588 2744; x_wconf 85' lang='lat' dir='ltr'><strong>vacuis</strong></span> 
     </span>
    </p>
   </div>
   <div class='ocr_carea' id='block_1_88' title="bbox 2004 2783 3584 2853">
    <p class='ocr_par' dir='ltr' id='par_1_88' title="bbox 2004 2783 3584 2853">
     <span class='ocr_line' id='line_1_88' title="bbox 2004 2783 3584 2853; baseline 0 -16"><span class='ocrx_word' id='word_1_676' title='bbox 2004 2783 2248 2837; x_wconf 85' lang='lat' dir='ltr'><strong>manibus</strong></span> <span class='ocrx_word' id='word_1_677' title='bbox 2278 2783 2521 2848; x_wconf 88' lang='lat' dir='ltr'><strong>discedit,</strong></span> <span class='ocrx_word' id='word_1_678' title='bbox 2556 2783 2728 2852; x_wconf 90' lang='lat' dir='ltr'><strong>puella</strong></span> <span class='ocrx_word' id='word_1_679' title='bbox 2759 2798 2788 2836; x_wconf 90' lang='lat' dir='ltr'><strong>a</strong></span> <span class='ocrx_word' id='word_1_680' title='bbox 2826 2783 3135 2852; x_wconf 84' lang='lat' dir='ltr'><strong>parentibus</strong></span> <span class='ocrx_word' id='word_1_681' title='bbox 3164 2784 3433 2853; x_wconf 88' lang='lat' dir='ltr'><strong>insperato</strong></span> <span class='ocrx_word' id='word_1_682' title='bbox 3462 2783 3584 2840; x_wconf 89' lang='lat' dir='ltr'><strong>cui-</strong></span> 
     </span>
    </p>
   </div>
   <div class='ocr_carea' id='block_1_89' title="bbox 2004 2871 3586 2942">
    <p class='ocr_par' dir='ltr' id='par_1_89' title="bbox 2004 2871 3586 2942">
     <span class='ocr_line' id='line_1_89' title="bbox 2004 2871 3586 2942; baseline 0.003 -17"><span class='ocrx_word' id='word_1_683' title='bbox 2004 2873 2144 2942; x_wconf 89' lang='lat' dir='ltr'><strong>piam</strong></span> <span class='ocrx_word' id='word_1_684' title='bbox 2178 2871 2386 2927; x_wconf 89' lang='lat' dir='ltr'><strong>tradita.</strong></span> <span class='ocrx_word' id='word_1_685' title='bbox 2415 2872 2523 2928; x_wconf 87' lang='lat' dir='ltr'><strong>Nec</strong></span> <span class='ocrx_word' id='word_1_686' title='bbox 2548 2873 2760 2928; x_wconf 67' lang='lat' dir='ltr'><strong>feminae</strong></span> <span class='ocrx_word' id='word_1_687' title='bbox 2782 2875 2974 2940; x_wconf 90' lang='lat' dir='ltr'><strong>solum,</strong></span> <span class='ocrx_word' id='word_1_688' title='bbox 3007 2874 3100 2928; x_wconf 88' lang='lat' dir='ltr'><strong>sed</strong></span> <span class='ocrx_word' id='word_1_689' title='bbox 3125 2875 3284 2929; x_wconf 90' lang='lat' dir='ltr'><strong>etiam</strong></span> <span class='ocrx_word' id='word_1_690' title='bbox 3307 2875 3404 2928; x_wconf 89' lang='lat' dir='ltr'><strong>viri</strong></span> <span class='ocrx_word' id='word_1_691' title='bbox 3432 2889 3586 2929; x_wconf 89' lang='lat' dir='ltr'><strong>acer-</strong></span> 
     </span>
    </p>
   </div>
   <div class='ocr_carea' id='block_1_90' title="bbox 2003 2961 3588 3033">
    <p class='ocr_par' dir='ltr' id='par_1_90' title="bbox 2003 2961 3588 3033">
     <span class='ocr_line' id='line_1_90' title="bbox 2003 2961 3588 3033; baseline 0.001 -15"><span class='ocrx_word' id='word_1_692' title='bbox 2003 2961 2100 3018; x_wconf 85' lang='lat' dir='ltr'><strong>bas</strong></span> <span class='ocrx_word' id='word_1_693' title='bbox 2128 2971 2282 3016; x_wconf 85' lang='lat' dir='ltr'><strong>c&#39;uras</strong></span> <span class='ocrx_word' id='word_1_694' title='bbox 2323 2963 2539 3017; x_wconf 87' lang='lat' dir='ltr'><strong>habent.</strong></span> <span class='ocrx_word' id='word_1_695' title='bbox 2582 2962 2638 3016; x_wconf 93' lang='lat' dir='ltr'><strong>ln</strong></span> <span class='ocrx_word' id='word_1_696' title='bbox 2677 2963 2776 3017; x_wconf 88' lang='lat' dir='ltr'><strong>bos</strong></span> <span class='ocrx_word' id='word_1_697' title='bbox 2819 2977 3047 3032; x_wconf 87' lang='lat' dir='ltr'><strong>namque</strong></span> <span class='ocrx_word' id='word_1_698' title='bbox 3090 2964 3399 3033; x_wconf 89' lang='lat' dir='ltr'><strong>perquirere</strong></span> <span class='ocrx_word' id='word_1_699' title='bbox 3431 2965 3588 3019; x_wconf 88' lang='lat' dir='ltr'><strong>facile</strong></span> 
     </span>
    </p>
   </div>
   <div class='ocr_carea' id='block_1_91' title="bbox 2003 3055 3581 3132">
    <p class='ocr_par' dir='ltr' id='par_1_91' title="bbox 2003 3055 3581 3132">
     <span class='ocr_line' id='line_1_91' title="bbox 2003 3055 3581 3132; baseline -0.001 -22"><span class='ocrx_word' id='word_1_700' title='bbox 2003 3058 2105 3120; x_wconf 84' lang='lat' dir='ltr'><strong>est;</strong></span> <span class='ocrx_word' id='word_1_701' title='bbox 2136 3055 2276 3109; x_wconf 91' lang='lat' dir='ltr'><strong>illius</strong></span> <span class='ocrx_word' id='word_1_702' title='bbox 2306 3065 2434 3110; x_wconf 85' lang='lat' dir='ltr'><strong>vero</strong></span> <span class='ocrx_word' id='word_1_703' title='bbox 2462 3070 2581 3124; x_wconf 73' lang='lat' dir='ltr'><strong>qua:</strong></span> <span class='ocrx_word' id='word_1_704' title='bbox 2609 3055 2824 3109; x_wconf 89' lang='lat' dir='ltr'><strong>assidue</strong></span> <span class='ocrx_word' id='word_1_705' title='bbox 2863 3055 3007 3108; x_wconf 86' lang='lat' dir='ltr'><strong>intus</strong></span> <span class='ocrx_word' id='word_1_706' title='bbox 3040 3055 3291 3108; x_wconf 92' lang='lat' dir='ltr'><strong>conclusa</strong></span> <span class='ocrx_word' id='word_1_707' title='bbox 3323 3062 3581 3132; x_wconf 55' lang='lat' dir='ltr'><strong>teneatur,</strong></span> 
     </span>
    </p>
   </div>
   <div class='ocr_carea' id='block_1_92' title="bbox 2003 3145 3586 3216">
    <p class='ocr_par' dir='ltr' id='par_1_92' title="bbox 2003 3145 3586 3216">
     <span class='ocr_line' id='line_1_92' title="bbox 2003 3145 3586 3216; baseline 0.001 -17"><span class='ocrx_word' id='word_1_708' title='bbox 2003 3159 2182 3200; x_wconf 87' lang='lat' dir='ltr'><strong>mores</strong></span> <span class='ocrx_word' id='word_1_709' title='bbox 2211 3156 2370 3216; x_wconf 88' lang='lat' dir='ltr'><strong>atque</strong></span> <span class='ocrx_word' id='word_1_710' title='bbox 2399 3145 2624 3200; x_wconf 88' lang='lat' dir='ltr'><strong>formam</strong></span> <span class='ocrx_word' id='word_1_711' title='bbox 2665 3159 2770 3215; x_wconf 91' lang='lat' dir='ltr'><strong>quo</strong></span> <span class='ocrx_word' id='word_1_712' title='bbox 2798 3154 2954 3214; x_wconf 88' lang='lat' dir='ltr'><strong>pacto</strong></span> <span class='ocrx_word' id='word_1_713' title='bbox 2983 3146 3384 3214; x_wconf 85' lang='lat' dir='ltr'><strong>exploraveris?</strong></span> <span class='ocrx_word' id='word_1_714' title='bbox 3412 3147 3586 3216; x_wconf 84' lang='lat' dir='ltr'><strong>Atque</strong></span> 
     </span>
    </p>
   </div>
   <div class='ocr_carea' id='block_1_93' title="bbox 2004 3232 3588 3306">
    <p class='ocr_par' dir='ltr' id='par_1_93' title="bbox 2004 3232 3588 3306">
     <span class='ocr_line' id='line_1_93' title="bbox 2004 3232 3588 3306; baseline 0.001 -17"><span class='ocrx_word' id='word_1_715' title='bbox 2004 3235 2121 3289; x_wconf 62' lang='lat' dir='ltr'><strong>hare</strong></span> <span class='ocrx_word' id='word_1_716' title='bbox 2146 3237 2362 3306; x_wconf 89' lang='lat' dir='ltr'><strong>quid-em</strong></span> <span class='ocrx_word' id='word_1_717' title='bbox 2393 3235 2724 3304; x_wconf 84' lang='lat' dir='ltr'><strong>sponsalium</strong></span> <span class='ocrx_word' id='word_1_718' title='bbox 2754 3243 3014 3304; x_wconf 89' lang='lat' dir='ltr'><strong>tempore.</strong></span> <span class='ocrx_word' id='word_1_719' title='bbox 3041 3232 3113 3288; x_wconf 81' lang='lat' dir='ltr'><strong>At</strong></span> <span class='ocrx_word' id='word_1_720' title='bbox 3140 3234 3225 3288; x_wconf 87' lang='lat' dir='ltr'><strong>ubi</strong></span> <span class='ocrx_word' id='word_1_721' title='bbox 3250 3234 3358 3303; x_wconf 80' lang='lat' dir='ltr'><strong>jam</strong></span> <span class='ocrx_word' id='word_1_722' title='bbox 3389 3245 3588 3303; x_wconf 74' lang='lat' dir='ltr'><strong>prmsto</strong></span> 
     </span>
    </p>
   </div>
   <div class='ocr_carea' id='block_1_94' title="bbox 2003 3323 3586 3393">
    <p class='ocr_par' dir='ltr' id='par_1_94' title="bbox 2003 3323 3586 3393">
     <span class='ocr_line' id='line_1_94' title="bbox 2003 3323 3586 3393; baseline 0 -15"><span class='ocrx_word' id='word_1_723' title='bbox 2003 3332 2086 3378; x_wconf 78' lang='lat' dir='ltr'><strong>est</strong></span> <span class='ocrx_word' id='word_1_724' title='bbox 2112 3324 2434 3378; x_wconf 81' lang='lat' dir='ltr'><strong>matrimonii</strong></span> <span class='ocrx_word' id='word_1_725' title='bbox 2471 3324 2718 3393; x_wconf 77' lang='lat' dir='ltr'><strong>tempus,</strong></span> <span class='ocrx_word' id='word_1_726' title='bbox 2747 3323 2942 3378; x_wconf 87' lang='lat' dir='ltr'><strong>crescit</strong></span> <span class='ocrx_word' id='word_1_727' title='bbox 2987 3323 3317 3390; x_wconf 75' lang='lat' dir='ltr'><strong>sollicitudo,</strong></span> <span class='ocrx_word' id='word_1_728' title='bbox 3347 3339 3410 3377; x_wconf 91' lang='lat' dir='ltr'><strong>ac</strong></span> <span class='ocrx_word' id='word_1_729' title='bbox 3438 3325 3586 3378; x_wconf 82' lang='lat' dir='ltr'><strong>volu-</strong></span> 
     </span>
    </p>
   </div>
   <div class='ocr_carea' id='block_1_95' title="bbox 2003 3415 3580 3487">
    <p class='ocr_par' dir='ltr' id='par_1_95' title="bbox 2003 3415 3580 3487">
     <span class='ocr_line' id='line_1_95' title="bbox 2003 3415 3580 3487; baseline 0.001 -19"><span class='ocrx_word' id='word_1_730' title='bbox 2003 3425 2147 3486; x_wconf 88' lang='lat' dir='ltr'><strong>ptate</strong></span> <span class='ocrx_word' id='word_1_731' title='bbox 2167 3418 2336 3485; x_wconf 66' lang='lat' dir='ltr'><strong>mror</strong></span> <span class='ocrx_word' id='word_1_732' title='bbox 2361 3424 2530 3470; x_wconf 89' lang='lat' dir='ltr'><strong>metus</strong></span> <span class='ocrx_word' id='word_1_733' title='bbox 2551 3425 2653 3483; x_wconf 82' lang='lat' dir='ltr'><strong>est,</strong></span> <span class='ocrx_word' id='word_1_734' title='bbox 2684 3431 2750 3471; x_wconf 89' lang='lat' dir='ltr'><strong>ne</strong></span> <span class='ocrx_word' id='word_1_735' title='bbox 2776 3426 2841 3470; x_wconf 74' lang='lat' dir='ltr'><strong>ex</strong></span> <span class='ocrx_word' id='word_1_736' title='bbox 2873 3428 2939 3470; x_wconf 91' lang='lat' dir='ltr'><strong>eo</strong></span> <span class='ocrx_word' id='word_1_737' title='bbox 2966 3415 3083 3484; x_wconf 86' lang='lat' dir='ltr'><strong>ipso</strong></span> <span class='ocrx_word' id='word_1_738' title='bbox 3122 3430 3348 3485; x_wconf 84' lang='lat' dir='ltr'><strong>vespere</strong></span> <span class='ocrx_word' id='word_1_739' title='bbox 3377 3417 3580 3487; x_wconf 87' lang='lat' dir='ltr'><strong>ingrata</strong></span> 
     </span>
    </p>
   </div>
   <div class='ocr_carea' id='block_1_96' title="bbox 2003 3503 3586 3575">
    <p class='ocr_par' dir='ltr' id='par_1_96' title="bbox 2003 3503 3586 3575">
     <span class='ocr_line' id='line_1_96' title="bbox 2003 3503 3586 3575; baseline -0.001 -15"><span class='ocrx_word' id='word_1_740' title='bbox 2003 3515 2058 3561; x_wconf 91' lang='lat' dir='ltr'><strong>et</strong></span> <span class='ocrx_word' id='word_1_741' title='bbox 2078 3507 2248 3560; x_wconf 88' lang='lat' dir='ltr'><strong>multo</strong></span> <span class='ocrx_word' id='word_1_742' title='bbox 2272 3508 2668 3575; x_wconf 72' lang='lat' dir='ltr'><strong>exspettatiOne</strong></span> <span class='ocrx_word' id='word_1_743' title='bbox 2692 3506 2931 3561; x_wconf 86' lang='lat' dir='ltr'><strong>deterior</strong></span> <span class='ocrx_word' id='word_1_744' title='bbox 2953 3503 3218 3560; x_wconf 81' lang='lat' dir='ltr'><strong>videatur.</strong></span> <span class='ocrx_word' id='word_1_745' title='bbox 3249 3506 3461 3560; x_wconf 88' lang='lat' dir='ltr'><strong>Etenim</strong></span> <span class='ocrx_word' id='word_1_746' title='bbox 3506 3507 3586 3560; x_wconf 91' lang='lat' dir='ltr'><strong>in-</strong></span> 
     </span>
    </p>
   </div>
   <div class='ocr_carea' id='block_1_97' title="bbox 2005 3594 3582 3668">
    <p class='ocr_par' dir='ltr' id='par_1_97' title="bbox 2005 3594 3582 3668">
     <span class='ocr_line' id='line_1_97' title="bbox 2005 3594 3582 3668; baseline -0.001 -14"><span class='ocrx_word' id='word_1_747' title='bbox 2005 3600 2099 3654; x_wconf 80' lang='lat' dir='ltr'><strong>itio</strong></span> <span class='ocrx_word' id='word_1_748' title='bbox 2123 3599 2392 3654; x_wconf 87' lang='lat' dir='ltr'><strong>laudatam</strong></span> <span class='ocrx_word' id='word_1_749' title='bbox 2418 3607 2538 3668; x_wconf 88' lang='lat' dir='ltr'><strong>post</strong></span> <span class='ocrx_word' id='word_1_750' title='bbox 2563 3599 2856 3664; x_wconf 81' lang='lat' dir='ltr'><strong>contemni,</strong></span> <span class='ocrx_word' id='word_1_751' title='bbox 2874 3594 3155 3654; x_wconf 82' lang='lat' dir='ltr'><strong>ferendum</strong></span> <span class='ocrx_word' id='word_1_752' title='bbox 3185 3608 3296 3662; x_wconf 89' lang='lat' dir='ltr'><strong>est;</strong></span> <span class='ocrx_word' id='word_1_753' title='bbox 3320 3607 3377 3652; x_wconf 87' lang='lat' dir='ltr'><strong>at</strong></span> <span class='ocrx_word' id='word_1_754' title='bbox 3402 3612 3532 3653; x_wconf 84' lang='lat' dir='ltr'><strong>cum</strong></span> <span class='ocrx_word' id='word_1_755' title='bbox 3554 3615 3582 3651; x_wconf 89' lang='lat' dir='ltr'><strong>a</strong></span> 
     </span>
    </p>
   </div>
   <div class='ocr_carea' id='block_1_98' title="bbox 2005 3689 3586 3755">
    <p class='ocr_par' dir='ltr' id='par_1_98' title="bbox 2005 3689 3586 3755">
     <span class='ocr_line' id='line_1_98' title="bbox 2005 3689 3586 3755; baseline -0.001 -10"><span class='ocrx_word' id='word_1_756' title='bbox 2005 3691 2251 3746; x_wconf 90' lang='lat' dir='ltr'><strong>curriculi</strong></span> <span class='ocrx_word' id='word_1_757' title='bbox 2277 3690 2600 3754; x_wconf 82' lang='lat' dir='ltr'><strong>carceribus,</strong></span> <span class='ocrx_word' id='word_1_758' title='bbox 2634 3701 2691 3743; x_wconf 92' lang='lat' dir='ltr'><strong>ut</strong></span> <span class='ocrx_word' id='word_1_759' title='bbox 2713 3691 2788 3743; x_wconf 83' lang='lat' dir='ltr'><strong>ita</strong></span> <span class='ocrx_word' id='word_1_760' title='bbox 2815 3690 3014 3755; x_wconf 85' lang='lat' dir='ltr'><strong>dicam,</strong></span> <span class='ocrx_word' id='word_1_761' title='bbox 3045 3689 3260 3743; x_wconf 84' lang='lat' dir='ltr'><strong>fastidio</strong></span> <span class='ocrx_word' id='word_1_762' title='bbox 3286 3703 3408 3744; x_wconf 87' lang='lat' dir='ltr'><strong>esse</strong></span> <span class='ocrx_word' id='word_1_763' title='bbox 3433 3689 3586 3744; x_wconf 87' lang='lat' dir='ltr'><strong>vide-</strong></span> 
     </span>
    </p>
   </div>
   <div class='ocr_carea' id='block_1_99' title="bbox 2007 3779 3584 3851">
    <p class='ocr_par' dir='ltr' id='par_1_99' title="bbox 2007 3779 3584 3851">
     <span class='ocr_line' id='line_1_99' title="bbox 2007 3779 3584 3851; baseline -0.002 -15"><span class='ocrx_word' id='word_1_764' title='bbox 2007 3792 2108 3847; x_wconf 92' lang='lat' dir='ltr'><strong>tur,</strong></span> <span class='ocrx_word' id='word_1_765' title='bbox 2152 3781 2366 3851; x_wconf 86' lang='lat' dir='ltr'><strong>quando</strong></span> <span class='ocrx_word' id='word_1_766' title='bbox 2398 3781 2601 3850; x_wconf 82' lang='lat' dir='ltr'><strong>suSpiei</strong></span> <span class='ocrx_word' id='word_1_767' title='bbox 2649 3781 2879 3850; x_wconf 83' lang='lat' dir='ltr'><strong>poterit?</strong></span> <span class='ocrx_word' id='word_1_768' title='bbox 2925 3780 3106 3850; x_wconf 84' lang='lat' dir='ltr'><strong>Neque</strong></span> <span class='ocrx_word' id='word_1_769' title='bbox 3155 3781 3241 3835; x_wconf 89' lang='lat' dir='ltr'><strong>hic</strong></span> <span class='ocrx_word' id='word_1_770' title='bbox 3281 3780 3411 3834; x_wconf 88' lang='lat' dir='ltr'><strong>mihi</strong></span> <span class='ocrx_word' id='word_1_771' title='bbox 3454 3779 3584 3834; x_wconf 89' lang='lat' dir='ltr'><strong>illud</strong></span> 
     </span>
    </p>
   </div>
   <div class='ocr_carea' id='block_1_100' title="bbox 2002 3872 3587 3942">
    <p class='ocr_par' dir='ltr' id='par_1_100' title="bbox 2002 3872 3587 3942">
     <span class='ocr_line' id='line_1_100' title="bbox 2002 3872 3587 3942; baseline -0.002 -13"><span class='ocrx_word' id='word_1_772' title='bbox 2002 3886 2384 3938; x_wconf 83' lang='lat' dir='ltr'><strong>commemora,</strong></span> <span class='ocrx_word' id='word_1_773' title='bbox 2423 3872 2561 3940; x_wconf 82' lang='lat' dir='ltr'><strong>Quid</strong></span> <span class='ocrx_word' id='word_1_774' title='bbox 2600 3888 2746 3939; x_wconf 89' lang='lat' dir='ltr'><strong>vero,</strong></span> <span class='ocrx_word' id='word_1_775' title='bbox 2787 3873 2833 3926; x_wconf 91' lang='lat' dir='ltr'><strong>si</strong></span> <span class='ocrx_word' id='word_1_776' title='bbox 2877 3873 3049 3942; x_wconf 87' lang='lat' dir='ltr'><strong>lepida</strong></span> <span class='ocrx_word' id='word_1_777' title='bbox 3093 3873 3195 3926; x_wconf 84' lang='lat' dir='ltr'><strong>sit?</strong></span> <span class='ocrx_word' id='word_1_778' title='bbox 3239 3887 3358 3926; x_wconf 91' lang='lat' dir='ltr'><strong>nam</strong></span> <span class='ocrx_word' id='word_1_779' title='bbox 3401 3888 3468 3928; x_wconf 89' lang='lat' dir='ltr'><strong>ne</strong></span> <span class='ocrx_word' id='word_1_780' title='bbox 3508 3873 3587 3926; x_wconf 90' lang='lat' dir='ltr'><strong>sic</strong></span> 
     </span>
    </p>
   </div>
   <div class='ocr_carea' id='block_1_101' title="bbox 2001 3959 3585 4035">
    <p class='ocr_par' dir='ltr' id='par_1_101' title="bbox 2001 3959 3585 4035">
     <span class='ocr_line' id='line_1_101' title="bbox 2001 3959 3585 4035; baseline -0.001 -16"><span class='ocrx_word' id='word_1_781' title='bbox 2001 3967 2215 4035; x_wconf 85' lang='lat' dir='ltr'><strong>quidem</strong></span> <span class='ocrx_word' id='word_1_782' title='bbox 2237 3980 2364 4018; x_wconf 86' lang='lat' dir='ltr'><strong>cura</strong></span> <span class='ocrx_word' id='word_1_783' title='bbox 2386 3965 2484 4018; x_wconf 88' lang='lat' dir='ltr'><strong>hac</strong></span> <span class='ocrx_word' id='word_1_784' title='bbox 2509 3965 2680 4018; x_wconf 90' lang='lat' dir='ltr'><strong>soluta</strong></span> <span class='ocrx_word' id='word_1_785' title='bbox 2707 3973 2763 4019; x_wconf 90' lang='lat' dir='ltr'><strong>ct</strong></span> <span class='ocrx_word' id='word_1_786' title='bbox 2783 3965 2951 4018; x_wconf 89' lang='lat' dir='ltr'><strong>libera</strong></span> <span class='ocrx_word' id='word_1_787' title='bbox 2978 3971 3080 4018; x_wconf 91' lang='lat' dir='ltr'><strong>est.</strong></span> <span class='ocrx_word' id='word_1_788' title='bbox 3104 3959 3278 4018; x_wconf 65' lang='lat' dir='ltr'><strong>Multa:</strong></span> <span class='ocrx_word' id='word_1_789' title='bbox 3303 3965 3444 4018; x_wconf 90' lang='lat' dir='ltr'><strong>enim</strong></span> <span class='ocrx_word' id='word_1_790' title='bbox 3465 3979 3585 4018; x_wconf 91' lang='lat' dir='ltr'><strong>cor-</strong></span> 
     </span>
    </p>
   </div>
   <div class='ocr_carea' id='block_1_102' title="bbox 2002 4055 3586 4128">
    <p class='ocr_par' dir='ltr' id='par_1_102' title="bbox 2002 4055 3586 4128">
     <span class='ocr_line' id='line_1_102' title="bbox 2002 4055 3586 4128; baseline -0.003 -16"><span class='ocrx_word' id='word_1_791' title='bbox 2002 4059 2149 4128; x_wconf 87' lang='lat' dir='ltr'><strong>poris</strong></span> <span class='ocrx_word' id='word_1_792' title='bbox 2167 4065 2445 4112; x_wconf 78' lang='lat' dir='ltr'><strong>venustate</strong></span> <span class='ocrx_word' id='word_1_793' title='bbox 2461 4055 2745 4110; x_wconf 85' lang='lat' dir='ltr'><strong>admodum</strong></span> <span class='ocrx_word' id='word_1_794' title='bbox 2762 4055 3069 4124; x_wconf 73' lang='lat' dir='ltr'><strong>conspicuze</strong></span> <span class='ocrx_word' id='word_1_795' title='bbox 3089 4057 3232 4109; x_wconf 84' lang='lat' dir='ltr'><strong>viros</strong></span> <span class='ocrx_word' id='word_1_796' title='bbox 3247 4066 3372 4109; x_wconf 87' lang='lat' dir='ltr'><strong>suos</strong></span> <span class='ocrx_word' id='word_1_797' title='bbox 3392 4069 3586 4123; x_wconf 88' lang='lat' dir='ltr'><strong>capere</strong></span> 
     </span>
    </p>
   </div>
   <div class='ocr_carea' id='block_1_103' title="bbox 2001 4145 3582 4218">
    <p class='ocr_par' dir='ltr' id='par_1_103' title="bbox 2001 4145 3582 4218">
     <span class='ocr_line' id='line_1_103' title="bbox 2001 4145 3582 4218; baseline -0.003 -15"><span class='ocrx_word' id='word_1_798' title='bbox 2001 4149 2374 4218; x_wconf 83' lang='lat' dir='ltr'><strong>nequiverunt,</strong></span> <span class='ocrx_word' id='word_1_799' title='bbox 2407 4147 2499 4201; x_wconf 91' lang='lat' dir='ltr'><strong>sed</strong></span> <span class='ocrx_word' id='word_1_800' title='bbox 2531 4146 2565 4200; x_wconf 91' lang='lat' dir='ltr'><strong>ii</strong></span> <span class='ocrx_word' id='word_1_801' title='bbox 2590 4147 2708 4202; x_wconf 88' lang='lat' dir='ltr'><strong>aliis</strong></span> <span class='ocrx_word' id='word_1_802' title='bbox 2735 4147 2893 4215; x_wconf 87' lang='lat' dir='ltr'><strong>longe</strong></span> <span class='ocrx_word' id='word_1_803' title='bbox 2924 4161 2983 4200; x_wconf 89' lang='lat' dir='ltr'><strong>se</strong></span> <span class='ocrx_word' id='word_1_804' title='bbox 3009 4145 3348 4199; x_wconf 79' lang='lat' dir='ltr'><strong>inferiaribus</strong></span> <span class='ocrx_word' id='word_1_805' title='bbox 3383 4145 3582 4198; x_wconf 86' lang='lat' dir='ltr'><strong>addicti</strong></span> 
     </span>
    </p>
   </div>
   <div class='ocr_carea' id='block_1_104' title="bbox 2002 4233 3580 4308">
    <p class='ocr_par' dir='ltr' id='par_1_104' title="bbox 2002 4233 3580 4308">
     <span class='ocr_line' id='line_1_104' title="bbox 2002 4233 3580 4308; baseline -0.004 -16"><span class='ocrx_word' id='word_1_806' title='bbox 2002 4238 2146 4308; x_wconf 89' lang='lat' dir='ltr'><strong>ipsas</strong></span> <span class='ocrx_word' id='word_1_807' title='bbox 2186 4238 2533 4307; x_wconf 88' lang='lat' dir='ltr'><strong>reliquerunt.</strong></span> <span class='ocrx_word' id='word_1_808' title='bbox 2563 4236 2681 4291; x_wconf 86' lang='lat' dir='ltr'><strong>Jam</strong></span> <span class='ocrx_word' id='word_1_809' title='bbox 2709 4249 2771 4290; x_wconf 88' lang='lat' dir='ltr'><strong>ea</strong></span> <span class='ocrx_word' id='word_1_810' title='bbox 2813 4235 2973 4290; x_wconf 88' lang='lat' dir='ltr'><strong>etiam</strong></span> <span class='ocrx_word' id='word_1_811' title='bbox 3002 4245 3136 4288; x_wconf 88' lang='lat' dir='ltr'><strong>&#39;cura</strong></span> <span class='ocrx_word' id='word_1_812' title='bbox 3177 4233 3446 4303; x_wconf 84' lang='lat' dir='ltr'><strong>expedita,</strong></span> <span class='ocrx_word' id='word_1_813' title='bbox 3476 4234 3580 4286; x_wconf 86' lang='lat' dir='ltr'><strong>alia</strong></span> 
     </span>
    </p>
   </div>
   <div class='ocr_carea' id='block_1_105' title="bbox 2001 4324 3566 4394">
    <p class='ocr_par' dir='ltr' id='par_1_105' title="bbox 2001 4324 3566 4394">
     <span class='ocr_line' id='line_1_105' title="bbox 2001 4324 3566 4394; baseline -0.005 -10"><span class='ocrx_word' id='word_1_814' title='bbox 2001 4345 2213 4384; x_wconf 86' lang='lat' dir='ltr'><strong>rursum</strong></span> <span class='ocrx_word' id='word_1_815' title='bbox 2253 4330 2474 4383; x_wconf 84' lang='lat' dir='ltr'><strong>molesta</strong></span> <span class='ocrx_word' id='word_1_816' title='bbox 2505 4327 2742 4382; x_wconf 82' lang='lat' dir='ltr'><strong>succedit</strong></span> <span class='ocrx_word' id='word_1_817' title='bbox 2779 4327 2830 4380; x_wconf 85' lang='lat' dir='ltr'><strong>in</strong></span> <span class='ocrx_word' id='word_1_818' title='bbox 2867 4325 3008 4380; x_wconf 84' lang='lat' dir='ltr'><strong>dotis</strong></span> <span class='ocrx_word' id='word_1_819' title='bbox 3048 4324 3320 4394; x_wconf 84' lang='lat' dir='ltr'><strong>pensione,</strong></span> <span class='ocrx_word' id='word_1_820' title='bbox 3358 4333 3566 4388; x_wconf 85' lang='lat' dir='ltr'><strong>socero,</strong></span> 
     </span>
    </p>
   </div>
   <div class='ocr_carea' id='block_1_106' title="bbox 2003 4415 3585 4490">
    <p class='ocr_par' dir='ltr' id='par_1_106' title="bbox 2003 4415 3585 4490">
     <span class='ocr_line' id='line_1_106' title="bbox 2003 4415 3585 4490; baseline -0.004 -14"><span class='ocrx_word' id='word_1_821' title='bbox 2003 4421 2153 4490; x_wconf 90' lang='lat' dir='ltr'><strong>quasi</strong></span> <span class='ocrx_word' id='word_1_822' title='bbox 2177 4421 2341 4490; x_wconf 87' lang='lat' dir='ltr'><strong>gratis</strong></span> <span class='ocrx_word' id='word_1_823' title='bbox 2365 4428 2633 4486; x_wconf 87' lang='lat' dir='ltr'><strong>numeret,</strong></span> <span class='ocrx_word' id='word_1_824' title='bbox 2659 4418 2799 4472; x_wconf 85' lang='lat' dir='ltr'><strong>haud</strong></span> <span class='ocrx_word' id='word_1_825' title='bbox 2830 4423 2956 4471; x_wconf 78' lang='lat' dir='ltr'><strong>sane</strong></span> <span class='ocrx_word' id='word_1_826' title='bbox 2975 4415 3205 4471; x_wconf 86' lang='lat' dir='ltr'><strong>comiter</strong></span> <span class='ocrx_word' id='word_1_827' title='bbox 3229 4416 3503 4480; x_wconf 87' lang='lat' dir='ltr'><strong>reddente,</strong></span> <span class='ocrx_word' id='word_1_828' title='bbox 3531 4425 3585 4470; x_wconf 88' lang='lat' dir='ltr'><strong>et</strong></span> 
     </span>
    </p>
   </div>
   <div class='ocr_carea' id='block_1_107' title="bbox 2001 4505 3584 4583">
    <p class='ocr_par' dir='ltr' id='par_1_107' title="bbox 2001 4505 3584 4583">
     <span class='ocr_line' id='line_1_107' title="bbox 2001 4505 3584 4583; baseline -0.004 -16"><span class='ocrx_word' id='word_1_829' title='bbox 2001 4526 2219 4583; x_wconf 85' lang='lat' dir='ltr'><strong>sponso,</strong></span> <span class='ocrx_word' id='word_1_830' title='bbox 2248 4513 2336 4582; x_wconf 94' lang='lat' dir='ltr'><strong>qui</strong></span> <span class='ocrx_word' id='word_1_831' title='bbox 2368 4519 2532 4566; x_wconf 84' lang='lat' dir='ltr'><strong>totum</strong></span> <span class='ocrx_word' id='word_1_832' title='bbox 2572 4510 2805 4564; x_wconf 87' lang='lat' dir='ltr'><strong>nancisci</strong></span> <span class='ocrx_word' id='word_1_833' title='bbox 2835 4505 3083 4575; x_wconf 76' lang='lat' dir='ltr'><strong>studeat,</strong></span> <span class='ocrx_word' id='word_1_834' title='bbox 3115 4515 3236 4562; x_wconf 73' lang='lat' dir='ltr'><strong>utrm</strong></span> <span class='ocrx_word' id='word_1_835' title='bbox 3268 4507 3584 4563; x_wconf 89' lang='lat' dir='ltr'><strong>verecundia</strong></span> 
     </span>
    </p>
   </div>
   <div class='ocr_carea' id='block_1_108' title="bbox 2003 4598 3582 4674">
    <p class='ocr_par' dir='ltr' id='par_1_108' title="bbox 2003 4598 3582 4674">
     <span class='ocr_line' id='line_1_108' title="bbox 2003 4598 3582 4674; baseline -0.004 -15"><span class='ocrx_word' id='word_1_836' title='bbox 2003 4605 2214 4674; x_wconf 83' lang='lat' dir='ltr'><strong>exigere</strong></span> <span class='ocrx_word' id='word_1_837' title='bbox 2239 4611 2445 4668; x_wconf 89' lang='lat' dir='ltr'><strong>coacto,</strong></span> <span class='ocrx_word' id='word_1_838' title='bbox 2471 4612 2525 4656; x_wconf 90' lang='lat' dir='ltr'><strong>et</strong></span> <span class='ocrx_word' id='word_1_839' title='bbox 2553 4615 2684 4655; x_wconf 90' lang='lat' dir='ltr'><strong>nova</strong></span> <span class='ocrx_word' id='word_1_840' title='bbox 2718 4609 2879 4670; x_wconf 87' lang='lat' dir='ltr'><strong>nupta</strong></span> <span class='ocrx_word' id='word_1_841' title='bbox 2906 4599 3194 4654; x_wconf 78' lang='lat' dir='ltr'><strong>solutionis</strong></span> <span class='ocrx_word' id='word_1_842' title='bbox 3211 4598 3464 4653; x_wconf 89' lang='lat' dir='ltr'><strong>dilatione</strong></span> <span class='ocrx_word' id='word_1_843' title='bbox 3485 4615 3582 4668; x_wconf 87' lang='lat' dir='ltr'><strong>pu-</strong></span> 
     </span>
    </p>
   </div>
   <div class='ocr_carea' id='block_1_109' title="bbox 2003 4691 3584 4762">
    <p class='ocr_par' dir='ltr' id='par_1_109' title="bbox 2003 4691 3584 4762">
     <span class='ocr_line' id='line_1_109' title="bbox 2003 4691 3584 4762; baseline -0.004 -12"><span class='ocrx_word' id='word_1_844' title='bbox 2003 4695 2230 4761; x_wconf 37' lang='lat' dir='ltr'><strong>d‘efacta,</strong></span> <span class='ocrx_word' id='word_1_845' title='bbox 2259 4695 2428 4748; x_wconf 74' lang='lat' dir='ltr'><strong>virum</strong></span> <span class='ocrx_word' id='word_1_846' title='bbox 2471 4693 2660 4762; x_wconf 80' lang='lat' dir='ltr'><strong>quovis</strong></span> <span class='ocrx_word' id='word_1_847' title='bbox 2697 4692 2940 4762; x_wconf 83' lang='lat' dir='ltr'><strong>improbo</strong></span> <span class='ocrx_word' id='word_1_848' title='bbox 2969 4693 3208 4746; x_wconf 83' lang='lat' dir='ltr'><strong>debitore</strong></span> <span class='ocrx_word' id='word_1_849' title='bbox 3229 4693 3403 4760; x_wconf 42' lang='lat' dir='ltr'><strong>imagis</strong></span> <span class='ocrx_word' id='word_1_850' title='bbox 3429 4691 3584 4746; x_wconf 62' lang='lat' dir='ltr'><strong>revei</strong></span> 
     </span>
    </p>
   </div>
   <div class='ocr_carea' id='block_1_110' title="bbox 1997 4781 3587 4854">
    <p class='ocr_par' dir='ltr' id='par_1_110' title="bbox 1997 4781 3587 4854">
     <span class='ocr_line' id='line_1_110' title="bbox 1997 4781 3587 4854; baseline -0.003 -14"><span class='ocrx_word' id='word_1_851' title='bbox 1997 4795 2154 4842; x_wconf 85' lang='lat' dir='ltr'><strong>rente</strong></span> <span class='ocrx_word' id='word_1_852' title='bbox 2187 4802 2200 4838; x_wconf 90' lang='lat'>:</span> <span class='ocrx_word' id='word_1_853' title='bbox 2233 4801 2350 4854; x_wconf 78' lang='lat' dir='ltr'><strong>qua:</strong></span> <span class='ocrx_word' id='word_1_854' title='bbox 2377 4785 2530 4838; x_wconf 84' lang='lat' dir='ltr'><strong>mitto</strong></span> <span class='ocrx_word' id='word_1_855' title='bbox 2574 4785 2625 4836; x_wconf 92' lang='lat' dir='ltr'><strong>in</strong></span> <span class='ocrx_word' id='word_1_856' title='bbox 2659 4784 2958 4852; x_wconf 70' lang='lat' dir='ltr'><strong>prtesentia.</strong></span> <span class='ocrx_word' id='word_1_857' title='bbox 3000 4785 3068 4837; x_wconf 80' lang='lat' dir='ltr'><strong>At</strong></span> <span class='ocrx_word' id='word_1_858' title='bbox 3099 4783 3246 4836; x_wconf 80' lang='lat' dir='ltr'><strong>enim</strong></span> <span class='ocrx_word' id='word_1_859' title='bbox 3289 4781 3390 4835; x_wconf 89' lang='lat' dir='ltr'><strong>hac</strong></span> <span class='ocrx_word' id='word_1_860' title='bbox 3416 4783 3587 4837; x_wconf 88' lang='lat' dir='ltr'><strong>soluta</strong></span> 
     </span>
    </p>
   </div>
   <div class='ocr_carea' id='block_1_111' title="bbox 2003 4871 3588 4943">
    <p class='ocr_par' dir='ltr' id='par_1_111' title="bbox 2003 4871 3588 4943">
     <span class='ocr_line' id='line_1_111' title="bbox 2003 4871 3588 4943; baseline -0.004 -12"><span class='ocrx_word' id='word_1_861' title='bbox 2003 4891 2154 4943; x_wconf 86' lang='lat' dir='ltr'><strong>cura,</strong></span> <span class='ocrx_word' id='word_1_862' title='bbox 2202 4876 2455 4930; x_wconf 77' lang='lat' dir='ltr'><strong>centinuo</strong></span> <span class='ocrx_word' id='word_1_863' title='bbox 2501 4873 2793 4928; x_wconf 85' lang='lat' dir='ltr'><strong>sterilitatis</strong></span> <span class='ocrx_word' id='word_1_864' title='bbox 2835 4881 3006 4926; x_wconf 90' lang='lat' dir='ltr'><strong>metus</strong></span> <span class='ocrx_word' id='word_1_865' title='bbox 3055 4871 3284 4940; x_wconf 86' lang='lat' dir='ltr'><strong>ingruit;</strong></span> <span class='ocrx_word' id='word_1_866' title='bbox 3330 4881 3588 4940; x_wconf 73' lang='lat' dir='ltr'><strong>prteteiea</strong></span> 
     </span>
    </p>
   </div>
   <div class='ocr_carea' id='block_1_112' title="bbox 2003 4959 3588 5034">
    <p class='ocr_par' dir='ltr' id='par_1_112' title="bbox 2003 4959 3588 5034">
     <span class='ocr_line' id='line_1_112' title="bbox 2003 4959 3588 5034; baseline -0.003 -15"><span class='ocrx_word' id='word_1_867' title='bbox 2003 4969 2180 5021; x_wconf 82' lang='lat' dir='ltr'><strong>autem</strong></span> <span class='ocrx_word' id='word_1_868' title='bbox 2201 4973 2253 5020; x_wconf 90' lang='lat' dir='ltr'><strong>et</strong></span> <span class='ocrx_word' id='word_1_869' title='bbox 2282 4965 2506 5034; x_wconf 87' lang='lat' dir='ltr'><strong>prolium</strong></span> <span class='ocrx_word' id='word_1_870' title='bbox 2534 4963 2852 5032; x_wconf 71' lang='lat' dir='ltr'><strong>&quot;frequentia:</strong></span> <span class='ocrx_word' id='word_1_871' title='bbox 2891 4962 3128 5016; x_wconf 83' lang='lat' dir='ltr'><strong>anxietas</strong></span> <span class='ocrx_word' id='word_1_872' title='bbox 3160 4978 3173 5014; x_wconf 88' lang='lat'><strong>:</strong></span> <span class='ocrx_word' id='word_1_873' title='bbox 3205 4974 3381 5031; x_wconf 89' lang='lat' dir='ltr'><strong>neque</strong></span> <span class='ocrx_word' id='word_1_874' title='bbox 3415 4959 3588 5014; x_wconf 82' lang='lat' dir='ltr'><strong>adhuc</strong></span> 
     </span>
    </p>
   </div>
   <div class='ocr_carea' id='block_1_113' title="bbox 2004 5052 3586 5127">
    <p class='ocr_par' dir='ltr' id='par_1_113' title="bbox 2004 5052 3586 5127">
     <span class='ocr_line' id='line_1_113' title="bbox 2004 5052 3586 5127; baseline -0.003 -15"><span class='ocrx_word' id='word_1_875' title='bbox 2004 5055 2196 5112; x_wconf 85' lang='lat' dir='ltr'><strong>borum</strong></span> <span class='ocrx_word' id='word_1_876' title='bbox 2229 5060 2492 5127; x_wconf 77' lang='lat' dir='ltr'><strong>qucquam</strong></span> <span class='ocrx_word' id='word_1_877' title='bbox 2529 5055 2824 5124; x_wconf 78' lang='lat' dir='ltr'><strong>explorato,</strong></span> <span class='ocrx_word' id='word_1_878' title='bbox 2858 5061 3138 5122; x_wconf 88' lang='lat' dir='ltr'><strong>utramque</strong></span> <span class='ocrx_word' id='word_1_879' title='bbox 3163 5054 3216 5107; x_wconf 91' lang='lat' dir='ltr'><strong>in</strong></span> <span class='ocrx_word' id='word_1_880' title='bbox 3244 5061 3447 5122; x_wconf 80' lang='lat' dir='ltr'><strong>partem</strong></span> <span class='ocrx_word' id='word_1_881' title='bbox 3475 5052 3586 5122; x_wconf 86' lang='lat' dir='ltr'><strong>jam</strong></span> 
     </span>
    </p>
   </div>
   <div class='ocr_carea' id='block_1_114' title="bbox 2004 5144 3586 5213">
    <p class='ocr_par' dir='ltr' id='par_1_114' title="bbox 2004 5144 3586 5213">
     <span class='ocr_line' id='line_1_114' title="bbox 2004 5144 3586 5213; baseline -0.004 -9"><span class='ocrx_word' id='word_1_882' title='bbox 2004 5149 2127 5204; x_wconf 78' lang='lat' dir='ltr'><strong>inde</strong></span> <span class='ocrx_word' id='word_1_883' title='bbox 2153 5147 2220 5203; x_wconf 84' lang='lat' dir='ltr'><strong>ab</strong></span> <span class='ocrx_word' id='word_1_884' title='bbox 2245 5148 2392 5204; x_wconf 87' lang='lat' dir='ltr'><strong>initio</strong></span> <span class='ocrx_word' id='word_1_885' title='bbox 2417 5149 2715 5203; x_wconf 82' lang='lat' dir='ltr'><strong>turbantur.</strong></span> <span class='ocrx_word' id='word_1_886' title='bbox 2741 5144 2896 5212; x_wconf 82' lang='lat' dir='ltr'><strong>Quod</strong></span> <span class='ocrx_word' id='word_1_887' title='bbox 2915 5145 2959 5200; x_wconf 87' lang='lat' dir='ltr'><strong>si</strong></span> <span class='ocrx_word' id='word_1_888' title='bbox 2981 5145 3128 5199; x_wconf 79' lang='lat' dir='ltr'><strong>brevi</strong></span> <span class='ocrx_word' id='word_1_889' title='bbox 3155 5153 3364 5198; x_wconf 88' lang='lat' dir='ltr'><strong>uterum</strong></span> <span class='ocrx_word' id='word_1_890' title='bbox 3391 5153 3586 5213; x_wconf 85' lang='lat' dir='ltr'><strong>gestet,</strong></span> 
     </span>
    </p>
   </div>
   <div class='ocr_carea' id='block_1_115' title="bbox 2005 5237 3589 5304">
    <p class='ocr_par' dir='ltr' id='par_1_115' title="bbox 2005 5237 3589 5304">
     <span class='ocr_line' id='line_1_115' title="bbox 2005 5237 3589 5304; baseline -0.008 -3"><span class='ocrx_word' id='word_1_891' title='bbox 2005 5239 2216 5301; x_wconf 78' lang='lat' dir='ltr'><strong>rursum</strong></span> <span class='ocrx_word' id='word_1_892' title='bbox 2238 5253 2356 5297; x_wconf 89' lang='lat' dir='ltr'><strong>cum</strong></span> <span class='ocrx_word' id='word_1_893' title='bbox 2391 5251 2602 5296; x_wconf 84' lang='lat' dir='ltr'><strong>terrore</strong></span> <span class='ocrx_word' id='word_1_894' title='bbox 2635 5239 2853 5304; x_wconf 74' lang='lat' dir='ltr'><strong>ltetitia;</strong></span> <span class='ocrx_word' id='word_1_895' title='bbox 2885 5237 3017 5295; x_wconf 82' lang='lat' dir='ltr'><strong>nihil</strong></span> <span class='ocrx_word' id='word_1_896' title='bbox 3037 5246 3120 5293; x_wconf 89' lang='lat' dir='ltr'><strong>est</strong></span> <span class='ocrx_word' id='word_1_897' title='bbox 3147 5237 3288 5300; x_wconf 77' lang='lat' dir='ltr'><strong>enim</strong></span> <span class='ocrx_word' id='word_1_898' title='bbox 3310 5239 3589 5291; x_wconf 86' lang='lat' dir='ltr'><strong>matrimo-</strong></span> 
     </span>
    </p>
   </div>
   <div class='ocr_carea' id='block_1_116' title="bbox 2007 5329 3591 5398">
    <p class='ocr_par' dir='ltr' id='par_1_116' title="bbox 2007 5329 3591 5398">
     <span class='ocr_line' id='line_1_116' title="bbox 2007 5329 3591 5398; baseline -0.006 -7"><span class='ocrx_word' id='word_1_899' title='bbox 2007 5336 2080 5390; x_wconf 86' lang='lat' dir='ltr'><strong>nii</strong></span> <span class='ocrx_word' id='word_1_900' title='bbox 2121 5336 2386 5390; x_wconf 81' lang='lat' dir='ltr'><strong>bonorum</strong></span> <span class='ocrx_word' id='word_1_901' title='bbox 2432 5346 2658 5386; x_wconf 85' lang='lat' dir='ltr'><strong>vacuum</strong></span> <span class='ocrx_word' id='word_1_902' title='bbox 2707 5333 2943 5394; x_wconf 87' lang='lat' dir='ltr'><strong>terrore;</strong></span> <span class='ocrx_word' id='word_1_903' title='bbox 2995 5339 3192 5396; x_wconf 89' lang='lat' dir='ltr'><strong>terror,</strong></span> <span class='ocrx_word' id='word_1_904' title='bbox 3238 5329 3476 5398; x_wconf 91' lang='lat' dir='ltr'><strong>inquam,</strong></span> <span class='ocrx_word' id='word_1_905' title='bbox 3524 5341 3591 5382; x_wconf 89' lang='lat' dir='ltr'><strong>ne</strong></span> 
     </span>
    </p>
   </div>
   <div class='ocr_carea' id='block_1_117' title="bbox 2007 5419 3590 5491">
    <p class='ocr_par' dir='ltr' id='par_1_117' title="bbox 2007 5419 3590 5491">
     <span class='ocr_line' id='line_1_117' title="bbox 2007 5419 3590 5491; baseline -0.006 -9"><span class='ocrx_word' id='word_1_906' title='bbox 2007 5428 2194 5482; x_wconf 87' lang='lat' dir='ltr'><strong>abortu</strong></span> <span class='ocrx_word' id='word_1_907' title='bbox 2220 5425 2486 5480; x_wconf 89' lang='lat' dir='ltr'><strong>incidente</strong></span> <span class='ocrx_word' id='word_1_908' title='bbox 2521 5433 2574 5476; x_wconf 89' lang='lat' dir='ltr'><strong>et</strong></span> <span class='ocrx_word' id='word_1_909' title='bbox 2613 5419 2749 5491; x_wconf 85' lang='lat' dir='ltr'><strong>quod</strong></span> <span class='ocrx_word' id='word_1_910' title='bbox 2777 5428 3091 5490; x_wconf 89' lang='lat' dir='ltr'><strong>conceptum</strong></span> <span class='ocrx_word' id='word_1_911' title='bbox 3134 5428 3216 5474; x_wconf 91' lang='lat' dir='ltr'><strong>est</strong></span> <span class='ocrx_word' id='word_1_912' title='bbox 3257 5420 3506 5479; x_wconf 84' lang='lat' dir='ltr'><strong>intereat.</strong></span> <span class='ocrx_word' id='word_1_913' title='bbox 3534 5428 3590 5474; x_wconf 89' lang='lat' dir='ltr'><strong>et</strong></span> 
     </span>
    </p>
   </div>
   <div class='ocr_carea' id='block_1_118' title="bbox 1993 5509 3587 5589">
    <p class='ocr_par' dir='ltr' id='par_1_118' title="bbox 1993 5509 3587 5589">
     <span class='ocr_line' id='line_1_118' title="bbox 1993 5509 3587 5589; baseline -0.005 -18"><span class='ocrx_word' id='word_1_914' title='bbox 1993 5517 2219 5589; x_wconf 83' lang='lat' dir='ltr'><strong>gravida</strong></span> <span class='ocrx_word' id='word_1_915' title='bbox 2263 5516 2315 5570; x_wconf 91' lang='lat' dir='ltr'><strong>in</strong></span> <span class='ocrx_word' id='word_1_916' title='bbox 2353 5520 2650 5570; x_wconf 86' lang='lat' dir='ltr'><strong>extremum</strong></span> <span class='ocrx_word' id='word_1_917' title='bbox 2679 5510 2963 5569; x_wconf 84' lang='lat' dir='ltr'><strong>discrimen</strong></span> <span class='ocrx_word' id='word_1_918' title='bbox 2991 5509 3188 5566; x_wconf 78' lang='lat' dir='ltr'><strong>veniat.</strong></span> <span class='ocrx_word' id='word_1_919' title='bbox 3243 5509 3337 5564; x_wconf 92' lang='lat' dir='ltr'><strong>Sin</strong></span> <span class='ocrx_word' id='word_1_920' title='bbox 3365 5509 3587 5564; x_wconf 90' lang='lat' dir='ltr'><strong>multum</strong></span> 
     </span>
    </p>
   </div>
   <div class='ocr_carea' id='block_1_119' title="bbox 2007 5599 3588 5681">
    <p class='ocr_par' dir='ltr' id='par_1_119' title="bbox 2007 5599 3588 5681">
     <span class='ocr_line' id='line_1_119' title="bbox 2007 5599 3588 5681; baseline -0.008 -17"><span class='ocrx_word' id='word_1_921' title='bbox 2007 5608 2262 5681; x_wconf 90' lang='lat' dir='ltr'><strong>temporis</strong></span> <span class='ocrx_word' id='word_1_922' title='bbox 2305 5605 2533 5668; x_wconf 88' lang='lat' dir='ltr'><strong>intersit,</strong></span> <span class='ocrx_word' id='word_1_923' title='bbox 2571 5618 2707 5658; x_wconf 81' lang='lat' dir='ltr'><strong>uxor</strong></span> <span class='ocrx_word' id='word_1_924' title='bbox 2731 5600 2940 5656; x_wconf 84' lang='lat' dir='ltr'><strong>hiscere</strong></span> <span class='ocrx_word' id='word_1_925' title='bbox 2978 5613 3084 5654; x_wconf 90' lang='lat' dir='ltr'><strong>non</strong></span> <span class='ocrx_word' id='word_1_926' title='bbox 3115 5599 3309 5666; x_wconf 90' lang='lat' dir='ltr'><strong>audet,</strong></span> <span class='ocrx_word' id='word_1_927' title='bbox 3341 5599 3492 5670; x_wconf 88' lang='lat' dir='ltr'><strong>quasi</strong></span> <span class='ocrx_word' id='word_1_928' title='bbox 3520 5599 3588 5652; x_wconf 92' lang='lat' dir='ltr'><strong>sit</strong></span> 
     </span>
    </p>
   </div>
   <div class='ocr_carea' id='block_1_120' title="bbox 2009 5689 3587 5769">
    <p class='ocr_par' dir='ltr' id='par_1_120' title="bbox 2009 5689 3587 5769">
     <span class='ocr_line' id='line_1_120' title="bbox 2009 5689 3587 5769; baseline -0.009 -15"><span class='ocrx_word' id='word_1_929' title='bbox 2009 5700 2206 5754; x_wconf 88' lang='lat' dir='ltr'><strong>arbitra</strong></span> <span class='ocrx_word' id='word_1_930' title='bbox 2225 5699 2344 5769; x_wconf 85' lang='lat' dir='ltr'><strong>ipsa</strong></span> <span class='ocrx_word' id='word_1_931' title='bbox 2376 5693 2634 5767; x_wconf 87' lang='lat' dir='ltr'><strong>pariendi.</strong></span> <span class='ocrx_word' id='word_1_932' title='bbox 2664 5691 2852 5747; x_wconf 87' lang='lat' dir='ltr'><strong>Partus</strong></span> <span class='ocrx_word' id='word_1_933' title='bbox 2879 5698 3056 5751; x_wconf 87' lang='lat' dir='ltr'><strong>autem</strong></span> <span class='ocrx_word' id='word_1_934' title='bbox 3085 5689 3587 5757; x_wconf 86' lang='lat' dir='ltr'><strong>momentoimpen-</strong></span> 
     </span>
    </p>
   </div>
  </div>
