  <div class='ocr_page' id='page_1' title='image "/cluster/home/n/w/nwhite01/storage/ocr_20150623/48/mdp.39015032114640/059.png"; bbox 0 0 4016 6154; ppageno 0'>
   <div class='ocr_carea' id='block_1_1' title="bbox 443 288 547 344">
    <p class='ocr_par' dir='ltr' id='par_1_1' title="bbox 443 288 547 344">
     <span class='ocr_line' id='line_1_1' title="bbox 443 288 547 344; baseline -0.019 -1"><span class='ocrx_word' id='word_1_1' title='bbox 443 288 547 344; x_wconf 74' lang='grc'><strong>579</strong></span> 
     </span>
    </p>
   </div>
   <div class='ocr_carea' id='block_1_2' title="bbox 430 390 2012 465">
    <p class='ocr_par' dir='ltr' id='par_1_2' title="bbox 430 390 2012 465">
     <span class='ocr_line' id='line_1_2' title="bbox 430 390 2012 465; baseline -0.005 -12"><span class='ocrx_word' id='word_1_2' title='bbox 430 399 590 454; x_wconf 87' lang='lat' dir='ltr'><strong>dente</strong></span> <span class='ocrx_word' id='word_1_3' title='bbox 630 397 805 453; x_wconf 80' lang='lat' dir='ltr'><strong>alvum</strong></span> <span class='ocrx_word' id='word_1_4' title='bbox 846 406 993 452; x_wconf 90' lang='lat' dir='ltr'><strong>tanto</strong></span> <span class='ocrx_word' id='word_1_5' title='bbox 1032 397 1141 465; x_wconf 82' lang='lat' dir='ltr'><strong>jam</strong></span> <span class='ocrx_word' id='word_1_6' title='bbox 1173 405 1413 465; x_wconf 89' lang='lat' dir='ltr'><strong>tempore</strong></span> <span class='ocrx_word' id='word_1_7' title='bbox 1455 392 1758 448; x_wconf 88' lang='lat' dir='ltr'><strong>aftlictatam</strong></span> <span class='ocrx_word' id='word_1_8' title='bbox 1798 390 2012 445; x_wconf 84' lang='lat' dir='ltr'><strong>dolores</strong></span> 
     </span>
    </p>
   </div>
   <div class='ocr_carea' id='block_1_3' title="bbox 429 480 2015 558">
    <p class='ocr_par' dir='ltr' id='par_1_3' title="bbox 429 480 2015 558">
     <span class='ocr_line' id='line_1_3' title="bbox 429 480 2015 558; baseline -0.006 -16"><span class='ocrx_word' id='word_1_9' title='bbox 429 491 772 558; x_wconf 77' lang='lat' dir='ltr'><strong>disrumpunt</strong></span> <span class='ocrx_word' id='word_1_10' title='bbox 810 502 872 542; x_wconf 88' lang='lat' dir='ltr'><strong>ac</strong></span> <span class='ocrx_word' id='word_1_11' title='bbox 899 487 1177 550; x_wconf 89' lang='lat' dir='ltr'><strong>divellunt,</strong></span> <span class='ocrx_word' id='word_1_12' title='bbox 1206 486 1295 554; x_wconf 90' lang='lat' dir='ltr'><strong>qui</strong></span> <span class='ocrx_word' id='word_1_13' title='bbox 1327 483 1412 539; x_wconf 89' lang='lat' dir='ltr'><strong>vel</strong></span> <span class='ocrx_word' id='word_1_14' title='bbox 1440 482 1540 537; x_wconf 93' lang='lat' dir='ltr'><strong>soli</strong></span> <span class='ocrx_word' id='word_1_15' title='bbox 1581 497 1792 536; x_wconf 90' lang='lat' dir='ltr'><strong>omnem</strong></span> <span class='ocrx_word' id='word_1_16' title='bbox 1833 480 2015 534; x_wconf 90' lang='lat' dir='ltr'><strong>matri-</strong></span> 
     </span>
    </p>
   </div>
   <div class='ocr_carea' id='block_1_4' title="bbox 431 573 2014 650">
    <p class='ocr_par' dir='ltr' id='par_1_4' title="bbox 431 573 2014 650">
     <span class='ocr_line' id='line_1_4' title="bbox 431 573 2014 650; baseline -0.005 -16"><span class='ocrx_word' id='word_1_17' title='bbox 431 579 595 635; x_wconf 84' lang='lat' dir='ltr'><strong>monii</strong></span> <span class='ocrx_word' id='word_1_18' title='bbox 645 580 968 650; x_wconf 89' lang='lat' dir='ltr'><strong>voluptatem</strong></span> <span class='ocrx_word' id='word_1_19' title='bbox 1007 578 1287 634; x_wconf 81' lang='lat' dir='ltr'><strong>offuscent.</strong></span> <span class='ocrx_word' id='word_1_20' title='bbox 1327 576 1463 644; x_wconf 84' lang='lat' dir='ltr'><strong>Quin</strong></span> <span class='ocrx_word' id='word_1_21' title='bbox 1509 585 1564 629; x_wconf 91' lang='lat' dir='ltr'><strong>et</strong></span> <span class='ocrx_word' id='word_1_22' title='bbox 1604 574 1725 628; x_wconf 81' lang='lat' dir='ltr'><strong>alia:</strong></span> <span class='ocrx_word' id='word_1_23' title='bbox 1764 573 2014 641; x_wconf 77' lang='lat' dir='ltr'><strong>deinceps</strong></span> 
     </span>
    </p>
   </div>
   <div class='ocr_carea' id='block_1_5' title="bbox 428 665 2013 726">
    <p class='ocr_par' dir='ltr' id='par_1_5' title="bbox 428 665 2013 726">
     <span class='ocr_line' id='line_1_5' title="bbox 428 665 2013 726; baseline -0.006 0"><span class='ocrx_word' id='word_1_24' title='bbox 428 686 573 726; x_wconf 74' lang='lat' dir='ltr'><strong>cura:</strong></span> <span class='ocrx_word' id='word_1_25' title='bbox 616 685 734 724; x_wconf 91' lang='lat' dir='ltr'><strong>eam</strong></span> <span class='ocrx_word' id='word_1_26' title='bbox 778 669 1084 725; x_wconf 89' lang='lat' dir='ltr'><strong>sollicitant.</strong></span> <span class='ocrx_word' id='word_1_27' title='bbox 1124 666 1335 722; x_wconf 87' lang='lat' dir='ltr'><strong>Etenim</strong></span> <span class='ocrx_word' id='word_1_28' title='bbox 1381 665 1572 720; x_wconf 88' lang='lat' dir='ltr'><strong>misera</strong></span> <span class='ocrx_word' id='word_1_29' title='bbox 1615 673 1670 718; x_wconf 90' lang='lat' dir='ltr'><strong>et</strong></span> <span class='ocrx_word' id='word_1_30' title='bbox 1715 676 2013 718; x_wconf 62' lang='lat' dir='ltr'><strong>aerumnosa</strong></span> 
     </span>
    </p>
   </div>
   <div class='ocr_carea' id='block_1_6' title="bbox 430 753 2010 828">
    <p class='ocr_par' dir='ltr' id='par_1_6' title="bbox 430 753 2010 828">
     <span class='ocr_line' id='line_1_6' title="bbox 430 753 2010 828; baseline -0.003 -17"><span class='ocrx_word' id='word_1_31' title='bbox 430 760 626 828; x_wconf 84' lang='lat' dir='ltr'><strong>puella,</strong></span> <span class='ocrx_word' id='word_1_32' title='bbox 661 759 759 814; x_wconf 90' lang='lat' dir='ltr'><strong>etsi</strong></span> <span class='ocrx_word' id='word_1_33' title='bbox 796 757 1258 814; x_wconf 88' lang='lat' dir='ltr'><strong>vehementissime</strong></span> <span class='ocrx_word' id='word_1_34' title='bbox 1301 756 1364 810; x_wconf 94' lang='lat' dir='ltr'><strong>iis</strong></span> <span class='ocrx_word' id='word_1_35' title='bbox 1399 755 1718 810; x_wconf 83' lang='lat' dir='ltr'><strong>cruciatibus</strong></span> <span class='ocrx_word' id='word_1_36' title='bbox 1760 753 2010 817; x_wconf 88' lang='lat' dir='ltr'><strong>distenta,</strong></span> 
     </span>
    </p>
   </div>
   <div class='ocr_carea' id='block_1_7' title="bbox 431 843 2014 916">
    <p class='ocr_par' dir='ltr' id='par_1_7' title="bbox 431 843 2014 916">
     <span class='ocr_line' id='line_1_7' title="bbox 431 843 2014 916; baseline -0.006 -10"><span class='ocrx_word' id='word_1_37' title='bbox 431 850 596 906; x_wconf 85' lang='lat' dir='ltr'><strong>nihilo</strong></span> <span class='ocrx_word' id='word_1_38' title='bbox 625 851 707 906; x_wconf 86' lang='lat' dir='ltr'><strong>his</strong></span> <span class='ocrx_word' id='word_1_39' title='bbox 736 849 910 904; x_wconf 89' lang='lat' dir='ltr'><strong>minus</strong></span> <span class='ocrx_word' id='word_1_40' title='bbox 941 848 1207 911; x_wconf 78' lang='lat' dir='ltr'><strong>formidat,</strong></span> <span class='ocrx_word' id='word_1_41' title='bbox 1242 864 1307 902; x_wconf 92' lang='lat' dir='ltr'><strong>ne</strong></span> <span class='ocrx_word' id='word_1_42' title='bbox 1338 860 1434 916; x_wconf 88' lang='lat' dir='ltr'><strong>pro</strong></span> <span class='ocrx_word' id='word_1_43' title='bbox 1461 844 1693 915; x_wconf 87' lang='lat' dir='ltr'><strong>perfecto</strong></span> <span class='ocrx_word' id='word_1_44' title='bbox 1719 852 1773 898; x_wconf 91' lang='lat' dir='ltr'><strong>et</strong></span> <span class='ocrx_word' id='word_1_45' title='bbox 1806 843 2014 912; x_wconf 85' lang='lat' dir='ltr'><strong>integro</strong></span> 
     </span>
    </p>
   </div>
   <div class='ocr_carea' id='block_1_8' title="bbox 431 936 2014 1009">
    <p class='ocr_par' dir='ltr' id='par_1_8' title="bbox 431 936 2014 1009">
     <span class='ocr_line' id='line_1_8' title="bbox 431 936 2014 1009; baseline -0.001 -20"><span class='ocrx_word' id='word_1_46' title='bbox 431 941 655 996; x_wconf 85' lang='lat' dir='ltr'><strong>vitiosus</strong></span> <span class='ocrx_word' id='word_1_47' title='bbox 696 948 855 1009; x_wconf 81' lang='lat' dir='ltr'><strong>atque</strong></span> <span class='ocrx_word' id='word_1_48' title='bbox 895 940 1112 995; x_wconf 81' lang='lat' dir='ltr'><strong>mutilus</strong></span> <span class='ocrx_word' id='word_1_49' title='bbox 1141 938 1314 994; x_wconf 79' lang='lat' dir='ltr'><strong>infans</strong></span> <span class='ocrx_word' id='word_1_50' title='bbox 1343 936 1584 1007; x_wconf 91' lang='lat' dir='ltr'><strong>prodeat,</strong></span> <span class='ocrx_word' id='word_1_51' title='bbox 1626 950 1692 989; x_wconf 91' lang='lat' dir='ltr'><strong>ne</strong></span> <span class='ocrx_word' id='word_1_52' title='bbox 1734 948 1832 1003; x_wconf 92' lang='lat' dir='ltr'><strong>pro</strong></span> <span class='ocrx_word' id='word_1_53' title='bbox 1867 947 2014 987; x_wconf 90' lang='lat' dir='ltr'><strong>mare</strong></span> 
     </span>
    </p>
   </div>
   <div class='ocr_carea' id='block_1_9' title="bbox 434 1024 2009 1101">
    <p class='ocr_par' dir='ltr' id='par_1_9' title="bbox 434 1024 2009 1101">
     <span class='ocr_line' id='line_1_9' title="bbox 434 1024 2009 1101; baseline -0.006 -17"><span class='ocrx_word' id='word_1_54' title='bbox 434 1033 647 1085; x_wconf 81' lang='lat' dir='ltr'><strong>femina.</strong></span> <span class='ocrx_word' id='word_1_55' title='bbox 681 1031 861 1101; x_wconf 84' lang='lat' dir='ltr'><strong>Neque</strong></span> <span class='ocrx_word' id='word_1_56' title='bbox 888 1031 1030 1085; x_wconf 87' lang='lat' dir='ltr'><strong>enim</strong></span> <span class='ocrx_word' id='word_1_57' title='bbox 1069 1031 1182 1085; x_wconf 70' lang='lat' dir='ltr'><strong>hxnc</strong></span> <span class='ocrx_word' id='word_1_58' title='bbox 1221 1044 1312 1084; x_wconf 90' lang='lat' dir='ltr'><strong>eas</strong></span> <span class='ocrx_word' id='word_1_59' title='bbox 1340 1025 1638 1082; x_wconf 88' lang='lat' dir='ltr'><strong>sollicitudo</strong></span> <span class='ocrx_word' id='word_1_60' title='bbox 1680 1024 1846 1080; x_wconf 90' lang='lat' dir='ltr'><strong>levius</strong></span> <span class='ocrx_word' id='word_1_61' title='bbox 1875 1032 2009 1089; x_wconf 93' lang='lat' dir='ltr'><strong>tum,</strong></span> 
     </span>
    </p>
   </div>
   <div class='ocr_carea' id='block_1_10' title="bbox 432 1114 2013 1195">
    <p class='ocr_par' dir='ltr' id='par_1_10' title="bbox 432 1114 2013 1195">
     <span class='ocr_line' id='line_1_10' title="bbox 432 1114 2013 1195; baseline -0.006 -18"><span class='ocrx_word' id='word_1_62' title='bbox 432 1136 599 1195; x_wconf 88' lang='lat' dir='ltr'><strong>quam</strong></span> <span class='ocrx_word' id='word_1_63' title='bbox 642 1122 878 1186; x_wconf 77' lang='lat' dir='ltr'><strong>dolores,</strong></span> <span class='ocrx_word' id='word_1_64' title='bbox 923 1129 1169 1185; x_wconf 81' lang='lat' dir='ltr'><strong>exercet;</strong></span> <span class='ocrx_word' id='word_1_65' title='bbox 1211 1136 1329 1189; x_wconf 76' lang='lat' dir='ltr'><strong>qua:</strong></span> <span class='ocrx_word' id='word_1_66' title='bbox 1373 1134 1479 1174; x_wconf 90' lang='lat' dir='ltr'><strong>non</strong></span> <span class='ocrx_word' id='word_1_67' title='bbox 1529 1117 1687 1172; x_wconf 92' lang='lat' dir='ltr'><strong>modo</strong></span> <span class='ocrx_word' id='word_1_68' title='bbox 1728 1120 1780 1170; x_wconf 89' lang='lat' dir='ltr'><strong>in</strong></span> <span class='ocrx_word' id='word_1_69' title='bbox 1823 1114 2013 1185; x_wconf 85' lang='lat' dir='ltr'><strong>quibus</strong></span> 
     </span>
    </p>
   </div>
   <div class='ocr_carea' id='block_1_11' title="bbox 432 1208 2012 1279">
    <p class='ocr_par' dir='ltr' id='par_1_11' title="bbox 432 1208 2012 1279">
     <span class='ocr_line' id='line_1_11' title="bbox 432 1208 2012 1279; baseline -0.003 -17"><span class='ocrx_word' id='word_1_70' title='bbox 432 1225 627 1267; x_wconf 79' lang='lat' dir='ltr'><strong>noxam</strong></span> <span class='ocrx_word' id='word_1_71' title='bbox 671 1214 1028 1277; x_wconf 79' lang='lat' dir='ltr'><strong>committant,</strong></span> <span class='ocrx_word' id='word_1_72' title='bbox 1077 1211 1172 1267; x_wconf 90' lang='lat' dir='ltr'><strong>sed</strong></span> <span class='ocrx_word' id='word_1_73' title='bbox 1218 1211 1375 1266; x_wconf 91' lang='lat' dir='ltr'><strong>etiam</strong></span> <span class='ocrx_word' id='word_1_74' title='bbox 1428 1211 1481 1264; x_wconf 90' lang='lat' dir='ltr'><strong>in</strong></span> <span class='ocrx_word' id='word_1_75' title='bbox 1525 1208 1716 1279; x_wconf 89' lang='lat' dir='ltr'><strong>quibus</strong></span> <span class='ocrx_word' id='word_1_76' title='bbox 1766 1210 1940 1260; x_wconf 86' lang='lat' dir='ltr'><strong>absint</strong></span> <span class='ocrx_word' id='word_1_77' title='bbox 1982 1218 2012 1257; x_wconf 91' lang='lat' dir='ltr'><strong>a</strong></span> 
     </span>
    </p>
   </div>
   <div class='ocr_carea' id='block_1_12' title="bbox 436 1300 2009 1372">
    <p class='ocr_par' dir='ltr' id='par_1_12' title="bbox 436 1300 2009 1372">
     <span class='ocr_line' id='line_1_12' title="bbox 436 1300 2009 1372; baseline -0.004 -18"><span class='ocrx_word' id='word_1_78' title='bbox 436 1303 612 1372; x_wconf 89' lang='lat' dir='ltr'><strong>culpa,</strong></span> <span class='ocrx_word' id='word_1_79' title='bbox 636 1303 688 1355; x_wconf 93' lang='lat' dir='ltr'><strong>in</strong></span> <span class='ocrx_word' id='word_1_80' title='bbox 719 1302 804 1356; x_wconf 92' lang='lat' dir='ltr'><strong>his</strong></span> <span class='ocrx_word' id='word_1_81' title='bbox 828 1318 934 1357; x_wconf 92' lang='lat' dir='ltr'><strong>non</strong></span> <span class='ocrx_word' id='word_1_82' title='bbox 962 1304 1138 1356; x_wconf 91' lang='lat' dir='ltr'><strong>minus</strong></span> <span class='ocrx_word' id='word_1_83' title='bbox 1166 1316 1324 1371; x_wconf 90' lang='lat' dir='ltr'><strong>quam</strong></span> <span class='ocrx_word' id='word_1_84' title='bbox 1356 1301 1407 1353; x_wconf 95' lang='lat' dir='ltr'><strong>in</strong></span> <span class='ocrx_word' id='word_1_85' title='bbox 1438 1300 1542 1354; x_wconf 88' lang='lat' dir='ltr'><strong>illis</strong></span> <span class='ocrx_word' id='word_1_86' title='bbox 1569 1300 1711 1352; x_wconf 90' lang='lat' dir='ltr'><strong>viros</strong></span> <span class='ocrx_word' id='word_1_87' title='bbox 1740 1304 2009 1360; x_wconf 90' lang='lat' dir='ltr'><strong>metuant;</strong></span> 
     </span>
    </p>
   </div>
   <div class='ocr_carea' id='block_1_13' title="bbox 435 1389 2014 1464">
    <p class='ocr_par' dir='ltr' id='par_1_13' title="bbox 435 1389 2014 1464">
     <span class='ocr_line' id='line_1_13' title="bbox 435 1389 2014 1464; baseline -0.004 -18"><span class='ocrx_word' id='word_1_88' title='bbox 435 1392 487 1446; x_wconf 90' lang='lat' dir='ltr'><strong>in</strong></span> <span class='ocrx_word' id='word_1_89' title='bbox 527 1409 699 1463; x_wconf 90' lang='lat' dir='ltr'><strong>eaque</strong></span> <span class='ocrx_word' id='word_1_90' title='bbox 737 1402 1050 1464; x_wconf 83' lang='lat' dir='ltr'><strong>tempestate</strong></span> <span class='ocrx_word' id='word_1_91' title='bbox 1092 1394 1274 1449; x_wconf 88' lang='lat' dir='ltr'><strong>salutis</strong></span> <span class='ocrx_word' id='word_1_92' title='bbox 1310 1407 1419 1446; x_wconf 79' lang='lat' dir='ltr'><strong>suae</strong></span> <span class='ocrx_word' id='word_1_93' title='bbox 1463 1390 1637 1445; x_wconf 89' lang='lat' dir='ltr'><strong>studio</strong></span> <span class='ocrx_word' id='word_1_94' title='bbox 1679 1389 1899 1450; x_wconf 77' lang='lat' dir='ltr'><strong>onnsso,</strong></span> <span class='ocrx_word' id='word_1_95' title='bbox 1945 1400 2014 1440; x_wconf 90' lang='lat' dir='ltr'><strong>ne</strong></span> 
     </span>
    </p>
   </div>
   <div class='ocr_carea' id='block_1_14' title="bbox 435 1478 2011 1556">
    <p class='ocr_par' dir='ltr' id='par_1_14' title="bbox 435 1478 2011 1556">
     <span class='ocr_line' id='line_1_14' title="bbox 435 1478 2011 1556; baseline -0.004 -19"><span class='ocrx_word' id='word_1_96' title='bbox 435 1484 563 1553; x_wconf 88' lang='lat' dir='ltr'><strong>quid</strong></span> <span class='ocrx_word' id='word_1_97' title='bbox 603 1486 718 1540; x_wconf 89' lang='lat' dir='ltr'><strong>viro</strong></span> <span class='ocrx_word' id='word_1_98' title='bbox 757 1486 968 1541; x_wconf 89' lang='lat' dir='ltr'><strong>accidat</strong></span> <span class='ocrx_word' id='word_1_99' title='bbox 1005 1486 1291 1556; x_wconf 87' lang='lat' dir='ltr'><strong>ingratum,</strong></span> <span class='ocrx_word' id='word_1_100' title='bbox 1324 1493 1594 1539; x_wconf 91' lang='lat' dir='ltr'><strong>verentur.</strong></span> <span class='ocrx_word' id='word_1_101' title='bbox 1625 1482 1742 1537; x_wconf 85' lang='lat' dir='ltr'><strong>Jam</strong></span> <span class='ocrx_word' id='word_1_102' title='bbox 1785 1479 1929 1534; x_wconf 90' lang='lat' dir='ltr'><strong>edito</strong></span> <span class='ocrx_word' id='word_1_103' title='bbox 1958 1478 2011 1532; x_wconf 93' lang='lat' dir='ltr'><strong>in</strong></span> 
     </span>
    </p>
   </div>
   <div class='ocr_carea' id='block_1_15' title="bbox 434 1572 2010 1645">
    <p class='ocr_par' dir='ltr' id='par_1_15' title="bbox 434 1572 2010 1645">
     <span class='ocr_line' id='line_1_15' title="bbox 434 1572 2010 1645; baseline -0.003 -19"><span class='ocrx_word' id='word_1_104' title='bbox 434 1588 597 1629; x_wconf 81' lang='lat' dir='ltr'><strong>auras</strong></span> <span class='ocrx_word' id='word_1_105' title='bbox 637 1572 855 1642; x_wconf 84' lang='lat' dir='ltr'><strong>infante,</strong></span> <span class='ocrx_word' id='word_1_106' title='bbox 886 1591 951 1630; x_wconf 88' lang='lat' dir='ltr'><strong>ac</strong></span> <span class='ocrx_word' id='word_1_107' title='bbox 978 1577 1200 1645; x_wconf 86' lang='lat' dir='ltr'><strong>primam</strong></span> <span class='ocrx_word' id='word_1_108' title='bbox 1232 1590 1419 1629; x_wconf 87' lang='lat' dir='ltr'><strong>vocem</strong></span> <span class='ocrx_word' id='word_1_109' title='bbox 1444 1574 1623 1637; x_wconf 88' lang='lat' dir='ltr'><strong>ell&#39;ato,</strong></span> <span class='ocrx_word' id='word_1_110' title='bbox 1655 1572 1772 1626; x_wconf 66' lang='lat' dir='ltr'><strong>alia:</strong></span> <span class='ocrx_word' id='word_1_111' title='bbox 1799 1584 2010 1625; x_wconf 85' lang='lat' dir='ltr'><strong>rursum</strong></span> 
     </span>
    </p>
   </div>
   <div class='ocr_carea' id='block_1_16' title="bbox 436 1660 2014 1735">
    <p class='ocr_par' dir='ltr' id='par_1_16' title="bbox 436 1660 2014 1735">
     <span class='ocr_line' id='line_1_16' title="bbox 436 1660 2014 1735; baseline -0.003 -17"><span class='ocrx_word' id='word_1_112' title='bbox 436 1678 578 1719; x_wconf 71' lang='lat' dir='ltr'><strong>cura:</strong></span> <span class='ocrx_word' id='word_1_113' title='bbox 598 1665 869 1734; x_wconf 79' lang='lat' dir='ltr'><strong>excipiunt</strong></span> <span class='ocrx_word' id='word_1_114' title='bbox 889 1667 1268 1721; x_wconf 86' lang='lat' dir='ltr'><strong>incolumitatis</strong></span> <span class='ocrx_word' id='word_1_115' title='bbox 1289 1677 1448 1735; x_wconf 88' lang='lat' dir='ltr'><strong>atque</strong></span> <span class='ocrx_word' id='word_1_116' title='bbox 1472 1663 1820 1721; x_wconf 87' lang='lat' dir='ltr'><strong>educationis.</strong></span> <span class='ocrx_word' id='word_1_117' title='bbox 1850 1660 1907 1716; x_wconf 89' lang='lat' dir='ltr'><strong>Si</strong></span> <span class='ocrx_word' id='word_1_118' title='bbox 1933 1661 2014 1714; x_wconf 85' lang='lat' dir='ltr'><strong>in-</strong></span> 
     </span>
    </p>
   </div>
   <div class='ocr_carea' id='block_1_17' title="bbox 434 1753 2011 1828">
    <p class='ocr_par' dir='ltr' id='par_1_17' title="bbox 434 1753 2011 1828">
     <span class='ocr_line' id='line_1_17' title="bbox 434 1753 2011 1828; baseline -0.001 -18"><span class='ocrx_word' id='word_1_119' title='bbox 434 1756 557 1811; x_wconf 90' lang='lat' dir='ltr'><strong>dole</strong></span> <span class='ocrx_word' id='word_1_120' title='bbox 583 1767 663 1812; x_wconf 92' lang='lat' dir='ltr'><strong>est</strong></span> <span class='ocrx_word' id='word_1_121' title='bbox 694 1758 898 1813; x_wconf 84' lang='lat' dir='ltr'><strong>liberali</strong></span> <span class='ocrx_word' id='word_1_122' title='bbox 927 1769 979 1814; x_wconf 88' lang='lat' dir='ltr'><strong>et</strong></span> <span class='ocrx_word' id='word_1_123' title='bbox 1006 1758 1073 1813; x_wconf 89' lang='lat' dir='ltr'><strong>ad</strong></span> <span class='ocrx_word' id='word_1_124' title='bbox 1099 1760 1345 1814; x_wconf 90' lang='lat' dir='ltr'><strong>virtutem</strong></span> <span class='ocrx_word' id='word_1_125' title='bbox 1370 1768 1698 1828; x_wconf 89' lang='lat' dir='ltr'><strong>comparata,</strong></span> <span class='ocrx_word' id='word_1_126' title='bbox 1727 1757 1919 1810; x_wconf 86' lang='lat' dir='ltr'><strong>iterum</strong></span> <span class='ocrx_word' id='word_1_127' title='bbox 1957 1753 2011 1808; x_wconf 90' lang='lat' dir='ltr'><strong>in</strong></span> 
     </span>
    </p>
   </div>
   <div class='ocr_carea' id='block_1_18' title="bbox 436 1846 2010 1918">
    <p class='ocr_par' dir='ltr' id='par_1_18' title="bbox 436 1846 2010 1918">
     <span class='ocr_line' id='line_1_18' title="bbox 436 1846 2010 1918; baseline 0 -20"><span class='ocrx_word' id='word_1_128' title='bbox 436 1853 579 1899; x_wconf 90' lang='lat' dir='ltr'><strong>metu</strong></span> <span class='ocrx_word' id='word_1_129' title='bbox 607 1858 872 1916; x_wconf 89' lang='lat' dir='ltr'><strong>parentes,</strong></span> <span class='ocrx_word' id='word_1_130' title='bbox 897 1864 964 1903; x_wconf 90' lang='lat' dir='ltr'><strong>ne</strong></span> <span class='ocrx_word' id='word_1_131' title='bbox 993 1849 1118 1918; x_wconf 86' lang='lat' dir='ltr'><strong>quid</strong></span> <span class='ocrx_word' id='word_1_132' title='bbox 1140 1850 1412 1903; x_wconf 91' lang='lat' dir='ltr'><strong>sinistrum</strong></span> <span class='ocrx_word' id='word_1_133' title='bbox 1440 1850 1691 1918; x_wconf 81' lang='lat' dir='ltr'><strong>patiatur,</strong></span> <span class='ocrx_word' id='word_1_134' title='bbox 1726 1861 1791 1901; x_wconf 90' lang='lat' dir='ltr'><strong>ne</strong></span> <span class='ocrx_word' id='word_1_135' title='bbox 1819 1846 2010 1901; x_wconf 87' lang='lat' dir='ltr'><strong>imma-</strong></span> 
     </span>
    </p>
   </div>
   <div class='ocr_carea' id='block_1_19' title="bbox 437 1938 2007 2010">
    <p class='ocr_par' dir='ltr' id='par_1_19' title="bbox 437 1938 2007 2010">
     <span class='ocr_line' id='line_1_19' title="bbox 437 1938 2007 2010; baseline 0.001 -20"><span class='ocrx_word' id='word_1_136' title='bbox 437 1946 552 1991; x_wconf 90' lang='lat' dir='ltr'><strong>tura</strong></span> <span class='ocrx_word' id='word_1_137' title='bbox 592 1948 766 1994; x_wconf 91' lang='lat' dir='ltr'><strong>morte</strong></span> <span class='ocrx_word' id='word_1_138' title='bbox 804 1940 981 2006; x_wconf 90' lang='lat' dir='ltr'><strong>obeat,</strong></span> <span class='ocrx_word' id='word_1_139' title='bbox 1022 1956 1091 1995; x_wconf 92' lang='lat' dir='ltr'><strong>ne</strong></span> <span class='ocrx_word' id='word_1_140' title='bbox 1128 1941 1181 1998; x_wconf 89' lang='lat' dir='ltr'><strong>in</strong></span> <span class='ocrx_word' id='word_1_141' title='bbox 1217 1941 1401 1995; x_wconf 83' lang='lat' dir='ltr'><strong>vitium</strong></span> <span class='ocrx_word' id='word_1_142' title='bbox 1436 1938 1649 2010; x_wconf 86' lang='lat' dir='ltr'><strong>aliquod</strong></span> <span class='ocrx_word' id='word_1_143' title='bbox 1686 1938 2007 2007; x_wconf 80' lang='lat' dir='ltr'><strong>degeneret;</strong></span> 
     </span>
    </p>
   </div>
   <div class='ocr_carea' id='block_1_20' title="bbox 435 2031 2011 2102">
    <p class='ocr_par' dir='ltr' id='par_1_20' title="bbox 435 2031 2011 2102">
     <span class='ocr_line' id='line_1_20' title="bbox 435 2031 2011 2102; baseline 0.001 -20"><span class='ocrx_word' id='word_1_144' title='bbox 435 2044 556 2083; x_wconf 88' lang='lat' dir='ltr'><strong>nam</strong></span> <span class='ocrx_word' id='word_1_145' title='bbox 583 2046 686 2085; x_wconf 90' lang='lat' dir='ltr'><strong>non</strong></span> <span class='ocrx_word' id='word_1_146' title='bbox 709 2031 879 2086; x_wconf 88' lang='lat' dir='ltr'><strong>solum</strong></span> <span class='ocrx_word' id='word_1_147' title='bbox 908 2047 970 2087; x_wconf 81' lang='lat' dir='ltr'><strong>ex</strong></span> <span class='ocrx_word' id='word_1_148' title='bbox 1001 2032 1255 2100; x_wconf 85' lang='lat' dir='ltr'><strong>improbis</strong></span> <span class='ocrx_word' id='word_1_149' title='bbox 1282 2032 1454 2102; x_wconf 90' lang='lat' dir='ltr'><strong>probi,</strong></span> <span class='ocrx_word' id='word_1_150' title='bbox 1482 2031 1575 2086; x_wconf 91' lang='lat' dir='ltr'><strong>sed</strong></span> <span class='ocrx_word' id='word_1_151' title='bbox 1602 2031 1761 2086; x_wconf 87' lang='lat' dir='ltr'><strong>etiam</strong></span> <span class='ocrx_word' id='word_1_152' title='bbox 1791 2045 1856 2085; x_wconf 83' lang='lat' dir='ltr'><strong>ex</strong></span> <span class='ocrx_word' id='word_1_153' title='bbox 1887 2044 2011 2101; x_wconf 87' lang='lat' dir='ltr'><strong>pro—</strong></span> 
     </span>
    </p>
   </div>
   <div class='ocr_carea' id='block_1_21' title="bbox 438 2119 2009 2192">
    <p class='ocr_par' dir='ltr' id='par_1_21' title="bbox 438 2119 2009 2192">
     <span class='ocr_line' id='line_1_21' title="bbox 438 2119 2009 2192; baseline 0.001 -20"><span class='ocrx_word' id='word_1_154' title='bbox 438 2119 517 2173; x_wconf 87' lang='lat' dir='ltr'><strong>bis</strong></span> <span class='ocrx_word' id='word_1_155' title='bbox 543 2121 769 2189; x_wconf 84' lang='lat' dir='ltr'><strong>improbi</strong></span> <span class='ocrx_word' id='word_1_156' title='bbox 797 2137 861 2177; x_wconf 88' lang='lat' dir='ltr'><strong>ae</strong></span> <span class='ocrx_word' id='word_1_157' title='bbox 899 2121 1144 2192; x_wconf 83' lang='lat' dir='ltr'><strong>tlagitiosi</strong></span> <span class='ocrx_word' id='word_1_158' title='bbox 1183 2122 1334 2177; x_wconf 84' lang='lat' dir='ltr'><strong>tiunt.</strong></span> <span class='ocrx_word' id='word_1_159' title='bbox 1365 2122 1601 2190; x_wconf 87' lang='lat' dir='ltr'><strong>Quorum</strong></span> <span class='ocrx_word' id='word_1_160' title='bbox 1634 2123 1677 2175; x_wconf 93' lang='lat' dir='ltr'><strong>si</strong></span> <span class='ocrx_word' id='word_1_161' title='bbox 1717 2119 1843 2190; x_wconf 87' lang='lat' dir='ltr'><strong>quid</strong></span> <span class='ocrx_word' id='word_1_162' title='bbox 1883 2132 2009 2173; x_wconf 84' lang='lat' dir='ltr'><strong>eve-</strong></span> 
     </span>
    </p>
   </div>
   <div class='ocr_carea' id='block_1_22' title="bbox 439 2212 2012 2285">
    <p class='ocr_par' dir='ltr' id='par_1_22' title="bbox 439 2212 2012 2285">
     <span class='ocr_line' id='line_1_22' title="bbox 439 2212 2012 2285; baseline 0.003 -21"><span class='ocrx_word' id='word_1_163' title='bbox 439 2213 550 2266; x_wconf 89' lang='lat' dir='ltr'><strong>niat</strong></span> <span class='ocrx_word' id='word_1_164' title='bbox 574 2213 820 2279; x_wconf 89' lang='lat' dir='ltr'><strong>invisum,</strong></span> <span class='ocrx_word' id='word_1_165' title='bbox 853 2214 1235 2270; x_wconf 84' lang='lat' dir='ltr'><strong>intolerabilius</strong></span> <span class='ocrx_word' id='word_1_166' title='bbox 1274 2215 1471 2270; x_wconf 90' lang='lat' dir='ltr'><strong>malum</strong></span> <span class='ocrx_word' id='word_1_167' title='bbox 1506 2223 1608 2279; x_wconf 87' lang='lat' dir='ltr'><strong>est,</strong></span> <span class='ocrx_word' id='word_1_168' title='bbox 1639 2229 1796 2285; x_wconf 88' lang='lat' dir='ltr'><strong>quam</strong></span> <span class='ocrx_word' id='word_1_169' title='bbox 1826 2213 1870 2267; x_wconf 90' lang='lat' dir='ltr'><strong>si</strong></span> <span class='ocrx_word' id='word_1_170' title='bbox 1897 2212 2012 2268; x_wconf 77' lang='lat' dir='ltr'><strong>hac</strong></span> 
     </span>
    </p>
   </div>
   <div class='ocr_carea' id='block_1_23' title="bbox 435 2303 2009 2375">
    <p class='ocr_par' dir='ltr' id='par_1_23' title="bbox 435 2303 2009 2375">
     <span class='ocr_line' id='line_1_23' title="bbox 435 2303 2009 2375; baseline 0.001 -19"><span class='ocrx_word' id='word_1_171' title='bbox 435 2303 502 2357; x_wconf 90' lang='lat' dir='ltr'><strong>ab</strong></span> <span class='ocrx_word' id='word_1_172' title='bbox 531 2304 1073 2375; x_wconf 87' lang='lat' dir='ltr'><strong>initiocontigissent:</strong></span> <span class='ocrx_word' id='word_1_173' title='bbox 1097 2307 1177 2360; x_wconf 90' lang='lat' dir='ltr'><strong>sin</strong></span> <span class='ocrx_word' id='word_1_174' title='bbox 1199 2307 1376 2360; x_wconf 85' lang='lat' dir='ltr'><strong>omnia</strong></span> <span class='ocrx_word' id='word_1_175' title='bbox 1398 2306 1452 2360; x_wconf 93' lang='lat' dir='ltr'><strong>in</strong></span> <span class='ocrx_word' id='word_1_176' title='bbox 1478 2320 1543 2360; x_wconf 93' lang='lat' dir='ltr'><strong>eo</strong></span> <span class='ocrx_word' id='word_1_177' title='bbox 1571 2305 1821 2375; x_wconf 67' lang='lat' dir='ltr'><strong>praeclara</strong></span> <span class='ocrx_word' id='word_1_178' title='bbox 1841 2303 2009 2358; x_wconf 86' lang='lat' dir='ltr'><strong>stabi-</strong></span> 
     </span>
    </p>
   </div>
   <div class='ocr_carea' id='block_1_24' title="bbox 436 2394 2006 2467">
    <p class='ocr_par' dir='ltr' id='par_1_24' title="bbox 436 2394 2006 2467">
     <span class='ocr_line' id='line_1_24' title="bbox 436 2394 2006 2467; baseline 0.001 -19"><span class='ocrx_word' id='word_1_179' title='bbox 436 2394 502 2448; x_wconf 88' lang='lat' dir='ltr'><strong>lia</strong></span> <span class='ocrx_word' id='word_1_180' title='bbox 525 2407 884 2463; x_wconf 88' lang='lat' dir='ltr'><strong>permaneanl,</strong></span> <span class='ocrx_word' id='word_1_181' title='bbox 898 2398 1271 2452; x_wconf 91' lang='lat' dir='ltr'><strong>&#39;atmutationis</strong></span> <span class='ocrx_word' id='word_1_182' title='bbox 1292 2398 1449 2453; x_wconf 88' lang='lat' dir='ltr'><strong>timor</strong></span> <span class='ocrx_word' id='word_1_183' title='bbox 1463 2397 1673 2452; x_wconf 87' lang='lat' dir='ltr'><strong>assidue</strong></span> <span class='ocrx_word' id='word_1_184' title='bbox 1690 2403 1884 2467; x_wconf 73' lang='lat' dir='ltr'><strong>prmsto</strong></span> <span class='ocrx_word' id='word_1_185' title='bbox 1904 2405 2006 2461; x_wconf 92' lang='lat' dir='ltr'><strong>est,</strong></span> 
     </span>
    </p>
   </div>
   <div class='ocr_carea' id='block_1_25' title="bbox 435 2486 2011 2559">
    <p class='ocr_par' dir='ltr' id='par_1_25' title="bbox 435 2486 2011 2559">
     <span class='ocr_line' id='line_1_25' title="bbox 435 2486 2011 2559; baseline -0.001 -19"><span class='ocrx_word' id='word_1_186' title='bbox 435 2497 711 2556; x_wconf 83' lang='lat' dir='ltr'><strong>parentum</strong></span> <span class='ocrx_word' id='word_1_187' title='bbox 735 2490 941 2544; x_wconf 86' lang='lat' dir='ltr'><strong>animos</strong></span> <span class='ocrx_word' id='word_1_188' title='bbox 967 2502 1187 2543; x_wconf 91' lang='lat' dir='ltr'><strong>versans</strong></span> <span class='ocrx_word' id='word_1_189' title='bbox 1207 2503 1557 2559; x_wconf 80' lang='lat' dir='ltr'><strong>magnamque</strong></span> <span class='ocrx_word' id='word_1_190' title='bbox 1582 2486 1866 2556; x_wconf 79' lang='lat' dir='ltr'><strong>voluptatis</strong></span> <span class='ocrx_word' id='word_1_191' title='bbox 1893 2501 2011 2556; x_wconf 87' lang='lat' dir='ltr'><strong>par-</strong></span> 
     </span>
    </p>
   </div>
   <div class='ocr_carea' id='block_1_26' title="bbox 435 2579 2012 2650">
    <p class='ocr_par' dir='ltr' id='par_1_26' title="bbox 435 2579 2012 2650">
     <span class='ocr_line' id='line_1_26' title="bbox 435 2579 2012 2650; baseline 0.001 -19"><span class='ocrx_word' id='word_1_192' title='bbox 435 2588 540 2632; x_wconf 88' lang='lat' dir='ltr'><strong>tem</strong></span> <span class='ocrx_word' id='word_1_193' title='bbox 581 2579 921 2635; x_wconf 85' lang='lat' dir='ltr'><strong>detruncans.</strong></span> <span class='ocrx_word' id='word_1_194' title='bbox 967 2580 1039 2635; x_wconf 91' lang='lat' dir='ltr'><strong>At</strong></span> <span class='ocrx_word' id='word_1_195' title='bbox 1076 2595 1183 2635; x_wconf 91' lang='lat' dir='ltr'><strong>non</strong></span> <span class='ocrx_word' id='word_1_196' title='bbox 1224 2581 1472 2635; x_wconf 89' lang='lat' dir='ltr'><strong>omnibus</strong></span> <span class='ocrx_word' id='word_1_197' title='bbox 1510 2580 1713 2635; x_wconf 85' lang='lat' dir='ltr'><strong>mantis</strong></span> <span class='ocrx_word' id='word_1_198' title='bbox 1750 2579 2012 2650; x_wconf 86' lang='lat' dir='ltr'><strong>contingit</strong></span> 
     </span>
    </p>
   </div>
   <div class='ocr_carea' id='block_1_27' title="bbox 433 2669 2005 2741">
    <p class='ocr_par' dir='ltr' id='par_1_27' title="bbox 433 2669 2005 2741">
     <span class='ocr_line' id='line_1_27' title="bbox 433 2669 2005 2741; baseline 0.001 -18"><span class='ocrx_word' id='word_1_199' title='bbox 433 2669 632 2724; x_wconf 90' lang='lat' dir='ltr'><strong>liberos</strong></span> <span class='ocrx_word' id='word_1_200' title='bbox 661 2670 878 2725; x_wconf 90' lang='lat' dir='ltr'><strong>habere.</strong></span> <span class='ocrx_word' id='word_1_201' title='bbox 908 2671 1089 2741; x_wconf 86' lang='lat' dir='ltr'><strong>Itaque</strong></span> <span class='ocrx_word' id='word_1_202' title='bbox 1126 2671 1256 2724; x_wconf 91' lang='lat' dir='ltr'><strong>mihi</strong></span> <span class='ocrx_word' id='word_1_203' title='bbox 1294 2671 1452 2725; x_wconf 90' lang='lat' dir='ltr'><strong>aliam</strong></span> <span class='ocrx_word' id='word_1_204' title='bbox 1492 2685 1704 2726; x_wconf 87' lang='lat' dir='ltr'><strong>rursum</strong></span> <span class='ocrx_word' id='word_1_205' title='bbox 1741 2670 2005 2740; x_wconf 85' lang='lat' dir='ltr'><strong>inquietu-</strong></span> 
     </span>
    </p>
   </div>
   <div class='ocr_carea' id='block_1_28' title="bbox 431 2758 2009 2829">
    <p class='ocr_par' dir='ltr' id='par_1_28' title="bbox 431 2758 2009 2829">
     <span class='ocr_line' id='line_1_28' title="bbox 431 2758 2009 2829; baseline 0.001 -17"><span class='ocrx_word' id='word_1_206' title='bbox 431 2758 571 2813; x_wconf 89' lang='lat' dir='ltr'><strong>diuis</strong></span> <span class='ocrx_word' id='word_1_207' title='bbox 596 2774 811 2814; x_wconf 89' lang='lat' dir='ltr'><strong>causam</strong></span> <span class='ocrx_word' id='word_1_208' title='bbox 851 2774 1055 2815; x_wconf 86' lang='lat' dir='ltr'><strong>narras.</strong></span> <span class='ocrx_word' id='word_1_209' title='bbox 1082 2758 1256 2827; x_wconf 85' lang='lat' dir='ltr'><strong>Quare</strong></span> <span class='ocrx_word' id='word_1_210' title='bbox 1285 2761 1329 2815; x_wconf 92' lang='lat' dir='ltr'><strong>si</strong></span> <span class='ocrx_word' id='word_1_211' title='bbox 1363 2770 1421 2815; x_wconf 90' lang='lat' dir='ltr'><strong>et</strong></span> <span class='ocrx_word' id='word_1_212' title='bbox 1448 2761 1708 2829; x_wconf 87' lang='lat' dir='ltr'><strong>susceptis</strong></span> <span class='ocrx_word' id='word_1_213' title='bbox 1736 2758 1919 2814; x_wconf 89' lang='lat' dir='ltr'><strong>liberis</strong></span> <span class='ocrx_word' id='word_1_214' title='bbox 1945 2773 2009 2814; x_wconf 88' lang='lat' dir='ltr'><strong>ac</strong></span> 
     </span>
    </p>
   </div>
   <div class='ocr_carea' id='block_1_29' title="bbox 433 2847 2008 2921">
    <p class='ocr_par' dir='ltr' id='par_1_29' title="bbox 433 2847 2008 2921">
     <span class='ocr_line' id='line_1_29' title="bbox 433 2847 2008 2921; baseline 0 -19"><span class='ocrx_word' id='word_1_215' title='bbox 433 2863 538 2903; x_wconf 90' lang='lat' dir='ltr'><strong>non</strong></span> <span class='ocrx_word' id='word_1_216' title='bbox 561 2849 844 2918; x_wconf 87' lang='lat' dir='ltr'><strong>susceptis,</strong></span> <span class='ocrx_word' id='word_1_217' title='bbox 874 2858 927 2904; x_wconf 92' lang='lat' dir='ltr'><strong>et</strong></span> <span class='ocrx_word' id='word_1_218' title='bbox 950 2849 1127 2918; x_wconf 86' lang='lat' dir='ltr'><strong>probis</strong></span> <span class='ocrx_word' id='word_1_219' title='bbox 1147 2865 1208 2904; x_wconf 90' lang='lat' dir='ltr'><strong>ac</strong></span> <span class='ocrx_word' id='word_1_220' title='bbox 1229 2849 1523 2921; x_wconf 84' lang='lat' dir='ltr'><strong>ﬂagitiosis,</strong></span> <span class='ocrx_word' id='word_1_221' title='bbox 1551 2850 1714 2903; x_wconf 90' lang='lat' dir='ltr'><strong>variis</strong></span> <span class='ocrx_word' id='word_1_222' title='bbox 1733 2847 2008 2903; x_wconf 89' lang='lat' dir='ltr'><strong>doloribus</strong></span> 
     </span>
    </p>
   </div>
   <div class='ocr_carea' id='block_1_30' title="bbox 431 2935 2006 3012">
    <p class='ocr_par' dir='ltr' id='par_1_30' title="bbox 431 2935 2006 3012">
     <span class='ocr_line' id='line_1_30' title="bbox 431 2935 2006 3012; baseline -0.001 -19"><span class='ocrx_word' id='word_1_223' title='bbox 431 2947 591 3007; x_wconf 83' lang='lat' dir='ltr'><strong>atque</strong></span> <span class='ocrx_word' id='word_1_224' title='bbox 610 2939 751 2993; x_wconf 89' lang='lat' dir='ltr'><strong>curis</strong></span> <span class='ocrx_word' id='word_1_225' title='bbox 775 2941 1134 3007; x_wconf 89' lang='lat' dir='ltr'><strong>continentur,</strong></span> <span class='ocrx_word' id='word_1_226' title='bbox 1160 2941 1298 2996; x_wconf 88' lang='lat' dir='ltr'><strong>unde</strong></span> <span class='ocrx_word' id='word_1_227' title='bbox 1319 2935 1428 3011; x_wconf 41' lang='lat' dir='ltr'><strong>ja‘m</strong></span> <span class='ocrx_word' id='word_1_228' title='bbox 1455 2955 1616 3012; x_wconf 90' lang='lat' dir='ltr'><strong>porro</strong></span> <span class='ocrx_word' id='word_1_229' title='bbox 1639 2939 2006 2996; x_wconf 85' lang='lat' dir='ltr'><strong>suavissimam</strong></span> 
     </span>
    </p>
   </div>
   <div class='ocr_carea' id='block_1_31' title="bbox 429 3030 2005 3108">
    <p class='ocr_par' dir='ltr' id='par_1_31' title="bbox 429 3030 2005 3108">
     <span class='ocr_line' id='line_1_31' title="bbox 429 3030 2005 3108; baseline 0.003 -24"><span class='ocrx_word' id='word_1_230' title='bbox 429 3030 712 3100; x_wconf 86' lang='lat' dir='ltr'><strong>conjugnm</strong></span> <span class='ocrx_word' id='word_1_231' title='bbox 751 3033 915 3088; x_wconf 88' lang='lat' dir='ltr'><strong>vitam</strong></span> <span class='ocrx_word' id='word_1_232' title='bbox 961 3034 1306 3090; x_wconf 80' lang='lat' dir='ltr'><strong>vocabimus?</strong></span> <span class='ocrx_word' id='word_1_233' title='bbox 1334 3034 1450 3088; x_wconf 87' lang='lat' dir='ltr'><strong>Jam</strong></span> <span class='ocrx_word' id='word_1_234' title='bbox 1493 3032 1539 3088; x_wconf 90' lang='lat' dir='ltr'><strong>si</strong></span> <span class='ocrx_word' id='word_1_235' title='bbox 1578 3033 1845 3104; x_wconf 82' lang='lat' dir='ltr'><strong>conjugati</strong></span> <span class='ocrx_word' id='word_1_236' title='bbox 1874 3047 2005 3108; x_wconf 82' lang='lat' dir='ltr'><strong>con-</strong></span> 
     </span>
    </p>
   </div>
   <div class='ocr_carea' id='block_1_32' title="bbox 427 3123 2007 3197">
    <p class='ocr_par' dir='ltr' id='par_1_32' title="bbox 427 3123 2007 3197">
     <span class='ocr_line' id='line_1_32' title="bbox 427 3123 2007 3197; baseline 0.004 -23"><span class='ocrx_word' id='word_1_237' title='bbox 427 3123 621 3178; x_wconf 88' lang='lat' dir='ltr'><strong>cordes</strong></span> <span class='ocrx_word' id='word_1_238' title='bbox 656 3124 817 3179; x_wconf 89' lang='lat' dir='ltr'><strong>vitam</strong></span> <span class='ocrx_word' id='word_1_239' title='bbox 857 3127 1089 3197; x_wconf 79' lang='lat' dir='ltr'><strong>exigant,</strong></span> <span class='ocrx_word' id='word_1_240' title='bbox 1127 3127 1354 3182; x_wconf 89' lang='lat' dir='ltr'><strong>formido</strong></span> <span class='ocrx_word' id='word_1_241' title='bbox 1382 3127 1483 3182; x_wconf 88' lang='lat' dir='ltr'><strong>erit</strong></span> <span class='ocrx_word' id='word_1_242' title='bbox 1524 3141 1593 3182; x_wconf 89' lang='lat' dir='ltr'><strong>ne</strong></span> <span class='ocrx_word' id='word_1_243' title='bbox 1621 3128 1833 3182; x_wconf 89' lang='lat' dir='ltr'><strong>irruens</strong></span> <span class='ocrx_word' id='word_1_244' title='bbox 1862 3140 2007 3180; x_wconf 90' lang='lat' dir='ltr'><strong>mors</strong></span> 
     </span>
    </p>
   </div>
   <div class='ocr_carea' id='block_1_33' title="bbox 428 3211 2002 3285">
    <p class='ocr_par' dir='ltr' id='par_1_33' title="bbox 428 3211 2002 3285">
     <span class='ocr_line' id='line_1_33' title="bbox 428 3211 2002 3285; baseline 0.003 -21"><span class='ocrx_word' id='word_1_245' title='bbox 428 3211 753 3281; x_wconf 85' lang='lat' dir='ltr'><strong>voluptatem</strong></span> <span class='ocrx_word' id='word_1_246' title='bbox 803 3214 1053 3285; x_wconf 87' lang='lat' dir='ltr'><strong>dissipet;</strong></span> <span class='ocrx_word' id='word_1_247' title='bbox 1105 3216 1214 3270; x_wconf 90' lang='lat' dir='ltr'><strong>imo</strong></span> <span class='ocrx_word' id='word_1_248' title='bbox 1264 3230 1390 3273; x_wconf 88' lang='lat' dir='ltr'><strong>vero</strong></span> <span class='ocrx_word' id='word_1_249' title='bbox 1440 3230 1546 3271; x_wconf 92' lang='lat' dir='ltr'><strong>non</strong></span> <span class='ocrx_word' id='word_1_250' title='bbox 1598 3215 1826 3270; x_wconf 84' lang='lat' dir='ltr'><strong>formido</strong></span> <span class='ocrx_word' id='word_1_251' title='bbox 1868 3215 2002 3280; x_wconf 89' lang='lat' dir='ltr'><strong>erit,</strong></span> 
     </span>
    </p>
   </div>
   <div class='ocr_carea' id='block_1_34' title="bbox 427 3304 2004 3375">
    <p class='ocr_par' dir='ltr' id='par_1_34' title="bbox 427 3304 2004 3375">
     <span class='ocr_line' id='line_1_34' title="bbox 427 3304 2004 3375; baseline 0.003 -19"><span class='ocrx_word' id='word_1_252' title='bbox 427 3319 600 3375; x_wconf 88' lang='lat' dir='ltr'><strong>neque</strong></span> <span class='ocrx_word' id='word_1_253' title='bbox 642 3304 696 3360; x_wconf 93' lang='lat' dir='ltr'><strong>id</strong></span> <span class='ocrx_word' id='word_1_254' title='bbox 742 3306 939 3361; x_wconf 88' lang='lat' dir='ltr'><strong>malum</strong></span> <span class='ocrx_word' id='word_1_255' title='bbox 980 3306 1326 3362; x_wconf 89' lang='lat' dir='ltr'><strong>metuendum</strong></span> <span class='ocrx_word' id='word_1_256' title='bbox 1367 3307 1643 3361; x_wconf 76' lang='lat' dir='ltr'><strong>dumtaxat</strong></span> <span class='ocrx_word' id='word_1_257' title='bbox 1685 3306 1861 3372; x_wconf 87' lang='lat' dir='ltr'><strong>fuerit,</strong></span> <span class='ocrx_word' id='word_1_258' title='bbox 1908 3304 2004 3361; x_wconf 90' lang='lat' dir='ltr'><strong>sed</strong></span> 
     </span>
    </p>
   </div>
   <div class='ocr_carea' id='block_1_35' title="bbox 427 3396 2001 3468">
    <p class='ocr_par' dir='ltr' id='par_1_35' title="bbox 427 3396 2001 3468">
     <span class='ocr_line' id='line_1_35' title="bbox 427 3396 2001 3468; baseline 0.003 -20"><span class='ocrx_word' id='word_1_259' title='bbox 427 3396 647 3448; x_wconf 91' lang='lat' dir='ltr'><strong>onmino</strong></span> <span class='ocrx_word' id='word_1_260' title='bbox 685 3396 976 3450; x_wconf 89' lang='lat' dir='ltr'><strong>necessitas</strong></span> <span class='ocrx_word' id='word_1_261' title='bbox 1003 3397 1106 3451; x_wconf 88' lang='lat' dir='ltr'><strong>erit</strong></span> <span class='ocrx_word' id='word_1_262' title='bbox 1142 3396 1426 3466; x_wconf 88' lang='lat' dir='ltr'><strong>aliquando</strong></span> <span class='ocrx_word' id='word_1_263' title='bbox 1462 3397 1516 3451; x_wconf 92' lang='lat' dir='ltr'><strong>in</strong></span> <span class='ocrx_word' id='word_1_264' title='bbox 1541 3405 1715 3452; x_wconf 88' lang='lat' dir='ltr'><strong>actum</strong></span> <span class='ocrx_word' id='word_1_265' title='bbox 1752 3397 2001 3468; x_wconf 87' lang='lat' dir='ltr'><strong>prodire;</strong></span> 
     </span>
    </p>
   </div>
   <div class='ocr_carea' id='block_1_36' title="bbox 428 3486 2006 3558">
    <p class='ocr_par' dir='ltr' id='par_1_36' title="bbox 428 3486 2006 3558">
     <span class='ocr_line' id='line_1_36' title="bbox 428 3486 2006 3558; baseline 0.004 -20"><span class='ocrx_word' id='word_1_266' title='bbox 428 3499 587 3539; x_wconf 91' lang='lat' dir='ltr'><strong>nemo</strong></span> <span class='ocrx_word' id='word_1_267' title='bbox 602 3486 743 3539; x_wconf 89' lang='lat' dir='ltr'><strong>enim</strong></span> <span class='ocrx_word' id='word_1_268' title='bbox 760 3488 934 3555; x_wconf 91' lang='lat' dir='ltr'><strong>potuit</strong></span> <span class='ocrx_word' id='word_1_269' title='bbox 955 3494 1237 3558; x_wconf 91' lang='lat' dir='ltr'><strong>utrumque</strong></span> <span class='ocrx_word' id='word_1_270' title='bbox 1256 3503 1362 3544; x_wconf 90' lang='lat' dir='ltr'><strong>uno</strong></span> <span class='ocrx_word' id='word_1_271' title='bbox 1382 3489 1471 3544; x_wconf 87' lang='lat' dir='ltr'><strong>die</strong></span> <span class='ocrx_word' id='word_1_272' title='bbox 1489 3490 1804 3545; x_wconf 80' lang='lat' dir='ltr'><strong>exstinctum</strong></span> <span class='ocrx_word' id='word_1_273' title='bbox 1826 3498 2006 3544; x_wconf 88' lang='lat' dir='ltr'><strong>osten-</strong></span> 
     </span>
    </p>
   </div>
   <div class='ocr_carea' id='block_1_37' title="bbox 427 3574 2005 3649">
    <p class='ocr_par' dir='ltr' id='par_1_37' title="bbox 427 3574 2005 3649">
     <span class='ocr_line' id='line_1_37' title="bbox 427 3574 2005 3649; baseline 0.006 -24"><span class='ocrx_word' id='word_1_274' title='bbox 427 3574 572 3629; x_wconf 89' lang='lat' dir='ltr'><strong>dere.</strong></span> <span class='ocrx_word' id='word_1_275' title='bbox 602 3576 755 3641; x_wconf 88' lang='lat' dir='ltr'><strong>Quod</strong></span> <span class='ocrx_word' id='word_1_276' title='bbox 777 3577 822 3631; x_wconf 91' lang='lat' dir='ltr'><strong>si</strong></span> <span class='ocrx_word' id='word_1_277' title='bbox 844 3592 950 3631; x_wconf 90' lang='lat' dir='ltr'><strong>non</strong></span> <span class='ocrx_word' id='word_1_278' title='bbox 968 3579 1257 3649; x_wconf 86' lang='lat' dir='ltr'><strong>contingat,</strong></span> <span class='ocrx_word' id='word_1_279' title='bbox 1284 3578 1425 3648; x_wconf 92' lang='lat' dir='ltr'><strong>quod</strong></span> <span class='ocrx_word' id='word_1_280' title='bbox 1447 3589 1689 3649; x_wconf 86' lang='lat' dir='ltr'><strong>superest</strong></span> <span class='ocrx_word' id='word_1_281' title='bbox 1711 3580 2005 3635; x_wconf 87' lang='lat' dir='ltr'><strong>necessitas</strong></span> 
     </span>
    </p>
   </div>
   <div class='ocr_carea' id='block_1_38' title="bbox 426 3666 2002 3737">
    <p class='ocr_par' dir='ltr' id='par_1_38' title="bbox 426 3666 2002 3737">
     <span class='ocr_line' id='line_1_38' title="bbox 426 3666 2002 3737; baseline 0.006 -19"><span class='ocrx_word' id='word_1_282' title='bbox 426 3666 529 3718; x_wconf 87' lang='lat' dir='ltr'><strong>erit</strong></span> <span class='ocrx_word' id='word_1_283' title='bbox 556 3666 638 3719; x_wconf 85' lang='lat' dir='ltr'><strong>vel</strong></span> <span class='ocrx_word' id='word_1_284' title='bbox 676 3675 847 3722; x_wconf 90' lang='lat' dir='ltr'><strong>morte</strong></span> <span class='ocrx_word' id='word_1_285' title='bbox 882 3669 1209 3724; x_wconf 88' lang='lat' dir='ltr'><strong>acerbiorem</strong></span> <span class='ocrx_word' id='word_1_286' title='bbox 1252 3671 1411 3724; x_wconf 85' lang='lat' dir='ltr'><strong>vitam</strong></span> <span class='ocrx_word' id='word_1_287' title='bbox 1456 3673 1740 3737; x_wconf 88' lang='lat' dir='ltr'><strong>sustinere,</strong></span> <span class='ocrx_word' id='word_1_288' title='bbox 1782 3687 1876 3727; x_wconf 89' lang='lat' dir='ltr'><strong>seu</strong></span> <span class='ocrx_word' id='word_1_289' title='bbox 1913 3672 2002 3728; x_wconf 89' lang='lat' dir='ltr'><strong>diu</strong></span> 
     </span>
    </p>
   </div>
   <div class='ocr_carea' id='block_1_39' title="bbox 427 3759 2002 3833">
    <p class='ocr_par' dir='ltr' id='par_1_39' title="bbox 427 3759 2002 3833">
     <span class='ocr_line' id='line_1_39' title="bbox 427 3759 2002 3833; baseline 0.006 -25"><span class='ocrx_word' id='word_1_290' title='bbox 427 3770 545 3811; x_wconf 92' lang='lat' dir='ltr'><strong>cum</strong></span> <span class='ocrx_word' id='word_1_291' title='bbox 588 3770 650 3810; x_wconf 90' lang='lat' dir='ltr'><strong>ea</strong></span> <span class='ocrx_word' id='word_1_292' title='bbox 677 3759 975 3824; x_wconf 88' lang='lat' dir='ltr'><strong>consuevit,</strong></span> <span class='ocrx_word' id='word_1_293' title='bbox 1006 3772 1101 3814; x_wconf 90' lang='lat' dir='ltr'><strong>seu</strong></span> <span class='ocrx_word' id='word_1_294' title='bbox 1143 3774 1354 3830; x_wconf 88' lang='lat' dir='ltr'><strong>parum.</strong></span> <span class='ocrx_word' id='word_1_295' title='bbox 1394 3761 1525 3816; x_wconf 88' lang='lat' dir='ltr'><strong>Nam</strong></span> <span class='ocrx_word' id='word_1_296' title='bbox 1566 3760 1655 3816; x_wconf 90' lang='lat' dir='ltr'><strong>ille</strong></span> <span class='ocrx_word' id='word_1_297' title='bbox 1693 3777 1800 3831; x_wconf 91' lang='lat' dir='ltr'><strong>quo</strong></span> <span class='ocrx_word' id='word_1_298' title='bbox 1835 3764 2002 3833; x_wconf 90' lang='lat' dir='ltr'><strong>magis</strong></span> 
     </span>
    </p>
   </div>
   <div class='ocr_carea' id='block_1_40' title="bbox 427 3844 2001 3923">
    <p class='ocr_par' dir='ltr' id='par_1_40' title="bbox 427 3844 2001 3923">
     <span class='ocr_line' id='line_1_40' title="bbox 427 3844 2001 3923; baseline 0.006 -26"><span class='ocrx_word' id='word_1_299' title='bbox 427 3844 718 3913; x_wconf 89' lang='lat' dir='ltr'><strong>periculum</strong></span> <span class='ocrx_word' id='word_1_300' title='bbox 765 3846 910 3909; x_wconf 88' lang='lat' dir='ltr'><strong>fecit,</strong></span> <span class='ocrx_word' id='word_1_301' title='bbox 939 3862 1006 3903; x_wconf 93' lang='lat' dir='ltr'><strong>co</strong></span> <span class='ocrx_word' id='word_1_302' title='bbox 1036 3848 1292 3918; x_wconf 86' lang='lat' dir='ltr'><strong>majorem</strong></span> <span class='ocrx_word' id='word_1_303' title='bbox 1332 3849 1490 3905; x_wconf 89' lang='lat' dir='ltr'><strong>habet</strong></span> <span class='ocrx_word' id='word_1_304' title='bbox 1528 3850 1801 3917; x_wconf 90' lang='lat' dir='ltr'><strong>dolorem,</strong></span> <span class='ocrx_word' id='word_1_305' title='bbox 1845 3852 2001 3923; x_wconf 87' lang='lat' dir='ltr'><strong>longa</strong></span> 
     </span>
    </p>
   </div>
   <div class='ocr_carea' id='block_1_41' title="bbox 425 3936 2001 3998">
    <p class='ocr_par' dir='ltr' id='par_1_41' title="bbox 425 3936 2001 3998">
     <span class='ocr_line' id='line_1_41' title="bbox 425 3936 2001 3998; baseline 0.004 -7"><span class='ocrx_word' id='word_1_306' title='bbox 425 3938 810 3994; x_wconf 88' lang='lat' dir='ltr'><strong>consuetudine</strong></span> <span class='ocrx_word' id='word_1_307' title='bbox 858 3936 1192 3996; x_wconf 83' lang='lat' dir='ltr'><strong>intolerabile</strong></span> <span class='ocrx_word' id='word_1_308' title='bbox 1240 3942 1517 3997; x_wconf 88' lang='lat' dir='ltr'><strong>dissidium</strong></span> <span class='ocrx_word' id='word_1_309' title='bbox 1566 3942 1824 3998; x_wconf 88' lang='lat' dir='ltr'><strong>reddente</strong></span> <span class='ocrx_word' id='word_1_310' title='bbox 1865 3960 1879 3995; x_wconf 91' lang='lat'><strong>:</strong></span> <span class='ocrx_word' id='word_1_311' title='bbox 1914 3943 2001 3998; x_wconf 89' lang='lat' dir='ltr'><strong>hic</strong></span> 
     </span>
    </p>
   </div>
   <div class='ocr_carea' id='block_1_42' title="bbox 424 4029 1999 4102">
    <p class='ocr_par' dir='ltr' id='par_1_42' title="bbox 424 4029 1999 4102">
     <span class='ocr_line' id='line_1_42' title="bbox 424 4029 1999 4102; baseline 0.006 -20"><span class='ocrx_word' id='word_1_312' title='bbox 424 4029 729 4099; x_wconf 87' lang='lat' dir='ltr'><strong>priusquam</strong></span> <span class='ocrx_word' id='word_1_313' title='bbox 755 4044 991 4086; x_wconf 90' lang='lat' dir='ltr'><strong>amorem</strong></span> <span class='ocrx_word' id='word_1_314' title='bbox 1011 4033 1307 4102; x_wconf 81' lang='lat' dir='ltr'><strong>gustaverit</strong></span> <span class='ocrx_word' id='word_1_315' title='bbox 1328 4049 1390 4088; x_wconf 91' lang='lat' dir='ltr'><strong>ac</strong></span> <span class='ocrx_word' id='word_1_316' title='bbox 1411 4034 1725 4101; x_wconf 82' lang='lat' dir='ltr'><strong>expleverit,</strong></span> <span class='ocrx_word' id='word_1_317' title='bbox 1755 4032 1999 4091; x_wconf 81' lang='lat' dir='ltr'><strong>fervente</strong></span> 
     </span>
    </p>
   </div>
   <div class='ocr_carea' id='block_1_43' title="bbox 421 4120 1997 4193">
    <p class='ocr_par' dir='ltr' id='par_1_43' title="bbox 421 4120 1997 4193">
     <span class='ocr_line' id='line_1_43' title="bbox 421 4120 1997 4193; baseline 0.003 -19"><span class='ocrx_word' id='word_1_318' title='bbox 421 4120 596 4176; x_wconf 88' lang='lat' dir='ltr'><strong>adhuc</strong></span> <span class='ocrx_word' id='word_1_319' title='bbox 637 4121 903 4176; x_wconf 92' lang='lat' dir='ltr'><strong>desiderio</strong></span> <span class='ocrx_word' id='word_1_320' title='bbox 942 4137 1005 4178; x_wconf 89' lang='lat' dir='ltr'><strong>ea</strong></span> <span class='ocrx_word' id='word_1_321' title='bbox 1048 4123 1323 4192; x_wconf 79' lang='lat' dir='ltr'><strong>Spoliatus,</strong></span> <span class='ocrx_word' id='word_1_322' title='bbox 1370 4124 1598 4193; x_wconf 85' lang='lat' dir='ltr'><strong>idipsnm</strong></span> <span class='ocrx_word' id='word_1_323' title='bbox 1630 4125 1997 4179; x_wconf 81' lang='lat' dir='ltr'><strong>vehementius</strong></span> 
     </span>
    </p>
   </div>
   <div class='ocr_carea' id='block_1_44' title="bbox 424 4211 1998 4285">
    <p class='ocr_par' dir='ltr' id='par_1_44' title="bbox 424 4211 1998 4285">
     <span class='ocr_line' id='line_1_44' title="bbox 424 4211 1998 4285; baseline 0.003 -18"><span class='ocrx_word' id='word_1_324' title='bbox 424 4211 596 4282; x_wconf 89' lang='lat' dir='ltr'><strong>luget;</strong></span> <span class='ocrx_word' id='word_1_325' title='bbox 626 4221 787 4283; x_wconf 86' lang='lat' dir='ltr'><strong>atque</strong></span> <span class='ocrx_word' id='word_1_326' title='bbox 808 4229 871 4268; x_wconf 77' lang='lat' dir='ltr'><strong>ex</strong></span> <span class='ocrx_word' id='word_1_327' title='bbox 893 4214 1174 4269; x_wconf 89' lang='lat' dir='ltr'><strong>contrariis</strong></span> <span class='ocrx_word' id='word_1_328' title='bbox 1193 4215 1365 4270; x_wconf 86' lang='lat' dir='ltr'><strong>causis</strong></span> <span class='ocrx_word' id='word_1_329' title='bbox 1388 4216 1571 4271; x_wconf 91' lang='lat' dir='ltr'><strong>eadem</strong></span> <span class='ocrx_word' id='word_1_330' title='bbox 1598 4224 1818 4285; x_wconf 90' lang='lat' dir='ltr'><strong>uterque</strong></span> <span class='ocrx_word' id='word_1_331' title='bbox 1839 4216 1998 4272; x_wconf 88' lang='lat' dir='ltr'><strong>mise-</strong></span> 
     </span>
    </p>
   </div>
   <div class='ocr_carea' id='block_1_45' title="bbox 423 4300 1993 4373">
    <p class='ocr_par' dir='ltr' id='par_1_45' title="bbox 423 4300 1993 4373">
     <span class='ocr_line' id='line_1_45' title="bbox 423 4300 1993 4373; baseline 0.003 -20"><span class='ocrx_word' id='word_1_332' title='bbox 423 4300 499 4355; x_wconf 78' lang='lat' dir='ltr'><strong>ria</strong></span> <span class='ocrx_word' id='word_1_333' title='bbox 526 4310 752 4356; x_wconf 89' lang='lat' dir='ltr'><strong>tenetur.</strong></span> <span class='ocrx_word' id='word_1_334' title='bbox 783 4301 918 4369; x_wconf 85' lang='lat' dir='ltr'><strong>Quid</strong></span> <span class='ocrx_word' id='word_1_335' title='bbox 944 4302 1051 4372; x_wconf 88' lang='lat' dir='ltr'><strong>jam</strong></span> <span class='ocrx_word' id='word_1_336' title='bbox 1091 4303 1294 4370; x_wconf 91' lang='lat' dir='ltr'><strong>dicam,</strong></span> <span class='ocrx_word' id='word_1_337' title='bbox 1325 4321 1444 4373; x_wconf 71' lang='lat' dir='ltr'><strong>qua:</strong></span> <span class='ocrx_word' id='word_1_338' title='bbox 1477 4304 1692 4359; x_wconf 90' lang='lat' dir='ltr'><strong>interim</strong></span> <span class='ocrx_word' id='word_1_339' title='bbox 1733 4304 1993 4372; x_wconf 91' lang='lat' dir='ltr'><strong>incidunt,</strong></span> 
     </span>
    </p>
   </div>
   <div class='ocr_carea' id='block_1_46' title="bbox 420 4391 2081 4466">
    <p class='ocr_par' dir='ltr' id='par_1_46' title="bbox 420 4391 2081 4466">
     <span class='ocr_line' id='line_1_46' title="bbox 420 4391 2081 4466; baseline 0.006 -25"><span class='ocrx_word' id='word_1_340' title='bbox 420 4391 801 4458; x_wconf 88' lang='lat' dir='ltr'><strong>separationes,</strong></span> <span class='ocrx_word' id='word_1_341' title='bbox 837 4392 1114 4449; x_wconf 90' lang='lat' dir='ltr'><strong>diuturnas</strong></span> <span class='ocrx_word' id='word_1_342' title='bbox 1154 4395 1627 4466; x_wconf 90' lang='lat' dir='ltr'><strong>peregrinationes,</strong></span> <span class='ocrx_word' id='word_1_343' title='bbox 1667 4410 1894 4465; x_wconf 83' lang='lat' dir='ltr'><strong>angores</strong></span> <span class='ocrx_word' id='word_1_344' title='bbox 1932 4397 1996 4451; x_wconf 92' lang='lat' dir='ltr'><strong>iis</strong></span> <span class='ocrx_word' id='word_1_345' title='bbox 2076 4458 2081 4461; x_wconf 17' lang='grc' dir='ltr'><strong>Α</strong></span> 
     </span>
    </p>
   </div>
   <div class='ocr_carea' id='block_1_47' title="bbox 2101 4479 3707 4553">
    <p class='ocr_par' dir='ltr' id='par_1_47' title="bbox 2101 4479 3707 4553">
     <span class='ocr_line' id='line_1_47' title="bbox 2101 4479 3707 4553; baseline 0.008 -23"><span class='ocrx_word' id='word_1_346' title='bbox 2101 4486 2205 4531; x_wconf 88' lang='lat' dir='ltr'><strong>tum</strong></span> <span class='ocrx_word' id='word_1_347' title='bbox 2244 4495 2343 4532; x_wconf 87' lang='lat' dir='ltr'><strong>non</strong></span> <span class='ocrx_word' id='word_1_348' title='bbox 2389 4480 2565 4533; x_wconf 78' lang='lat' dir='ltr'><strong>sit.-—</strong></span> <span class='ocrx_word' id='word_1_349' title='bbox 2606 4479 2716 4534; x_wconf 90' lang='lat' dir='ltr'><strong>Nec</strong></span> <span class='ocrx_word' id='word_1_350' title='bbox 2745 4496 2871 4535; x_wconf 89' lang='lat' dir='ltr'><strong>vero</strong></span> <span class='ocrx_word' id='word_1_351' title='bbox 2895 4483 2975 4545; x_wconf 86' lang='lat' dir='ltr'><strong>ei,</strong></span> <span class='ocrx_word' id='word_1_352' title='bbox 3018 4492 3077 4537; x_wconf 94' lang='lat' dir='ltr'><strong>ut</strong></span> <span class='ocrx_word' id='word_1_353' title='bbox 3115 4484 3166 4537; x_wconf 92' lang='lat' dir='ltr'><strong>in</strong></span> <span class='ocrx_word' id='word_1_354' title='bbox 3210 4484 3599 4553; x_wconf 90' lang='lat' dir='ltr'><strong>matrimonio,</strong></span> <span class='ocrx_word' id='word_1_355' title='bbox 3650 4489 3707 4544; x_wconf 92' lang='lat' dir='ltr'><strong>in</strong></span> 
     </span>
    </p>
   </div>
   <div class='ocr_carea' id='block_1_48' title="bbox 419 4479 1992 4551">
    <p class='ocr_par' dir='ltr' id='par_1_48' title="bbox 419 4479 1992 4551">
     <span class='ocr_line' id='line_1_48' title="bbox 419 4479 1992 4551; baseline 0.006 -20"><span class='ocrx_word' id='word_1_356' title='bbox 419 4479 752 4548; x_wconf 90' lang='lat' dir='ltr'><strong>conjunctos,</strong></span> <span class='ocrx_word' id='word_1_357' title='bbox 782 4482 1031 4538; x_wconf 82' lang='lat' dir='ltr'><strong>morbos?</strong></span> <span class='ocrx_word' id='word_1_358' title='bbox 1060 4484 1194 4551; x_wconf 92' lang='lat' dir='ltr'><strong>Quid</strong></span> <span class='ocrx_word' id='word_1_359' title='bbox 1224 4485 1323 4539; x_wconf 90' lang='lat' dir='ltr'><strong>hoc</strong></span> <span class='ocrx_word' id='word_1_360' title='bbox 1350 4486 1416 4539; x_wconf 88' lang='lat' dir='ltr'><strong>ad</strong></span> <span class='ocrx_word' id='word_1_361' title='bbox 1444 4486 1881 4540; x_wconf 83' lang='lat' dir='ltr'><strong>matrimonium?</strong></span> <span class='ocrx_word' id='word_1_362' title='bbox 1908 4486 1992 4541; x_wconf 91' lang='lat' dir='ltr'><strong>in-</strong></span> 
     </span>
    </p>
   </div>
   <div class='ocr_carea' id='block_1_49' title="bbox 418 4566 1991 4645">
    <p class='ocr_par' dir='ltr' id='par_1_49' title="bbox 418 4566 1991 4645">
     <span class='ocr_line' id='line_1_49' title="bbox 418 4566 1991 4645; baseline 0.007 -25"><span class='ocrx_word' id='word_1_363' title='bbox 418 4570 551 4637; x_wconf 88' lang='lat' dir='ltr'><strong>quit.</strong></span> <span class='ocrx_word' id='word_1_364' title='bbox 581 4566 738 4625; x_wconf 83' lang='lat' dir='ltr'><strong>Certe</strong></span> <span class='ocrx_word' id='word_1_365' title='bbox 767 4572 945 4625; x_wconf 85' lang='lat' dir='ltr'><strong>mnltae</strong></span> <span class='ocrx_word' id='word_1_366' title='bbox 970 4587 1112 4642; x_wconf 64' lang='lat' dir='ltr'><strong>saepe</strong></span> <span class='ocrx_word' id='word_1_367' title='bbox 1132 4575 1247 4642; x_wconf 87' lang='lat' dir='ltr'><strong>ejus</strong></span> <span class='ocrx_word' id='word_1_368' title='bbox 1275 4588 1437 4644; x_wconf 82' lang='lat' dir='ltr'><strong>Opera</strong></span> <span class='ocrx_word' id='word_1_369' title='bbox 1464 4575 1830 4645; x_wconf 85' lang='lat' dir='ltr'><strong>aegritudinem</strong></span> <span class='ocrx_word' id='word_1_370' title='bbox 1860 4591 1991 4631; x_wconf 90' lang='lat' dir='ltr'><strong>con-</strong></span> 
     </span>
    </p>
   </div>
   <div class='ocr_carea' id='block_1_50' title="bbox 421 4663 1988 4741">
    <p class='ocr_par' dir='ltr' id='par_1_50' title="bbox 421 4663 1988 4741">
     <span class='ocr_line' id='line_1_50' title="bbox 421 4663 1988 4741; baseline 0.007 -28"><span class='ocrx_word' id='word_1_371' title='bbox 421 4671 694 4716; x_wconf 82' lang='lat' dir='ltr'><strong>traxerunt</strong></span> <span class='ocrx_word' id='word_1_372' title='bbox 730 4679 743 4714; x_wconf 91' lang='lat'><strong>:</strong></span> <span class='ocrx_word' id='word_1_373' title='bbox 785 4663 974 4733; x_wconf 86' lang='lat' dir='ltr'><strong>injuria</strong></span> <span class='ocrx_word' id='word_1_374' title='bbox 1020 4665 1160 4719; x_wconf 91' lang='lat' dir='ltr'><strong>enim</strong></span> <span class='ocrx_word' id='word_1_375' title='bbox 1205 4665 1409 4720; x_wconf 76' lang='lat' dir='ltr'><strong>affecta:</strong></span> <span class='ocrx_word' id='word_1_376' title='bbox 1450 4676 1504 4721; x_wconf 92' lang='lat' dir='ltr'><strong>et</strong></span> <span class='ocrx_word' id='word_1_377' title='bbox 1544 4668 1763 4741; x_wconf 76' lang='lat' dir='ltr'><strong>irritata:</strong></span> <span class='ocrx_word' id='word_1_378' title='bbox 1800 4670 1988 4738; x_wconf 88' lang='lat' dir='ltr'><strong>partim</strong></span> 
     </span>
    </p>
   </div>
   <div class='ocr_carea' id='block_1_51' title="bbox 418 4753 1990 4831">
    <p class='ocr_par' dir='ltr' id='par_1_51' title="bbox 418 4753 1990 4831">
     <span class='ocr_line' id='line_1_51' title="bbox 418 4753 1990 4831; baseline 0.007 -26"><span class='ocrx_word' id='word_1_379' title='bbox 418 4753 515 4817; x_wconf 89' lang='lat' dir='ltr'><strong>ira,</strong></span> <span class='ocrx_word' id='word_1_380' title='bbox 551 4754 738 4821; x_wconf 88' lang='lat' dir='ltr'><strong>partim</strong></span> <span class='ocrx_word' id='word_1_381' title='bbox 772 4768 1021 4820; x_wconf 75' lang='lat' dir='ltr'><strong>mterore,</strong></span> <span class='ocrx_word' id='word_1_382' title='bbox 1048 4770 1264 4825; x_wconf 80' lang='lat' dir='ltr'><strong>gravem</strong></span> <span class='ocrx_word' id='word_1_383' title='bbox 1307 4757 1495 4812; x_wconf 81' lang='lat' dir='ltr'><strong>febrim</strong></span> <span class='ocrx_word' id='word_1_384' title='bbox 1530 4759 1883 4831; x_wconf 88' lang='lat' dir='ltr'><strong>concitarunt.</strong></span> <span class='ocrx_word' id='word_1_385' title='bbox 1911 4761 1990 4816; x_wconf 83' lang='lat' dir='ltr'><strong>Ac</strong></span> 
     </span>
    </p>
   </div>
   <div class='ocr_carea' id='block_1_52' title="bbox 414 4846 1986 4921">
    <p class='ocr_par' dir='ltr' id='par_1_52' title="bbox 414 4846 1986 4921">
     <span class='ocr_line' id='line_1_52' title="bbox 414 4846 1986 4921; baseline 0.008 -25"><span class='ocrx_word' id='word_1_386' title='bbox 414 4846 659 4912; x_wconf 88' lang='lat' dir='ltr'><strong>quamvis</strong></span> <span class='ocrx_word' id='word_1_387' title='bbox 696 4860 762 4900; x_wconf 93' lang='lat' dir='ltr'><strong>eo</strong></span> <span class='ocrx_word' id='word_1_388' title='bbox 791 4856 1054 4915; x_wconf 83' lang='lat' dir='ltr'><strong>praesente</strong></span> <span class='ocrx_word' id='word_1_389' title='bbox 1091 4846 1223 4900; x_wconf 88' lang='lat' dir='ltr'><strong>nihil</strong></span> <span class='ocrx_word' id='word_1_390' title='bbox 1261 4848 1521 4918; x_wconf 88' lang='lat' dir='ltr'><strong>ejusmodi</strong></span> <span class='ocrx_word' id='word_1_391' title='bbox 1562 4852 1850 4921; x_wconf 91' lang='lat' dir='ltr'><strong>patiantur,</strong></span> <span class='ocrx_word' id='word_1_392' title='bbox 1891 4853 1986 4909; x_wconf 91' lang='lat' dir='ltr'><strong>sed</strong></span> 
     </span>
    </p>
   </div>
   <div class='ocr_carea' id='block_1_53' title="bbox 414 4932 1987 5008">
    <p class='ocr_par' dir='ltr' id='par_1_53' title="bbox 414 4932 1987 5008">
     <span class='ocr_line' id='line_1_53' title="bbox 414 4932 1987 5008; baseline 0.007 -21"><span class='ocrx_word' id='word_1_393' title='bbox 414 4932 552 4989; x_wconf 67' lang='lat' dir='ltr'><strong>facili</strong></span> <span class='ocrx_word' id='word_1_394' title='bbox 585 4944 842 5004; x_wconf 81' lang='lat' dir='ltr'><strong>perpetuo</strong></span> <span class='ocrx_word' id='word_1_395' title='bbox 870 4943 1100 4999; x_wconf 87' lang='lat' dir='ltr'><strong>utantur,</strong></span> <span class='ocrx_word' id='word_1_396' title='bbox 1138 4939 1656 5008; x_wconf 83' lang='lat' dir='ltr'><strong>peregrinationibus</strong></span> <span class='ocrx_word' id='word_1_397' title='bbox 1685 4942 1737 4997; x_wconf 93' lang='lat' dir='ltr'><strong>in</strong></span> <span class='ocrx_word' id='word_1_398' title='bbox 1764 4958 1824 4997; x_wconf 89' lang='lat' dir='ltr'><strong>ea</strong></span> <span class='ocrx_word' id='word_1_399' title='bbox 1849 4943 1987 4999; x_wconf 88' lang='lat' dir='ltr'><strong>mala</strong></span> 
     </span>
    </p>
   </div>
   <div class='ocr_carea' id='block_1_54' title="bbox 412 5025 1981 5100">
    <p class='ocr_par' dir='ltr' id='par_1_54' title="bbox 412 5025 1981 5100">
     <span class='ocr_line' id='line_1_54' title="bbox 412 5025 1981 5100; baseline 0.006 -20"><span class='ocrx_word' id='word_1_400' title='bbox 412 5041 621 5089; x_wconf 85' lang='lat' dir='ltr'><strong>rursum</strong></span> <span class='ocrx_word' id='word_1_401' title='bbox 666 5034 949 5096; x_wconf 89' lang='lat' dir='ltr'><strong>coguntur.</strong></span> <span class='ocrx_word' id='word_1_402' title='bbox 991 5025 1096 5082; x_wconf 92' lang='lat' dir='ltr'><strong>Sed</strong></span> <span class='ocrx_word' id='word_1_403' title='bbox 1136 5026 1251 5086; x_wconf 70' lang='lat' dir='ltr'><strong>haec</strong></span> <span class='ocrx_word' id='word_1_404' title='bbox 1293 5031 1470 5085; x_wconf 88' lang='lat' dir='ltr'><strong>omnia</strong></span> <span class='ocrx_word' id='word_1_405' title='bbox 1515 5033 1678 5088; x_wconf 90' lang='lat' dir='ltr'><strong>missa</strong></span> <span class='ocrx_word' id='word_1_406' title='bbox 1708 5033 1981 5100; x_wconf 89' lang='lat' dir='ltr'><strong>faciamus,</strong></span> 
     </span>
    </p>
   </div>
   <div class='ocr_carea' id='block_1_55' title="bbox 412 5116 1985 5195">
    <p class='ocr_par' dir='ltr' id='par_1_55' title="bbox 412 5116 1985 5195">
     <span class='ocr_line' id='line_1_55' title="bbox 412 5116 1985 5195; baseline 0.005 -24"><span class='ocrx_word' id='word_1_407' title='bbox 412 5130 511 5171; x_wconf 83' lang='lat' dir='ltr'><strong>nec</strong></span> <span class='ocrx_word' id='word_1_408' title='bbox 547 5116 941 5171; x_wconf 85' lang='lat' dir='ltr'><strong>matrimonium</strong></span> <span class='ocrx_word' id='word_1_409' title='bbox 967 5117 1239 5187; x_wconf 89' lang='lat' dir='ltr'><strong>culpemus</strong></span> <span class='ocrx_word' id='word_1_410' title='bbox 1273 5136 1287 5175; x_wconf 92' lang='lat'><strong>:</strong></span> <span class='ocrx_word' id='word_1_411' title='bbox 1323 5129 1381 5175; x_wconf 92' lang='lat' dir='ltr'><strong>at</strong></span> <span class='ocrx_word' id='word_1_412' title='bbox 1423 5137 1527 5177; x_wconf 88' lang='lat' dir='ltr'><strong>non</strong></span> <span class='ocrx_word' id='word_1_413' title='bbox 1567 5123 1668 5178; x_wconf 91' lang='lat' dir='ltr'><strong>hoc</strong></span> <span class='ocrx_word' id='word_1_414' title='bbox 1705 5139 1855 5195; x_wconf 65' lang='lat' dir='ltr'><strong>atque</strong></span> <span class='ocrx_word' id='word_1_415' title='bbox 1882 5124 1985 5179; x_wconf 81' lang='lat' dir='ltr'><strong>cri-</strong></span> 
     </span>
    </p>
   </div>
   <div class='ocr_carea' id='block_1_56' title="bbox 417 5204 1983 5284">
    <p class='ocr_par' dir='ltr' id='par_1_56' title="bbox 417 5204 1983 5284">
     <span class='ocr_line' id='line_1_56' title="bbox 417 5204 1983 5284; baseline 0.006 -25"><span class='ocrx_word' id='word_1_416' title='bbox 417 5220 535 5260; x_wconf 86' lang='lat' dir='ltr'><strong>men</strong></span> <span class='ocrx_word' id='word_1_417' title='bbox 568 5204 799 5276; x_wconf 78' lang='lat' dir='ltr'><strong>etl‘ugere</strong></span> <span class='ocrx_word' id='word_1_418' title='bbox 840 5208 1028 5274; x_wconf 89' lang='lat' dir='ltr'><strong>possit.</strong></span> <span class='ocrx_word' id='word_1_419' title='bbox 1066 5206 1381 5274; x_wconf 83' lang='lat' dir='ltr'><strong>Quodnam?</strong></span> <span class='ocrx_word' id='word_1_420' title='bbox 1422 5211 1573 5279; x_wconf 89' lang='lat' dir='ltr'><strong>Quod</strong></span> <span class='ocrx_word' id='word_1_421' title='bbox 1611 5227 1798 5268; x_wconf 90' lang='lat' dir='ltr'><strong>sanum</strong></span> <span class='ocrx_word' id='word_1_422' title='bbox 1838 5229 1983 5284; x_wconf 56' lang='lat' dir='ltr'><strong>a‘gro</strong></span> 
     </span>
    </p>
   </div>
   <div class='ocr_carea' id='block_1_57' title="bbox 409 5294 1981 5372">
    <p class='ocr_par' dir='ltr' id='par_1_57' title="bbox 409 5294 1981 5372">
     <span class='ocr_line' id='line_1_57' title="bbox 409 5294 1981 5372; baseline 0.008 -26"><span class='ocrx_word' id='word_1_423' title='bbox 409 5294 574 5348; x_wconf 85' lang='lat' dir='ltr'><strong>nihilo</strong></span> <span class='ocrx_word' id='word_1_424' title='bbox 615 5294 802 5370; x_wconf 80' lang='lat' dir='ltr'><strong>melius</strong></span> <span class='ocrx_word' id='word_1_425' title='bbox 831 5294 1077 5351; x_wconf 73' lang='lat' dir='ltr'><strong>affectum</strong></span> <span class='ocrx_word' id='word_1_426' title='bbox 1113 5296 1376 5367; x_wconf 86' lang='lat' dir='ltr'><strong>demittat,</strong></span> <span class='ocrx_word' id='word_1_427' title='bbox 1422 5301 1517 5356; x_wconf 91' lang='lat' dir='ltr'><strong>sed</strong></span> <span class='ocrx_word' id='word_1_428' title='bbox 1554 5301 1619 5357; x_wconf 90' lang='lat' dir='ltr'><strong>ad</strong></span> <span class='ocrx_word' id='word_1_429' title='bbox 1661 5317 1840 5372; x_wconf 89' lang='lat' dir='ltr'><strong>parem</strong></span> <span class='ocrx_word' id='word_1_430' title='bbox 1883 5301 1981 5358; x_wconf 85' lang='lat' dir='ltr'><strong>de-</strong></span> 
     </span>
    </p>
   </div>
   <div class='ocr_carea' id='block_1_58' title="bbox 403 5385 1457 5461">
    <p class='ocr_par' dir='ltr' id='par_1_58' title="bbox 403 5385 1457 5461">
     <span class='ocr_line' id='line_1_58' title="bbox 403 5385 1457 5461; baseline 0.005 -21"><span class='ocrx_word' id='word_1_431' title='bbox 403 5385 673 5441; x_wconf 79' lang='lat' dir='ltr'><strong>cutnbenti</strong></span> <span class='ocrx_word' id='word_1_432' title='bbox 702 5387 1119 5457; x_wconf 85' lang='lat' dir='ltr'><strong>inquietudinem</strong></span> <span class='ocrx_word' id='word_1_433' title='bbox 1150 5392 1457 5461; x_wconf 89' lang='lat' dir='ltr'><strong>compellat.</strong></span> 
     </span>
    </p>
   </div>
   <div class='ocr_carea' id='block_1_59' title="bbox 476 5478 1975 5556">
    <p class='ocr_par' dir='ltr' id='par_1_59' title="bbox 476 5478 1975 5556">
     <span class='ocr_line' id='line_1_59' title="bbox 476 5478 1975 5556; baseline 0.003 -23"><span class='ocrx_word' id='word_1_434' title='bbox 476 5478 655 5533; x_wconf 65' lang='lat' dir='ltr'><strong>LVIII.</strong></span> <span class='ocrx_word' id='word_1_435' title='bbox 701 5479 1078 5537; x_wconf 77' lang='lat' dir='ltr'><strong>Matrimonium</strong></span> <span class='ocrx_word' id='word_1_436' title='bbox 1106 5484 1219 5538; x_wconf 86' lang='lat' dir='ltr'><strong>licet</strong></span> <span class='ocrx_word' id='word_1_437' title='bbox 1247 5501 1416 5539; x_wconf 72' lang='lat' dir='ltr'><strong>omnes</strong></span> <span class='ocrx_word' id='word_1_438' title='bbox 1461 5484 1688 5539; x_wconf 80' lang='lat' dir='ltr'><strong>miserias</strong></span> <span class='ocrx_word' id='word_1_439' title='bbox 1728 5483 1975 5556; x_wconf 72' lang='lat' dir='ltr'><strong>effugiat,</strong></span> 
     </span>
    </p>
   </div>
   <div class='ocr_carea' id='block_1_60' title="bbox 403 5568 1980 5639">
    <p class='ocr_par' dir='ltr' id='par_1_60' title="bbox 403 5568 1980 5639">
     <span class='ocr_line' id='line_1_60' title="bbox 403 5568 1980 5639; baseline 0.006 -19"><span class='ocrx_word' id='word_1_440' title='bbox 403 5568 529 5623; x_wconf 73' lang='lat' dir='ltr'><strong>nihil</strong></span> <span class='ocrx_word' id='word_1_441' title='bbox 559 5585 790 5639; x_wconf 85' lang='lat' dir='ltr'><strong>magnum</strong></span> <span class='ocrx_word' id='word_1_442' title='bbox 813 5572 1245 5629; x_wconf 70' lang='lat' dir='ltr'><strong>[tabem—Visne</strong></span> <span class='ocrx_word' id='word_1_443' title='bbox 1276 5574 1390 5629; x_wconf 68' lang='lat' dir='ltr'><strong>lucc</strong></span> <span class='ocrx_word' id='word_1_444' title='bbox 1410 5575 1565 5628; x_wconf 85' lang='lat' dir='ltr'><strong>etiam</strong></span> <span class='ocrx_word' id='word_1_445' title='bbox 1587 5585 1773 5630; x_wconf 88' lang='lat' dir='ltr'><strong>cuncta</strong></span> <span class='ocrx_word' id='word_1_446' title='bbox 1802 5574 1980 5630; x_wconf 89' lang='lat' dir='ltr'><strong>dimit-</strong></span> 
     </span>
    </p>
   </div>
   <div class='ocr_carea' id='block_1_61' title="bbox 403 5663 1975 5735">
    <p class='ocr_par' dir='ltr' id='par_1_61' title="bbox 403 5663 1975 5735">
     <span class='ocr_line' id='line_1_61' title="bbox 403 5663 1975 5735; baseline 0.006 -23"><span class='ocrx_word' id='word_1_447' title='bbox 403 5667 607 5728; x_wconf 83' lang='lat' dir='ltr'><strong>tamus,</strong></span> <span class='ocrx_word' id='word_1_448' title='bbox 647 5675 711 5716; x_wconf 93' lang='lat' dir='ltr'><strong>ac</strong></span> <span class='ocrx_word' id='word_1_449' title='bbox 735 5678 851 5733; x_wconf 85' lang='lat' dir='ltr'><strong>quae</strong></span> <span class='ocrx_word' id='word_1_450' title='bbox 882 5663 995 5721; x_wconf 82' lang='lat' dir='ltr'><strong>ﬁeri</strong></span> <span class='ocrx_word' id='word_1_451' title='bbox 1033 5675 1296 5734; x_wconf 82' lang='lat' dir='ltr'><strong>nequeant</strong></span> <span class='ocrx_word' id='word_1_452' title='bbox 1343 5679 1735 5735; x_wconf 82' lang='lat' dir='ltr'><strong>supponamus.</strong></span> <span class='ocrx_word' id='word_1_453' title='bbox 1778 5677 1832 5722; x_wconf 91' lang='lat' dir='ltr'><strong>et</strong></span> <span class='ocrx_word' id='word_1_454' title='bbox 1860 5682 1975 5723; x_wconf 85' lang='lat' dir='ltr'><strong>ma-</strong></span> 
     </span>
    </p>
   </div>
   <div class='ocr_carea' id='block_1_62' title="bbox 1206 272 3027 339">
    <p class='ocr_par' dir='ltr' id='par_1_62' title="bbox 1206 272 3027 339">
     <span class='ocr_line' id='line_1_62' title="bbox 1206 272 3027 339; baseline 0.002 -3"><span class='ocrx_word' id='word_1_455' title='bbox 1206 280 1264 336; x_wconf 86' lang='lat' dir='ltr'><strong>S.</strong></span> <span class='ocrx_word' id='word_1_456' title='bbox 1306 278 1583 338; x_wconf 73' lang='lat' dir='ltr'><strong>JOANNIS</strong></span> <span class='ocrx_word' id='word_1_457' title='bbox 1617 272 2098 334; x_wconf 73' lang='lat' dir='ltr'><strong>CIIRYSOSTOMI</strong></span> <span class='ocrx_word' id='word_1_458' title='bbox 2135 275 2452 333; x_wconf 82' lang='lat' dir='ltr'><strong>ARClllEP.</strong></span> <span class='ocrx_word' id='word_1_459' title='bbox 2493 277 3027 339; x_wconf 81' lang='lat' dir='ltr'><strong>CONSTANTINOP.</strong></span> 
     </span>
    </p>
   </div>
   <div class='ocr_carea' id='block_1_63' title="bbox 2123 390 3680 470">
    <p class='ocr_par' dir='ltr' id='par_1_63' title="bbox 2123 390 3680 470">
     <span class='ocr_line' id='line_1_63' title="bbox 2123 390 3680 470; baseline 0.009 -27"><span class='ocrx_word' id='word_1_460' title='bbox 2123 390 2425 446; x_wconf 89' lang='lat' dir='ltr'><strong>trimoninm</strong></span> <span class='ocrx_word' id='word_1_461' title='bbox 2474 392 2665 448; x_wconf 89' lang='lat' dir='ltr'><strong>demus</strong></span> <span class='ocrx_word' id='word_1_462' title='bbox 2714 396 2892 449; x_wconf 87' lang='lat' dir='ltr'><strong>omnia</strong></span> <span class='ocrx_word' id='word_1_463' title='bbox 2938 395 3095 451; x_wconf 88' lang='lat' dir='ltr'><strong>simul</strong></span> <span class='ocrx_word' id='word_1_464' title='bbox 3140 394 3277 452; x_wconf 87' lang='lat' dir='ltr'><strong>bona</strong></span> <span class='ocrx_word' id='word_1_465' title='bbox 3323 399 3680 470; x_wconf 79' lang='lat' dir='ltr'><strong>complexum,</strong></span> 
     </span>
    </p>
   </div>
   <div class='ocr_carea' id='block_1_64' title="bbox 2117 481 3680 558">
    <p class='ocr_par' dir='ltr' id='par_1_64' title="bbox 2117 481 3680 558">
     <span class='ocr_line' id='line_1_64' title="bbox 2117 481 3680 558; baseline 0.01 -27"><span class='ocrx_word' id='word_1_466' title='bbox 2117 481 2322 550; x_wconf 89' lang='lat' dir='ltr'><strong>prolem</strong></span> <span class='ocrx_word' id='word_1_467' title='bbox 2362 498 2700 539; x_wconf 87' lang='lat' dir='ltr'><strong>numerosam</strong></span> <span class='ocrx_word' id='word_1_468' title='bbox 2730 526 2746 553; x_wconf 95' lang='lat'><strong>,</strong></span> <span class='ocrx_word' id='word_1_469' title='bbox 2784 487 2948 541; x_wconf 88' lang='lat' dir='ltr'><strong>scitos</strong></span> <span class='ocrx_word' id='word_1_470' title='bbox 2974 487 3169 542; x_wconf 92' lang='lat' dir='ltr'><strong>liberos</strong></span> <span class='ocrx_word' id='word_1_471' title='bbox 3196 528 3213 554; x_wconf 96' lang='lat'><strong>,</strong></span> <span class='ocrx_word' id='word_1_472' title='bbox 3243 502 3372 558; x_wconf 86' lang='lat' dir='ltr'><strong>opes</strong></span> <span class='ocrx_word' id='word_1_473' title='bbox 3397 530 3412 555; x_wconf 93' lang='lat'><strong>,</strong></span> <span class='ocrx_word' id='word_1_474' title='bbox 3442 499 3680 547; x_wconf 85' lang='lat' dir='ltr'><strong>matrem--</strong></span> 
     </span>
    </p>
   </div>
   <div class='ocr_carea' id='block_1_65' title="bbox 2119 569 3681 648">
    <p class='ocr_par' dir='ltr' id='par_1_65' title="bbox 2119 569 3681 648">
     <span class='ocr_line' id='line_1_65' title="bbox 2119 569 3681 648; baseline 0.008 -25"><span class='ocrx_word' id='word_1_475' title='bbox 2119 569 2343 626; x_wconf 82' lang='lat' dir='ltr'><strong>familias</strong></span> <span class='ocrx_word' id='word_1_476' title='bbox 2370 571 2503 643; x_wconf 88' lang='lat' dir='ltr'><strong>frugi</strong></span> <span class='ocrx_word' id='word_1_477' title='bbox 2528 615 2542 639; x_wconf 91' lang='lat'><strong>,</strong></span> <span class='ocrx_word' id='word_1_478' title='bbox 2573 573 2859 630; x_wconf 89' lang='lat' dir='ltr'><strong>formosam</strong></span> <span class='ocrx_word' id='word_1_479' title='bbox 2882 618 2896 642; x_wconf 93' lang='lat'><strong>,</strong></span> <span class='ocrx_word' id='word_1_480' title='bbox 2924 586 3195 632; x_wconf 87' lang='lat' dir='ltr'><strong>strenuam</strong></span> <span class='ocrx_word' id='word_1_481' title='bbox 3217 621 3232 645; x_wconf 89' lang='lat'><strong>,</strong></span> <span class='ocrx_word' id='word_1_482' title='bbox 3255 580 3651 636; x_wconf 88' lang='lat' dir='ltr'><strong>consensionem</strong></span> <span class='ocrx_word' id='word_1_483' title='bbox 3668 623 3681 648; x_wconf 96' lang='lat'><strong>,</strong></span> 
     </span>
    </p>
   </div>
   <div class='ocr_carea' id='block_1_66' title="bbox 2120 660 3682 739">
    <p class='ocr_par' dir='ltr' id='par_1_66' title="bbox 2120 660 3682 739">
     <span class='ocr_line' id='line_1_66' title="bbox 2120 660 3682 739; baseline 0.007 -25"><span class='ocrx_word' id='word_1_484' title='bbox 2120 660 2412 732; x_wconf 83' lang='lat' dir='ltr'><strong>longaevam</strong></span> <span class='ocrx_word' id='word_1_485' title='bbox 2463 665 2830 721; x_wconf 87' lang='lat' dir='ltr'><strong>senectutem?</strong></span> <span class='ocrx_word' id='word_1_486' title='bbox 2874 667 3013 723; x_wconf 89' lang='lat' dir='ltr'><strong>addo</strong></span> <span class='ocrx_word' id='word_1_487' title='bbox 3042 676 3095 723; x_wconf 90' lang='lat' dir='ltr'><strong>et</strong></span> <span class='ocrx_word' id='word_1_488' title='bbox 3120 669 3331 739; x_wconf 84' lang='lat' dir='ltr'><strong>generis</strong></span> <span class='ocrx_word' id='word_1_489' title='bbox 3368 669 3682 737; x_wconf 88' lang='lat' dir='ltr'><strong>claritatem,</strong></span> 
     </span>
    </p>
   </div>
   <div class='ocr_carea' id='block_1_67' title="bbox 2118 753 3785 824">
    <p class='ocr_par' dir='ltr' id='par_1_67' title="bbox 2118 753 3785 824">
     <span class='ocr_line' id='line_1_67' title="bbox 2118 753 3785 824; baseline 0.007 -19"><span class='ocrx_word' id='word_1_490' title='bbox 2118 761 2172 805; x_wconf 92' lang='lat' dir='ltr'><strong>et</strong></span> <span class='ocrx_word' id='word_1_491' title='bbox 2213 753 2460 822; x_wconf 61' lang='lat' dir='ltr'><strong>potentia:</strong></span> <span class='ocrx_word' id='word_1_492' title='bbox 2502 757 2915 824; x_wconf 84' lang='lat' dir='ltr'><strong>magnitudinem</strong></span> <span class='ocrx_word' id='word_1_493' title='bbox 2948 776 2962 811; x_wconf 91' lang='lat'><strong>:</strong></span> <span class='ocrx_word' id='word_1_494' title='bbox 3015 773 3112 813; x_wconf 92' lang='lat' dir='ltr'><strong>nec</strong></span> <span class='ocrx_word' id='word_1_495' title='bbox 3149 755 3231 813; x_wconf 87' lang='lat' dir='ltr'><strong>vel</strong></span> <span class='ocrx_word' id='word_1_496' title='bbox 3274 774 3554 815; x_wconf 90' lang='lat' dir='ltr'><strong>commune</strong></span> <span class='ocrx_word' id='word_1_497' title='bbox 3595 762 3688 816; x_wconf 90' lang='lat' dir='ltr'><strong>hoc</strong></span> <span class='ocrx_word' id='word_1_498' title='bbox 3768 780 3785 789; x_wconf 70' lang='lat'><em>&#39;</em></span> 
     </span>
    </p>
   </div>
   <div class='ocr_carea' id='block_1_68' title="bbox 2120 845 3677 928">
    <p class='ocr_par' dir='ltr' id='par_1_68' title="bbox 2120 845 3677 928">
     <span class='ocr_line' id='line_1_68' title="bbox 2120 845 3677 928; baseline 0.006 -32"><span class='ocrx_word' id='word_1_499' title='bbox 2120 853 2320 897; x_wconf 71' lang='lat' dir='ltr'><strong>natura:</strong></span> <span class='ocrx_word' id='word_1_500' title='bbox 2348 845 2546 900; x_wconf 89' lang='lat' dir='ltr'><strong>malum</strong></span> <span class='ocrx_word' id='word_1_501' title='bbox 2577 861 2671 902; x_wconf 89' lang='lat' dir='ltr'><strong>eos</strong></span> <span class='ocrx_word' id='word_1_502' title='bbox 2713 848 2995 928; x_wconf 78' lang='lat' dir='ltr'><strong>sollicitet,</strong></span> <span class='ocrx_word' id='word_1_503' title='bbox 3029 847 3217 903; x_wconf 88' lang='lat' dir='ltr'><strong>harum</strong></span> <span class='ocrx_word' id='word_1_504' title='bbox 3259 866 3435 904; x_wconf 90' lang='lat' dir='ltr'><strong>rermn</strong></span> <span class='ocrx_word' id='word_1_505' title='bbox 3478 866 3677 906; x_wconf 83' lang='lat' dir='ltr'><strong>conver-</strong></span> 
     </span>
    </p>
   </div>
   <div class='ocr_carea' id='block_1_69' title="bbox 2118 933 3689 1004">
    <p class='ocr_par' dir='ltr' id='par_1_69' title="bbox 2118 933 3689 1004">
     <span class='ocr_line' id='line_1_69' title="bbox 2118 933 3689 1004; baseline 0.007 -17"><span class='ocrx_word' id='word_1_506' title='bbox 2118 933 2286 989; x_wconf 91' lang='lat' dir='ltr'><strong>sionis</strong></span> <span class='ocrx_word' id='word_1_507' title='bbox 2310 934 2534 990; x_wconf 89' lang='lat' dir='ltr'><strong>formido</strong></span> <span class='ocrx_word' id='word_1_508' title='bbox 2551 976 2567 1004; x_wconf 90' lang='lat'><strong>,</strong></span> <span class='ocrx_word' id='word_1_509' title='bbox 2607 938 2701 992; x_wconf 91' lang='lat' dir='ltr'><strong>sed</strong></span> <span class='ocrx_word' id='word_1_510' title='bbox 2727 939 2901 993; x_wconf 91' lang='lat' dir='ltr'><strong>omnis</strong></span> <span class='ocrx_word' id='word_1_511' title='bbox 2928 937 3174 995; x_wconf 71' lang='lat' dir='ltr'><strong>maeroris</strong></span> <span class='ocrx_word' id='word_1_512' title='bbox 3194 981 3207 1003; x_wconf 91' lang='lat'><strong>,</strong></span> <span class='ocrx_word' id='word_1_513' title='bbox 3235 941 3413 996; x_wconf 89' lang='lat' dir='ltr'><strong>omnis</strong></span> <span class='ocrx_word' id='word_1_514' title='bbox 3436 950 3607 997; x_wconf 89' lang='lat' dir='ltr'><strong>metus</strong></span> <span class='ocrx_word' id='word_1_515' title='bbox 3633 958 3689 998; x_wconf 88' lang='lat' dir='ltr'><strong>ac</strong></span> 
     </span>
    </p>
   </div>
   <div class='ocr_carea' id='block_1_70' title="bbox 2118 1031 3688 1105">
    <p class='ocr_par' dir='ltr' id='par_1_70' title="bbox 2118 1031 3688 1105">
     <span class='ocr_line' id='line_1_70' title="bbox 2118 1031 3688 1105; baseline 0.006 -26"><span class='ocrx_word' id='word_1_516' title='bbox 2118 1041 2368 1081; x_wconf 88' lang='lat' dir='ltr'><strong>curarum</strong></span> <span class='ocrx_word' id='word_1_517' title='bbox 2418 1042 2576 1083; x_wconf 87' lang='lat' dir='ltr'><strong>causa</strong></span> <span class='ocrx_word' id='word_1_518' title='bbox 2601 1034 2893 1099; x_wconf 89' lang='lat' dir='ltr'><strong>proscripta</strong></span> <span class='ocrx_word' id='word_1_519' title='bbox 2941 1031 3040 1096; x_wconf 92' lang='lat' dir='ltr'><strong>sit,</strong></span> <span class='ocrx_word' id='word_1_520' title='bbox 3086 1047 3260 1102; x_wconf 88' lang='lat' dir='ltr'><strong>neque</strong></span> <span class='ocrx_word' id='word_1_521' title='bbox 3306 1033 3541 1105; x_wconf 28' lang='lat' dir='ltr'><strong>autlalia</strong></span> <span class='ocrx_word' id='word_1_522' title='bbox 3591 1033 3688 1088; x_wconf 82' lang='lat' dir='ltr'><strong>ulla</strong></span> 
     </span>
    </p>
   </div>
   <div class='ocr_carea' id='block_1_71' title="bbox 2116 1106 3690 1191">
    <p class='ocr_par' dir='ltr' id='par_1_71' title="bbox 2116 1106 3690 1191">
     <span class='ocr_line' id='line_1_71' title="bbox 2116 1106 3690 1191; baseline 0.005 -22"><span class='ocrx_word' id='word_1_523' title='bbox 2116 1116 2231 1191; x_wconf 85' lang='lat' dir='ltr'><strong>vis,</strong></span> <span class='ocrx_word' id='word_1_524' title='bbox 2273 1125 2365 1171; x_wconf 89' lang='lat' dir='ltr'><strong>aut</strong></span> <span class='ocrx_word' id='word_1_525' title='bbox 2409 1131 2554 1172; x_wconf 90' lang='lat' dir='ltr'><strong>mors</strong></span> <span class='ocrx_word' id='word_1_526' title='bbox 2598 1120 2877 1175; x_wconf 90' lang='lat' dir='ltr'><strong>immatura</strong></span> <span class='ocrx_word' id='word_1_527' title='bbox 2905 1122 3296 1177; x_wconf 90' lang='lat' dir='ltr'><strong>matrimonium</strong></span> <span class='ocrx_word' id='word_1_528' title='bbox 3325 1106 3571 1186; x_wconf 76' lang='lat' dir='ltr'><strong>dirimat.</strong></span> <span class='ocrx_word' id='word_1_529' title='bbox 3602 1117 3690 1178; x_wconf 89' lang='lat' dir='ltr'><strong>sed</strong></span> 
     </span>
    </p>
   </div>
   <div class='ocr_carea' id='block_1_72' title="bbox 2118 1211 3694 1290">
    <p class='ocr_par' dir='ltr' id='par_1_72' title="bbox 2118 1211 3694 1290">
     <span class='ocr_line' id='line_1_72' title="bbox 2118 1211 3694 1290; baseline 0.007 -31"><span class='ocrx_word' id='word_1_530' title='bbox 2118 1221 2234 1260; x_wconf 90' lang='lat' dir='ltr'><strong>eam</strong></span> <span class='ocrx_word' id='word_1_531' title='bbox 2264 1223 2476 1279; x_wconf 88' lang='lat' dir='ltr'><strong>quoque</strong></span> <span class='ocrx_word' id='word_1_532' title='bbox 2503 1225 2690 1267; x_wconf 89' lang='lat' dir='ltr'><strong>omnes</strong></span> <span class='ocrx_word' id='word_1_533' title='bbox 2718 1211 2908 1267; x_wconf 90' lang='lat' dir='ltr'><strong>eodem</strong></span> <span class='ocrx_word' id='word_1_534' title='bbox 2945 1212 3033 1268; x_wconf 88' lang='lat' dir='ltr'><strong>die</strong></span> <span class='ocrx_word' id='word_1_535' title='bbox 3061 1214 3293 1281; x_wconf 88' lang='lat' dir='ltr'><strong>obeant,</strong></span> <span class='ocrx_word' id='word_1_536' title='bbox 3330 1224 3422 1268; x_wconf 91' lang='lat' dir='ltr'><strong>aut</strong></span> <span class='ocrx_word' id='word_1_537' title='bbox 3454 1215 3592 1290; x_wconf 82' lang='lat' dir='ltr'><strong>quod</strong></span> <span class='ocrx_word' id='word_1_538' title='bbox 3630 1230 3694 1270; x_wconf 88' lang='lat' dir='ltr'><strong>eo</strong></span> 
     </span>
    </p>
   </div>
   <div class='ocr_carea' id='block_1_73' title="bbox 2118 1296 3692 1373">
    <p class='ocr_par' dir='ltr' id='par_1_73' title="bbox 2118 1296 3692 1373">
     <span class='ocr_line' id='line_1_73' title="bbox 2118 1296 3692 1373; baseline 0.006 -24"><span class='ocrx_word' id='word_1_539' title='bbox 2118 1296 2275 1367; x_wconf 86' lang='lat' dir='ltr'><strong>longe</strong></span> <span class='ocrx_word' id='word_1_540' title='bbox 2302 1298 2616 1354; x_wconf 90' lang='lat' dir='ltr'><strong>fortunatius</strong></span> <span class='ocrx_word' id='word_1_541' title='bbox 2646 1302 2888 1369; x_wconf 88' lang='lat' dir='ltr'><strong>videtur,</strong></span> <span class='ocrx_word' id='word_1_542' title='bbox 2928 1302 3075 1357; x_wconf 87' lang='lat' dir='ltr'><strong>liberi</strong></span> <span class='ocrx_word' id='word_1_543' title='bbox 3108 1303 3345 1358; x_wconf 68' lang='lat' dir='ltr'><strong>hmredes</strong></span> <span class='ocrx_word' id='word_1_544' title='bbox 3391 1305 3692 1373; x_wconf 90' lang='lat' dir='ltr'><strong>supersint,</strong></span> 
     </span>
    </p>
   </div>
   <div class='ocr_carea' id='block_1_74' title="bbox 2116 1392 3692 1464">
    <p class='ocr_par' dir='ltr' id='par_1_74' title="bbox 2116 1392 3692 1464">
     <span class='ocr_line' id='line_1_74' title="bbox 2116 1392 3692 1464; baseline 0.008 -26"><span class='ocrx_word' id='word_1_545' title='bbox 2116 1396 2388 1454; x_wconf 90' lang='lat' dir='ltr'><strong>parentem</strong></span> <span class='ocrx_word' id='word_1_546' title='bbox 2414 1398 2699 1460; x_wconf 89' lang='lat' dir='ltr'><strong>utrumque</strong></span> <span class='ocrx_word' id='word_1_547' title='bbox 2736 1392 2788 1445; x_wconf 91' lang='lat' dir='ltr'><strong>in</strong></span> <span class='ocrx_word' id='word_1_548' title='bbox 2818 1401 3054 1447; x_wconf 81' lang='lat' dir='ltr'><strong>extrema</strong></span> <span class='ocrx_word' id='word_1_549' title='bbox 3081 1403 3354 1448; x_wconf 89' lang='lat' dir='ltr'><strong>senectute</strong></span> <span class='ocrx_word' id='word_1_550' title='bbox 3379 1395 3536 1449; x_wconf 90' lang='lat' dir='ltr'><strong>simul</strong></span> <span class='ocrx_word' id='word_1_551' title='bbox 3561 1410 3692 1464; x_wconf 67' lang='lat' dir='ltr'><strong>prte-</strong></span> 
     </span>
    </p>
   </div>
   <div class='ocr_carea' id='block_1_75' title="bbox 2117 1477 3695 1555">
    <p class='ocr_par' dir='ltr' id='par_1_75' title="bbox 2117 1477 3695 1555">
     <span class='ocr_line' id='line_1_75' title="bbox 2117 1477 3695 1555; baseline 0.004 -25"><span class='ocrx_word' id='word_1_552' title='bbox 2117 1477 2330 1532; x_wconf 91' lang='lat' dir='ltr'><strong>mittant</strong></span> <span class='ocrx_word' id='word_1_553' title='bbox 2357 1497 2371 1533; x_wconf 89' lang='lat'><strong>:</strong></span> <span class='ocrx_word' id='word_1_554' title='bbox 2397 1495 2554 1549; x_wconf 89' lang='lat' dir='ltr'><strong>quem</strong></span> <span class='ocrx_word' id='word_1_555' title='bbox 2589 1481 2802 1536; x_wconf 83' lang='lat' dir='ltr'><strong>tandem</strong></span> <span class='ocrx_word' id='word_1_556' title='bbox 2848 1482 3004 1537; x_wconf 85' lang='lat' dir='ltr'><strong>finem</strong></span> <span class='ocrx_word' id='word_1_557' title='bbox 3047 1495 3475 1555; x_wconf 90' lang='lat' dir='ltr'><strong>consequentur,</strong></span> <span class='ocrx_word' id='word_1_558' title='bbox 3504 1494 3558 1539; x_wconf 90' lang='lat' dir='ltr'><strong>et</strong></span> <span class='ocrx_word' id='word_1_559' title='bbox 3591 1501 3695 1555; x_wconf 89' lang='lat' dir='ltr'><strong>quo</strong></span> 
     </span>
    </p>
   </div>
   <div class='ocr_carea' id='block_1_76' title="bbox 2116 1565 3692 1643">
    <p class='ocr_par' dir='ltr' id='par_1_76' title="bbox 2116 1565 3692 1643">
     <span class='ocr_line' id='line_1_76' title="bbox 2116 1565 3692 1643; baseline 0.006 -22"><span class='ocrx_word' id='word_1_560' title='bbox 2116 1565 2329 1622; x_wconf 90' lang='lat' dir='ltr'><strong>demum</strong></span> <span class='ocrx_word' id='word_1_561' title='bbox 2359 1586 2424 1623; x_wconf 81' lang='lat' dir='ltr'><strong>ex</strong></span> <span class='ocrx_word' id='word_1_562' title='bbox 2453 1569 2551 1625; x_wconf 89' lang='lat' dir='ltr'><strong>hac</strong></span> <span class='ocrx_word' id='word_1_563' title='bbox 2580 1579 2723 1626; x_wconf 90' lang='lat' dir='ltr'><strong>tanta</strong></span> <span class='ocrx_word' id='word_1_564' title='bbox 2747 1573 3016 1643; x_wconf 89' lang='lat' dir='ltr'><strong>voluptate</strong></span> <span class='ocrx_word' id='word_1_565' title='bbox 3045 1583 3264 1643; x_wconf 91' lang='lat' dir='ltr'><strong>accepto</strong></span> <span class='ocrx_word' id='word_1_566' title='bbox 3293 1576 3656 1636; x_wconf 87' lang='lat' dir='ltr'><strong>emolumento</strong></span> <span class='ocrx_word' id='word_1_567' title='bbox 3679 1617 3692 1642; x_wconf 90' lang='lat'><strong>,</strong></span> 
     </span>
    </p>
   </div>
   <div class='ocr_carea' id='block_1_77' title="bbox 2115 1656 3693 1735">
    <p class='ocr_par' dir='ltr' id='par_1_77' title="bbox 2115 1656 3693 1735">
     <span class='ocr_line' id='line_1_77' title="bbox 2115 1656 3693 1735; baseline 0.006 -25"><span class='ocrx_word' id='word_1_568' title='bbox 2115 1670 2182 1711; x_wconf 88' lang='lat' dir='ltr'><strong>eo</strong></span> <span class='ocrx_word' id='word_1_569' title='bbox 2221 1656 2541 1714; x_wconf 80' lang='lat' dir='ltr'><strong>discedent?</strong></span> <span class='ocrx_word' id='word_1_570' title='bbox 2589 1660 2723 1717; x_wconf 87' lang='lat' dir='ltr'><strong>Nam</strong></span> <span class='ocrx_word' id='word_1_571' title='bbox 2754 1664 2950 1719; x_wconf 89' lang='lat' dir='ltr'><strong>multos</strong></span> <span class='ocrx_word' id='word_1_572' title='bbox 2993 1664 3189 1720; x_wconf 89' lang='lat' dir='ltr'><strong>liberos</strong></span> <span class='ocrx_word' id='word_1_573' title='bbox 3215 1665 3530 1735; x_wconf 90' lang='lat' dir='ltr'><strong>reliquisse,</strong></span> <span class='ocrx_word' id='word_1_574' title='bbox 3562 1680 3693 1720; x_wconf 77' lang='lat' dir='ltr'><strong>uxo-</strong></span> 
     </span>
    </p>
   </div>
   <div class='ocr_carea' id='block_1_78' title="bbox 2114 1754 3696 1829">
    <p class='ocr_par' dir='ltr' id='par_1_78' title="bbox 2114 1754 3696 1829">
     <span class='ocr_line' id='line_1_78' title="bbox 2114 1754 3696 1829; baseline 0.008 -28"><span class='ocrx_word' id='word_1_575' title='bbox 2114 1763 2228 1802; x_wconf 89' lang='lat' dir='ltr'><strong>rem</strong></span> <span class='ocrx_word' id='word_1_576' title='bbox 2256 1763 2532 1806; x_wconf 81' lang='lat' dir='ltr'><strong>venustam</strong></span> <span class='ocrx_word' id='word_1_577' title='bbox 2572 1769 2695 1809; x_wconf 92' lang='lat' dir='ltr'><strong>eum</strong></span> <span class='ocrx_word' id='word_1_578' title='bbox 2737 1754 2946 1829; x_wconf 78' lang='lat' dir='ltr'><strong>deliciis</strong></span> <span class='ocrx_word' id='word_1_579' title='bbox 2974 1759 3285 1829; x_wconf 86' lang='lat' dir='ltr'><strong>caeterisque</strong></span> <span class='ocrx_word' id='word_1_580' title='bbox 3307 1758 3560 1813; x_wconf 88' lang='lat' dir='ltr'><strong>onmibus</strong></span> <span class='ocrx_word' id='word_1_581' title='bbox 3582 1775 3696 1828; x_wconf 80' lang='lat' dir='ltr'><strong>quae</strong></span> 
     </span>
    </p>
   </div>
   <div class='ocr_carea' id='block_1_79' title="bbox 2113 1837 3690 1920">
    <p class='ocr_par' dir='ltr' id='par_1_79' title="bbox 2113 1837 3690 1920">
     <span class='ocr_line' id='line_1_79' title="bbox 2113 1837 3690 1920; baseline 0.006 -28"><span class='ocrx_word' id='word_1_582' title='bbox 2113 1837 2224 1907; x_wconf 86' lang='lat' dir='ltr'><strong>jam</strong></span> <span class='ocrx_word' id='word_1_583' title='bbox 2265 1844 2544 1910; x_wconf 90' lang='lat' dir='ltr'><strong>percensui</strong></span> <span class='ocrx_word' id='word_1_584' title='bbox 2578 1854 2865 1912; x_wconf 88' lang='lat' dir='ltr'><strong>tractasse,</strong></span> <span class='ocrx_word' id='word_1_585' title='bbox 2898 1852 2965 1902; x_wconf 91' lang='lat' dir='ltr'><strong>ad</strong></span> <span class='ocrx_word' id='word_1_586' title='bbox 3012 1858 3278 1904; x_wconf 85' lang='lat' dir='ltr'><strong>senectam</strong></span> <span class='ocrx_word' id='word_1_587' title='bbox 3324 1849 3537 1920; x_wconf 82' lang='lat' dir='ltr'><strong>longam</strong></span> <span class='ocrx_word' id='word_1_588' title='bbox 3576 1865 3690 1905; x_wconf 85' lang='lat' dir='ltr'><strong>eva-</strong></span> 
     </span>
    </p>
   </div>
   <div class='ocr_carea' id='block_1_80' title="bbox 2114 1930 3699 2012">
    <p class='ocr_par' dir='ltr' id='par_1_80' title="bbox 2114 1930 3699 2012">
     <span class='ocr_line' id='line_1_80' title="bbox 2114 1930 3699 2012; baseline 0.008 -28"><span class='ocrx_word' id='word_1_589' title='bbox 2114 1930 2269 1997; x_wconf 92' lang='lat' dir='ltr'><strong>sisse,</strong></span> <span class='ocrx_word' id='word_1_590' title='bbox 2303 1934 2491 2003; x_wconf 92' lang='lat' dir='ltr'><strong>ecquid</strong></span> <span class='ocrx_word' id='word_1_591' title='bbox 2522 1937 2677 1992; x_wconf 92' lang='lat' dir='ltr'><strong>nobis</strong></span> <span class='ocrx_word' id='word_1_592' title='bbox 2697 1938 2763 1993; x_wconf 92' lang='lat' dir='ltr'><strong>ad</strong></span> <span class='ocrx_word' id='word_1_593' title='bbox 2808 1939 3037 1995; x_wconf 89' lang='lat' dir='ltr'><strong>tribunal</strong></span> <span class='ocrx_word' id='word_1_594' title='bbox 3066 1942 3189 1996; x_wconf 88' lang='lat' dir='ltr'><strong>illud</strong></span> <span class='ocrx_word' id='word_1_595' title='bbox 3232 1942 3470 2012; x_wconf 67' lang='lat' dir='ltr'><strong>prtesidii</strong></span> <span class='ocrx_word' id='word_1_596' title='bbox 3510 1942 3699 1997; x_wconf 85' lang='lat' dir='ltr'><strong>all&#39;erre</strong></span> 
     </span>
    </p>
   </div>
   <div class='ocr_carea' id='block_1_81' title="bbox 2115 2022 3702 2102">
    <p class='ocr_par' dir='ltr' id='par_1_81' title="bbox 2115 2022 3702 2102">
     <span class='ocr_line' id='line_1_81' title="bbox 2115 2022 3702 2102; baseline 0.007 -27"><span class='ocrx_word' id='word_1_597' title='bbox 2115 2022 2314 2091; x_wconf 90' lang='lat' dir='ltr'><strong>possit,</strong></span> <span class='ocrx_word' id='word_1_598' title='bbox 2369 2025 2421 2078; x_wconf 91' lang='lat' dir='ltr'><strong>in</strong></span> <span class='ocrx_word' id='word_1_599' title='bbox 2473 2027 2615 2082; x_wconf 88' lang='lat' dir='ltr'><strong>veris</strong></span> <span class='ocrx_word' id='word_1_600' title='bbox 2666 2029 2984 2100; x_wconf 65' lang='lat' dir='ltr'><strong>aeternisque</strong></span> <span class='ocrx_word' id='word_1_601' title='bbox 3028 2031 3236 2086; x_wconf 87' lang='lat' dir='ltr'><strong>rebus?</strong></span> <span class='ocrx_word' id='word_1_602' title='bbox 3296 2031 3463 2087; x_wconf 83' lang='lat' dir='ltr'><strong>Nihil.</strong></span> <span class='ocrx_word' id='word_1_603' title='bbox 3518 2030 3702 2102; x_wconf 83' lang='lat' dir='ltr'><strong>Itaque</strong></span> 
     </span>
    </p>
   </div>
   <div class='ocr_carea' id='block_1_82' title="bbox 2114 2112 3701 2194">
    <p class='ocr_par' dir='ltr' id='par_1_82' title="bbox 2114 2112 3701 2194">
     <span class='ocr_line' id='line_1_82' title="bbox 2114 2112 3701 2194; baseline 0.008 -29"><span class='ocrx_word' id='word_1_604' title='bbox 2114 2112 2301 2169; x_wconf 90' lang='lat' dir='ltr'><strong>umbra</strong></span> <span class='ocrx_word' id='word_1_605' title='bbox 2346 2124 2470 2170; x_wconf 92' lang='lat' dir='ltr'><strong>sunt</strong></span> <span class='ocrx_word' id='word_1_606' title='bbox 2499 2116 2652 2187; x_wconf 74' lang='lat' dir='ltr'><strong>hzec,</strong></span> <span class='ocrx_word' id='word_1_607' title='bbox 2697 2128 2855 2189; x_wconf 88' lang='lat' dir='ltr'><strong>atque</strong></span> <span class='ocrx_word' id='word_1_608' title='bbox 2893 2123 3195 2189; x_wconf 91' lang='lat' dir='ltr'><strong>somnium;</strong></span> <span class='ocrx_word' id='word_1_609' title='bbox 3243 2123 3444 2194; x_wconf 91' lang='lat' dir='ltr'><strong>quippe</strong></span> <span class='ocrx_word' id='word_1_610' title='bbox 3490 2137 3612 2179; x_wconf 90' lang='lat' dir='ltr'><strong>cum</strong></span> <span class='ocrx_word' id='word_1_611' title='bbox 3649 2122 3701 2177; x_wconf 90' lang='lat' dir='ltr'><strong>in</strong></span> 
     </span>
    </p>
   </div>
   <div class='ocr_carea' id='block_1_83' title="bbox 2114 2204 3698 2282">
    <p class='ocr_par' dir='ltr' id='par_1_83' title="bbox 2114 2204 3698 2282">
     <span class='ocr_line' id='line_1_83' title="bbox 2114 2204 3698 2282; baseline 0.005 -24"><span class='ocrx_word' id='word_1_612' title='bbox 2114 2204 2436 2272; x_wconf 89' lang='lat' dir='ltr'><strong>perennibus</strong></span> <span class='ocrx_word' id='word_1_613' title='bbox 2478 2207 2581 2262; x_wconf 91' lang='lat' dir='ltr'><strong>illis</strong></span> <span class='ocrx_word' id='word_1_614' title='bbox 2628 2209 2871 2275; x_wconf 71' lang='lat' dir='ltr'><strong>smculis,</strong></span> <span class='ocrx_word' id='word_1_615' title='bbox 2923 2225 3041 2280; x_wconf 67' lang='lat' dir='ltr'><strong>qua:</strong></span> <span class='ocrx_word' id='word_1_616' title='bbox 3090 2220 3200 2265; x_wconf 90' lang='lat' dir='ltr'><strong>tum</strong></span> <span class='ocrx_word' id='word_1_617' title='bbox 3248 2227 3348 2266; x_wconf 90' lang='lat' dir='ltr'><strong>nos</strong></span> <span class='ocrx_word' id='word_1_618' title='bbox 3394 2212 3698 2282; x_wconf 85' lang='lat' dir='ltr'><strong>excipient,</strong></span> 
     </span>
    </p>
   </div>
   <div class='ocr_carea' id='block_1_84' title="bbox 2113 2293 3702 2372">
    <p class='ocr_par' dir='ltr' id='par_1_84' title="bbox 2113 2293 3702 2372">
     <span class='ocr_line' id='line_1_84' title="bbox 2113 2293 3702 2372; baseline 0.005 -26"><span class='ocrx_word' id='word_1_619' title='bbox 2113 2293 2242 2346; x_wconf 92' lang='lat' dir='ltr'><strong>nihil</strong></span> <span class='ocrx_word' id='word_1_620' title='bbox 2270 2309 2334 2348; x_wconf 82' lang='lat' dir='ltr'><strong>ex</strong></span> <span class='ocrx_word' id='word_1_621' title='bbox 2362 2293 2448 2349; x_wconf 90' lang='lat' dir='ltr'><strong>his</strong></span> <span class='ocrx_word' id='word_1_622' title='bbox 2475 2294 2674 2350; x_wconf 89' lang='lat' dir='ltr'><strong>fructus</strong></span> <span class='ocrx_word' id='word_1_623' title='bbox 2693 2339 2707 2362; x_wconf 92' lang='lat'><strong>,</strong></span> <span class='ocrx_word' id='word_1_624' title='bbox 2735 2298 2861 2352; x_wconf 91' lang='lat' dir='ltr'><strong>nihil</strong></span> <span class='ocrx_word' id='word_1_625' title='bbox 2890 2299 3063 2354; x_wconf 90' lang='lat' dir='ltr'><strong>solatii</strong></span> <span class='ocrx_word' id='word_1_626' title='bbox 3106 2300 3432 2368; x_wconf 90' lang='lat' dir='ltr'><strong>sperandum</strong></span> <span class='ocrx_word' id='word_1_627' title='bbox 3461 2302 3569 2367; x_wconf 91' lang='lat' dir='ltr'><strong>sit;</strong></span> <span class='ocrx_word' id='word_1_628' title='bbox 3611 2302 3702 2372; x_wconf 86' lang='lat' dir='ltr'><strong>qui</strong></span> 
     </span>
    </p>
   </div>
   <div class='ocr_carea' id='block_1_85' title="bbox 2114 2382 3706 2462">
    <p class='ocr_par' dir='ltr' id='par_1_85' title="bbox 2114 2382 3706 2462">
     <span class='ocr_line' id='line_1_85' title="bbox 2114 2382 3706 2462; baseline 0.007 -26"><span class='ocrx_word' id='word_1_629' title='bbox 2114 2382 2198 2436; x_wconf 92' lang='lat' dir='ltr'><strong>his</strong></span> <span class='ocrx_word' id='word_1_630' title='bbox 2237 2384 2433 2452; x_wconf 87' lang='lat' dir='ltr'><strong>potitus</strong></span> <span class='ocrx_word' id='word_1_631' title='bbox 2459 2392 2562 2452; x_wconf 85' lang='lat' dir='ltr'><strong>est,</strong></span> <span class='ocrx_word' id='word_1_632' title='bbox 2606 2387 2793 2441; x_wconf 92' lang='lat' dir='ltr'><strong>eodem</strong></span> <span class='ocrx_word' id='word_1_633' title='bbox 2825 2388 2941 2444; x_wconf 94' lang='lat' dir='ltr'><strong>loco</strong></span> <span class='ocrx_word' id='word_1_634' title='bbox 2961 2399 3044 2445; x_wconf 88' lang='lat' dir='ltr'><strong>est</strong></span> <span class='ocrx_word' id='word_1_635' title='bbox 3069 2389 3341 2447; x_wconf 89' lang='lat' dir='ltr'><strong>habendus</strong></span> <span class='ocrx_word' id='word_1_636' title='bbox 3367 2407 3479 2462; x_wconf 90' lang='lat' dir='ltr'><strong>quo</strong></span> <span class='ocrx_word' id='word_1_637' title='bbox 3508 2406 3706 2462; x_wconf 79' lang='lat' dir='ltr'><strong>exper-</strong></span> 
     </span>
    </p>
   </div>
   <div class='ocr_carea' id='block_1_86' title="bbox 2115 2474 3705 2549">
    <p class='ocr_par' dir='ltr' id='par_1_86' title="bbox 2115 2474 3705 2549">
     <span class='ocr_line' id='line_1_86' title="bbox 2115 2474 3705 2549; baseline 0.007 -21"><span class='ocrx_word' id='word_1_638' title='bbox 2115 2483 2213 2529; x_wconf 88' lang='lat' dir='ltr'><strong>tes.</strong></span> <span class='ocrx_word' id='word_1_639' title='bbox 2243 2474 2428 2545; x_wconf 86' lang='lat' dir='ltr'><strong>Neque</strong></span> <span class='ocrx_word' id='word_1_640' title='bbox 2452 2479 2594 2533; x_wconf 88' lang='lat' dir='ltr'><strong>enim</strong></span> <span class='ocrx_word' id='word_1_641' title='bbox 2625 2479 2670 2533; x_wconf 92' lang='lat' dir='ltr'><strong>si</strong></span> <span class='ocrx_word' id='word_1_642' title='bbox 2695 2480 2814 2549; x_wconf 91' lang='lat' dir='ltr'><strong>quis</strong></span> <span class='ocrx_word' id='word_1_643' title='bbox 2846 2481 2897 2535; x_wconf 94' lang='lat' dir='ltr'><strong>in</strong></span> <span class='ocrx_word' id='word_1_644' title='bbox 2929 2480 3076 2538; x_wconf 90' lang='lat' dir='ltr'><strong>mille</strong></span> <span class='ocrx_word' id='word_1_645' title='bbox 3109 2482 3262 2537; x_wconf 88' lang='lat' dir='ltr'><strong>annis</strong></span> <span class='ocrx_word' id='word_1_646' title='bbox 3287 2492 3507 2539; x_wconf 91' lang='lat' dir='ltr'><strong>noctem</strong></span> <span class='ocrx_word' id='word_1_647' title='bbox 3539 2499 3705 2539; x_wconf 89' lang='lat' dir='ltr'><strong>unam</strong></span> 
     </span>
    </p>
   </div>
   <div class='ocr_carea' id='block_1_87' title="bbox 2113 2570 3703 2644">
    <p class='ocr_par' dir='ltr' id='par_1_87' title="bbox 2113 2570 3703 2644">
     <span class='ocr_line' id='line_1_87' title="bbox 2113 2570 3703 2644; baseline 0.005 -23"><span class='ocrx_word' id='word_1_648' title='bbox 2113 2580 2276 2623; x_wconf 88' lang='lat' dir='ltr'><strong>suave</strong></span> <span class='ocrx_word' id='word_1_649' title='bbox 2319 2570 2583 2624; x_wconf 90' lang='lat' dir='ltr'><strong>somnium</strong></span> <span class='ocrx_word' id='word_1_650' title='bbox 2633 2571 2801 2639; x_wconf 90' lang='lat' dir='ltr'><strong>vidit,</strong></span> <span class='ocrx_word' id='word_1_651' title='bbox 2841 2572 2958 2642; x_wconf 92' lang='lat' dir='ltr'><strong>plus</strong></span> <span class='ocrx_word' id='word_1_652' title='bbox 2984 2573 3235 2644; x_wconf 89' lang='lat' dir='ltr'><strong>quiddam</strong></span> <span class='ocrx_word' id='word_1_653' title='bbox 3279 2574 3485 2632; x_wconf 86' lang='lat' dir='ltr'><strong>habere</strong></span> <span class='ocrx_word' id='word_1_654' title='bbox 3514 2575 3703 2632; x_wconf 87' lang='lat' dir='ltr'><strong>dicen-</strong></span> 
     </span>
    </p>
   </div>
   <div class='ocr_carea' id='block_1_88' title="bbox 2096 2656 3707 2735">
    <p class='ocr_par' dir='ltr' id='par_1_88' title="bbox 2096 2656 3707 2735">
     <span class='ocr_line' id='line_1_88' title="bbox 2096 2656 3707 2735; baseline 0.006 -23"><span class='ocrx_word' id='word_1_655' title='bbox 2096 2656 2213 2735; x_wconf 90' lang='lat' dir='ltr'><strong>_dus</strong></span> <span class='ocrx_word' id='word_1_656' title='bbox 2250 2667 2359 2722; x_wconf 90' lang='lat' dir='ltr'><strong>est,</strong></span> <span class='ocrx_word' id='word_1_657' title='bbox 2398 2675 2555 2730; x_wconf 91' lang='lat' dir='ltr'><strong>quam</strong></span> <span class='ocrx_word' id='word_1_658' title='bbox 2598 2663 2687 2731; x_wconf 94' lang='lat' dir='ltr'><strong>qui</strong></span> <span class='ocrx_word' id='word_1_659' title='bbox 2713 2662 2828 2732; x_wconf 90' lang='lat' dir='ltr'><strong>ejus</strong></span> <span class='ocrx_word' id='word_1_660' title='bbox 2854 2664 2953 2719; x_wconf 90' lang='lat' dir='ltr'><strong>visi</strong></span> <span class='ocrx_word' id='word_1_661' title='bbox 2986 2678 3183 2734; x_wconf 78' lang='lat' dir='ltr'><strong>expers</strong></span> <span class='ocrx_word' id='word_1_662' title='bbox 3206 2663 3390 2722; x_wconf 88' lang='lat' dir='ltr'><strong>fuerit.</strong></span> <span class='ocrx_word' id='word_1_663' title='bbox 3434 2667 3549 2722; x_wconf 93' lang='lat' dir='ltr'><strong>lmo</strong></span> <span class='ocrx_word' id='word_1_664' title='bbox 3575 2683 3707 2722; x_wconf 88' lang='lat' dir='ltr'><strong>vero</strong></span> 
     </span>
    </p>
   </div>
   <div class='ocr_carea' id='block_1_89' title="bbox 2112 2753 3695 2829">
    <p class='ocr_par' dir='ltr' id='par_1_89' title="bbox 2112 2753 3695 2829">
     <span class='ocr_line' id='line_1_89' title="bbox 2112 2753 3695 2829; baseline 0.006 -26"><span class='ocrx_word' id='word_1_665' title='bbox 2112 2764 2214 2804; x_wconf 91' lang='lat' dir='ltr'><strong>nec</strong></span> <span class='ocrx_word' id='word_1_666' title='bbox 2236 2761 2488 2820; x_wconf 89' lang='lat' dir='ltr'><strong>quantum</strong></span> <span class='ocrx_word' id='word_1_667' title='bbox 2514 2753 2753 2808; x_wconf 88' lang='lat' dir='ltr'><strong>volebam</strong></span> <span class='ocrx_word' id='word_1_668' title='bbox 2784 2755 3035 2825; x_wconf 90' lang='lat' dir='ltr'><strong>loquutus</strong></span> <span class='ocrx_word' id='word_1_669' title='bbox 3063 2772 3200 2812; x_wconf 82' lang='lat' dir='ltr'><strong>sum.</strong></span> <span class='ocrx_word' id='word_1_670' title='bbox 3231 2757 3361 2812; x_wconf 87' lang='lat' dir='ltr'><strong>Nam</strong></span> <span class='ocrx_word' id='word_1_671' title='bbox 3405 2774 3507 2814; x_wconf 90' lang='lat' dir='ltr'><strong>nec</strong></span> <span class='ocrx_word' id='word_1_672' title='bbox 3535 2774 3695 2829; x_wconf 86' lang='lat' dir='ltr'><strong>quam</strong></span> 
     </span>
    </p>
   </div>
   <div class='ocr_carea' id='block_1_90' title="bbox 2113 2840 3701 2914">
    <p class='ocr_par' dir='ltr' id='par_1_90' title="bbox 2113 2840 3701 2914">
     <span class='ocr_line' id='line_1_90' title="bbox 2113 2840 3701 2914; baseline 0.008 -22"><span class='ocrx_word' id='word_1_673' title='bbox 2113 2849 2223 2893; x_wconf 91' lang='lat' dir='ltr'><strong>tum</strong></span> <span class='ocrx_word' id='word_1_674' title='bbox 2252 2844 2389 2895; x_wconf 88' lang='lat' dir='ltr'><strong>veris</strong></span> <span class='ocrx_word' id='word_1_675' title='bbox 2406 2840 2606 2898; x_wconf 89' lang='lat' dir='ltr'><strong>distant</strong></span> <span class='ocrx_word' id='word_1_676' title='bbox 2628 2845 2831 2898; x_wconf 89' lang='lat' dir='ltr'><strong>somnia</strong></span> <span class='ocrx_word' id='word_1_677' title='bbox 2849 2886 2865 2914; x_wconf 94' lang='lat'><strong>,</strong></span> <span class='ocrx_word' id='word_1_678' title='bbox 2891 2854 3092 2901; x_wconf 91' lang='lat' dir='ltr'><strong>tantum</strong></span> <span class='ocrx_word' id='word_1_679' title='bbox 3117 2845 3233 2904; x_wconf 66' lang='lat' dir='ltr'><strong>haec</strong></span> <span class='ocrx_word' id='word_1_680' title='bbox 3253 2847 3321 2904; x_wconf 82' lang='lat' dir='ltr'><strong>ab</strong></span> <span class='ocrx_word' id='word_1_681' title='bbox 3345 2848 3456 2903; x_wconf 90' lang='lat' dir='ltr'><strong>illis</strong></span> <span class='ocrx_word' id='word_1_682' title='bbox 3474 2849 3701 2913; x_wconf 89' lang='lat' dir='ltr'><strong>absunt,</strong></span> 
     </span>
    </p>
   </div>
   <div class='ocr_carea' id='block_1_91' title="bbox 2111 2931 3703 3008">
    <p class='ocr_par' dir='ltr' id='par_1_91' title="bbox 2111 2931 3703 3008">
     <span class='ocr_line' id='line_1_91' title="bbox 2111 2931 3703 3008; baseline 0.006 -22"><span class='ocrx_word' id='word_1_683' title='bbox 2111 2931 2204 2987; x_wconf 90' lang='lat' dir='ltr'><strong>sed</strong></span> <span class='ocrx_word' id='word_1_684' title='bbox 2232 2932 2397 2987; x_wconf 88' lang='lat' dir='ltr'><strong>multo</strong></span> <span class='ocrx_word' id='word_1_685' title='bbox 2422 2936 2649 3003; x_wconf 88' lang='lat' dir='ltr'><strong>amplius</strong></span> <span class='ocrx_word' id='word_1_686' title='bbox 2674 2953 2688 2990; x_wconf 90' lang='lat'><strong>:</strong></span> <span class='ocrx_word' id='word_1_687' title='bbox 2736 2951 2836 2992; x_wconf 90' lang='lat' dir='ltr'><strong>nec</strong></span> <span class='ocrx_word' id='word_1_688' title='bbox 2863 2938 3004 3008; x_wconf 89' lang='lat' dir='ltr'><strong>quod</strong></span> <span class='ocrx_word' id='word_1_689' title='bbox 3033 2939 3085 2993; x_wconf 91' lang='lat' dir='ltr'><strong>in</strong></span> <span class='ocrx_word' id='word_1_690' title='bbox 3113 2939 3256 2995; x_wconf 91' lang='lat' dir='ltr'><strong>mille</strong></span> <span class='ocrx_word' id='word_1_691' title='bbox 3279 2941 3437 2996; x_wconf 91' lang='lat' dir='ltr'><strong>annis</strong></span> <span class='ocrx_word' id='word_1_692' title='bbox 3465 2956 3571 2996; x_wconf 88' lang='lat' dir='ltr'><strong>una</strong></span> <span class='ocrx_word' id='word_1_693' title='bbox 3597 2957 3703 2996; x_wconf 74' lang='lat' dir='ltr'><strong>nox</strong></span> 
     </span>
    </p>
   </div>
   <div class='ocr_carea' id='block_1_92' title="bbox 2109 3027 3704 3098">
    <p class='ocr_par' dir='ltr' id='par_1_92' title="bbox 2109 3027 3704 3098">
     <span class='ocr_line' id='line_1_92' title="bbox 2109 3027 3704 3098; baseline 0.007 -20"><span class='ocrx_word' id='word_1_694' title='bbox 2109 3034 2224 3093; x_wconf 90' lang='lat' dir='ltr'><strong>est,</strong></span> <span class='ocrx_word' id='word_1_695' title='bbox 2258 3027 2582 3083; x_wconf 86' lang='lat' dir='ltr'><strong>tantumdem</strong></span> <span class='ocrx_word' id='word_1_696' title='bbox 2613 3028 2716 3083; x_wconf 92' lang='lat' dir='ltr'><strong>hoc</strong></span> <span class='ocrx_word' id='word_1_697' title='bbox 2738 3029 2804 3083; x_wconf 90' lang='lat' dir='ltr'><strong>ad</strong></span> <span class='ocrx_word' id='word_1_698' title='bbox 2851 3030 3083 3086; x_wconf 92' lang='lat' dir='ltr'><strong>futurum</strong></span> <span class='ocrx_word' id='word_1_699' title='bbox 3129 3032 3386 3087; x_wconf 65' lang='lat' dir='ltr'><strong>saeculum</strong></span> <span class='ocrx_word' id='word_1_700' title='bbox 3441 3042 3563 3098; x_wconf 91' lang='lat' dir='ltr'><strong>est,</strong></span> <span class='ocrx_word' id='word_1_701' title='bbox 3605 3033 3704 3089; x_wconf 88' lang='lat' dir='ltr'><strong>sed</strong></span> 
     </span>
    </p>
   </div>
   <div class='ocr_carea' id='block_1_93' title="bbox 2110 3114 3705 3197">
    <p class='ocr_par' dir='ltr' id='par_1_93' title="bbox 2110 3114 3705 3197">
     <span class='ocr_line' id='line_1_93' title="bbox 2110 3114 3705 3197; baseline 0.007 -29"><span class='ocrx_word' id='word_1_702' title='bbox 2110 3114 2198 3169; x_wconf 87' lang='lat' dir='ltr'><strong>hic</strong></span> <span class='ocrx_word' id='word_1_703' title='bbox 2240 3130 2452 3172; x_wconf 90' lang='lat' dir='ltr'><strong>rursum</strong></span> <span class='ocrx_word' id='word_1_704' title='bbox 2479 3120 2637 3173; x_wconf 90' lang='lat' dir='ltr'><strong>etiam</strong></span> <span class='ocrx_word' id='word_1_705' title='bbox 2666 3120 2784 3190; x_wconf 89' lang='lat' dir='ltr'><strong>plus</strong></span> <span class='ocrx_word' id='word_1_706' title='bbox 2815 3120 3033 3177; x_wconf 89' lang='lat' dir='ltr'><strong>interest</strong></span> <span class='ocrx_word' id='word_1_707' title='bbox 3062 3123 3405 3180; x_wconf 89' lang='lat' dir='ltr'><strong>discriminis.</strong></span> <span class='ocrx_word' id='word_1_708' title='bbox 3442 3127 3516 3180; x_wconf 77' lang='lat' dir='ltr'><strong>At</strong></span> <span class='ocrx_word' id='word_1_709' title='bbox 3543 3127 3705 3197; x_wconf 83' lang='lat' dir='ltr'><strong>virgi-</strong></span> 
     </span>
    </p>
   </div>
   <div class='ocr_carea' id='block_1_94' title="bbox 2110 3205 3706 3287">
    <p class='ocr_par' dir='ltr' id='par_1_94' title="bbox 2110 3205 3706 3287">
     <span class='ocr_line' id='line_1_94' title="bbox 2110 3205 3706 3287; baseline 0.009 -29"><span class='ocrx_word' id='word_1_710' title='bbox 2110 3205 2248 3260; x_wconf 87' lang='lat' dir='ltr'><strong>nitas</strong></span> <span class='ocrx_word' id='word_1_711' title='bbox 2293 3222 2398 3261; x_wconf 93' lang='lat' dir='ltr'><strong>non</strong></span> <span class='ocrx_word' id='word_1_712' title='bbox 2436 3216 2519 3263; x_wconf 91' lang='lat' dir='ltr'><strong>est</strong></span> <span class='ocrx_word' id='word_1_713' title='bbox 2561 3209 2861 3279; x_wconf 88' lang='lat' dir='ltr'><strong>ejusmodi;</strong></span> <span class='ocrx_word' id='word_1_714' title='bbox 2908 3213 3032 3282; x_wconf 92' lang='lat' dir='ltr'><strong>quin</strong></span> <span class='ocrx_word' id='word_1_715' title='bbox 3060 3212 3198 3268; x_wconf 90' lang='lat' dir='ltr'><strong>facto</strong></span> <span class='ocrx_word' id='word_1_716' title='bbox 3247 3215 3440 3284; x_wconf 84' lang='lat' dir='ltr'><strong>grandi</strong></span> <span class='ocrx_word' id='word_1_717' title='bbox 3489 3226 3706 3287; x_wconf 69' lang='lat' dir='ltr'><strong>qtttestu</strong></span> 
     </span>
    </p>
   </div>
   <div class='ocr_carea' id='block_1_95' title="bbox 2108 3296 3531 3376">
    <p class='ocr_par' dir='ltr' id='par_1_95' title="bbox 2108 3296 3531 3376">
     <span class='ocr_line' id='line_1_95' title="bbox 2108 3296 3531 3376; baseline 0.007 -24"><span class='ocrx_word' id='word_1_718' title='bbox 2108 3296 2349 3353; x_wconf 89' lang='lat' dir='ltr'><strong>discedit.</strong></span> <span class='ocrx_word' id='word_1_719' title='bbox 2376 3299 2480 3354; x_wconf 90' lang='lat' dir='ltr'><strong>Sed</strong></span> <span class='ocrx_word' id='word_1_720' title='bbox 2512 3316 2622 3355; x_wconf 93' lang='lat' dir='ltr'><strong>rem</strong></span> <span class='ocrx_word' id='word_1_721' title='bbox 2650 3317 2862 3358; x_wconf 91' lang='lat' dir='ltr'><strong>omnem</strong></span> <span class='ocrx_word' id='word_1_722' title='bbox 2889 3318 2918 3357; x_wconf 91' lang='lat' dir='ltr'><strong>a</strong></span> <span class='ocrx_word' id='word_1_723' title='bbox 2949 3305 3120 3375; x_wconf 87' lang='lat' dir='ltr'><strong>capite</strong></span> <span class='ocrx_word' id='word_1_724' title='bbox 3148 3305 3531 3376; x_wconf 90' lang='lat' dir='ltr'><strong>disquiramus.</strong></span> 
     </span>
    </p>
   </div>
   <div class='ocr_carea' id='block_1_96' title="bbox 2193 3387 3707 3462">
    <p class='ocr_par' dir='ltr' id='par_1_96' title="bbox 2193 3387 3707 3462">
     <span class='ocr_line' id='line_1_96' title="bbox 2193 3387 3707 3462; baseline 0.008 -20"><span class='ocrx_word' id='word_1_725' title='bbox 2193 3387 2328 3442; x_wconf 81' lang='lat' dir='ltr'><strong>LIX.</strong></span> <span class='ocrx_word' id='word_1_726' title='bbox 2399 3390 2745 3462; x_wconf 81' lang='lat' dir='ltr'><strong>Virginitatem</strong></span> <span class='ocrx_word' id='word_1_727' title='bbox 2791 3393 2991 3461; x_wconf 80' lang='lat' dir='ltr'><strong>facilem</strong></span> <span class='ocrx_word' id='word_1_728' title='bbox 3042 3395 3408 3451; x_wconf 48' lang='grc' dir='ltr'><strong>εδει-ΝΜ</strong></span> <span class='ocrx_word' id='word_1_729' title='bbox 3472 3412 3707 3454; x_wconf 85' lang='lat' dir='ltr'><strong>necesse</strong></span> 
     </span>
    </p>
   </div>
   <div class='ocr_carea' id='block_1_97' title="bbox 2109 3472 3706 3552">
    <p class='ocr_par' dir='ltr' id='par_1_97' title="bbox 2109 3472 3706 3552">
     <span class='ocr_line' id='line_1_97' title="bbox 2109 3472 3706 3552; baseline 0.007 -21"><span class='ocrx_word' id='word_1_730' title='bbox 2109 3475 2269 3533; x_wconf 87' lang='lat' dir='ltr'><strong>habet</strong></span> <span class='ocrx_word' id='word_1_731' title='bbox 2300 3480 2350 3533; x_wconf 92' lang='lat' dir='ltr'><strong>in</strong></span> <span class='ocrx_word' id='word_1_732' title='bbox 2382 3493 2634 3550; x_wconf 90' lang='lat' dir='ltr'><strong>sponsum</strong></span> <span class='ocrx_word' id='word_1_733' title='bbox 2668 3472 2934 3552; x_wconf 89' lang='lat' dir='ltr'><strong>inquirere</strong></span> <span class='ocrx_word' id='word_1_734' title='bbox 2956 3525 2970 3549; x_wconf 92' lang='lat'><strong>,</strong></span> <span class='ocrx_word' id='word_1_735' title='bbox 2999 3499 3097 3539; x_wconf 89' lang='lat' dir='ltr'><strong>nec</strong></span> <span class='ocrx_word' id='word_1_736' title='bbox 3121 3482 3299 3539; x_wconf 84' lang='lat' dir='ltr'><strong>fucum</strong></span> <span class='ocrx_word' id='word_1_737' title='bbox 3335 3487 3526 3543; x_wconf 89' lang='lat' dir='ltr'><strong>timet:</strong></span> <span class='ocrx_word' id='word_1_738' title='bbox 3560 3488 3706 3544; x_wconf 83' lang='lat' dir='ltr'><strong>Deus</strong></span> 
     </span>
    </p>
   </div>
   <div class='ocr_carea' id='block_1_98' title="bbox 2106 3569 3706 3635">
    <p class='ocr_par' dir='ltr' id='par_1_98' title="bbox 2106 3569 3706 3635">
     <span class='ocr_line' id='line_1_98' title="bbox 2106 3569 3706 3635; baseline 0.008 -15"><span class='ocrx_word' id='word_1_739' title='bbox 2106 3576 2190 3621; x_wconf 86' lang='lat' dir='ltr'><strong>est</strong></span> <span class='ocrx_word' id='word_1_740' title='bbox 2231 3569 2370 3622; x_wconf 90' lang='lat' dir='ltr'><strong>enim</strong></span> <span class='ocrx_word' id='word_1_741' title='bbox 2420 3585 2525 3624; x_wconf 93' lang='lat' dir='ltr'><strong>non</strong></span> <span class='ocrx_word' id='word_1_742' title='bbox 2565 3569 2755 3635; x_wconf 92' lang='lat' dir='ltr'><strong>homo,</strong></span> <span class='ocrx_word' id='word_1_743' title='bbox 2800 3570 3058 3628; x_wconf 90' lang='lat' dir='ltr'><strong>Dominus</strong></span> <span class='ocrx_word' id='word_1_744' title='bbox 3095 3590 3201 3629; x_wconf 87' lang='lat' dir='ltr'><strong>non</strong></span> <span class='ocrx_word' id='word_1_745' title='bbox 3250 3589 3570 3632; x_wconf 87' lang='lat' dir='ltr'><strong>conservus.</strong></span> <span class='ocrx_word' id='word_1_746' title='bbox 3623 3577 3706 3633; x_wconf 79' lang='lat' dir='ltr'><strong>Ac</strong></span> 
     </span>
    </p>
   </div>
   <div class='ocr_carea' id='block_1_99' title="bbox 2105 3658 3707 3739">
    <p class='ocr_par' dir='ltr' id='par_1_99' title="bbox 2105 3658 3707 3739">
     <span class='ocr_line' id='line_1_99' title="bbox 2105 3658 3707 3739; baseline 0.009 -30"><span class='ocrx_word' id='word_1_747' title='bbox 2105 3671 2422 3726; x_wconf 86' lang='lat' dir='ltr'><strong>sponsorum</strong></span> <span class='ocrx_word' id='word_1_748' title='bbox 2466 3658 2567 3714; x_wconf 90' lang='lat' dir='ltr'><strong>hoc</strong></span> <span class='ocrx_word' id='word_1_749' title='bbox 2593 3659 2880 3716; x_wconf 89' lang='lat' dir='ltr'><strong>discrimen</strong></span> <span class='ocrx_word' id='word_1_750' title='bbox 2907 3671 2991 3717; x_wconf 92' lang='lat' dir='ltr'><strong>est</strong></span> <span class='ocrx_word' id='word_1_751' title='bbox 3019 3682 3032 3718; x_wconf 93' lang='lat'>:</span> <span class='ocrx_word' id='word_1_752' title='bbox 3063 3664 3183 3719; x_wconf 88' lang='lat' dir='ltr'><strong>vide</strong></span> <span class='ocrx_word' id='word_1_753' title='bbox 3206 3674 3383 3721; x_wconf 88' lang='lat' dir='ltr'><strong>autem</strong></span> <span class='ocrx_word' id='word_1_754' title='bbox 3414 3677 3473 3722; x_wconf 91' lang='lat' dir='ltr'><strong>ct</strong></span> <span class='ocrx_word' id='word_1_755' title='bbox 3502 3669 3707 3739; x_wconf 87' lang='lat' dir='ltr'><strong>quibus</strong></span> 
     </span>
    </p>
   </div>
   <div class='ocr_carea' id='block_1_100' title="bbox 2107 3747 3704 3830">
    <p class='ocr_par' dir='ltr' id='par_1_100' title="bbox 2107 3747 3704 3830">
     <span class='ocr_line' id='line_1_100' title="bbox 2107 3747 3704 3830; baseline 0.009 -29"><span class='ocrx_word' id='word_1_756' title='bbox 2107 3747 2267 3802; x_wconf 90' lang='lat' dir='ltr'><strong>rebus</strong></span> <span class='ocrx_word' id='word_1_757' title='bbox 2313 3748 2763 3819; x_wconf 91' lang='lat' dir='ltr'><strong>despondeantur.</strong></span> <span class='ocrx_word' id='word_1_758' title='bbox 2813 3751 2930 3808; x_wconf 91' lang='lat' dir='ltr'><strong>Non</strong></span> <span class='ocrx_word' id='word_1_759' title='bbox 2952 3755 3209 3824; x_wconf 86' lang='lat' dir='ltr'><strong>mancipia</strong></span> <span class='ocrx_word' id='word_1_760' title='bbox 3235 3797 3250 3820; x_wconf 94' lang='lat'><strong>,</strong></span> <span class='ocrx_word' id='word_1_761' title='bbox 3284 3772 3389 3811; x_wconf 91' lang='lat' dir='ltr'><strong>non</strong></span> <span class='ocrx_word' id='word_1_762' title='bbox 3416 3766 3586 3815; x_wconf 75' lang='lat' dir='ltr'><strong>terra:</strong></span> <span class='ocrx_word' id='word_1_763' title='bbox 3614 3759 3704 3830; x_wconf 88' lang='lat' dir='ltr'><strong>ju-</strong></span> 
     </span>
    </p>
   </div>
   <div class='ocr_carea' id='block_1_101' title="bbox 2105 3845 3707 3914">
    <p class='ocr_par' dir='ltr' id='par_1_101' title="bbox 2105 3845 3707 3914">
     <span class='ocr_line' id='line_1_101' title="bbox 2105 3845 3707 3914; baseline 0.011 -23"><span class='ocrx_word' id='word_1_764' title='bbox 2105 3851 2262 3908; x_wconf 88' lang='lat' dir='ltr'><strong>gera,</strong></span> <span class='ocrx_word' id='word_1_765' title='bbox 2313 3855 2419 3895; x_wconf 92' lang='lat' dir='ltr'><strong>non</strong></span> <span class='ocrx_word' id='word_1_766' title='bbox 2468 3850 2545 3896; x_wconf 92' lang='lat' dir='ltr'><strong>tot</strong></span> <span class='ocrx_word' id='word_1_767' title='bbox 2587 3857 2649 3898; x_wconf 90' lang='lat' dir='ltr'><strong>ac</strong></span> <span class='ocrx_word' id='word_1_768' title='bbox 2695 3845 2913 3900; x_wconf 91' lang='lat' dir='ltr'><strong>totidem</strong></span> <span class='ocrx_word' id='word_1_769' title='bbox 2948 3847 3062 3901; x_wconf 80' lang='lat' dir='ltr'><strong>auri</strong></span> <span class='ocrx_word' id='word_1_770' title='bbox 3094 3847 3318 3914; x_wconf 85' lang='lat' dir='ltr'><strong>talenta,</strong></span> <span class='ocrx_word' id='word_1_771' title='bbox 3351 3849 3447 3905; x_wconf 90' lang='lat' dir='ltr'><strong>sed</strong></span> <span class='ocrx_word' id='word_1_772' title='bbox 3477 3853 3606 3907; x_wconf 85' lang='lat' dir='ltr'><strong>caeli</strong></span> <span class='ocrx_word' id='word_1_773' title='bbox 3647 3864 3707 3909; x_wconf 89' lang='lat' dir='ltr'><strong>et</strong></span> 
     </span>
    </p>
   </div>
   <div class='ocr_carea' id='block_1_102' title="bbox 2104 3929 3706 4008">
    <p class='ocr_par' dir='ltr' id='par_1_102' title="bbox 2104 3929 3706 4008">
     <span class='ocr_line' id='line_1_102' title="bbox 2104 3929 3706 4008; baseline 0.012 -26"><span class='ocrx_word' id='word_1_774' title='bbox 2104 3929 2332 3985; x_wconf 65' lang='lat' dir='ltr'><strong>caelestia</strong></span> <span class='ocrx_word' id='word_1_775' title='bbox 2360 3932 2528 4000; x_wconf 90' lang='lat' dir='ltr'><strong>bona,</strong></span> <span class='ocrx_word' id='word_1_776' title='bbox 2560 3948 2770 4004; x_wconf 65' lang='lat' dir='ltr'><strong>sponsae</strong></span> <span class='ocrx_word' id='word_1_777' title='bbox 2801 3936 2955 4008; x_wconf 88' lang='lat' dir='ltr'><strong>lmjus</strong></span> <span class='ocrx_word' id='word_1_778' title='bbox 2980 3938 3173 3993; x_wconf 88' lang='lat' dir='ltr'><strong>dotalia</strong></span> <span class='ocrx_word' id='word_1_779' title='bbox 3217 3949 3361 3995; x_wconf 90' lang='lat' dir='ltr'><strong>sunt.</strong></span> <span class='ocrx_word' id='word_1_780' title='bbox 3418 3942 3706 4001; x_wconf 73' lang='lat' dir='ltr'><strong>Prteterea</strong></span> 
     </span>
    </p>
   </div>
   <div class='ocr_carea' id='block_1_103' title="bbox 2082 4012 3706 4103">
    <p class='ocr_par' dir='ltr' id='par_1_103' title="bbox 2082 4012 3706 4103">
     <span class='ocr_line' id='line_1_103' title="bbox 2082 4012 3706 4103; baseline 0.01 -29"><span class='ocrx_word' id='word_1_781' title='bbox 2082 4012 2296 4091; x_wconf 73' lang='lat' dir='ltr'><strong>&#39;eonjux</strong></span> <span class='ocrx_word' id='word_1_782' title='bbox 2360 4034 2583 4080; x_wconf 89' lang='lat' dir='ltr'><strong>mortem</strong></span> <span class='ocrx_word' id='word_1_783' title='bbox 2634 4029 2890 4098; x_wconf 87' lang='lat' dir='ltr'><strong>trepidat&#39;,</strong></span> <span class='ocrx_word' id='word_1_784' title='bbox 2945 4044 3065 4085; x_wconf 92' lang='lat' dir='ltr'><strong>eum</strong></span> <span class='ocrx_word' id='word_1_785' title='bbox 3116 4039 3334 4102; x_wconf 91' lang='lat' dir='ltr'><strong>propter</strong></span> <span class='ocrx_word' id='word_1_786' title='bbox 3384 4033 3534 4103; x_wconf 89' lang='lat' dir='ltr'><strong>alia,</strong></span> <span class='ocrx_word' id='word_1_787' title='bbox 3586 4046 3706 4091; x_wconf 88' lang='lat' dir='ltr'><strong>tum</strong></span> 
     </span>
    </p>
   </div>
   <div class='ocr_carea' id='block_1_104' title="bbox 2082 4110 3803 4196">
    <p class='ocr_par' dir='ltr' id='par_1_104' title="bbox 2082 4110 3803 4196">
     <span class='ocr_line' id='line_1_104' title="bbox 2082 4110 3803 4196; baseline 0.008 -29"><span class='ocrx_word' id='word_1_788' title='bbox 2082 4110 2241 4185; x_wconf 59' lang='lat' dir='ltr'><strong>&#39;quod</strong></span> <span class='ocrx_word' id='word_1_789' title='bbox 2289 4131 2349 4172; x_wconf 90' lang='lat' dir='ltr'><strong>se</strong></span> <span class='ocrx_word' id='word_1_790' title='bbox 2376 4131 2407 4171; x_wconf 87' lang='lat' dir='ltr'><strong>a</strong></span> <span class='ocrx_word' id='word_1_791' title='bbox 2449 4120 2810 4176; x_wconf 90' lang='lat' dir='ltr'><strong>contubernali</strong></span> <span class='ocrx_word' id='word_1_792' title='bbox 2839 4122 3121 4194; x_wconf 85' lang='lat' dir='ltr'><strong>disjungat.</strong></span> <span class='ocrx_word' id='word_1_793' title='bbox 3168 4123 3330 4196; x_wconf 75' lang='lat' dir='ltr'><strong>Virgo</strong></span> <span class='ocrx_word' id='word_1_794' title='bbox 3366 4134 3423 4181; x_wconf 91' lang='lat' dir='ltr'><strong>et</strong></span> <span class='ocrx_word' id='word_1_795' title='bbox 3453 4138 3705 4185; x_wconf 88' lang='lat' dir='ltr'><strong>mortem</strong></span> <span class='ocrx_word' id='word_1_796' title='bbox 3798 4177 3803 4181; x_wconf 92' lang='lat'><strong>.</strong></span> 
     </span>
    </p>
   </div>
   <div class='ocr_carea' id='block_1_105' title="bbox 2102 4204 3705 4289">
    <p class='ocr_par' dir='ltr' id='par_1_105' title="bbox 2102 4204 3705 4289">
     <span class='ocr_line' id='line_1_105' title="bbox 2102 4204 3705 4289; baseline 0.009 -30"><span class='ocrx_word' id='word_1_797' title='bbox 2102 4204 2401 4275; x_wconf 87' lang='lat' dir='ltr'><strong>desiderat,</strong></span> <span class='ocrx_word' id='word_1_798' title='bbox 2433 4215 2488 4263; x_wconf 89' lang='lat' dir='ltr'><strong>et</strong></span> <span class='ocrx_word' id='word_1_799' title='bbox 2510 4210 2614 4264; x_wconf 90' lang='lat' dir='ltr'><strong>vita</strong></span> <span class='ocrx_word' id='word_1_800' title='bbox 2655 4222 2936 4281; x_wconf 84' lang='lat' dir='ltr'><strong>gravatur,</strong></span> <span class='ocrx_word' id='word_1_801' title='bbox 2965 4229 3220 4282; x_wconf 90' lang='lat' dir='ltr'><strong>sponsum</strong></span> <span class='ocrx_word' id='word_1_802' title='bbox 3262 4230 3509 4285; x_wconf 58' lang='lat' dir='ltr'><strong>praesens</strong></span> <span class='ocrx_word' id='word_1_803' title='bbox 3557 4234 3705 4289; x_wconf 69' lang='lat' dir='ltr'><strong>prae-</strong></span> 
     </span>
    </p>
   </div>
   <div class='ocr_carea' id='block_1_106' title="bbox 2101 4298 3424 4374">
    <p class='ocr_par' dir='ltr' id='par_1_106' title="bbox 2101 4298 3424 4374">
     <span class='ocr_line' id='line_1_106' title="bbox 2101 4298 3424 4374; baseline 0.005 -23"><span class='ocrx_word' id='word_1_804' title='bbox 2101 4307 2303 4351; x_wconf 88' lang='lat' dir='ltr'><strong>sentem</strong></span> <span class='ocrx_word' id='word_1_805' title='bbox 2335 4298 2564 4366; x_wconf 90' lang='lat' dir='ltr'><strong>intueri,</strong></span> <span class='ocrx_word' id='word_1_806' title='bbox 2592 4315 2760 4372; x_wconf 87' lang='lat' dir='ltr'><strong>eaque</strong></span> <span class='ocrx_word' id='word_1_807' title='bbox 2788 4302 2953 4371; x_wconf 88' lang='lat' dir='ltr'><strong>gloria</strong></span> <span class='ocrx_word' id='word_1_808' title='bbox 2982 4302 3084 4358; x_wconf 89' lang='lat' dir='ltr'><strong>frui</strong></span> <span class='ocrx_word' id='word_1_809' title='bbox 3114 4319 3424 4374; x_wconf 89' lang='lat' dir='ltr'><strong>properans.</strong></span> 
     </span>
    </p>
   </div>
   <div class='ocr_carea' id='block_1_107' title="bbox 2171 4386 3705 4468">
    <p class='ocr_par' dir='ltr' id='par_1_107' title="bbox 2171 4386 3705 4468">
     <span class='ocr_line' id='line_1_107' title="bbox 2171 4386 3705 4468; baseline 0.008 -26"><span class='ocrx_word' id='word_1_810' title='bbox 2171 4386 2285 4443; x_wconf 80' lang='lat' dir='ltr'><strong>LX.</strong></span> <span class='ocrx_word' id='word_1_811' title='bbox 2339 4387 2683 4460; x_wconf 74' lang='lat' dir='ltr'><strong>Virginitatem</strong></span> <span class='ocrx_word' id='word_1_812' title='bbox 2722 4393 2909 4446; x_wconf 81' lang='lat' dir='ltr'><strong>nullius</strong></span> <span class='ocrx_word' id='word_1_813' title='bbox 2937 4410 3081 4463; x_wconf 86' lang='lat' dir='ltr'><strong>egere</strong></span> <span class='ocrx_word' id='word_1_814' title='bbox 3106 4395 3241 4463; x_wconf 87' lang='lat' dir='ltr'><strong>quod</strong></span> <span class='ocrx_word' id='word_1_815' title='bbox 3278 4396 3333 4448; x_wconf 85' lang='lat' dir='ltr'><strong>in</strong></span> <span class='ocrx_word' id='word_1_816' title='bbox 3359 4396 3509 4451; x_wconf 78' lang='lat' dir='ltr'><strong>nobis</strong></span> <span class='ocrx_word' id='word_1_817' title='bbox 3552 4399 3705 4468; x_wconf 76' lang='lat' dir='ltr'><strong>posi-</strong></span> 
     </span>
    </p>
   </div>
   <div class='ocr_carea' id='block_1_108' title="bbox 2099 4567 3705 4648">
    <p class='ocr_par' dir='ltr' id='par_1_108' title="bbox 2099 4567 3705 4648">
     <span class='ocr_line' id='line_1_108' title="bbox 2099 4567 3705 4648; baseline 0.007 -26"><span class='ocrx_word' id='word_1_818' title='bbox 2099 4567 2274 4637; x_wconf 87' lang='lat' dir='ltr'><strong>inopia</strong></span> <span class='ocrx_word' id='word_1_819' title='bbox 2322 4567 2519 4637; x_wconf 85' lang='lat' dir='ltr'><strong>degere</strong></span> <span class='ocrx_word' id='word_1_820' title='bbox 2560 4569 2845 4640; x_wconf 83' lang='lat' dir='ltr'><strong>quidquam</strong></span> <span class='ocrx_word' id='word_1_821' title='bbox 2899 4570 3072 4627; x_wconf 90' lang='lat' dir='ltr'><strong>fraudi</strong></span> <span class='ocrx_word' id='word_1_822' title='bbox 3128 4587 3249 4629; x_wconf 89' lang='lat' dir='ltr'><strong>esse</strong></span> <span class='ocrx_word' id='word_1_823' title='bbox 3291 4583 3508 4643; x_wconf 89' lang='lat' dir='ltr'><strong>potest;</strong></span> <span class='ocrx_word' id='word_1_824' title='bbox 3566 4579 3705 4648; x_wconf 76' lang='lat' dir='ltr'><strong>quin</strong></span> 
     </span>
    </p>
   </div>
   <div class='ocr_carea' id='block_1_109' title="bbox 2100 4652 3709 4733">
    <p class='ocr_par' dir='ltr' id='par_1_109' title="bbox 2100 4652 3709 4733">
     <span class='ocr_line' id='line_1_109' title="bbox 2100 4652 3709 4733; baseline 0.009 -22"><span class='ocrx_word' id='word_1_825' title='bbox 2100 4659 2274 4727; x_wconf 89' lang='lat' dir='ltr'><strong>potius</strong></span> <span class='ocrx_word' id='word_1_826' title='bbox 2315 4659 2455 4730; x_wconf 89' lang='lat' dir='ltr'><strong>quod</strong></span> <span class='ocrx_word' id='word_1_827' title='bbox 2498 4660 2639 4715; x_wconf 92' lang='lat' dir='ltr'><strong>ultro</strong></span> <span class='ocrx_word' id='word_1_828' title='bbox 2679 4652 2973 4729; x_wconf 78' lang='lat' dir='ltr'><strong>sustineat,</strong></span> <span class='ocrx_word' id='word_1_829' title='bbox 3018 4677 3214 4733; x_wconf 89' lang='lat' dir='ltr'><strong>sponso</strong></span> <span class='ocrx_word' id='word_1_830' title='bbox 3259 4664 3311 4718; x_wconf 88' lang='lat' dir='ltr'><strong>id</strong></span> <span class='ocrx_word' id='word_1_831' title='bbox 3352 4680 3472 4720; x_wconf 91' lang='lat' dir='ltr'><strong>eam</strong></span> <span class='ocrx_word' id='word_1_832' title='bbox 3510 4667 3709 4724; x_wconf 89' lang='lat' dir='ltr'><strong>reddit</strong></span> 
     </span>
    </p>
   </div>
   <div class='ocr_carea' id='block_1_110' title="bbox 2074 4750 3702 4827">
    <p class='ocr_par' dir='ltr' id='par_1_110' title="bbox 2074 4750 3702 4827">
     <span class='ocr_line' id='line_1_110' title="bbox 2074 4750 3702 4827; baseline 0.005 -24"><span class='ocrx_word' id='word_1_833' title='bbox 2074 4750 2400 4825; x_wconf 83' lang='lat' dir='ltr'><strong>cariorem:</strong></span> <span class='ocrx_word' id='word_1_834' title='bbox 2446 4766 2547 4805; x_wconf 92' lang='lat' dir='ltr'><strong>nec</strong></span> <span class='ocrx_word' id='word_1_835' title='bbox 2600 4752 2814 4808; x_wconf 90' lang='lat' dir='ltr'><strong>sordide</strong></span> <span class='ocrx_word' id='word_1_836' title='bbox 2865 4764 3042 4808; x_wconf 89' lang='lat' dir='ltr'><strong>natam</strong></span> <span class='ocrx_word' id='word_1_837' title='bbox 3092 4769 3243 4821; x_wconf 90' lang='lat' dir='ltr'><strong>esse,</strong></span> <span class='ocrx_word' id='word_1_838' title='bbox 3286 4770 3385 4809; x_wconf 89' lang='lat' dir='ltr'><strong>nec</strong></span> <span class='ocrx_word' id='word_1_839' title='bbox 3434 4760 3702 4827; x_wconf 83' lang='lat' dir='ltr'><strong>corporis</strong></span> 
     </span>
    </p>
   </div>
   <div class='ocr_carea' id='block_1_111' title="bbox 2098 4844 3704 4919">
    <p class='ocr_par' dir='ltr' id='par_1_111' title="bbox 2098 4844 3704 4919">
     <span class='ocr_line' id='line_1_111' title="bbox 2098 4844 3704 4919; baseline 0.004 -22"><span class='ocrx_word' id='word_1_840' title='bbox 2098 4852 2376 4898; x_wconf 85' lang='lat' dir='ltr'><strong>venustate</strong></span> <span class='ocrx_word' id='word_1_841' title='bbox 2444 4858 2549 4898; x_wconf 93' lang='lat' dir='ltr'><strong>non</strong></span> <span class='ocrx_word' id='word_1_842' title='bbox 2597 4844 2914 4911; x_wconf 82' lang='lat' dir='ltr'><strong>excellere;</strong></span> <span class='ocrx_word' id='word_1_843' title='bbox 2976 4861 3150 4914; x_wconf 90' lang='lat' dir='ltr'><strong>neque</strong></span> <span class='ocrx_word' id='word_1_844' title='bbox 3203 4845 3345 4899; x_wconf 87' lang='lat' dir='ltr'><strong>aliud</strong></span> <span class='ocrx_word' id='word_1_845' title='bbox 3388 4847 3704 4919; x_wconf 88' lang='lat' dir='ltr'><strong>quidquam</strong></span> 
     </span>
    </p>
   </div>
   <div class='ocr_carea' id='block_1_112' title="bbox 2095 4922 3707 5006">
    <p class='ocr_par' dir='ltr' id='par_1_112' title="bbox 2095 4922 3707 5006">
     <span class='ocr_line' id='line_1_112' title="bbox 2095 4922 3707 5006; baseline 0.004 -16"><span class='ocrx_word' id='word_1_846' title='bbox 2095 4935 2289 4990; x_wconf 91' lang='lat' dir='ltr'><strong>simile.</strong></span> <span class='ocrx_word' id='word_1_847' title='bbox 2338 4936 2404 4990; x_wconf 88' lang='lat' dir='ltr'><strong>Et</strong></span> <span class='ocrx_word' id='word_1_848' title='bbox 2427 4935 2553 5006; x_wconf 91' lang='lat' dir='ltr'><strong>quid</strong></span> <span class='ocrx_word' id='word_1_849' title='bbox 2598 4935 2713 4991; x_wconf 75' lang='lat' dir='ltr'><strong>hmc</strong></span> <span class='ocrx_word' id='word_1_850' title='bbox 2760 4935 3329 4992; x_wconf 77' lang='lat' dir='ltr'><strong>commemorolNam</strong></span> <span class='ocrx_word' id='word_1_851' title='bbox 3378 4945 3432 4991; x_wconf 92' lang='lat' dir='ltr'><strong>et</strong></span> <span class='ocrx_word' id='word_1_852' title='bbox 3480 4939 3531 4992; x_wconf 91' lang='lat' dir='ltr'><strong>si</strong></span> <span class='ocrx_word' id='word_1_853' title='bbox 3593 4922 3707 4996; x_wconf 75' lang='lat' dir='ltr'><strong>nec</strong></span> 
     </span>
    </p>
   </div>
   <div class='ocr_carea' id='block_1_113' title="bbox 2094 5024 3707 5105">
    <p class='ocr_par' dir='ltr' id='par_1_113' title="bbox 2094 5024 3707 5105">
     <span class='ocr_line' id='line_1_113' title="bbox 2094 5024 3707 5105; baseline 0.004 -27"><span class='ocrx_word' id='word_1_854' title='bbox 2094 5025 2258 5079; x_wconf 87' lang='lat' dir='ltr'><strong>libera</strong></span> <span class='ocrx_word' id='word_1_855' title='bbox 2289 5026 2398 5090; x_wconf 91' lang='lat' dir='ltr'><strong>sit,</strong></span> <span class='ocrx_word' id='word_1_856' title='bbox 2439 5041 2612 5096; x_wconf 90' lang='lat' dir='ltr'><strong>neque</strong></span> <span class='ocrx_word' id='word_1_857' title='bbox 2637 5024 2689 5105; x_wconf 87' lang='lat' dir='ltr'><strong>id</strong></span> <span class='ocrx_word' id='word_1_858' title='bbox 2717 5026 2933 5096; x_wconf 86' lang='lat' dir='ltr'><strong>quidem</strong></span> <span class='ocrx_word' id='word_1_859' title='bbox 2982 5027 3098 5097; x_wconf 90' lang='lat' dir='ltr'><strong>ejus</strong></span> <span class='ocrx_word' id='word_1_860' title='bbox 3146 5026 3482 5097; x_wconf 88' lang='lat' dir='ltr'><strong>sponsalibus</strong></span> <span class='ocrx_word' id='word_1_861' title='bbox 3527 5028 3707 5084; x_wconf 86' lang='lat' dir='ltr'><strong>dero-</strong></span> 
     </span>
    </p>
   </div>
   <div class='ocr_carea' id='block_1_114' title="bbox 2092 5115 3709 5188">
    <p class='ocr_par' dir='ltr' id='par_1_114' title="bbox 2092 5115 3709 5188">
     <span class='ocr_line' id='line_1_114' title="bbox 2092 5115 3709 5188; baseline 0.005 -19"><span class='ocrx_word' id='word_1_862' title='bbox 2092 5125 2218 5187; x_wconf 87' lang='lat' dir='ltr'><strong>gat,</strong></span> <span class='ocrx_word' id='word_1_863' title='bbox 2258 5115 2353 5171; x_wconf 91' lang='lat' dir='ltr'><strong>sed</strong></span> <span class='ocrx_word' id='word_1_864' title='bbox 2381 5115 2576 5172; x_wconf 83' lang='lat' dir='ltr'><strong>sufﬁcit</strong></span> <span class='ocrx_word' id='word_1_865' title='bbox 2606 5118 2841 5173; x_wconf 90' lang='lat' dir='ltr'><strong>animum</strong></span> <span class='ocrx_word' id='word_1_866' title='bbox 2882 5118 3161 5188; x_wconf 91' lang='lat' dir='ltr'><strong>pulchrum</strong></span> <span class='ocrx_word' id='word_1_867' title='bbox 3191 5127 3476 5187; x_wconf 65' lang='lat' dir='ltr'><strong>praestare,</strong></span> <span class='ocrx_word' id='word_1_868' title='bbox 3514 5129 3579 5174; x_wconf 92' lang='lat' dir='ltr'><strong>ut</strong></span> <span class='ocrx_word' id='word_1_869' title='bbox 3612 5123 3709 5177; x_wconf 85' lang='lat' dir='ltr'><strong>vel</strong></span> 
     </span>
    </p>
   </div>
   <div class='ocr_carea' id='block_1_115' title="bbox 2092 5207 3705 5281">
    <p class='ocr_par' dir='ltr' id='par_1_115' title="bbox 2092 5207 3705 5281">
     <span class='ocr_line' id='line_1_115' title="bbox 2092 5207 3705 5281; baseline 0.003 -21"><span class='ocrx_word' id='word_1_870' title='bbox 2092 5207 2292 5277; x_wconf 89' lang='lat' dir='ltr'><strong>primas</strong></span> <span class='ocrx_word' id='word_1_871' title='bbox 2316 5217 2690 5277; x_wconf 91' lang='lat' dir='ltr'><strong>consequatur.</strong></span> <span class='ocrx_word' id='word_1_872' title='bbox 2724 5208 2840 5263; x_wconf 91' lang='lat' dir='ltr'><strong>Non</strong></span> <span class='ocrx_word' id='word_1_873' title='bbox 2877 5208 2964 5263; x_wconf 91' lang='lat' dir='ltr'><strong>hic</strong></span> <span class='ocrx_word' id='word_1_874' title='bbox 2992 5208 3254 5281; x_wconf 80' lang='lat' dir='ltr'><strong>zelotypia</strong></span> <span class='ocrx_word' id='word_1_875' title='bbox 3296 5207 3536 5263; x_wconf 88' lang='lat' dir='ltr'><strong>timenda</strong></span> <span class='ocrx_word' id='word_1_876' title='bbox 3569 5219 3705 5278; x_wconf 88' lang='lat' dir='ltr'><strong>est,</strong></span> 
     </span>
    </p>
   </div>
   <div class='ocr_carea' id='block_1_116' title="bbox 2091 5300 3701 5370">
    <p class='ocr_par' dir='ltr' id='par_1_116' title="bbox 2091 5300 3701 5370">
     <span class='ocr_line' id='line_1_116' title="bbox 2091 5300 3701 5370; baseline 0.002 -15"><span class='ocrx_word' id='word_1_877' title='bbox 2091 5315 2198 5355; x_wconf 89' lang='lat' dir='ltr'><strong>non</strong></span> <span class='ocrx_word' id='word_1_878' title='bbox 2243 5300 2461 5355; x_wconf 88' lang='lat' dir='ltr'><strong>alterius</strong></span> <span class='ocrx_word' id='word_1_879' title='bbox 2527 5301 2776 5370; x_wconf 73' lang='lat' dir='ltr'><strong>feminae,</strong></span> <span class='ocrx_word' id='word_1_880' title='bbox 2823 5310 2883 5356; x_wconf 93' lang='lat' dir='ltr'><strong>ut</strong></span> <span class='ocrx_word' id='word_1_881' title='bbox 2921 5300 3132 5356; x_wconf 86' lang='lat' dir='ltr'><strong>elariori</strong></span> <span class='ocrx_word' id='word_1_882' title='bbox 3173 5300 3288 5356; x_wconf 90' lang='lat' dir='ltr'><strong>viro</strong></span> <span class='ocrx_word' id='word_1_883' title='bbox 3334 5300 3655 5369; x_wconf 75' lang='lat' dir='ltr'><strong>conjugatae</strong></span> <span class='ocrx_word' id='word_1_884' title='bbox 3682 5345 3701 5369; x_wconf 91' lang='lat'><strong>,</strong></span> 
     </span>
    </p>
   </div>
   <div class='ocr_carea' id='block_1_117' title="bbox 2089 5392 3707 5465">
    <p class='ocr_par' dir='ltr' id='par_1_117' title="bbox 2089 5392 3707 5465">
     <span class='ocr_line' id='line_1_117' title="bbox 2089 5392 3707 5465; baseline 0.001 -18"><span class='ocrx_word' id='word_1_885' title='bbox 2089 5392 2284 5447; x_wconf 89' lang='lat' dir='ltr'><strong>invidia</strong></span> <span class='ocrx_word' id='word_1_886' title='bbox 2321 5393 2609 5448; x_wconf 89' lang='lat' dir='ltr'><strong>dolendum</strong></span> <span class='ocrx_word' id='word_1_887' title='bbox 2639 5411 2652 5448; x_wconf 90' lang='lat'>:</span> <span class='ocrx_word' id='word_1_888' title='bbox 2695 5409 2865 5464; x_wconf 90' lang='lat' dir='ltr'><strong>neque</strong></span> <span class='ocrx_word' id='word_1_889' title='bbox 2892 5393 3035 5449; x_wconf 89' lang='lat' dir='ltr'><strong>enim</strong></span> <span class='ocrx_word' id='word_1_890' title='bbox 3079 5393 3127 5449; x_wconf 90' lang='lat' dir='ltr'><strong>ei</strong></span> <span class='ocrx_word' id='word_1_891' title='bbox 3173 5393 3448 5465; x_wconf 83' lang='lat' dir='ltr'><strong>quisquam</strong></span> <span class='ocrx_word' id='word_1_892' title='bbox 3484 5393 3707 5449; x_wconf 82' lang='lat' dir='ltr'><strong>similis</strong></span> 
     </span>
    </p>
   </div>
   <div class='ocr_carea' id='block_1_118' title="bbox 2089 5484 3701 5556">
    <p class='ocr_par' dir='ltr' id='par_1_118' title="bbox 2089 5484 3701 5556">
     <span class='ocr_line' id='line_1_118' title="bbox 2089 5484 3701 5556; baseline 0.001 -18"><span class='ocrx_word' id='word_1_893' title='bbox 2089 5496 2248 5555; x_wconf 89' lang='lat' dir='ltr'><strong>atque</strong></span> <span class='ocrx_word' id='word_1_894' title='bbox 2274 5501 2368 5556; x_wconf 89' lang='lat' dir='ltr'><strong>par</strong></span> <span class='ocrx_word' id='word_1_895' title='bbox 2389 5495 2508 5550; x_wconf 90' lang='lat' dir='ltr'><strong>est,</strong></span> <span class='ocrx_word' id='word_1_896' title='bbox 2538 5501 2640 5542; x_wconf 89' lang='lat' dir='ltr'><strong>nec</strong></span> <span class='ocrx_word' id='word_1_897' title='bbox 2685 5501 2815 5542; x_wconf 88' lang='lat' dir='ltr'><strong>vero</strong></span> <span class='ocrx_word' id='word_1_898' title='bbox 2853 5501 3016 5556; x_wconf 91' lang='lat' dir='ltr'><strong>parvo</strong></span> <span class='ocrx_word' id='word_1_899' title='bbox 3058 5484 3335 5541; x_wconf 81' lang='lat' dir='ltr'><strong>intervallo</strong></span> <span class='ocrx_word' id='word_1_900' title='bbox 3375 5484 3701 5553; x_wconf 77' lang='lat' dir='ltr'><strong>proximus.</strong></span> 
     </span>
    </p>
   </div>
   <div class='ocr_carea' id='block_1_119' title="bbox 2089 5575 3699 5647">
    <p class='ocr_par' dir='ltr' id='par_1_119' title="bbox 2089 5575 3699 5647">
     <span class='ocr_line' id='line_1_119' title="bbox 2089 5575 3699 5647; baseline 0 -16"><span class='ocrx_word' id='word_1_901' title='bbox 2089 5579 2158 5631; x_wconf 81' lang='lat' dir='ltr'><strong>At</strong></span> <span class='ocrx_word' id='word_1_902' title='bbox 2195 5577 2247 5630; x_wconf 94' lang='lat' dir='ltr'><strong>in</strong></span> <span class='ocrx_word' id='word_1_903' title='bbox 2288 5577 2628 5631; x_wconf 88' lang='lat' dir='ltr'><strong>matrimonio</strong></span> <span class='ocrx_word' id='word_1_904' title='bbox 2667 5587 3004 5647; x_wconf 75' lang='lat' dir='ltr'><strong>quantumvns</strong></span> <span class='ocrx_word' id='word_1_905' title='bbox 3030 5575 3355 5646; x_wconf 66' lang='lat' dir='ltr'><strong>praedivitem</strong></span> <span class='ocrx_word' id='word_1_906' title='bbox 3381 5585 3434 5629; x_wconf 92' lang='lat' dir='ltr'><strong>et</strong></span> <span class='ocrx_word' id='word_1_907' title='bbox 3462 5588 3699 5644; x_wconf 68' lang='lat' dir='ltr'><strong>prmpo-</strong></span> 
     </span>
    </p>
   </div>
   <div class='ocr_carea' id='block_1_120' title="bbox 2054 5667 3706 5743">
    <p class='ocr_par' dir='ltr' id='par_1_120' title="bbox 2054 5667 3706 5743">
     <span class='ocr_line' id='line_1_120' title="bbox 2054 5667 3706 5743; baseline 0 -20"><span class='ocrx_word' id='word_1_908' title='bbox 2054 5736 2067 5743; x_wconf 37' lang='lat'><strong>-</strong></span> <span class='ocrx_word' id='word_1_909' title='bbox 2092 5677 2289 5723; x_wconf 85' lang='lat' dir='ltr'><strong>tentem</strong></span> <span class='ocrx_word' id='word_1_910' title='bbox 2319 5669 2489 5724; x_wconf 82' lang='lat' dir='ltr'><strong>virum</strong></span> <span class='ocrx_word' id='word_1_911' title='bbox 2518 5669 2707 5723; x_wconf 85' lang='lat' dir='ltr'><strong>mulier</strong></span> <span class='ocrx_word' id='word_1_912' title='bbox 2734 5679 2886 5725; x_wconf 89' lang='lat' dir='ltr'><strong>nacta</strong></span> <span class='ocrx_word' id='word_1_913' title='bbox 2918 5669 3014 5738; x_wconf 92' lang='lat' dir='ltr'><strong>sit,</strong></span> <span class='ocrx_word' id='word_1_914' title='bbox 3041 5667 3197 5723; x_wconf 80' lang='lat' dir='ltr'><strong>altam</strong></span> <span class='ocrx_word' id='word_1_915' title='bbox 3236 5680 3414 5722; x_wconf 90' lang='lat' dir='ltr'><strong>tamen</strong></span> <span class='ocrx_word' id='word_1_916' title='bbox 3442 5667 3706 5734; x_wconf 79' lang='lat' dir='ltr'><strong>reperiet</strong></span> 
     </span>
    </p>
   </div>
  </div>
