4016 6154
237 291 336 354 579

1657 296 1750 352 DE
1788 295 2257 354 VIRGINITATE.

3573 303 3679 360 580

228 413 404 485 χρόνῳ
451 409 788 483 πονηθεισαν
826 409 987 481 νηδὺν
1038 407 1250 474 ὠδῖνες,
1294 409 1349 465 αἳ
1385 412 1478 465 καὶ
1521 411 1682 482 μόναι
1723 414 1908 468 ἱκαναὶ
2018 413 2087 469 τά
2122 414 2384 479 ἀδύνατα,
2417 415 2511 468 καὶ
2541 413 2988 485 συγχωρήσωμεν
3015 413 3266 483 γενέσθαι
3296 415 3472 486 γάμον
3503 417 3680 474 πάντα

229 499 405 553 πάντα
453 499 753 552 συσκιάσαι
790 498 859 552 τά
902 497 999 552 τοῦ
1035 499 1216 568 γάμου
1245 500 1478 570 χρηστά.
1509 499 1808 568 Θορυϐοῦσι
1852 493 1992 570 δὲεί
2008 503 2147 572 ὁμοῦ
2183 501 2375 573 ἔχοντα
2398 502 2468 556 τά
2513 501 2718 571 ἀγαθὰ,
2759 501 3139 568 πολυπαιδίαν,
3177 501 3485 569 εὐπαιδίαν,
3518 501 3682 558 πλοῦ-

228 587 397 658 αὐτὴν
423 587 518 639 καὶ
550 586 708 640 άλλαι
745 586 886 658 μετά
916 585 1122 640 τούτων
1149 587 1450 657 φροντίδες.
1491 587 1559 639 Ἡ
1601 586 1712 657 γάρ
1753 587 1912 641 ἀθλία

229 675 323 728 καὶ
364 673 716 747 ταλαίπωρος
756 676 918 747 κόρη,
955 675 1129 728 καίτοι
1178 673 1322 728 οὕτω
1368 673 1617 745 σφοδρῶς
1669 674 1774 727 ὑπὸ
1803 674 1912 729 τῶν

227 763 539 834 ἀλγηδόνων
591 762 815 816 ἐκείνων
848 762 1302 834 κατατεινομένη,
1337 763 1543 816 δέδοικε
1573 762 1781 815 τούτων
1812 761 1912 831 οὐχ

226 847 412 924 ἧττον,
457 853 669 924 μήποτε
708 852 1086 923 λελωϐημένον
1113 853 1210 906 καὶ
1243 852 1526 922 ἀνάπηρον
1561 852 1683 905 ἀντὶ
1717 851 1907 921 ἀρτίου

228 940 324 992 καὶ
358 938 545 1007 ὑγιοῦς
598 937 860 1010 προέλθῃ,
911 940 1119 1009 μήποτε
1166 938 1286 992 ἀντὶ
1338 939 1570 1009 ἄρρενος
1613 937 1765 1007 θῆλυ.
1802 934 1914 990 Καὶ

227 1026 338 1098 γὰρ
365 1024 506 1096 αῦτη
539 1027 638 1096 οὐχ
663 1017 826 1096 ἦττον
860 1025 1028 1086 αὐτάς
1059 1025 1167 1078 τῶν
1191 1019 1396 1078 ὠδίνων
1436 1025 1468 1094 ἡ
1508 1024 1716 1093 ἀγωνία
1749 1024 1912 1096 θορυ-

229 1114 316 1166 ϐεῖ
351 1114 496 1165 τότε·
542 1111 665 1166 οὐδὲ
710 1113 818 1183 γάρ
859 1114 915 1164 ἐν
943 1106 1025 1173 οἷς
1065 1115 1202 1165 εἰσιν
1231 1111 1526 1165 ὑπεύθυνοι
1565 1110 1746 1180 μόνον,
1778 1109 1915 1164 ἀλλὰ

228 1202 328 1255 καὶ
352 1193 427 1256 ὧν
458 1200 561 1271 τῆς
590 1199 770 1262 αἰτίας
805 1201 1074 1268 ἀφεῖνται,
1103 1200 1204 1253 κάν
1238 1198 1450 1262 τούτοις
1485 1197 1757 1250 δεδοίκασι
1787 1197 1915 1260 τοὺς

227 1290 433 1361 ἄνδρας
465 1290 567 1341 οὐκ
595 1288 813 1340 ἔλαττον
855 1287 888 1357 ἢ
931 1289 988 1340 ἐν
1021 1287 1271 1350 ἐκείνοις,
1307 1285 1401 1339 καὶ
1433 1284 1533 1356 τὴν
1574 1283 1916 1352 ίδίαν⁹ἀσφά-

230 1379 385 1431 λειαν
433 1379 656 1446 ἀφεῖσαι
700 1374 920 1429 σκοπεῖν
966 1378 1023 1429 ἐν
1048 1374 1289 1444 τοσούτῳ
1321 1373 1570 1437 κλύδωνι,
1600 1371 1910 1442 μεριμνῶσι

235 1467 310 1536 μή
355 1483 409 1518 τι
452 1465 640 1536 τάνδρὶ
675 1464 785 1517 τῶν
816 1462 1132 1532 ἀϐουλήτων
1169 1462 1413 1532 γένηται.
1448 1459 1554 1513 Τοῦ
1598 1460 1654 1512 δὲ
1697 1459 1913 1511 παιδίου

230 1551 494 1616 πεσόντος
517 1556 597 1616 εἰς
622 1553 722 1624 τὴν
744 1552 845 1624 γῆν
875 1551 970 1605 καὶ
991 1550 1214 1622 πρώτην
1239 1548 1465 1619 ἀφέντος
1492 1548 1694 1619 φωνὴν,
1723 1548 1911 1619 ἕτεραι

229 1643 399 1696 πάλιν
431 1641 766 1711 διαδέχονται
802 1640 1097 1711 φροντίδες,
1129 1640 1182 1691 αί
1211 1641 1310 1710 τῆς
1343 1637 1634 1708 σωτηρίας,
1670 1637 1726 1690 αἱ
1755 1636 1856 1707 τῆς
1885 1647 1913 1676 ι
1981 1633 1984 1638 ’

231 1730 566 1801 ἀνατροφῆς.
606 1728 726 1782 Κᾶν
767 1728 864 1799 μὲν
899 1725 1098 1796 εὐφυές
1133 1725 1192 1778 ὃν
1226 1725 1363 1797 τύχῃ
1398 1724 1492 1778 καὶ
1539 1724 1678 1796 πρὸς
1710 1723 1913 1795 ἀρετὴν

232 1819 564 1890 ἐπιτήδειον,
591 1813 755 1871 πάλιν
786 1818 842 1869 ἐν
872 1811 1055 1884 φόϐοις
1087 1814 1134 1865 οί
1158 1812 1409 1876 τεκόντες
1446 1812 1518 1883 μή
1551 1829 1604 1865 τι
1633 1809 1783 1882 πάθῃ
1808 1811 1915 1864 δει-

233 1907 325 1960 νὸν
348 1907 412 1960 τὸ
436 1904 647 1974 τεχθὲν,
683 1905 758 1974 μὴ
786 1903 1014 1956 θάνατον
1039 1903 1216 1972 ἀωρον
1254 1901 1490 1970 ὑποστῇ,
1528 1899 1602 1970 μὴ
1633 1898 1914 1970 μεταϐάλῃ

233 1995 378 2066 πρὸς
404 1993 601 2047 κακίαν
622 1991 766 2045 τινά.
796 1990 932 2044 Οὐδέ
965 1989 1072 2062 γὰρ
1112 1992 1177 2042 ἐκ
1205 1987 1457 2059 πονηρῶν
1479 1987 1707 2057 χρηστοὶ
1734 1987 1914 2056 γίνον-

234 2100 328 2136 ται
360 2081 536 2152 μόνον,
563 2079 700 2132 ἀλλὰ
732 2079 827 2131 καὶ
857 2076 964 2130 ἀπὸ
988 2075 1294 2129 σπουδαίων
1325 2073 1520 2144 φαῦλοι
1541 2074 1639 2127 καὶ
1667 2073 1912 2144 πονηροί.

237 2169 361 2224 Κᾶν
395 2168 491 2238 μὲν
521 2166 728 2219 τούτων
757 2182 811 2217 τι
841 2165 1063 2234 γένηται
1092 2162 1199 2216 τῶν
1226 2161 1538 2228 ἀπευκτῶν,
1582 2161 1917 2232 ἀφορητοτέ-

239 2273 341 2326 ραν
367 2255 480 2324 ἔχει
507 2255 604 2324 τὴν
632 2252 833 2323 λύπην,
860 2251 892 2320 ἢ
923 2253 971 2304 εί
1014 2249 1162 2320 παρά
1204 2250 1303 2320 τὴν
1345 2249 1520 2320 ἀρχὴν
1554 2248 1730 2302 ταῦτα
1789 2266 1916 2301 συν-

237 2346 455 2398 έπεσεν·
476 2342 541 2396 ἂν
564 2343 619 2396 δὲ
641 2343 858 2396 ἅπαντα
899 2340 1036 2412 μένῃ
1062 2340 1132 2392 τὰ
1155 2337 1369 2410 χρηστὰ
1395 2338 1609 2408 βέϐαια,
1625 2335 1797 2405 όγοῦν
1810 2337 1920 2390 ἀπὸ

236 2433 336 2501 τῆς
367 2430 670 2502 μεταϐολῆς
722 2428 810 2481 ἀεὶ
857 2427 1117 2496 πάρεστιν
1159 2426 1342 2488 αὐτοῖς
1390 2424 1578 2493 φόϐος,
1615 2425 1919 2476 κατασείων

235 2518 336 2589 τὴν
382 2517 559 2587 ψυχὴν
605 2514 716 2567 τῶν
758 2513 1047 2577 τεκόντων,
1083 2512 1178 2565 καὶ
1210 2510 1345 2564 πολὺ
1374 2510 1476 2580 τῆς
1503 2510 1694 2582 ἡδονῆς
1723 2509 1920 2562 ὑποτε-

243 2607 512 2678 μνόμενος
551 2601 738 2675 μέρος.
791 2601 929 2654 Ἀλλ’
953 2601 1014 2653 οὐ
1043 2601 1180 2652 πᾶσι
1207 2601 1322 2662 τοῖς
1345 2597 1688 2668 γεγαμηκόσι
1726 2596 1921 2660 παῖδας

238 2693 386 2765 ἔχειν
418 2691 728 2762 συμϐαίνει.
769 2687 976 2742 Οὐκοῦν
1005 2686 1200 2758 ἑτέραν
1251 2703 1338 2756 μοι
1368 2686 1550 2754 λέγεις
1585 2685 1747 2738 πάλιν
1787 2685 1919 2738 ἀθυ-

243 2783 374 2852 μίας
397 2779 676 2833 ὑπόθεσιν.
708 2778 877 2830 Ὅταν
903 2773 996 2829 οὖν
1026 2776 1121 2828 καὶ
1151 2774 1356 2828 παίδων
1380 2773 1550 2826 ὄντων
1585 2773 1681 2826 καὶ
1713 2772 1813 2825 οὐκ
1833 2771 1921 2824 δν-

237 2885 370 2931 των,
405 2866 505 2920 καὶ
542 2863 796 2936 χρηστῶν
826 2862 1133 2933 γενομένων
1180 2862 1274 2914 καὶ
1322 2859 1597 2931 πονηρῶν,
1639 2859 1923 2928 διαφόροις

243 2956 578 3024 συνέχωνται
605 2952 803 3014 λύπαις
831 2951 927 3003 καὶ
958 2949 1227 3020 φροντίσι,
1267 2948 1430 3003 πόθεν
1464 2947 1652 3001 λοιπὸν
1697 2947 1922 3018 ἡδίστην

242 3044 545 3112 καλέσομεν
586 3041 684 3112 τὴν
718 3041 778 3093 ἐν
818 3038 898 3108 τῷ
925 3037 1089 3108 γάμῳ
1117 3035 1293 3108 ζωήν;
1322 3035 1511 3101 Πάλιν,
1554 3035 1622 3090 ἂν
1653 3035 1755 3106 μὲν
1789 3037 1922 3105 ὁμο-

242 3130 489 3192 νοοῦντες
521 3126 671 3200 [518]
698 3129 747 3180 οἱ
780 3125 1154 3187 συνοικοῦντες
1177 3123 1482 3186 διατελῶσι,
1507 3125 1672 3194 φόϐος
1711 3124 1786 3196 μὴ
1825 3122 1923 3176 θά-

242 3236 398 3282 νατος
447 3215 704 3288 ἐμπεσὼν
753 3213 985 3286 διακόψῃ
1019 3213 1121 3283 τὴν
1160 3212 1374 3283 ἡδονήνο
1409 3211 1609 3282 μᾶλλον
1651 3212 1708 3264 δέ
1740 3212 1926 3266 οὐκέτι

243 3306 408 3376 φόϐος
437 3303 598 3359 τοῦτο
630 3302 808 3374 μόνον,
838 3301 957 3355 οὐδὲ
985 3299 1148 3371 μέχρι
1177 3299 1510 3369 προσδοκίας
1529 3299 1590 3352 τὸ
1620 3299 1812 3364 δεινὸν,
1842 3300 1928 3352 ἀλ-

240 3394 309 3450 λά
330 3395 430 3448 καὶ
461 3394 541 3456 εἰς
563 3387 722 3464 ἔργον
749 3389 880 3444 αὐτὸ
909 3387 1190 3458 προελθεῖν
1213 3387 1431 3450 πάντως
1466 3387 1702 3458 ἀνάγκη.
1739 3387 1928 3451 Οὐδεὶς

243 3483 348 3555 γάρ
375 3481 536 3551 ἔσχεν
569 3477 835 3542 ἐπιδεῖξαί
863 3493 994 3529 ποτε
1025 3476 1082 3528 ἐν
1106 3475 1292 3546 ἡμέρᾳ
1331 3475 1430 3546 μιᾷ
1458 3475 1804 3544 ἀμφοτέρους
1842 3492 1929 3528 τε-

243 3570 631 3639 λευτήσαντας·
665 3564 857 3618 τούτου
891 3563 946 3615 δὲ
970 3562 1072 3615 οὐκ
1099 3561 1252 3624 ὄντος
1273 3561 1334 3614 τὸ
1365 3561 1686 3630 λειπόμενον
1709 3561 1925 3630 ἀνάγκη

245 3657 380 3710 πολὺ
413 3653 510 3709 τοῦ
547 3652 776 3706 θανάτου
821 3649 1206 3720 χαλεπωτέραν
1239 3649 1532 3718 ὑπομένειν
1569 3646 1739 3718 ζωὴν,
1767 3648 1834 3702 ἀν
1864 3665 1922 3701 τε

245 3743 414 3797 πολὺν
460 3738 603 3812 τύχῃ
630 3735 962 3807 συνῳκηκὼς
999 3735 1210 3806 χρόνον,
1243 3735 1308 3788 ἄν
1344 3751 1404 3788 τε
1434 3734 1635 3803 ὀλίγον.
1682 3735 1930 3798 Ἐκεῖνος

251 3830 348 3898 μὲν
377 3828 489 3899 γὰρ
517 3829 628 3895 ὅσῳ
653 3825 876 3878 πλείονα
897 3823 994 3894 τὴν
1019 3824 1214 3892 πεῖραν
1234 3821 1417 3887 ἔλαϐε,
1441 3821 1682 3893 τοσούτῳ
1708 3823 1930 3893 μείζονα

245 3920 358 3988 ἔχει
381 3917 482 3986 τὴν
511 3913 726 3984 ὀδύνην,
761 3911 862 3981 τῆς
891 3909 1095 3980 πολλῆς
1127 3909 1417 3978 συνηθείας
1445 3910 1720 3981 ἀφόρητον
1752 3909 1933 3963 ποιού-

249 4022 347 4076 σης
373 4005 472 4056 τὸν
493 3999 791 4073 χωρισμόν“
815 3999 844 4050 ό
865 3998 921 4050 δὲ
951 3997 1080 4068 πρὶν
1107 3997 1140 4069 ἢ
1167 3995 1466 4066 γεύσασθαι
1493 3999 1588 4052 καὶ
1610 3997 1932 4070 ἐμπλησθῆ-

246 4109 334 4144 ναι
379 4091 482 4159 τῆς
524 4087 725 4157 φιλίας,
761 4083 1117 4155 ἀκμαζούσης
1150 4084 1232 4137 ἔτι
1283 4087 1381 4154 τῆς
1415 4085 1733 4155 ἐπιθυμίας,
1761 4083 1932 4154 αὐτὴν

248 4177 594 4248 ἀφαιρεθεὶς,
627 4175 761 4228 αὐτὸ
795 4172 953 4226 τοῦτο
1004 4172 1203 4242 μᾶλλον
1251 4173 1460 4225 ἐκείνου
1504 4171 1710 4236 πενθεῖ,
1756 4171 1852 4224 καὶ
1873 4171 1934 4235 ἐξ

248 4264 567 4324 ὑποθέσεως
593 4262 620 4301 b
654 4260 914 4313 ἐναντίων
943 4258 1080 4321 ῐσοις
1119 4257 1421 4328 ἀμφότεροι
1457 4257 1773 4328 συνέχονται
1818 4259 1933 4321 τοῖς

249 4352 538 4422 λυπηροῖς.
573 4349 640 4401 Τί
671 4348 728 4400 δὲ
762 4347 870 4417 χρὴ
901 4345 1082 4415 λέγειν
1108 4346 1236 4408 τοὺς
1267 4345 1326 4397 ἐν
1364 4344 1441 4416 τῷ
1481 4345 1684 4417 μεταξὺ
1714 4345 1934 4415 γινομέ-

249 4455 372 4500 νους
412 4435 753 4507 χωρισμοὺς,
801 4444 900 4496 τας
941 4433 1158 4503 μακράς
1193 4432 1524 4503 ἀποδημίας,
1559 4433 1658 4496 τὰς
1689 4433 1966 4498 συνεζευ-.

250 4541 459 4596 γμενας
487 4525 672 4586 αὐτοῖς
695 4520 956 4589 ἀγωνίας,
982 4519 1079 4583 τὰς
1106 4521 1330 4584 νόσους;
1371 4520 1481 4572 Καὶ
1518 4520 1571 4574 τί
1601 4520 1759 4573 τοῦτο
1798 4522 1935 4592 πρὸς

249 4613 339 4664 τὸν
361 4610 578 4681 γάμον;
606 4606 760 4678 φησί.
792 4605 1047 4676 Μάλιστα
1079 4606 1176 4675 μὲν
1213 4606 1306 4659 καὶ⁵
1347 4606 1454 4659 ἀπὺ
1487 4606 1585 4678 τῆς
1621 4606 1800 4671 αἰτίας
1835 4609 1935 4678 τῆς

249 4698 445 4750 τούτου
476 4695 669 4749 πολλαὶ
696 4690 957 4756 πολλάκις
983 4692 1369 4765 ὴρρὠτησαν.
1396 4693 1507 4746 Καὶ
1537 4692 1643 4765 γάρ
1668 4693 1939 4766 ὑϐρισθεῖο

254 4804 343 4839 σαι
391 4786 490 4840 καὶ
527 4783 865 4855 ὀργισθεῖσαι
894 4781 1015 4834 τοτὲ
1048 4783 1145 4852 μὲν
1185 4780 1289 4834 ὑπὸ
1321 4779 1412 4834 τοῦ
1452 4780 1648 4852 θυμοῦ,
1682 4782 1802 4834 τοτὲ
1828 4781 1884 4836 δὲ
1909 4794 1932 4822 ο

250 4872 358 4927 ὑπὸ
384 4873 489 4942 τῆς
515 4870 755 4940 ἀθυμίας
785 4869 1012 4932 πολλοὺς
1048 4867 1235 4921 ἔτεκον
1256 4866 1542 4938 πυρετούς.
1594 4869 1719 4923 Ἐὰν
1753 4870 1809 4922 δὲ
1843 4872 1936 4924 καὶ

251 4959 525 5030 παρόντος
560 4959 728 5028 μηδὲν
752 4956 967 5010 πάθωσι
1000 4953 1266 5022 τοιοῦτον,
1304 4955 1439 5009 ἀλλά
1469 4955 1778 5028 προσηνοῦς
1801 4957 1937 5010 ἀπο.

248 5048 498 5100 λαύσωσι
524 5045 838 5108 διαπαντὸς,
874 5043 978 5096 ὑπὸ
1002 5043 1102 5113 τῆς
1123 5043 1438 5114 ἀποδημίας
1461 5045 1541 5109 είς
1570 5045 1745 5098 ταῦτα
1774 5045 1936 5100 πάλιν

247 5134 636 5204 περιίστανται
667 5133 735 5186 τά
771 5130 939 5185 κακά.
977 5130 1124 5201 Πλὴν
1151 5129 1286 5184 ἀλλά
1312 5130 1484 5184 ταῦτα
1525 5131 1705 5186 πάντα
1745 5132 1936 5205 παρεί-

251 5222 384 5286 σθω,
422 5221 524 5273 καὶ
559 5218 726 5289 μηδὲν
772 5217 1094 5287 ἐγκαλῶμεν
1139 5217 1218 5288 τῷ
1265 5217 1450 5288 γάμῳ,
1482 5217 1596 5270 ἀλλ’
1631 5219 1753 5289 οὐχὶ
1798 5220 1936 5290 μετὰ

247 5307 459 5362 τούτων
475 5304 735 5374 κάκείνης
755 5305 917 5360 αὐτὸν
939 5304 1248 5371 ἀπαλλάξαι
1264 5305 1604 5376 δυνησόμεθα
1617 5308 1716 5377 τῆς
1735 5307 1822 5360 αἰτ
1830 5306 1931 5370 ίας.

251 5395 422 5458 Ποίας
467 5395 533 5464 δὴ
572 5393 813 5463 ταύτης;
847 5394 970 5446 Ὅτι
1009 5393 1100 5447 τὸν
1144 5393 1457 5462 ὑγιαίνοντα
1510 5393 1662 5447 οὐδὲν
1710 5394 1936 5465 ἀφίησιν

251 5483 477 5552 ἄμεινον
513 5479 608 5533 τοῦ
653 5479 957 5550 κάμνοντος
996 5479 1321 5542 διακεῖσθαι,
1361 5479 1479 5534 ἀλλ’
1513 5481 1593 5544 είς
1637 5481 1734 5552 τὴν
1767 5481 1937 5553 αὐτὴν

252 5570 331 5638 τῷ
352 5569 596 5640 κειμένῳ
631 5566 954 5640 καθίστησιν
982 5566 1243 5638 ἀθυμίαν.

314 5631 652 5712 ΝΗκ-Βούλει
667 5631 949 5710 καῖ’ταῦτα
965 5631 1145 5747 πάντα
1157 5655 1484 5720 ἐκϐαλόντες
1497 5654 1680 5727 θῶμεν
1695 5655 1779 5729 τῷ
1793 5657 1936 5731 λόγῳ

313 5785 340 5850 Ϋ
360 5786 487 5850 Βεε-
515 5787 642 5850 ,ὑπὲρ
661 5791 748 5850 τῆς
770 5783 1007 5846 σωτηρίας
1027 5785 1108 5832 καὶ
1125 5789 1224 5842 τῆς.

315 5844 344 5886 δ
359 5844 482 5908 Reg.
506 5849 554 5904 ἐξ
577 5844 873 5908 ὑποθέσεων.

316 5909 338 5938 ⁰
506 5910 617 5958 τότε
643 5909 730 5969 μὲν
752 5907 849 5954 ὑπὸ
872 5903 958 5952 τοῦ
981 5905 1163 5970 ἀνδρὸς,
1187 5906 1295 5956 τότε
1325 5907 1394 5955 δέ.

665 5993 942 6054 ΡΑτῐιοι..
987 5997 1098 6057 Gn.
1141 5999 1400 6058 XLVIII.

2010 607 2124 655 τον,
2170 591 2432 658 γυναικὸς
2473 591 2852 663 σωφροσύνην,
2885 589 3102 653 κάλλος,
3138 588 3373 656 σύνεσιν,
3403 589 3680 661 ὁμόνοιαν,

2013 677 2190 748 γῆρας
2222 678 2466 749 μακρόν;
2501 678 2784 750 προσέστω
2812 677 2907 730 καὶ
2937 677 3127 746 γένους
3181 678 3533 750 περιφάνεια,
3584 681 3682 740 καὶ

2012 765 2334 829 δυναστείας
2373 767 2622 838 μέγεθος,
2653 765 2746 821 καὶ
2788 765 2922 837 μηδὲ
2947 765 3008 819 τὸ
3040 765 3218 821 κοινὸν
3253 766 3410 820 τοῦτο
3441 767 3543 838 τῆς
3575 766 3680 836 φύ-

2019 870 2157 911 σεως
2201 854 2424 924 όχλείτω
2454 853 2644 919 πάθος,
2695 853 2723 906 ὁ
2754 853 2919 922 φόϐος
2965 854 3062 924 τῆς
3102 853 3306 907 τούτων
3351 853 3676 925 μεταϐολῆς,

2015 939 2128 993 ἀλλ’
2161 940 2442 1012 ἐξωρίσθω
2487 943 2636 994 πᾶσα
2683 941 2781 1012 μὲν
2828 940 3068 1012 ἀθυμίας
3118 940 3398 1004 ὑπόθεσις,
3440 942 3592 994 πᾶσα
3619 941 3678 994 δὲ

2015 1029 2293 1098 φροντίδος
2339 1029 2432 1081 καὶ
2471 1029 2742 1100 μερίμνης
2785 1028 3037 1100 ἀφορμὴ,
3083 1028 3178 1081 καὶ
3223 1028 3365 1099 μήτε
3410 1027 3544 1097 άλλη
3598 1045 3684 1091 τις

2015 1116 2184 1178 αἰτία,
2225 1118 2361 1188 μήτε
2414 1116 2643 1180 θάνατος
2693 1116 2872 1189 ἄωρος
2921 1114 3290 1183 διαζευγνύτω
3330 1114 3423 1168 τὸν
3474 1116 3677 1184 γάμον,

2015 1203 2153 1257 ἀλλά
2191 1205 2286 1258 καὶ
2313 1203 2502 1258 τοῦτον
2538 1206 2595 1257 ἐν
2630 1205 2728 1274 μιᾷ
2757 1203 2958 1265 πάντες
2989 1201 3330 1272 δεχέσθωσαν
3370 1201 3576 1274 ἡμέρᾳ,
3621 1201 3681 1273 ἢ,

2015 1290 2043 1343 ὃ
2072 1290 2278 1343 τούτων
2317 1290 2496 1362 πολλῷ
2547 1289 2961 1362 μακαριώτερον
2994 1284 3134 1342 εἶναι
3164 1289 3330 1353 δοκεῖ,
3373 1289 3684 1359 μενέτωσαν

2019 1377 2118 1448 μὲν
2146 1379 2193 1430 οἱ
2233 1379 2421 1442 παῖδες
2473 1377 2823 1450 κληρονόμοι,
2872 1378 3000 1440 τοὺς
3035 1376 3093 1429 δὲ
3127 1378 3307 1445 γονεῖς
3340 1375 3685 1446 ἀμφοτέρους

2015 1465 2151 1535 ὁμοῦ
2198 1465 2635 1537 προπεμπόντων
2669 1465 2697 1505 ἀ
2737 1464 2875 1536 μετά
2924 1465 3104 1535 γῆρας
3136 1463 3347 1534 μακρόν
3372 1480 3385 1494 ·
3419 1463 3512 1516 καὶ
3539 1461 3592 1515 τί
3620 1462 3682 1516 τὸ

2016 1553 2230 1623 πέρας;
2262 1554 2412 1606 ποῖον
2442 1553 2503 1606 τὸ
2540 1553 2730 1625 κέρδος
2751 1554 2816 1606 ἐκ
2861 1552 3066 1623 ταύτης
3108 1554 3208 1623 τῆς
3254 1551 3456 1621 πολλῆς
3495 1551 3685 1623 ἡδονῆς

2016 1638 2230 1709 ἔχοντες
2254 1639 2642 1695 ἀπελεύσονται
2677 1641 2826 1706 ὲκεῖς
2859 1641 2933 1694 Τὸ
2959 1640 3066 1712 γάρ
3100 1638 3328 1702 πολλοὺς
3360 1639 3556 1702 παῖδας
3587 1655 3690 1691 κα-

2013 1725 2265 1779 ταλιπεῖν
2295 1728 2388 1780 καὶ
2433 1726 2608 1796 καλῆς
2646 1725 2955 1780 ἀπολαῦσαι
3001 1725 3260 1794 γυναικὸς
3303 1725 3443 1796 μετά
3474 1724 3688 1796 τρυφῆς

2017 1814 2111 1867 καὶ
2146 1812 2256 1867 τῶν
2287 1814 2461 1869 ἄλλων
2490 1815 2744 1869 ἁπάντων
2768 1806 2842 1868 ὧν
2861 1814 2983 1885 άρτι
3005 1813 3242 1883 διῆλθον,
3275 1815 3369 1869 καὶ
3397 1814 3476 1877 είς
3506 1813 3688 1885 γῆρας

2017 1901 2210 1956 ἐλάσαι
2236 1903 2469 1974 μακρὸν,
2506 1902 2560 1954 τί
2591 1901 2727 1974 πρὸς
2760 1900 2822 1954 τὸ
2843 1901 3197 1972 δικαστήριον
3223 1903 3371 1973 ἡμᾶς
3401 1899 3685 1969 ὠφελῆσαι

2015 1989 2301 2062 δυνήσεται
2335 1991 2513 2042 ἐκεῖνο
2545 1991 2602 2043 ἐν
2637 1991 2750 2052 τοῖς
2783 1989 3025 2050 αἰωνίοις
3057 1989 3348 2060 πράγμασι
3372 1989 3467 2042 καὶ
3494 1985 3686 2058 ἀληθι-

2018 2079 2164 2141 νοῖς;
2203 2077 2387 2130 Οὐδέν.
2421 2075 2631 2130 Οὐκοῦν
2663 2075 2790 2130 σκιά
2837 2075 3008 2129 ταῦτα
3045 2077 3140 2129 καὶ
3181 2076 3335 2145 ὄναρ.
3376 2075 3544 2128 Ὅταν
3580 2074 3690 2144 γὰρ

2017 2165 2076 2217 ἐν
2107 2167 2222 2228 τοῖς
2254 2164 2372 2217 ἐκεῖ
2399 2163 2794 2234 διαδεξομένοις
2843 2163 2993 2234 ἡμᾶς
3036 2161 3198 2214 αἰῶσι
3242 2163 3338 2214 καὶ
3371 2161 3546 2233 πέρας
3590 2162 3691 2230 οὐκ

2019 2253 2201 2323 έχουσι
2231 2252 2395 2323 μηδὲν
2418 2252 2526 2306 ἀπὺ
2541 2251 2746 2305 τούτων
2772 2249 3088 2320 δυνηθῶμεν
3108 2249 3389 2320 κερδᾶναι,
3425 2251 3561 2321 μήτε
3585 2267 3690 2304 πα-

2022 2341 2296 2414 ραμυθίας
2331 2339 2639 2394 ἀπολαῦσαί
2681 2355 2846 2402 τινος,
2878 2340 2937 2391 ἐν
2965 2338 3066 2407 ῖσῳ
3105 2339 3219 2396 τοῖς
3259 2336 3320 2390 οὐ
3360 2335 3692 2408 μετασχοῦσι

2019 2430 2109 2482 τὸν
2143 2427 2480 2500 μετασχόντα
2509 2426 2713 2480 θετέον.
2745 2426 2880 2478 Οὐδὲ
2908 2423 3016 2496 γάρ
3037 2423 3090 2476 εί
3113 2441 3196 2487 τις
3229 2426 3286 2477 ἐν
3328 2423 3522 2494 χιλίοις
3546 2423 3694 2478 ἔτεσι

2025 2517 2155 2585 μίαν
2184 2516 2358 2570 νύκτα
2388 2515 2556 2585 μόνην
2587 2509 2728 2567 εἶδεν
2757 2513 2889 2584 ὄναρ
2934 2511 3196 2583 χρηστὸν,
3231 2511 3392 2564 πλέον
3424 2528 3477 2564 τι
3504 2511 3694 2564 τοῦτον

2022 2604 2165 2673 ἔχειν
2207 2604 2451 2674 φήσομεν
2489 2600 2584 2655 τοῦ
2625 2602 2698 2672 μὴ
2729 2599 2933 2671 ταύτης
2955 2596 3385 2660 ἀπολελαυκότος
3412 2596 3564 2669 [519]
3595 2598 3696 2668 τῆς

2022 2690 2215 2760 ὅψεως.
2249 2690 2441 2744 Καίτοι
2479 2705 2544 2758 γε
2578 2688 2699 2741 οὐδὲ
2724 2689 2848 2741 ὅσον
2887 2683 3192 2756 ἐϐουλόμην
3221 2679 3394 2738 εἷπον.
3421 2683 3557 2738 Οὐδέ
3587 2683 3696 2754 γὰρ

2023 2779 2147 2831 ὅσον
2181 2779 2248 2830 τά
2289 2777 2540 2848 ὀνείρατα
2591 2773 2946 2828 ἀπολείπεται
2984 2774 3084 2844 τῆς
3113 2771 3397 2844 ἀληθείας,
3444 2770 3698 2825 τοσοῦτον

2022 2865 2093 2918 τὰ
2131 2864 2364 2917 ἐνταῦθα
2415 2863 2694 2935 ἀφέστηκε
2733 2861 2841 2915 τῶν
2865 2863 3004 2927 ἐκεῖ,
3037 2860 3153 2915 ἀλλ’
3179 2861 3260 2914 ἔτι
3311 2861 3541 2930 μᾶλλον·
3573 2857 3696 2912 οὐδὲ

2023 2953 2160 3024 ὅπερ
2189 2952 2337 3005 ἐστὶν
2367 2952 2424 3004 ἐν
2452 2949 2596 3003 ἔτεσι
2640 2949 2833 3020 χιλίοις
2865 2949 2965 3019 μία
3008 2949 3125 3015 νὺξ,
3152 2949 3405 3002 τοσοῦτον
3449 2950 3477 3001 ὁ
3508 2944 3698 3016 παρὼν

2026 3043 2160 3094 αἰὼν
2193 3039 2331 3110 πρὸς
2372 3038 2463 3091 τὸν
2497 3037 2777 3108 μέλλοντα,
2805 3037 2942 3089 ἀλλά
2968 3037 3070 3090 κάν
3100 3035 3276 3106 τούτῳ
3310 3034 3492 3106 πολλῷ
3530 3034 3695 3087 πλέον

2026 3129 2186 3183 πάλιν
2211 3129 2272 3181 τὸ
2305 3127 2488 3198 μέσον.
2533 3125 2675 3179 Ἀλλ’
2697 3125 2758 3178 οὐ
2779 3125 2850 3178 τὰ
2869 3125 2967 3195 τῆς
2995 3123 3266 3194 παρθένου
3295 3124 3542 3184 τοιαῦτα,
3563 3121 3698 3180 ἀλλά

2027 3218 2227 3288 πολλὴν
2255 3217 2473 3271 ἄπεισιν
2503 3215 2703 3285 ἔχουσα
2729 3214 2827 3286 τὴν
2861 3213 3127 3284 ἐμπορίαν
3144 3227 3156 3242 ·
3191 3213 3390 3283 μᾶλλον
3409 3213 3465 3266 δὲ
3491 3212 3582 3266 τὸν
3609 3211 3696 3265 λόσ-

2026 3324 2123 3376 γον
2155 3305 2362 3362 ἄνωθεν
2390 3304 2757 3375 ἐξετάσωμεν.

2083 3391 2709 3461 ΝΘ’.Οὑκάναγκάζεται
2727 3391 2860 3445 πολυ
2871 3410 3016 3460 πραγ
3024 3393 3204 3463 μονεῖν
3218 3391 3307 3444 τὸν
3323 3406 3383 3442 νυ
3393 3386 3698 3460 μφίον,οὐδὲ

2033 3481 2106 3552 μή
2127 3496 2251 3534 τινα
2280 3479 2495 3549 ἀπάτην
2522 3479 2790 3551 ὑπομείνῃ
2817 3479 3053 3534 δέδοικεν
3073 3495 3088 3510 ·
3122 3477 3255 3542 Θεὸς
3283 3476 3392 3548 γάρ
3423 3478 3568 3530 ἐστιν
3601 3476 3702 3528 οὐκ

2028 3568 2333 3638 ἄνθρωπος,
2364 3565 2631 3637 δεσπότης
2657 3566 2757 3637 οὐχ
2785 3565 3094 3639 ὀμόδουλος.
3132 3564 3242 3619 Καὶ
3278 3563 3385 3618 τῶν
3425 3563 3523 3634 μὲν
3559 3580 3700 3633 νυμ-

2030 3656 2168 3726 φίων
2195 3655 2257 3710 τὸ
2287 3655 2450 3726 μέσον
2478 3653 2728 3708 τοσοῦτον
2748 3670 2763 3684 ·
2797 3656 2989 3708 σκόπει
3023 3651 3079 3707 δὲ
3106 3653 3201 3707 καὶ
3235 3653 3326 3706 ἐπὶ
3360 3651 3501 3704 τίσιν
3530 3650 3704 3722 ἁρμό-

2035 3744 2244 3809 ζονται.
2271 3743 2346 3796 Οὐ
2379 3742 2487 3815 γὰρ
2516 3741 2844 3813 ἀνδράποδα,
2882 3741 3000 3795 οὐδὲ
3035 3741 3141 3811 γῆς
3157 3739 3389 3810 πλέθρα,
3421 3737 3541 3791 οὐδὲ
3568 3737 3703 3790 τόσα

2031 3833 2127 3887 καὶ
2146 3833 2278 3886 τόσα
2304 3832 2526 3902 χρυσίου
2554 3829 2812 3896 τάλαντα,
2843 3828 2956 3882 ἀλλ’
2987 3828 3210 3900 οὐρανοὶ
3235 3825 3331 3880 καὶ
3355 3825 3424 3879 τά
3449 3826 3508 3876 ἐν
3539 3823 3703 3894 οὐρα-

2032 3921 2144 3983 νοῖς
2175 3918 2358 3987 ἀγαθά
2392 3918 2464 3972 τά
2487 3919 2613 3972 ἕδνα
2638 3916 2846 3988 ταύτης
2875 3917 2977 3986 τῆς
3003 3916 3223 3986 νύμφης
3249 3911 3385 3965 ἐστί.
3412 3911 3556 3982 Πρὸς
3583 3907 3705 3963 τού-

2031 4007 2205 4077 τοιςὴ
2257 4006 2356 4076 μὲν
2395 4007 2748 4076 γεγαμηκυῖα
2788 4003 3021 4076 φρίττειὶ
3048 4003 3139 4054 τὸν
3193 4000 3426 4054 θάνατον
3479 3997 3589 4051 τῶν
3643 4015 3704 4049 τε

2034 4093 2207 4148 ἄλλων
2235 4092 2442 4154 ἕνεκεν,
2473 4093 2568 4145 καὶ
2596 4093 2679 4145 ὅτι
2705 4089 2798 4144 τοῦ
2832 4087 3207 4150 συνοικοῦντος
3238 4085 3407 4156 αὐτὴν
3445 4095 3469 4124 ο
3492 4083 3707 4148 διαζευ-

2035 4197 2221 4249 γνυσιν
2240 4193 2254 4210 ⁶
2284 4181 2316 4251 ἡ
2354 4180 2411 4233 δὲ
2446 4178 2712 4250 παρθένος
2740 4177 2834 4231 καὶ
2865 4175 3025 4229 ποθεῖ
3047 4174 3147 4244 τὴν
3177 4171 3454 4241 τελευτὴν,
3485 4171 3580 4224 καὶ
3611 4170 3705 4240 βα-

2037 4268 2256 4340 ρύνεται
2280 4269 2348 4338 τῇ
2376 4267 2511 4337 ζωῇ,
2545 4264 2850 4318 σπεύδουσα
2878 4264 2970 4316 τὸν
2999 4261 3232 4333 νυμφίον
3259 4260 3388 4314 ίδεῖν
3413 4258 3704 4327 πρόσωπον

2036 4355 2172 4427 πρὸς
2205 4355 2518 4426 πρόσωπον,
2561 4352 2656 4406 καὶ
2682 4353 2779 4423 τῆς
2807 4350 2966 4422 δόξης
2989 4346 3297 4404 ἀπολαῦσαι
3333 4347 3570 4418 ἐκείνης.

2097 4443 2170 4496 εν.
2186 4439 2323 4496 Οὔτε
2341 4441 2398 4494 δέ
2423 4441 2484 4494 τὸ
2513 4441 2672 4510 πενίᾳ
2701 4438 2868 4510 συζῆν
2898 4437 3147 4510 καθάπερ
3172 4437 3264 4490 ἐπὶ
3281 4435 3376 4489 τοῦ
3397 4435 3580 4506 γάμου
3600 4453 3706 4489 πα-

2038 4529 2311 4602 ραϐλάψαι
2349 4527 2552 4582 δύναιτ’
2588 4527 2655 4580 ἂν
2705 4526 2897 4594 αὐτὴν,
2929 4525 3066 4579 ἀλλά
3102 4526 3198 4579 καὶ
3233 4523 3433 4596 μᾶλλον
3462 4523 3704 4578 ποθεινοσ

2036 4619 2198 4689 τέραν
2226 4615 2304 4688 τῷ
2335 4615 2555 4686 νυμφίῳ
2581 4615 2677 4685 τὴν
2708 4612 2939 4666 ἑκοῦσαν
2968 4612 3130 4666 τοῦτο
3142 4612 3519 4683 ὑπομένουσαν
3539 4611 3702 4673 ποιεῖ,

2035 4706 2158 4759 οὐτε
2197 4706 2258 4758 τὸ
2284 4706 2350 4758 ἐκ
2381 4702 2652 4758 ταπεινῶν
2683 4703 2982 4771 γεγονέναι,
3016 4699 3142 4754 οὔτε
3173 4700 3236 4753 τὸ
3273 4699 3347 4770 μὴ
3373 4697 3704 4766 διαλάμπειν

2036 4793 2133 4866 τὴν
2171 4791 2262 4847 τοῦ
2296 4792 2550 4863 σώματος
2587 4791 2758 4862 ὤραν,
2795 4787 2919 4843 οὐτε
2947 4786 3076 4844 ἀλλο
3109 4787 3216 4840 τῶν
3249 4785 3505 4840 τοιούτων
3533 4785 3704 4838 οὐδέν.

2037 4883 2147 4937 Καὶ
2173 4881 2226 4935 τί
2251 4881 2394 4950 λέγω
2418 4879 2589 4934 ταῦτα
2614 4897 2627 4945 ;
2655 4879 2760 4933 κᾶν
2799 4878 2906 4947 γὰρ
2940 4878 3075 4949 μηδέ
3097 4875 3357 4946 ἐλευθέρα
3385 4871 3522 4929 οὖσα
3544 4874 3704 4945 τύχῃ.

2041 4971 2163 5024 οὐδέ
2195 4969 2354 5023 τοῦτο
2392 4969 2562 5039 αὐτῆς
2593 4967 2914 5038 λυμαίνεται
2941 4966 3040 5036 τὴν
3065 4965 3381 5035 μνηστείαν,
3409 4963 3522 5015 ἀλλ’
3549 4963 3711 5033 ἀρκεῖ

2036 5057 2211 5129 ψυχὴν
2249 5055 2618 5122 ἐπιδείξασθαι
2655 5055 2845 5126 καλὴν,
2893 5054 2988 5106 καὶ
3019 5053 3128 5105 τῶν
3174 5051 3458 5122 πρωτείων
3499 5052 3703 5119 τυχεῖν.

2038 5145 2152 5199 Οὐκ
2190 5143 2336 5198 ἐστιν
2375 5145 2494 5196 ἐκεῖ
2517 5141 2820 5212 φοϐηθῆναι
2852 5139 3206 5211 ζηλοτυπίαν,
3238 5139 3338 5192 οὐκ
3359 5137 3506 5191 ἔστιν
3539 5137 3708 5208 ἀλγῆ-

2039 5249 2128 5285 σαι
2156 5229 2617 5300 διαφθονουμένην
2645 5229 2808 5300 ἑτέρᾳ
2837 5228 3056 5296 γυναικὶ
3084 5227 3161 5289 ὼς
3193 5226 3562 5296 λαμπροτέρῳ
3590 5243 3709 5279 συν-

2038 5317 2343 5390 εζευγμένῃ
2367 5319 2543 5390 ἀνδρί.
2583 5317 2657 5371 Οὐ
2688 5316 2797 5388 γάρ
2829 5317 2976 5368 ἐστιν
3017 5317 3204 5385 ὅμοιος
3235 5313 3384 5384 αὐτῷ
3430 5314 3551 5367 οὐδὲ
3592 5314 3708 5376 ῐσος

2038 5406 2234 5472 οὐδεὶς,
2269 5405 2383 5462 ἀλλ’
2426 5405 2546 5459 οὐδέ
2589 5404 2728 5458 κατά
2765 5402 2963 5474 μικρὸν
3003 5402 3205 5470 ἐγγύς·
3251 5405 3309 5455 ἐν
3342 5401 3398 5456 δέ
3426 5401 3505 5472 τῷ
3543 5403 3709 5472 γάμῳ

2039 5493 2143 5547 κάν
2186 5493 2296 5548 τῶν
2329 5493 2534 5564 σφόδρα
2567 5492 2942 5546 πλουτούντων
2990 5491 3083 5543 καὶ
3138 5489 3352 5560 μεγάλα
3390 5488 3706 5560 δυναμένων

2037 5581 2135 5651 ιχῃ
2184 5596 2271 5644 τις
2322 5579 2512 5651 ἀνδρα,
2549 5578 2665 5633 ἀλλ’
2718 5580 2870 5650 ὅμως
2911 5575 3114 5632 δύναιτ’
3155 5575 3221 5630 ἂν
3273 5576 3467 5648 ἑτέραν
3525 5571 3708 5642 εὑρεῖν

2039 5667 2217 5739 πολλῷ
2263 5664 2485 5736 μείζονα
2515 5665 2766 5737 ἔχουσαν.
2795 5667 2907 5738 οὐχ
2950 5666 3026 5730 ὡς
3068 5663 3229 5736 ἔτυχε
3261 5663 3319 5718 δὲ
3363 5663 3576 5716 ἐλαττοῖ
3607 5657 3707 5728 τὴν

2103 5783 2130 5822 ιι
2152 5783 2322 5832 Morel.
2348 5789 2401 5832 el
2421 5781 2571 5848 Savil.
2602 5783 2650 5830 in
2677 5787 2818 5832 textu
2839 5783 3230 5848 προπεμπόντων,
3255 5781 3378 5844 Reg.
3402 5783 3454 5829 et
3481 5777 3629 5827 Savﬂ.
3655 5786 3707 5824 In

2041 5858 2188 5919 marg“.
2211 5845 2479 5919 τιροπεμπέτ
2485 5861 2658 5914 ωσαν.-

2107 5917 2130 5944 ο
2154 5905 2276 5966 Reg.
2301 5905 2408 5960 τοὺς
2442 5905 2773 5962 συνοικοῦντας
2797 5907 2936 5965 αὐτῆ,

3271 5989 3311 6051 4
3709 6020 3750 6038 .,
