4016 6154
391 313 490 371 581

392 433 458 484 ἐκ
485 428 585 497 τῆς
611 425 719 479 τιῖδν
749 424 987 496 ἡττόνων
1023 425 1296 495 ὑπεροχῆς
1327 425 1521 496 ἡδονὴν
1555 427 1586 496 ὴ
1612 425 1720 479 τῶν
1751 426 2012 496 μειζόνων
2035 436 2060 462 ει

401 504 691 576 ὑπερϐολή.
730 503 870 556 Ἀλλ’
915 504 949 573 ή
989 501 1156 573 πολλὴ
1199 503 1380 574 τρυφὴ
1407 505 1517 557 τῶν
1563 505 1802 575 χρυσίων
1833 505 1925 558 καὶ
1956 502 2064 556 τῶν

395 584 626 656 ίματίων
653 584 747 637 καὶ
783 582 885 652 τῆς
922 580 1200 653 τραπέζης
1225 583 1319 636 καὶ
1345 583 1449 655 τῆς
1477 583 1642 655 ἄλλης
1687 584 1873 649 ἀδείας
1907 585 2065 654 ίκανὴ

394 663 646 718 δελεάσαι
691 661 868 732 ψυχήν
899 660 993 713 καὶ
1028 661 1468 730 ἐφελκύσασθαι;
1506 664 1618 716 Kal
1647 663 1812 716 πόσαι
1860 662 2066 716 τούτων

393 741 728 796 ἀπολαύουσι
759 740 1050 805 γυναῖκες;
1085 741 1145 793 τὸ
1189 740 1296 814 γάρ
1331 741 1581 796 πλεῖστον
1609 741 1715 796 τῶν
1763 741 2066 812 ἀνθρώπων

398 821 563 893 μέρος
595 818 756 890 πενίᾳ
790 816 924 888 συζῇ
971 819 1063 871 καὶ
1110 820 1513 892 ταλαιπωρίαις
1546 823 1642 875 καὶ
1680 823 1885 886 πόνοις.
1917 823 1980 875 Εἰ
2009 820 2066 874 δέ
2110 827 2115 833 “

393 915 539 961 τινες
569 893 676 950 εἷεν
701 898 756 949 αί
786 894 1006 972 τούτων.
1025 898 1372 969 μετέχουσαι,
1406 901 1611 972 σφόδρα
1643 903 1741 972 μὲν
1767 901 1944 969 ὀλίγαι
1973 900 2068 953 καὶ

395 974 781 1046 εὐαρίθμητοι,
807 975 898 1027 καὶ
944 969 1104 1029 αὗται
1145 977 1204 1030 δὲ
1247 979 1400 1050 παρὰ
1441 979 1503 1031 τὸ
1544 969 1790 1050 τῶθεῷ
1837 977 2027 1033 δοκοῦν
2051 995 2064 1008 ·

392 1056 567 1109 οὐδενὶ
590 1054 699 1126 γὰρ
730 1055 940 1122 ἐφίεται
973 1057 1030 1108 ἐν
1060 1055 1271 1121 τούτοις
1295 1060 1527 1130 τρυφᾷν,
1549 1059 1626 1121 ὼς
1663 1061 1756 1112 καὶ
1783 1056 2068 1122 ἀπεδείξα-

397 1150 497 1204 μεν
523 1134 580 1186 ἐν
606 1135 721 1196 τοῖς
747 1133 984 1204 πρόσθεν
1012 1135 1191 1203 λόγοις
1217 1136 1266 1188 b.

447 1225 568 1282 ΞΝ.
586 1228 732 1300 Πλὴν
743 1227 879 1283 ἀλλά
894 1228 1076 1299 θῶμεν
1097 1230 1256 1283 πάλιν
1273 1229 1502 1300 τῷλόγῳ
1519 1231 1613 1283 καὶ
1631 1230 1832 1298 ταύτην
1850 1247 2066 1302 συγχω-

399 1308 610 1375 ρεῖσθαι
640 1307 740 1377 τὴν
765 1308 999 1377 τρυφὴν,
1037 1307 1130 1361 καὶ
1171 1309 1306 1380 μήτε
1341 1309 1432 1362 τὸν
1461 1310 1770 1380 προφήτην,
1805 1311 1943 1381 μήτε
1974 1309 2066 1364 τὸν

395 1384 610 1439 Παῦλον
626 1385 1031 1456 ἀπεχθάνεσθαι
1055 1387 1191 1457 πρὸς
1211 1387 1314 1450 τάς
1336 1385 1603 1456 χλιδώσας
1621 1387 1729 1440 τῶν
1753 1387 2032 1455 γυναικῶν
2051 1408 2065 1423 ο

393 1463 448 1516 τί
482 1463 544 1516 :6
578 1463 771 1532 ὄφελος
805 1465 914 1518 τῶν
949 1463 1157 1518 πολλῶν
1183 1466 1461 1536 χρυσίων;
1504 1467 1732 1538 Ἕτερον
1765 1467 1864 1537 μὲν
1891 1467 2064 1535 οὐδὲν,

398 1542 668 1612 βασκανία
705 1541 760 1596 δὲ
794 1545 888 1597 καὶ
921 1545 1144 1614 φροντὶς
1193 1545 1292 1597 καὶ
1337 1545 1503 1614 φόϐος
1541 1546 1641 1615 οὐχ
1683 1547 1711 1598 6
1737 1544 1935 1616 τυχών.
1991 1548 2066 1600 Οὐ

395 1621 505 1692 γὰρ
539 1621 701 1692 μόνον
733 1623 863 1678 ὅταν
902 1627 982 1686 είς
1007 1625 1068 1677 :6
1101 1623 1356 1678 κιϐώτιον
1387 1624 1526 1678 αὐτά
1576 1625 1910 1690 ἀποθῶνται,
1947 1626 2067 1681 οὐδέ

396 1701 591 1766 νυκτὸς
642 1701 1060 1773 καταλαϐούσης
1101 1705 1263 1775 μόνον
1299 1705 1663 1776 ταράττονται
1697 1709 1816 1768 ταῖς
1850 1706 2067 1776 φροντί-

397 1798 505 1858 σιν,
533 1782 668 1836 ἀλλά
695 1783 789 1836 καὶ
815 1784 942 1837 ὅταν
970 1783 1110 1837 αὐτά
1138 1785 1501 1856 περικέωνται
1525 1796 1574 1852 ε,
1605 1786 1698 1838 καὶ
1726 1786 1854 1838 ὅταν
1885 1786 2068 1858 ἡμέρα

395 1855 452 1932 ᾖ,
485 1861 584 1931 τὴν
622 1862 792 1932 αὐτὴν
824 1863 1156 1933 ὑπομένουσι
1204 1855 1496 1934 μέριμναν,
1533 1864 1733 1935 μᾶλλον
1759 1865 1816 1918 δέ
1847 1855 1940 1918 καί
1972 1855 2070 1935 χα-

394 1937 733 2012 λεπωτέραν.
767 1942 877 1996 Kal
914 1941 1022 2012 γάρ
1050 1943 1107 1996 ἐν
1133 1941 1440 2013 βαλανείοις
1482 1945 1579 1996 καὶ
1608 1943 1928 2015 ἐκκλησίαις
1961 1962 2068 1996 πα-

399 2019 710 2089 ραγίνονται
736 2021 794 2072 αἰ
818 2021 888 2075 τά
920 2020 1144 2075 τοιαῦτα
1173 2020 1324 2093 [59.0]
1353 2023 1757 2095 κακουργοῦσαι
1777 2026 2067 2091 γυναῖκες·

397 2098 668 2152 κάκείνων
690 2098 748 2152 δέ
773 2099 1034 2164 πολλάκις
1081 2101 1250 2171 χωρὶς
1289 2101 1394 2154 ὐπὸ
1419 2100 1514 2154 τοῦ
1549 2101 1788 2172 πλήθους
1823 2101 2070 2172 ὠθούμε-

395 2192 486 2229 ναι
511 2177 606 2228 καὶ
646 2176 968 2247 πιεζόμεναι
998 2179 1054 2231 al
1100 2179 1539 2251 χρυσοφοροῦσαι
1568 2180 1692 2234 οὐδέ
1723 2180 2070 2234 αίσθάνονται

399 2255 726 2318 ἐκπεσόντος
761 2255 952 2318 αὐταῖς
979 2255 1086 2308 τῶν
1119 2257 1360 2327 χρυσίων
1393 2259 1560 2320 τινός.
1588 2257 1749 2312 Οὕτω
1785 2259 1916 2326 γοῦν
1943 2257 2073 2312 πολ-

400 2333 490 2388 λαὶ
521 2334 582 2386 οὐ
612 2331 784 2386 ταῦτα
815 2333 995 2403 μόνον,
1037 2333 1174 2387 ἀλλά
1203 2335 1384 2405 πολλῷ
1411 2336 1617 2390 τούτων
1658 2335 1740 2391 ἐτι
1768 2336 2073 2408 τιμιώτερα

401 2412 724 2484 περιδέραια
753 2411 866 2464 ἀπὸ
885 2412 1083 2482 τιμίων
1112 2413 1446 2487 συγκείμενα
1477 2414 1640 2470 λίθων
1668 2414 2071 2470 διασπασθέντα

401 2493 499 2547 καὶ
523 2491 828 2546 ἐκπεσόντα
852 2490 1165 2547 ἀπώλεσαν.

453 2589 572 2644 ΞΠ.
592 2589 738 2662 Πλὴν
755 2587 892 2644 ἀλλά
915 2589 1051 2662 μηδέ
1074 2582 1229 2652 οὗτος
1246 2590 1386 2644 ἔστω
1413 2593 1441 2644 6
1457 2590 1642 2660 φόϐος,
1661 2590 1796 2643 ἀλλά
1811 2591 1905 2644 καὶ⁴
1931 2589 2070 2663 αὐτη

402 2669 687 2742 ἐξῃρήσθω
742 2669 775 2738 ἡ
817 2669 1068 2739 φροντὶς,
1120 2669 1172 2721 τί
1213 2669 1276 2722 :6
1316 2669 1544 2739 δφελος;
1591 2664 1745 2723 Εἷδεν
1784 2669 1812 2709 ιι
1856 2669 2070 2738 ἕτερος,

403 2748 559 2816 φησὶ,
585 2745 680 2798 καὶ
721 2744 1051 2816 ἐθαύμασεν.
1091 2746 1253 2800 Ἀλλά
1281 2749 1342 2800 οὐ
1371 2748 1468 2818 τὴν
1494 2750 1907 2819 περικειμένην,
1936 2747 2073 2802 ἀλλὰ

403 2825 473 2878 τὰ
509 2823 892 2895 περικείμενα,
920 2825 1137 2896 ἐκείνην
1163 2827 1219 2879 δέ
1247 2825 1334 2880 διά
1357 2826 1531 2880 ταῦτα
1563 2829 1660 2880 καὶ
1692 2828 1918 2880 ἐκάκισε
1952 2827 2074 2880 πολ-

402 2905 583 2970 λάκις,
611 2903 798 2977 ὥσπερ
822 2906 972 2976 παρά
999 2906 1099 2977 τὴν
1125 2903 1282 2970 ἀξίαν
1311 2905 1696 2976 κοσμουμένην
1727 2907 1933 2968 αὐτοῖς.
1976 2907 2074 2959 Ἂν

407 2983 652 3054 μὲνγὰρ
690 2982 967 3055 εὔμορφος
1011 2979 1071 3058 ᾖ,
1115 2985 1438 3056 λυμαίνεται
1479 2984 1558 3054 τῷ
1593 2984 1782 3038 κάλλει
1821 2985 1920 3056 τῆς
1973 2985 2074 3054 φύ-

406 3079 574 3126 σεως·
611 3064 641 3116 6
681 3063 852 3127 πολὺς
899 3063 1010 3136 γὰρ
1049 3064 1257 3135 κόσμος
1303 3064 1511 3127 ἐκεῖνος
1539 3064 1641 3117 οὐκ
1679 3063 1905 3134 ἀφίησιν
1943 3063 2075 3116 αὐτὸ

405 3141 692 3211 φαίνεσθαι
734 3141 944 3212 γυμνὸν
971 3141 1033 3195 :6
1061 3143 1314 3196 πλεῖστον
1337 3141 1502 3196 αὐτοῦ
1537 3142 1704 3213 μέρος
1729 3139 2074 3212 ἀφαιρούμε·

406 3236 499 3283 νος
529 3230 584 3258 θ’
623 3219 719 3274 ἐὰν
764 3219 824 3272 δὲ
865 3221 1112 3291 ἄμορφος
1213 3220 1310 3275 καὶ
1351 3221 1622 3293 δυσειδὴς,
1666 3221 2075 3294 ἀτερπεστέραν

405 3297 690 3365 ἀπέδειξεν
733 3297 879 3352 οὕτω
921 3300 1117 3368 μᾶλλον
1157 3300 1348 3370 αὐτήν.
1408 3301 1475 3353 Ἠ
1504 3300 1613 3370 γὰρ
1655 3300 1902 3370 ἀμορφία
1937 3317 2074 3354 παν-

400 3376 568 3448 ταχοῦ
616 3375 740 3430 καθ’
784 3377 984 3448 ἐαυτῆν
1022 3378 1120 3448 μέν
1171 3378 1474 3448 φαινομένη
1506 3380 1631 3432 ὅσον
1668 3378 1789 3432 ἐστὶ
1822 3378 2076 3448 φαίνεται

407 3455 598 3527 μόνον’
633 3455 762 3507 ὅταν
801 3455 859 3508 δὲ
899 3455 1035 3525 αὐτῇ
1089 3453 1509 3527 παραϐάλληται
1547 3455 1712 3528 λίθων
1749 3456 2076 3528 λαμπρότης

403 3519 497 3590 καὶ
533 3534 728 3604 ἐτέρας
767 3533 912 3596 τινὸς
933 3519 1063 3603 ὕλης
1099 3519 1315 3599 κάλλος,
1341 3519 1670 3588 ἐπιτείνετιῖι
1699 3536 1780 3598 εἰς
1809 3519 2076 3591 δυσειδίαν

409 3613 689 3684 μειζόνως.
719 3612 793 3665 Τό
827 3629 886 3664 τε
925 3611 1034 3682 γάρ
1067 3612 1162 3665 τοῦ
1192 3613 1444 3684 σώματος
1475 3613 1644 3684 μέλαν
1667 3612 1849 3684 πολλῷ
1881 3613 2078 3684 μελάν-

403 3710 562 3763 τερον
608 3692 884 3744 δείκνυσιν
922 3691 1270 3762 ἐπικείμενον
1322 3692 1415 3745 τοῦ
1464 3693 1807 3763 μαργαρίτου
1855 3693 1915 3745 :6
1961 3693 2078 3762 φῶς

405 3772 500 3824 καὶ⁴
554 3770 743 3840 ῶσπερ
785 3771 843 3821 ἐν
885 3769 1063 3840 σκότῳ
1108 3769 1353 3832 στίλϐον,
1403 3771 1466 3823 τό
1523 3788 1583 3824 τε
1639 3771 1734 3823 τοῦ
1782 3771 2076 3843 προσώπου

407 3848 836 3904 δυσδιάπλαστον
873 3847 942 3901 τά
967 3847 1074 3900 τῶν
1111 3849 1343 3917 ίματίων
1368 3849 1502 3919 ἄνθη
1542 3849 1676 3903 πολύ
1718 3849 1911 3903 κάκιον
1941 3851 2074 3903 61:0-

405 3928 611 3997 φαίνει,
643 3927 744 3980 οὐκ
777 3927 1008 3997 ἀφιέντα
1037 3927 1162 3981 καθ’
1208 3929 1401 3982 ἐαυτὸν
1427 3928 1795 3996 ἀγωνίζεσθαι
1845 3929 1938 3983 τὸν
1976 3930 2078 4001 τῆς

404 4007 581 4076 ὅψεως
610 4005 782 4058 τύπον
823 4006 977 4078 παρά
1003 4009 1118 4069 τοῖς
1157 4007 1402 4072 θεαταῖς,
1445 4007 1582 4060 ἀλλά
1618 4006 1755 4076 πρὸς
1780 4007 1844 4061 :6
1892 4025 2077 4079 χειρο-

405 4087 632 4159 ποίητον
677 4086 852 4140 ἐκεῖνο
881 4086 976 4140 καὶ
1028 4086 1312 4156 ἀμήχανον
1363 4086 1584 4151 κάλλος,
1620 4085 1745 4140 ὅθεν
1790 4087 1823 4158 ή
1875 4087 2078 4156 μείζων

401 4160 544 4238 ἧττα
587 4166 818 4234 γίνεται.
875 4164 934 4218 '0
981 4163 1090 4237 γὰρ
1128 4165 1528 4240 διεσπαρμένος
1580 4164 1640 4216 ἐν
1681 4166 1796 4227 τοῖς
1843 4166 2081 4234 ἱματίοις

405 4243 627 4315 χρυσὸς,
671 4243 768 4296 καὶ
807 4244 840 4312 ή
872 4241 1042 4312 πολλὴ
1065 4242 1175 4296 τῶν
1194 4243 1267 4298 τά
1294 4243 1521 4296 τοιαῦτα
1551 4242 1937 4314 ἐργαζομένων
1967 4260 2082 4297 ποι-

405 4322 575 4385 κιλία,
625 4321 721 4374 καὶ
751 4321 780 4373 6
818 4321 1006 4384 λοιπὸς
1047 4321 1251 4392 κόσμος
1291 4321 1458 4386 ἆπας,
1495 4321 1749 4390 καθάπερ
1791 4337 1877 4384 τις
1910 4321 2082 4392 ἀθλη-

403 4401 504 4472 τὴς
545 4400 794 4468 γενναῖος
825 4397 1066 4473 εὐεκτῶν
1099 4400 1195 4454 καὶ
1227 4401 1474 4473 σφριγῶν
1508 4398 1793 4472 ψωραλέον
1831 4397 1954 4452 τινά
1988 4399 2082 4453 καὶ

407 4467 630 4550 αἰσχρὸν
667 4479 765 4531 καὶ
805 4467 1144 4548 λιμώττοντα
1177 4467 1576 4549 παρωσάμενος
1604 4467 1614 4472 ⁷
1647 4476 2080 4548 ἀνταγωνιστὴν,

407 4558 550 4612 οὕτω
577 4557 678 4628 τὴν
709 4555 802 4609 τοῦ
833 4554 1128 4624 προσώπου
1159 4556 1317 4619 δόξαν
1341 4557 1439 4628 τῆς
1479 4556 1876 4626 περικειμένης
1907 4572 2083 4610 κατα-

408 4635 587 4690 ϐαλὼν
612 4636 751 4707 πρὸς
775 4635 967 4690 ἐαυτὸν
1000 4634 1299 4688 ἐπισπᾶται
1323 4635 1452 4697 τοὺς
1481 4633 1704 4696 θεατὰς,
1736 4634 1952 4704 ἐκείνην
1982 4632 2083 4703 μὲν

408 4715 812 4784 καταγελᾶσθαι
839 4713 1123 4786 μειζόνως,
1150 4713 1331 4767 ἀὐτὸν
1357 4712 1415 4765 δὲ
1447 4711 1567 4783 μεθ’
1604 4711 1914 4786 ὑπερϐολῆς
1946 4711 2082 4766 θαυ-

411 4783 678 4867 μάζεσθαι
717 4783 1180 4865 παρασκευάζων.

476 4892 594 4946 EI".
629 4891 769 4945 Ἀλλ’
803 4892 902 4961 οὐχ
928 4891 957 4943 6
988 4890 1091 4959 τῆς
1126 4888 1426 4960 παρθενίας
1463 4887 1669 4959 κόσμος
1701 4883 1967 4950 τοιοῦτος.
2002 4884 2082 4941 Οὐ

407 4970 520 5043 γὰρ
535 4971 853 5040 λυμαίνεται
869 4971 935 5039 τῇ
953 4968 1335 5040 περικειμένῃ,
1351 4966 1537 5038 ἐπειδὴ
1559 4966 1683 5038 μηδ’
1699 4965 1818 5018 ἐστι
1843 4981 2087 5035 σωματι-

407 5049 526 5116 κὸς,
559 5048 696 5102 ἀλλά
720 5047 822 5118 τῆς
851 5047 1032 5118 ψυχῆς
1059 5047 1206 5110 ὅλος·
1245 5047 1342 5099 καὶ
1368 5046 1460 5099 διά
1486 5045 1668 5108 τοῦτο,
1703 5046 1769 5100 ἀν
1807 5062 1868 5098 τε
1907 5045 2086 5098 δυσει-

405 5127 504 5200 δὴς
530 5125 587 5204 ᾖ,
621 5125 886 5200 μετέϐαλε
908 5126 1006 5197 τὴν
1027 5125 1296 5204 δυσειδίαν
1332 5126 1538 5189 εὐθέως
1562 5125 1759 5204 κάλλος
1785 5121 2082 5204 περιθεὶςβ

409 5199 714 5279 ἀμήχανον,
742 5205 808 5260 ἀν
822 5222 881 5259 τε
899 5203 1080 5277 ὡραία
1111 5206 1206 5258 καὶ
1229 5205 1455 5276 φαιδρὰ,
1475 5203 1871 5276 λαμπροτέραν
1890 5199 2088 5274 εἰργά-

480 5389 527 5464 ⁸“
541 5393 662 5464 Rgg.
692 5394 928 5464 ὑπεροχῂν
956 5393 1001 5464 [ἢ
1027 5393 1171 5464 ,δόξαν
1203 5392 1388 5464 ήητῶν.
1411 5393 1540 5464 ¹μειζ.
1578 5387 1707 5464 Infra
1746 5388 1871 5464 Ριςξ.
1894 5383 2088 5464 τούτων

483 5410 502 5413 ”
541 5410 662 5456 neg.
692 5410 782 5444 υπε
809 5410 928 5457 οχην
970 5410 1001 5450 η
1036 5410 1171 5448 οοςαν
1203 5410 1233 5450 η
1278 5410 1373 5439 των
1420 5410 1540 5452 μειιν
1580 5410 1707 5449 ιμιηι
1747 5410 1871 5448 ncg.
1907 5410 2088 5434 τουτων

411 5453 727 5510 ἀπολαύωσι,
752 5410 836 5504 δίη
859 5454 1205 5504 ἀπολαύουσαι.
1239 5452 1350 5502 Mox
1375 5452 1509 5502 idem
1532 5450 1712 5506 πενίαις
1734 5453 1852 5511 συζῇ
1875 5448 1956 5495 καὶ
2002 5462 2090 5495 τα-

413 5513 694 5582 λαιπωρίαις
709 5518 791 5582 καί
809 5517 994 5582 κόποις.
1093 5577 1126 5582 _
1197 5577 1211 5582 _
1362 5575 1420 5582 _,_
1528 5575 1573 5582 _
1609 5571 1632 5582 ..

478 5575 507 5642 ᾗ
669 5571 895 5642 πρότερον
903 5578 1080 5638 λόγοις.
1093 5577 1248 5627 Paulo
1266 5579 1378 5638 post
1390 5575 1513 5637 Reg.
1528 5571 1722 5622 Παῦλον
1737 5571 2088 5636 ἀποφήνασθαι.

478 5638 1046 5703 1Ῑξιιεὲ.διίερικιιίιινονται.
1148 5697 1172 5703 _
1459 5698 1482 5703 _
1579 5697 1622 5703 __
1825 5661 1832 5666 ι

476 5697 506 5777 ξ
676 5702 724 5777 τί
746 5697 811 5750 ’τὸ
829 5702 994 5777 ὄφελος
1017 5701 1072 5748 ἐκ
1089 5697 1178 5746 τοῦ
1197 5698 1536 5761 χρυσοφορεῖδς
1559 5697 1697 5744 εἶδεν.

480 5767 504 5826 'E
529 5763 648 5826 Βθς-
669 5763 1030 5826 ἀποφερόμεγης·

482 5821 504 5860 Ι
529 5814 809 5886 8ἱιὲὀβιίιηό
825 5814 980 5874 'Saivil.
1001 5814 1233 5882 ,περιθείς
1253 5819 1312 5868 ad
1333 5817 1514 5875 κόσμος
1535 5815 1775 5866 referens.
1801 5814 1968 5864 Monlf.
1996 5830 2082 5865 m-

417 5887 610 5947 ριθιῖσα.
639 5887 769 5936 lion.

1245 309 1304 365 S.
1338 309 1626 366 JOANNIS
1659 306 2155 366 CHRYSOSTOMI
2198 305 2517 363 ARCHIEP.
2561 303 3116 362 CONSTANTINOP.

3749 303 3845 360 582

2175 435 2324 476 σατο.
2361 423 2434 474 οὐ
2471 421 2578 492 γάρ
2613 421 2750 474 λίθοι
2779 421 2872 475 καὶ
2918 418 3138 490 χρυσὸς,
3172 419 3292 472 οὐδέ
3350 416 3593 488 ίματίων
3621 414 3840 470 πολυτέ-

2169 505 2308 567 λεια,
2335 504 2458 557 οὐδέ
2488 504 2796 574 χρωμάτων
2819 502 3085 572 πολυτελῆ
3118 501 3253 573 ἄνθη
3275 502 3546 571 διάφορα,
3572 499 3695 553 οὐδέ
3723 499 3845 556 ἀλλο

2168 581 2407 636 τοιοῦτον
2438 582 2592 634 οὐδὲν
2612 582 2720 636 τῶν
2751 581 3007 650 φθαρτῶν
3039 581 3262 635 ἐκείνων
3291 582 3500 649 κοσμεῖ
3521 578 3624 642 τὰς
3648 578 3841 648 ψυχὰς,

2167 660 2282 714 ἀλλ’
2311 661 2434 716 ἀντὶ
2464 660 2671 713 τούτων
2707 662 2976 730 νηστεῖαι,
3010 659 3336 730 παννυχίδες
3371 659 3543 728 ἱεραὶ,
3576 658 3842 728 πραότης,

2169 740 2457 804 ἐπιείκεια,
2494 742 2672 816 πενία,
2721 739 2961 810 ἀνδρεία,
3008 736 3514 810 ταπεινοφροσύνη,
3561 736 3841 807 καρτερία,

2170 818 2386 873 πάντων
2406 818 2593 883 ἁπλῶς
2621 819 2730 872 τῶν
2753 821 2810 874 ἐν
2839 818 2918 889 τῷ
2943 818 3171 889 παρόντι
3201 817 3301 887 βίῳ
3320 817 3675 887 πραγμάτων
3688 817 3845 886 ὑπερ-

2168 898 2317 965 οψία.
2372 900 2484 952 Kal
2533 898 2642 969 γάρ
2692 897 2970 968 ὀφθαλμὸς
3003 897 3141 967 αὐτῇ
3192 895 3336 948 οὕτω
3383 896 3488 965 μὲν
3535 893 3704 958 καλὸς
3754 896 3845 947 καὶ

2169 977 2468 1050 εὐπρεπὴς,
2496 977 2571 1042 ὡς
2601 977 2722 1031 ἀντὶ
2751 976 3053 1047 ἀνθρώπων
3085 974 3186 1038 τὰς
3218 973 3559 1044 ἀσωμάτους
3593 975 3843 1044 δυνάμεις

2168 1057 2262 1108 καὶ
2292 1056 2383 1108 τὸν
2409 1055 2616 1109 τούτων
2651 1055 2929 1124 Δεσπότην
2965 1054 3109 1124 ἔχειν
3149 1054 3391 1123 ἐραστήν
3413 1068 3430 1084 ο
3476 1053 3626 1106 οὕτω
3653 1052 3710 1104 δὲ
3747 1069 3844 1104 κα-

2169 1133 2335 1203 θαρὸς
2363 1135 2457 1188 καὶ
2484 1133 2703 1205 διειδὴς,
2723 1133 2796 1197 ὡς
2823 1135 2945 1186 ἀντὶ
2971 1132 3081 1186 τῶν
3113 1132 3451 1201 σωματικῶν
3481 1130 3553 1184 τά
3583 1129 3845 1201 ἀσώματα

2169 1211 2338 1281 κάλλη
2363 1212 2624 1266 δύνασθαι
2659 1213 2900 1283 καθορᾷν
2921 1228 2933 1242 ο
2963 1211 3107 1264 οὐτω
3135 1211 3191 1264 δὲ
3225 1211 3441 1282 ἥμερος
3465 1211 3566 1264 καὶ
3593 1209 3842 1278 γαληνὸς,

2168 1289 2244 1352 ὡς
2275 1291 2411 1360 μηδὲ
2450 1291 2586 1362 πρὸς
2612 1292 2738 1354 τούς
2769 1290 3090 1354 ἀδικοῦντας
3123 1290 3217 1342 καὶ
3264 1290 3519 1361 συνεχῶς
3547 1287 3846 1351 λυποῦντας

2170 1369 2474 1440 ἀγριαίνειν
2513 1371 2610 1422 καὶ
2653 1369 3049 1433 διανίστασθαι,
3093 1368 3231 1422 ἀλλά
3281 1370 3381 1422 καὶ
3429 1368 3576 1440 πρὸς
3626 1367 3845 1430 τούτους

2169 1449 2268 1520 ἡδὺ
2299 1450 2394 1502 καὶ
2434 1449 2674 1519 μείλιχον
2707 1458 2734 1496 ις
2768 1451 2922 1520 ὸρᾷν.
2970 1447 3284 1518 Κοσμιότης
3329 1447 3392 1501 δὲ
3437 1450 3582 1518 αὐτῇ
3615 1446 3846 1514 τοσαύτη

2171 1529 2500 1599 περίκειται,
2546 1532 2622 1592 ὡς
2661 1529 2759 1583 καὶ
2797 1529 2922 1591 τοὺς
2965 1526 3298 1590 ἀκολάστους
3347 1526 3714 1598 αἰσχύνεσθαι
3758 1525 3846 1579 καὶ

2171 1607 2427 1679 ἐρυθριᾷν
2458 1608 2680 1678 καὶτῆς
2727 1608 2936 1670 οἰκείας
2974 1606 3236 1660 ἐνδιδόναι
3284 1607 3514 1676 μανίας,
3546 1607 3679 1660 ὅταν
3717 1603 3848 1675 πρὸς

2172 1686 2340 1758 αὐτὴν
2378 1687 2559 1740 ἴδωσιν
2592 1686 2854 1758 ἀκριϐῶς.
2892 1686 3103 1756 Ὥσπερ
3134 1685 3193 1738 δὲ
3223 1685 3452 1752 γυναικὶ
3505 1683 3716 1758 κοσμία
3753 1683 3847 1752 τὴν

2169 1756 2596 1836 διακονουμένην
2626 1756 2962 1838 θεράπαιναν
2993 1765 3090 1817 καὶ
3114 1763 3285 1834 αὐτὴν
3307 1759 3454 1818 εἶναι
3481 1756 3642 1836 [521]
3675 1762 3848 1815 τοιαύσ

2172 1863 2270 1915 την
2318 1845 2554 1914 ἀνάγκη,
2592 1845 2695 1898 κᾶν
2753 1844 2827 1916 μὴ
2867 1843 3152 1914 βούληται·
3185 1843 3330 1897 οὓτω
3367 1845 3470 1898 καὶ
3519 1843 3622 1915 τὴν
3677 1842 3848 1913 σάρκα

2171 1925 2268 1993 τῆς
2283 1922 2423 1976 οὕτω
2450 1921 2842 1992 φιλοσοφούσης
2870 1922 3048 1992 ψυχῆς
3073 1923 3209 1994 πρὸς
3237 1922 3306 1975 τά
3328 1923 3554 1993 ἐκείνης
3574 1923 3850 1992 κινήματα

2171 2000 2376 2064 καὶτὰς
2396 2001 2603 2064 οἰκείας
2627 2000 2841 2069 ἀνάγκη
2859 1999 3144 2070 ῥυθμίζειν
3171 2000 3370 2070 ὁρμάς.
3391 2001 3511 2054 Kal
3527 2001 3641 2070 γὰρ
3657 1997 3851 2068 ὀφθαλ-

2175 2079 2294 2150 μὸς,
2343 2081 2440 2135 καὶ
2491 2081 2708 2150 γλῶττα
2732 2121 2746 2145 ,
2783 2081 2879 2133 καὶ
2916 2079 3105 2150 σχῆμα
3124 2123 3138 2143 ,
3168 2081 3262 2132 καὶ
3291 2080 3531 2150 βάδισις,
3557 2080 3656 2133 καὶ
3682 2078 3851 2132 πάντα

2173 2158 2359 2223 ἀπλῶς
2399 2160 2537 2230 πρὸς
2567 2160 2666 2232 τὴν
2712 2159 2861 2212 ἔνδον
2903 2159 3156 2225 εὐταξίαν
3206 2161 3724 2232 χαρακτηρίζεταιο
3761 2158 3852 2211 καὶ

2175 2239 2425 2311 καθάπερ
2452 2240 2623 2312 μύρον
2657 2239 2978 2310 βαρύτιμον,
3003 2238 3106 2291 κᾶν
3135 2240 3217 2302 εἰς
3255 2240 3431 2308 ἄγγος
3465 2239 3848 2309 ἀποκλείηται,

2172 2320 2265 2372 τὸν
2292 2319 2430 2392 ἀέρα
2461 2320 2560 2390 τῆς
2583 2320 2790 2383 οἰκείας
2822 2317 3148 2388 ἀναχρῶσαν
3184 2317 3438 2382 εὐωδίας,
3469 2320 3533 2372 οὐ
3558 2321 3688 2383 τούς
3712 2319 3850 2372 ἔνδον

2174 2399 2269 2451 καὶ
2299 2399 2527 2470 πλησίον
2551 2398 2794 2461 ἐστῶτας
2825 2397 3007 2466 μόνον,
3045 2395 3180 2450 ἀλλά
3212 2397 3308 2450 καὶ
3341 2398 3475 2461 τοὺς
3503 2397 3616 2464 ἔξω
3650 2397 3849 2461 πάντας

2175 2477 2480 2549 ἐμπίπλησι
2509 2477 2609 2548 τῆς
2631 2477 2826 2551 ἡδονῆς
2844 2493 2858 2507 ’
2889 2475 3031 2530 οῦτω
3059 2476 3154 2528 καὶ
3181 2476 3215 2546 ἡ
3249 2476 3348 2546 τῆς
3379 2475 3730 2548 παρθενικῆς
3757 2475 3850 2544 ψυσ

2175 2556 2278 2625 χῆς
2302 2557 2502 2611 εὐωδία
2520 2560 2641 2622 ταῖς
2669 2557 2954 2625 αἰσθήσεσι
2985 2556 3354 2626 περιρρέουσα
3385 2555 3734 2609 ἐνδείκνυται
3759 2554 3852 2624 τὴν

2175 2634 2323 2688 ἔνδον
2359 2635 2731 2706 ἀποκειμένην
2767 2635 2988 2706 ἀρετὴν,
3040 2635 3136 2686 καὶ
3168 2634 3267 2696 τὰς
3308 2635 3525 2703 χρυσᾶς
3563 2635 3666 2704 τῆς
3703 2633 3850 2686 εὐκο-

2179 2715 2345 2784 σμίας
2393 2713 2760 2768 ἐπιϐάλλουσα
2806 2715 2970 2766 πᾶσιν
3016 2711 3170 2782 ήνίας
3205 2712 3262 2764 ἐν
3297 2711 3471 2782 πολλῇ
3512 2711 3625 2764 τῶν
3674 2711 3851 2764 ἵππων

2175 2794 2403 2847 ἕκαστον
2425 2791 2696 2864 εὐρυθμίᾳ
2718 2792 2982 2862 διατηρεῖ,
3010 2791 3106 2844 καὶ
3133 2789 3255 2843 οὔτε
3284 2789 3388 2860 τὴν
3412 2791 3667 2859 γλῶτταν
3697 2789 3851 2858 ἀφίης

2179 2890 2263 2926 σιν
2298 2870 2510 2940 ἀπηχές
2554 2887 2609 2922 τι
2653 2871 2750 2923 καὶ
2796 2871 3140 2940 ἀνάρμοστον
3188 2867 3553 2936 φθέγξασθαι,
3606 2867 3731 2921 οὔτε
3764 2865 3850 2920 τὸν

2176 2949 2454 3019 ὀφθαλμὸν
2488 2949 2648 3020 μόνον
2668 2947 3043 3018 ἀναισχύντως
3071 2947 3166 3001 καὶ
3199 2947 3461 3010 ὑπόπτως
3490 2947 3708 3010 ἐνιδεῖν,
3732 2943 3849 2998 οὐτε
3925 3017 3927 3020 ι

2177 3028 2276 3098 τὴν
2305 3026 2471 3098 ἀκοὴν
2501 3026 2756 3092 δέξασθαί
2782 3045 2832 3080 τι
2861 3027 2972 3080 τῶν
3004 3027 3064 3080 οὐ
3095 3024 3488 3097 προσηκόντων
3515 3025 3716 3096 μελῶν.
3747 3024 3851 3076 Kal

2178 3105 2354 3158 ποδῶν
2383 3105 2440 3158 δὲ
2479 3105 2616 3176 αὐτῇ
2655 3105 2838 3176 μέλει,
2895 3105 3038 3158 ὥστε
3093 3106 3168 3176 μὴ
3209 3105 3424 3159 ἄτακτα
3473 3104 3713 3175 βαδίζειν
3759 3104 3850 3157 καὶ

2176 3183 2638 3255 διατεθρυμμένα,
2687 3183 2801 3237 ἀλλ’
2835 3183 3112 3240 ἀπλαστόν
3143 3199 3268 3236 τινα
3305 3184 3400 3236 καὶ
3430 3183 3851 3253 ἀνεπιτήδευτον

2179 3263 2324 3333 ἐχειν
2353 3261 2452 3334 τὴν
2488 3261 2695 3332 βάδισιν
2713 3277 2727 3291 ·
2764 3263 2858 3315 καὶ
2885 3263 2976 3316 τὸν
3011 3261 3118 3315 ἀπὺ
3145 3261 3253 3315 τῶν
3283 3261 3520 3332 ἱματίων
3553 3261 3611 3316 δὲ
3641 3260 3847 3314 καλλω-

2179 3345 2382 3416 πισμὸν
2412 3343 2759 3416 περικόψασα
2793 3343 2984 3414 καὶτῷ
3007 3343 3287 3414 προσώπῳ
3315 3346 3584 3415 παραινεῖ
3616 3343 3853 3414 συνεχῶς

2181 3425 2256 3496 μὴ
2271 3423 2573 3493 διαχεῖσθαι
2596 3423 2676 3494 τῷ
2694 3423 2910 3492 γέλωτι,
2933 3423 3068 3477 ἀλλά
3100 3423 3235 3494 μηδὲ
3254 3421 3442 3494 ἠρέμα
3471 3425 3708 3494 μειδιᾷν,
3738 3420 3852 3476 ἀλλ’

2179 3503 2493 3557 ἐπισκύνιον
2523 3503 2804 3574 αἰδέσιμον
2848 3503 2936 3556 ἀεὶ
2967 3502 3062 3555 καὶ
3109 3501 3381 3573 αὐστηρὸν
3414 3501 3847 3562 ἐπιδείκνυσθαι,

2179 3583 2274 3636 καὶ
2318 3581 2456 3652 πρὸς
2485 3581 2697 3652 δάκρυα
2730 3578 3177 3653 παρεσκευάσθαι
3209 3579 3530 3645 διαπαντὸς,
3581 3580 3721 3652 πρὸς
3761 3576 3850 3646 γέο

2178 3662 2326 3714 λωτα
2363 3660 2420 3713 δέ
2457 3659 2747 3730 μηδέποτε.

2250 3789 2366 3846 EA’.
2395 3791 2564 3844 Ὅταν
2603 3790 2659 3843 δὲ
2698 3788 2950 3860 δακρύων
2994 3788 3255 3861 ἀκούσῃς,
3287 3787 3454 3860 μηδὲν
3501 3783 3848 3852 ὑποπτεύσῃς

2182 3870 2524 3943 σκυθρωπόν⁶
2538 3869 2807 3939 τοσαύτην
2827 3868 2937 3941 γὰρ
2961 3868 3074 3939 ἔχει
3092 3869 3162 3921 :6
3177 3868 3386 3940 δάκρυα
3399 3868 3584 3921 ἐκεῖνα
3606 3866 3705 3934 τὴν
3729 3862 3822 3943 ήδο
3835 3888 3849 3900 ·

2181 3952 2297 4023 νῆν,
2329 3942 2468 4020 νδσην
2506 3947 2628 4000 οὐδὲ
2669 3950 2698 4002 ό
2730 3947 2904 4016 γέλως
2946 3945 3042 3998 τοῦ
3071 3947 3276 4016 κόσμου
3311 3947 3525 3999 τούτου.
3552 3946 3616 4023 Εἰ
3644 3943 3703 3996 δὲ
3730 3942 3852 4023 ἀπιτ

2183 4015 2348 4093 στείς,
2370 4015 2602 4082 ἄκουσον
2621 4027 2716 4080 τοῦ
2744 4015 2935 4080 Λουκᾶ
2959 4015 3232 4093 λέγοντος,
3274 4024 3356 4077 ὅτι
3386 4021 3778 4094 μαστιχθέντες
3805 4015 3854 4070 οἱ

2182 4107 2468 4164 ἀπόστολοι
2499 4105 2807 4178 ἀνεχώρουν
2850 4104 2958 4158 ἀπὸ
2991 4102 3286 4176 προσώπου
3303 4101 3398 4155 τοῦ
3430 4099 3714 4172 συνεδρίου
3741 4095 3854 4178 χαίς

2185 4205 2390 4263 ροντες·
2429 4171 2695 4256 καίτοῖγε
2727 4185 2790 4238 οὐ
2811 4171 3048 4263 τοιαύτη
3066 4181 3176 4263 τῶν
3213 4182 3495 4263 μαστίγων
3584 4171 3851 4263 φύσιςσλού

2181 4253 2290 4341 γάρ
2315 4267 2504 4339 ἡδονὴν
2531 4267 2625 4320 καὶ
2639 4253 2706 4335 χα
2717 4266 2833 4336 ράν,
2859 4263 2973 4317 ἀλλ’
2990 4253 3186 4331 ὀδύνην
3212 4262 3306 4315 καὶ
3323 4260 3501 4341 Δπόνον
3523 4253 3850 4341 ἐργάζεσθαι

2183 4330 2392 4404 εἴωθεν.
2437 4330 2577 4400 Ἀλλ’
2601 4330 2773 4416 η”μέν
2812 4342 2920 4396 τῶν
2953 4330 3233 4412 μαστίγων
3266 4338 3428 4408 φύσις
3452 4340 3515 4392 οὐ
3544 4330 3850 4416 τοιαύτηηή

2184 4429 2240 4483 δὲ
2280 4428 2359 4490 είς
2383 4408 2634 4497 Χριστὸν
2651 4408 2834 4485 πίστις
2859 4408 3082 4489 τοιαύτη
3100 4459 3115 4483 ,
3145 4418 3221 4480 ὡς
3249 4418 3345 4497 καὶ
3369 4419 3470 4488 τῆς
3504 4416 3723 4497 φύσεως
3760 4408 3853 4497 αὐ·

2184 4508 2282 4578 τῆς
2313 4487 2812 4575 τῶν’πραγμάτων
2856 4487 3102 4578 κρατεῖν.
3147 4497 3210 4549 Εἰ
3255 4496 3319 4578 δὲΔ
3357 4487 3625 4578 μάστιγες
3663 4487 3852 4578 ἡδονὴν

2184 4565 2369 4641 ἐτἐκον
2399 4584 2486 4638 διά
2512 4565 2638 4638 ’τδξί
2667 4565 2924 4653 Χριστὸν,
2959 4578 3014 4632 τί
3055 4565 3368 4648 θαυμαστὸν
3388 4576 3416 4615 δ
3450 4578 3501 4629 εἰ
3542 4573 3638 4628 καὶ
3669 4570 3738 4653 τὰ
3764 4565 3853 4653 δά·

2186 4683 2330 4738 κρυα
2370 4665 2432 4717 :6
2465 4662 2596 4716 αὐτὸ
2628 4646 2921 4732 ἐργάζεται
2966 4646 3174 4738 διάῗτδν
3223 4655 3416 4738 αὐτόνς
3457 4653 3559 4738 Διά
3600 4646 3850 4738 τοῦτοὶῆν

2188 4725 2378 4814 στενὴν
2423 4743 2519 4795 καὶ
2546 4725 2916 4810 τεθλιμμένην
2959 4735 3219 4789 ἐκάλεσεν
3267 4734 3405 4796 ὁδὸν,
3451 4725 3852 4814 ταύτηνῗπάλιιν

2183 4807 2347 4880 καλεῖ
2370 4826 2465 4879 καὶ
2499 4823 2662 4892 ζυγὸν
2692 4807 2928 4891 χρηστὸν
2969 4819 3065 4872 καὶ
3097 4817 3316 4889 φορτίον
3353 4815 3610 4887 ἐλαφρόν.
3649 4813 3725 4880 Τῇ
3759 4807 3852 4878 μὲν
3917 4863 3919 4865 ,

2187 4911 2295 4983 γάρ
2326 4910 2485 4979 φύσει
2518 4908 2580 4960 :6
2613 4907 2847 4978 πρᾶγμα
2886 4902 3124 4956 τοιοῦτόν
3161 4903 3308 4965 ἐστι,
3345 4903 3412 4971 τῇ
3440 4899 3496 4953 δὲ
3527 4896 3852 4983 τῶν-κατορ-

2188 4969 2424 5049 θούντων
2454 4969 2782 5062 προαιρέσειἶ
2802 4989 2897 5041 καὶ
2922 4989 3043 5050 ταῖς
3073 4985 3254 5038 ἐλπίσι
3280 4969 3411 5046 ταῖς
3432 4978 3698 5062 χρησταῖς
3730 4969 3853 5062 σφό-

2187 5080 2287 5150 δρα
2318 5053 2526 5146 γίνεταί
2556 5053 2776 5142 κοῦφον.
2799 5073 2889 5126 Διὸ
2911 5072 3009 5141 τῆς
3025 5071 3082 5123 εὐ
3091 5068 3338 5141 ρυχώρου
3358 5067 3453 5120 καὶ
3481 5060 3739 5150 πλατείας
3757 5053 3850 5123 τὴν

2192 5149 2384 5236 στενὴν
2412 5154 2507 5218 καὶ
2543 5161 2912 5232 τεθλιμμένην
2948 5158 3086 5229 μετά
3114 5156 3360 5218 πλείονος
3393 5155 3458 5210 ἀν
3487 5149 3705 5236 τις-ἴδοι.
3723 5157 3850 5236 προ·

2191 5223 2392 5318 θυμίάς
2419 5223 3181 5312 ὁδεύοντας-τούςέλομένους
3213 5239 3407 5310 αὐτὴν,
3433 5238 3492 5291 οὐ
3525 5233 3612 5287 διά
3657 5229 3741 5318 τὸ-
3775 5223 3848 5296 μὴ

2191 5308 2492 5395 θλίϐεσθαι,
2525 5327 2660 5382 ἀλλά
2697 5327 2786 5381 διὰ
2813 5327 2874 5379 :6
2917 5308 3028 5378 τῶν
3079 5323 3315 5393 θλίψεων
3343 5308 3652 5391 ἡάνωτέρους
3693 5308 3848 5395 εῖναι,

2190 5417 2285 5470 καὶ
2327 5392 2494 5486 μηδὲν
2521 5414 2752 5485 πάσχειν
2778 5411 2870 5464 ὐπ’
2899 5409 3101 5473 αὐτῶν,
3133 5392 3247 5486 οἷον
3283 5407 3380 5460 καὶ
3411 5405 3537 5466 τούς
3775 5392 3850 5444 εἱ-

2191 5501 2306 5563 κός.
2327 5475 2495 5568 ’Ἔχει
2520 5497 2619 5568 μὲν
2637 5475 2766 5568 ’γὰρ
2787 5492 2995 5564 θλίψεις
3025 5492 3120 5547 καὶ
3161 5482 3319 5553 οὗτος
3348 5491 3378 5543 6
3415 5487 3547 5559 βίος,
3583 5480 3699 5568 ἀλλῖ
3723 5475 3848 5568 ξων

2191 5559 2362 5650 αὐτὰς
2555 5559 2784 5648 τὰς-τοῦ
2818 5559 3000 5655 γάμου
3034 5577 3468 5652 παραϐάλωμεν,
3499 5570 3619 5628 οὐδέ
3653 5559 3852 5632 θλίψεις

2191 5671 2298 5744 χρὴ
2322 5669 2528 5723 καλεῖν.

2260 5820 2284 5876 β
2313 5817 2436 5876 Reg.
2461 5812 2707 5876 μειλίχιον.

2264 5875 2293 5915 δ
2329 5875 2449 5942 Reg.
2465 5875 2521 5925 τί
2545 5875 2789 5944 θαυμάζεις
2800 5913 2812 5926 .
