4016 6154
385 315 482 372 581

383 437 556 492 multo
597 434 784 505 majori
832 443 1067 504 nuptam.
1117 433 1228 488 Non
1277 449 1462 504 parum
1503 445 1679 489 autem
1711 438 1973 516 minorum

384 527 712 598 praestantia}:
733 524 1075 594 voluptatem,
1097 525 1356 595 majorum
1380 527 1735 595 praecellentia
1766 527 1973 583 minuit.

384 619 587 674 Verum
629 618 814 688 ingens
857 618 1013 683 auri,
1061 622 1320 685 vestium,
1369 635 1603 685 mensm,
1650 620 1980 689 aliarumque

384 723 569 763 rerum
605 708 773 776 c0piae
802 709 958 762 luxus
983 749 998 774 ,
1029 709 1264 762 animum
1295 710 1551 764 inescabit
1575 718 1630 764 et
1654 710 1890 766 alliciet?
1919 712 1984 766 Et

383 807 519 869 quot
543 799 796 852 mulieres
821 798 884 852 iis
908 797 1216 867 potiuntur?
1243 800 1668 869 quandoquidem
1695 801 1864 872 major
1888 801 1984 856 ho—

387 890 596 944 minum
637 904 760 959 pars
791 889 844 942 in
889 888 1065 960 inOpia
1092 933 1106 958 ,
1135 891 1388 945 mrumnis
1422 907 1485 946 ac
1514 893 1784 948 laboribus
1813 893 1976 963 degit.

387 984 546 1052 Quod
569 985 614 1039 si
643 984 833 1055 aliquae
861 985 924 1039 iis
955 987 1256 1055 potiuntur,
1289 985 1576 1042 admodum
1598 996 1723 1042 sunt
1750 1002 1930 1056 paucae
1956 1029 1972 1056 ,

391 1085 450 1131 et
479 1090 613 1148 quas
645 1075 800 1131 facile
827 1079 896 1130 sit
933 1091 1252 1143 numerare,
1284 1093 1468 1148 ereque
1498 1080 1624 1148 ipsae
1653 1087 1845 1148 praeter
1887 1080 1984 1135 Dei

391 1166 714 1220 sententiam
740 1165 972 1233 faciunt;
1006 1169 1135 1222 nulli
1164 1170 1303 1224 enim
1334 1170 1410 1224 fas
1441 1171 1598 1225 estin
1623 1171 1687 1225 iis
1711 1170 1945 1225 deliciari
1965 1213 1981 1240 ,

391 1261 540 1331 quod
571 1271 627 1317 et
654 1263 898 1333 superius
938 1263 1286 1319 ostendimus.

463 1353 604 1408 LXI.
645 1355 838 1409 Aurum
876 1372 1044 1425 gerere
1081 1365 1240 1409 metus
1267 1372 1420 1424 quam
1444 1355 1714 1426 voluptatis
1742 1356 1856 1425 plus
1894 1356 1986 1408 ha-

391 1443 604 1498 bere.-—
619 1444 724 1500 Sed
741 1460 838 1514 age
859 1445 1161 1514 disputandi
1188 1447 1380 1500 iterum
1397 1460 1554 1501 causa
1581 1454 1636 1501 et
1660 1445 1755 1499 has
1772 1446 1987 1501 delicias

391 1547 680 1590 concessas
710 1550 988 1604 ponamus,
1019 1551 1194 1605 neque
1213 1545 1302 1590 aut
1324 1535 1638 1607 prophetam
1657 1545 1746 1591 aut
1763 1535 1986 1590 Paulum

391 1625 697 1680 luxuriosas
755 1627 1003 1681 mulieres
1053 1627 1284 1682 odisse:
1335 1642 1592 1696 quorsum
1660 1627 1776 1681 auri
1840 1627 1987 1682 vim?

390 1716 598 1788 Nempe
618 1718 749 1772 nihil
775 1718 876 1772 nisi
903 1719 1100 1772 invidia
1135 1726 1236 1784 est,
1268 1733 1395 1772 cura
1416 1728 1470 1774 et
1496 1728 1669 1774 metus
1699 1717 1842 1773 haud
1865 1719 1987 1774 vul-

392 1809 556 1877 garis.
588 1807 722 1862 Nam
766 1816 821 1863 et
858 1825 922 1864 eo
960 1813 1014 1863 in
1053 1809 1323 1880 capsulam
1353 1809 1596 1879 conjecto
1624 1823 1687 1864 ac
1712 1818 1866 1864 nocte
1902 1809 1988 1878 in-

391 1912 619 1980 gruente
644 1905 791 1958 curis
832 1913 1118 1974 anguntur,
1167 1912 1222 1960 et
1248 1920 1314 1959 eo
1342 1904 1536 1959 induta:
1567 1913 1724 1974 atque
1760 1904 1988 1960 interdiu

394 2008 571 2063 aeque,
611 1995 720 2050 imo
745 1995 906 2050 etiam
944 1997 1135 2066 magis,
1177 1995 1547 2070 sollicitantur.
1591 1996 1803 2050 Etenim
1841 1996 1987 2066 etin

394 2082 603 2139 balneis
629 2093 682 2139 et
707 2085 760 2138 in
784 2085 993 2154 templis
1017 2093 1211 2155 praesto
1241 2095 1364 2140 sunt
1383 2085 1593 2141 femina:
1616 2102 1733 2155 qua:
1758 2085 1811 2139 id
1835 2100 1986 2142 com-

395 2177 567 2246 pilent
594 2194 608 2230 :
636 2193 700 2232 ac
736 2178 870 2233 citra
898 2193 990 2233 eas
1021 2193 1232 2247 quoque
1257 2178 1515 2249 aurigerac
1548 2193 1576 2231 a
1607 2179 1759 2232 turba
1787 2191 1988 2248 pressae

396 2279 454 2324 et
490 2270 736 2340 impulsae
784 2285 886 2326 nec
938 2271 1176 2326 sentiunt
1221 2271 1434 2341 quidem
1487 2271 1602 2324 auri
1638 2270 1739 2324 sibi
1788 2269 1986 2338 aliquid

394 2361 658 2429 elapsum.
712 2361 892 2431 Itaque
945 2362 1126 2416 multa:
1168 2377 1275 2417 non
1315 2362 1430 2418 haec
1465 2362 1657 2424 solum,
1693 2361 1789 2415 sed
1819 2361 1986 2415 multo

393 2451 558 2504 etiam
585 2452 904 2520 pretiosiora
931 2452 1171 2517 monilia,
1203 2460 1258 2506 et
1281 2451 1570 2506 rarissimis
1588 2450 1813 2521 gemmis
1829 2450 1987 2505 ador-

393 2551 545 2608 nata,
571 2543 783 2598 revulsa
808 2558 872 2599 ac
893 2544 1112 2615 delapsa
1141 2543 1505 2614 perdiderunt.

467 2634 633 2688 LXII.
665 2635 836 2689 Aurea
874 2645 1172 2690 ornamenta
1205 2644 1252 2689 et
1286 2639 1464 2708 [arma
1495 2651 1692 2700 nocere,
1731 2645 1778 2690 et
1801 2651 1988 2706 augere

393 2723 790 2796 deformitatem.
816 2756 888 2767 —
911 2727 1024 2797 Age
1049 2741 1178 2782 vero
1216 2741 1390 2796 neque
1419 2725 1508 2782 hic
1549 2735 1723 2782 terror
1761 2727 1850 2793 sit,
1889 2727 1986 2782 sed

394 2820 515 2876 hac
532 2821 691 2878 etiam
709 2837 834 2877 cura
849 2829 1095 2891 exempta
1106 2821 1177 2875 sit
1194 2838 1208 2875 :
1226 2822 1317 2890 qui
1337 2819 1534 2876 refert?
1554 2819 1981 2889 Viditquispiam,

393 2913 588 2983 inquit,
637 2929 702 2968 ac
738 2914 959 2968 miratus
997 2922 1099 2970 est.
1135 2913 1206 2966 At
1241 2927 1350 2967 non
1393 2920 1656 2978 ornatam,
1697 2911 1794 2966 sed
1821 2926 1985 2966 orna-

394 3012 598 3070 menta,
637 3003 783 3058 illam
823 3014 1001 3059 autem
1039 3017 1182 3072 saepe
1217 3003 1303 3057 vel
1340 3001 1410 3056 ob
1437 3017 1501 3057 ea
1529 3001 1841 3058 criminatus
1879 3009 1982 3067 est,

393 3094 551 3162 quasi
579 3103 771 3163 praeter
797 3093 1108 3163 dignitatem
1135 3094 1200 3148 iis
1224 3101 1487 3148 ornatam.
1524 3091 1657 3147 Nam
1685 3093 1732 3147 si
1753 3093 1985 3148 formosa

394 3184 488 3248 sit,
517 3193 720 3257 natura:
756 3184 1209 3253 pulchritudinem
1253 3183 1431 3252 perdit
1462 3200 1475 3236 :
1505 3182 1768 3253 siquidem
1798 3184 1985 3254 ingens

395 3275 490 3330 ille
517 3276 748 3331 mundus
771 3291 888 3331 eam
918 3275 1118 3330 nudam
1141 3290 1402 3346 apparere
1426 3291 1531 3330 non
1559 3276 1837 3344 permittit,
1869 3291 1985 3330 ma-

392 3379 556 3434 gnam
595 3366 712 3434 ejus
741 3377 944 3434 partem
978 3366 1226 3421 auferens
1257 3383 1272 3418 :
1315 3367 1397 3421 sin
1440 3374 1578 3422 tetra
1618 3381 1682 3421 ac
1707 3365 1982 3433 deformis,

396 3455 483 3508 vel
507 3469 580 3518 eo
602 3455 895 3525 turpiorem
923 3471 982 3510 se
1011 3457 1246 3512 exhibet.
1277 3456 1594 3512 Deformitas
1627 3458 1768 3511 enim
1793 3457 1986 3526 ubique

391 3544 511 3600 sola
552 3558 835 3614 apparens,
874 3555 1300 3616 quantacumque
1343 3557 1444 3614 est,
1480 3555 1703 3617 apparet
1730 3555 1933 3602 tantum
1967 3566 1980 3602 :

393 3635 540 3705 quod
568 3637 612 3690 si
635 3651 964 3706 gemmarum
994 3638 1267 3708 splendor,
1307 3647 1400 3695 aut
1433 3641 1653 3697 alterius
1672 3641 1982 3712 cujusquam

354 3793 356 3796 ν
392 3723 636 3780 materia:
657 3724 994 3794 pulchritudo
1009 3727 1370 3795 admoveatur,
1398 3729 1654 3790 foeditatis
1679 3732 1795 3800 plus
1823 3733 1981 3788 etiam

393 3815 685 3869 contrahit.
735 3815 866 3871 Nam
905 3825 959 3872 et
991 3819 1232 3888 corporis
1273 3831 1505 3876 atrorem
1535 3821 1702 3876 multo
1729 3823 1981 3878 atriorem

391 3907 683 3964 imminens
714 3910 1014 3981 margaritae
1046 3911 1248 3977 lumen,
1286 3920 1338 3968 et
1369 3922 1634 3983 tamquam
1672 3917 1724 3968 in
1752 3914 1984 3970 tenebris

393 3996 620 4063 micans,
662 4008 1032 4067 repraesentat,
1075 4009 1130 4056 et
1154 4001 1266 4058 oris
1303 4002 1616 4070 pravitatem
1643 4004 1868 4059 vestium
1897 4004 1982 4060 di-

391 4089 540 4143 versi
562 4089 771 4146 colores
792 4091 947 4160 longe
978 4092 1252 4148 tetriorem
1273 4092 1660 4162 demonstrant,
1685 4096 1776 4166 qui
1807 4097 1983 4153 vultus

391 4178 624 4234 formam
655 4195 686 4233 a
719 4182 1107 4251 spectatoribus
1146 4185 1370 4240 seorsim
1405 4185 1612 4241 censeri
1650 4200 1756 4241 non
1781 4187 1979 4255 sinant,

390 4270 491 4327 sed
507 4285 630 4330 cum
651 4272 747 4329 illo
771 4281 888 4330 arte
914 4275 1138 4344 (ιυωείιο
1163 4276 1462 4346 eximioque
1485 4276 1680 4333 decore
1703 4279 1979 4335 collatam:

392 4363 540 4418 unde
577 4364 656 4429 fit,
707 4373 767 4420 ut
813 4368 983 4437 magis
1024 4370 1265 4439 superari
1303 4369 1564 4424 videatur.
1598 4369 1802 4425 Aurum
1837 4371 1980 4426 enim

390 4452 599 4523 passim
628 4456 864 4512 vestibus
888 4457 1213 4527 inspersum,
1253 4467 1412 4529 atque
1434 4459 1572 4514 varii
1598 4461 1775 4529 operis
1801 4460 1978 4516 diver-

389 4546 527 4601 sitas
556 4548 839 4635 omnisque
861 4549 1096 4621 reliquus
1125 4559 1344 4606 ornatus
1370 4561 1454 4608 est
1473 4552 1626 4622 quasi
1649 4552 1860 4623 quidam
1885 4568 1981 4622 pu-

389 4637 466 4706 gil
488 4637 633 4694 bono
670 4638 856 4694 habitu
880 4655 944 4696 ac
975 4640 1249 4708 robustus,
1286 4642 1378 4712 qui
1408 4643 1657 4698 scabrum
1696 4643 1978 4713 quemdam

391 4735 450 4781 et
484 4735 696 4799 turpem
734 4745 798 4785 ac
833 4731 1120 4801 strigosum
1160 4732 1527 4788 adversarium
1563 4735 1822 4803 repulerit
1860 4752 1876 4790 :
1909 4736 1978 4791 ad

390 4820 640 4876 eumdem
666 4821 884 4878 modum
903 4831 1124 4879 ornatus
1149 4825 1258 4892 ille,
1281 4821 1458 4880 vultus
1483 4826 1770 4896 splendore
1793 4836 1978 4898 erepto

388 4916 554 4979 atque
577 4911 840 4979 detracto,
875 4915 1114 4968 omnium
1144 4914 1199 4968 in
1227 4928 1288 4969 se
1313 4914 1480 4970 oculis
1508 4917 1800 4982 conversis,
1831 4917 1975 4972 illam

391 4999 562 5069 magis
588 5000 903 5070 ridiculum,
933 5017 994 5059 se
1028 5004 1083 5058 in
1114 5004 1300 5073 primis
1326 5005 1721 5075 suspiciendum
1750 5007 1972 5076 praebet.

461 5089 646 5146 LXIII.
692 5092 820 5160 Quis
843 5094 1134 5164 u'rginitatis
1144 5097 1352 5152 mundus
1378 5109 1422 5152 et
1438 5115 1548 5166 qua:
1564 5098 1975 5170 pulchritudo.—

388 5182 462 5236 At
489 5196 596 5237 non
625 5183 886 5252 ejusmodi
911 5193 995 5242 est
1018 5186 1335 5257 virginitatis
1362 5195 1600 5251 ornatus,
1627 5203 1798 5259 neque
1823 5189 1978 5243 indu-

389 5280 498 5324 tam
518 5271 794 5328 defraudat
818 5290 832 5327 :
855 5275 944 5344 qui
973 5291 1072 5331 nec
1090 5277 1382 5346 corporalis
1395 5279 1483 5344 sit,
1501 5277 1596 5333 sed
1623 5281 1785 5336 animi
1813 5291 1970 5338 totus.

387 5358 575 5432 Itaque
589 5377 686 5419 seu
706 5362 962 5421 deformis
985 5367 1076 5434 sit,
1099 5368 1338 5438 protinus
1359 5369 1748 5426 deformitatem
1780 5381 1970 5443 mutat,

386 5452 630 5510 adhibito
649 5455 1053 5526 incomparabili
1080 5469 1273 5516 ornatu
1302 5479 1315 5515 ε
1343 5476 1438 5517 seu
1465 5473 1684 5518 venusta
1706 5474 1760 5519 et
1782 5465 1968 5533 nitida,

387 5542 734 5612 illustriorem
754 5547 947 5604 reddit.
974 5548 1247 5620 Siquidem
1272 5567 1379 5607 non
1415 5567 1640 5624 gemma:
1679 5564 1734 5610 et
1759 5570 1968 5624 aurum,

387 5646 499 5688 non
526 5637 756 5694 vestium
800 5638 977 5706 luxus,
1014 5654 1121 5695 non
1160 5642 1397 5698 colorum
1441 5643 1601 5701 ﬂores
1642 5646 1773 5702 varii
1811 5657 1971 5718 atque

388 5728 841 5798 sumptuosi,_non
861 5728 961 5788 alia
979 5730 1031 5788 id
1049 5746 1214 5802 genus
1229 5748 1315 5791 res
1332 5734 1551 5804 caduca,
1565 5735 1770 5793 animos
1785 5747 1958 5802 ornat.

1720 324 1809 380 DE
1851 325 2310 384 VIRGINITATE.

3561 336 3665 391 582

2087 439 2179 493 sed
2211 455 2395 496 eorum
2427 441 2543 498 loco
2587 444 2806 514 jejunia,
2860 455 3042 503 sancta
3083 449 3374 520 pervigilia,
3423 451 3667 519 comitas,

2087 528 2368 600 modestia,
2403 545 2706 603 paupertas,
2740 533 3016 602 fortitudo,
3050 538 3339 607 humilitas,
3365 542 3668 604 tolerantia.

2086 623 2322 676 omnium
2366 623 2520 690 plane
2548 625 2669 680 vitae
2713 625 2870 696 hujus
2904 643 3083 683 rermn
3116 629 3418 700 despectus.
3452 633 3586 688 Nam
3618 645 3674 689 et

2087 713 2270 768 oculus
2297 715 2346 768 ei
2377 723 2483 770 tam
2509 717 2732 785 pulcher
2753 727 2912 790 atque
2938 720 3144 791 lepidus
3164 732 3262 787 est,
3299 733 3355 778 ut
3380 739 3476 795 pro
3502 724 3674 780 homi-

2087 802 2243 858 nibus
2264 805 2605 876 incorporeas
2634 808 2889 875 Virtutes,
2933 827 3225 883 earumque
3259 815 3543 871 Dominum
3573 816 3668 871 ha-

2086 893 2210 950 beat
2241 905 2532 953 amatorem
2569 916 2583 952 :
2623 909 2728 954 tam
2751 910 3005 972 purgatus
3049 917 3113 958 ac
3140 904 3442 974 perspicax,
3487 916 3546 961 ut
3575 922 3671 976 pro

2087 1000 2350 1058 corporea
2378 989 2747 1059 iucorpoream
2776 993 3224 1060 pulchritudinem
3249 995 3433 1052 videre
3457 997 3626 1066 possit
3657 1015 3671 1050 :

2091 1087 2197 1131 tam
2225 1081 2400 1134 suavis
2419 1095 2484 1135 ac
2509 1097 2750 1149 serenus,
2771 1092 2828 1137 ut
2854 1099 2950 1140 nec
2971 1085 3034 1139 ad
3044 1100 3252 1140 versum
3271 1085 3482 1142 assidue
3507 1087 3674 1143 Iaces-

2089 1177 2267 1225 sentes
2293 1184 2355 1225 ac
2370 1171 2619 1228 molestos
2638 1173 2888 1230 offeretur
2914 1183 2969 1230 et
2994 1175 3249 1246 insurgat,
3281 1176 3376 1231 sed
3400 1191 3492 1232 eos
3513 1177 3673 1232 etiam

2088 1260 2280 1318 blande
2294 1273 2454 1334 atque
2477 1268 2700 1322 comiter
2715 1268 2994 1336 inspectet.
3019 1267 3135 1323 Jam
3154 1284 3280 1323 vero
3305 1284 3365 1324 ea
3391 1278 3474 1324 est
3493 1269 3676 1324 mode-

2089 1355 2210 1422 stia,
2240 1364 2301 1410 ut
2331 1357 2416 1411 vel
2459 1357 2708 1427 impudici
2747 1361 2962 1430 quique,
2998 1362 3044 1416 si
3084 1361 3136 1414 in
3175 1378 3290 1417 eam
3319 1371 3565 1417 accurate
3595 1364 3677 1416 in-

2092 1454 2358 1514 tueantur,
2411 1449 2682 1518 pudeﬁant
2722 1459 2778 1506 et
2805 1451 3122 1507 erubescant
3159 1465 3222 1507 ac
3259 1451 3495 1507 furorem
3520 1467 3674 1508 suum

2089 1540 2384 1594 remittant.
2431 1543 2511 1597 Ac
2553 1543 2699 1597 velut
2753 1543 2943 1598 ancilla
2987 1543 3231 1599 honesta:
3282 1542 3672 1599 matrifamilias

2091 1631 2350 1696 serviens,
2374 1631 2488 1699 ipsa
2511 1647 2724 1702 quoque
2743 1634 2870 1689 velit
2901 1634 3036 1689 nolit
3055 1633 3317 1704 ejusmodi
3335 1635 3403 1688 sit
3421 1643 3671 1704 oportet:

2092 1720 2163 1774 ita
2192 1729 2247 1776 et
2273 1737 2465 1791 corpus
2504 1723 2696 1778 animae
2724 1732 2832 1780 tam
2863 1723 3192 1795 philosophas
3227 1724 3294 1779 ad
3332 1727 3448 1794 ejus
3490 1734 3675 1779 nutum

2091 1826 2277 1867 omnes
2297 1824 2472 1869 matus
2498 1829 2624 1870 suos
2649 1815 2843 1885 dirigat
2875 1824 3109 1886 Oportet.
3139 1814 3271 1869 Nam
3299 1824 3354 1870 et
3381 1815 3588 1881 oculus,
3620 1826 3676 1870 et

2092 1902 2292 1974 lingua,
2320 1913 2376 1960 et
2407 1906 2636 1973 habitus,
2669 1915 2724 1961 et
2751 1907 3041 1977 ingressus,
3068 1915 3123 1961 et
3155 1905 3374 1961 omnino
3401 1907 3579 1960 omnia
3607 1905 3676 1960 ad

2091 1993 2356 2050 internam
2407 1995 2743 2066 disciplinam
2789 1998 3223 2063 conformantur,
3270 1998 3527 2067 quasique
3573 2013 3674 2051 un-

2089 2094 2342 2155 guentum
2359 2089 2673 2158 pretiosum,
2705 2093 3043 2161 quantumvis
3060 2091 3114 2145 in
3131 2105 3226 2145 vas
3248 2091 3528 2157 inclusum,
3550 2105 3678 2146 aere

2092 2177 2374 2247 fragrantia
2397 2194 2491 2235 sua
2513 2187 2782 2250 tamquam
2805 2181 3062 2248 delibuto,
3084 2197 3190 2236 non
3213 2181 3486 2236 intraneos
3500 2181 3674 2236 solum

2089 2277 2144 2324 et
2183 2274 2475 2339 proximos,
2521 2272 2615 2327 sed
2655 2282 2939 2327 extraneos
2972 2274 3133 2328 etiam
3177 2287 3365 2327 omnes
3406 2272 3678 2342 voluptate

2090 2362 2299 2430 replet:
2341 2361 2413 2416 ita
2456 2372 2512 2416 et
2538 2363 2758 2433 virginis
2797 2363 2991 2418 animat
3019 2363 3304 2434 fragrantia
3344 2378 3532 2419 sensus
3573 2364 3676 2418 cir-

2091 2449 2386 2506 cumfluens
2414 2453 2557 2508 intus
2584 2453 2810 2522 positam
2830 2452 3081 2508 virtutem
3105 2452 3367 2517 ostendit,
3417 2461 3470 2507 et
3498 2453 3677 2508 aureis

2091 2542 2367 2598 modestiae
2395 2543 2562 2599 frenis
2612 2544 2858 2599 omnibus
2904 2544 3116 2613 injectis
3149 2558 3317 2613 equos
3358 2543 3594 2613 singulos
3622 2543 3675 2597 in

2091 2647 2298 2690 summa
2325 2636 2683 2692 concinnitate
2713 2642 2893 2692 tuetur
2923 2651 2937 2689 :
2971 2648 3145 2704 neque
3177 2643 3269 2689 aut
3291 2635 3526 2703 linguam
3549 2635 3678 2688 sinit

2090 2726 2350 2781 absonum
2380 2727 2580 2795 aliquid
2615 2736 2671 2782 et
2707 2727 3120 2796 incompositum
3147 2726 3316 2794 effari,
3344 2735 3437 2780 aut
3464 2725 3674 2780 oculum

2092 2816 2182 2870 vel
2210 2815 2550 2886 impudenter
2577 2833 2642 2873 ac
2665 2818 2962 2889 suspiciose
2990 2827 3254 2888 spectare,
3285 2826 3378 2873 aut
3400 2832 3559 2873 aures
3589 2818 3674 2873 in-

2090 2905 2288 2962 decens
2316 2907 2530 2977 aliquod
2568 2923 2785 2962 carmen
2811 2907 3116 2964 admittere.
3155 2908 3293 2976 Quin
3323 2916 3380 2964 et
3399 2908 3595 2978 pedum
3624 2909 3672 2964 ei

2088 3013 2216 3053 cura
2243 3006 2345 3066 est,
2386 3015 2455 3054 ne
2495 2999 2784 3056 dissolutus
2816 3010 2977 3071 atque
3005 3001 3205 3068 mollis,
3240 3001 3334 3056 sed
3376 3001 3600 3071 simplex
3621 3011 3678 3056 et

2089 3090 2423 3147 inaffectatus
2470 3094 2542 3147 sit
2582 3093 2856 3158 incessus;
2919 3093 3171 3162 omnique
3217 3093 3444 3148 vestium
3481 3102 3676 3148 ornatu

2089 3183 2296 3253 abiecto
2332 3185 2537 3239 vultum
2568 3198 2780 3254 quoque
2805 3183 3022 3239 assidue
3065 3192 3266 3250 monet,
3306 3199 3375 3240 ne
3422 3184 3530 3239 risu
3566 3183 3671 3240 dif-

2089 3275 2254 3330 fluat:
2284 3276 2392 3331 imo
2429 3283 2488 3330 ut
2512 3290 2612 3330 nec
2636 3276 2824 3331 leviter
2848 3275 3038 3342 rideat,
3071 3275 3165 3330 sed
3191 3290 3351 3345 grave
3384 3290 3596 3346 semper
3619 3285 3674 3330 et

2089 3375 2362 3422 austerum
2389 3367 2731 3437 supercilium
2759 3373 3127 3436 repraesentet,
3161 3365 3230 3420 ad
3254 3365 3518 3436 lacrymas
3546 3380 3669 3434 per-

2091 3466 2251 3526 petuo
2276 3467 2480 3527 parata,
2507 3459 2575 3513 ad
2602 3461 2767 3514 risum
2797 3471 3108 3528 numquam.

2159 3546 2345 3602 LXIV.
2377 3547 2505 3615 Qua:
2532 3557 2736 3620 propter
2768 3547 3023 3604 Christum
3059 3548 3307 3619 patimur,
3345 3563 3404 3601 ea
3432 3548 3547 3602 licet
3583 3547 3673 3601 tri-

2088 3638 2186 3692 stia
2209 3639 2308 3692 sint
2328 3638 2638 3708 voluptatem
2664 3640 2942 3694 habere.—-
2959 3641 3133 3710 Atque
3159 3639 3246 3695 hic
3269 3653 3390 3694 cum
3409 3638 3670 3708 lacrymas

2085 3728 2261 3794 audis,
2285 3723 2416 3784 nihil
2443 3730 2688 3786 tetricum
2714 3730 2856 3801 ﬁnge
2884 3747 2898 3784 :
2929 3730 3130 3786 habent
3151 3730 3293 3785 enim
3319 3745 3398 3786 ere
3421 3730 3672 3801 lacryma:

2089 3827 2286 3874 tantam
2317 3820 2664 3890 voluptatem,
2699 3831 2952 3891 quantam
2987 3837 3088 3878 nec
3115 3821 3273 3892 hujus
3299 3822 3482 3876 mundi
3507 3822 3668 3876 risus.

2087 3910 2181 3966 Sin
2205 3911 2424 3977 diflidis,
2451 3913 2574 3968 audi
2598 3913 2862 3970 dicentem
2883 3915 3105 3983 Lucam,
3125 3915 3434 3972 verberatos
3456 3923 3670 3985 aposto-

2085 4003 2166 4056 los
2189 4003 2343 4058 laatos
2372 4019 2439 4059 ex
2463 4005 2693 4060 concilio
2725 4007 3039 4062 discessisse
3078 4005 3214 4078 (Act.
3240 4009 3296 4063 5.
3317 4007 3430 4079 40).
3471 4008 3540 4061 At
3562 4022 3668 4063 non

2085 4107 2148 4148 ea
2177 4103 2259 4148 est
2283 4095 2564 4150 verberum
2591 4104 2780 4150 natura
2808 4113 2823 4149 :
2852 4111 2958 4150 non
2980 4097 3121 4151 enim
3144 4096 3463 4164 voluptatem
3492 4111 3557 4152 ac
3581 4096 3669 4151 la:-

2087 4184 2276 4251 titiam,
2318 4184 2415 4240 sed
2443 4186 2658 4241 dolores
2694 4186 3037 4256 laboremque
3073 4185 3264 4240 afferre
3295 4185 3501 4240 solent.-
3527 4185 3669 4240 Sane

2083 4289 2193 4330 non
2227 4289 2290 4329 ea
2315 4286 2402 4330 est
2428 4275 2709 4330 verberum
2746 4283 2955 4340 natura,
3000 4275 3092 4331 sed
3123 4265 3421 4330 Christiana
3447 4275 3577 4330 fides
3605 4291 3671 4331 ea

2083 4372 2188 4432 est,
2218 4376 2276 4420 ut
2295 4365 2394 4434 ipsi
2412 4365 2572 4420 etiam
2593 4380 2772 4420 rerum
2795 4375 3000 4420 naturae
3025 4366 3270 4436 imperet.
3297 4365 3449 4434 Quod
3473 4365 3519 4420 si
3545 4380 3668 4421 ver-

2083 4456 2210 4512 bera
2237 4455 2564 4526 voluptatem
2613 4456 2891 4526 pariebant
2931 4465 3150 4526 propter
3202 4455 3494 4525 Christum,
3542 4456 3670 4525 quid

2082 4549 2276 4604 mirum
2293 4549 2339 4604 si
2360 4557 2416 4604 et
2435 4549 2684 4620 lacrymae
2710 4547 2848 4603 idem
2873 4555 3124 4618 praestent
3147 4556 3361 4618 propter
3383 4546 3670 4603 eumdem?

2082 4639 2262 4709 Itaque
2285 4654 2442 4710 quam
2467 4648 2743 4709 angustam
2768 4646 2822 4694 et
2837 4652 3194 4694 aerumnosam
3212 4640 3350 4692 viam
3371 4637 3524 4702 dixit,
3547 4651 3667 4690 eam

2080 4747 2292 4789 rursum
2315 4742 2369 4787 et
2392 4731 2578 4802 jugum
2617 4746 2786 4788 suave
2825 4740 2880 4787 et
2906 4746 3041 4786 onus
3064 4733 3184 4786 leve
3211 4729 3444 4799 appellat
3484 4745 3498 4780 :
3540 4744 3665 4782 nam

2081 4822 2157 4876 rei
2187 4822 2403 4892 quidem
2432 4822 2546 4876 haec
2582 4831 2769 4877 natura
2803 4830 2905 4889 est,
2947 4821 3043 4876 sed
3071 4820 3246 4875 studio
3274 4827 3433 4888 atque
3457 4832 3552 4886 spe
3575 4832 3666 4872 eo-

2081 4929 2197 4968 rum
2222 4914 2313 4984 qui
2364 4913 2745 4984 perfungautur
2780 4913 3064 4968 admodum
3105 4912 3163 4965 fit
3203 4911 3332 4965 levis
3361 4909 3576 4980 (Matth.
3604 4909 3660 4962 7.

2082 5005 2172 5060 15.
2201 5013 2248 5058 et
2280 5005 2367 5060 II.
2403 5005 2515 5075 '50).
2549 5005 2726 5071 Quare
2768 5004 3060 5059 alacriores
3108 5003 3267 5058 etiam
3309 4999 3525 5066 videas,
3575 5001 3667 5068 qui

2080 5103 2280 5148 arctam
2306 5102 2362 5149 et
2396 5110 2751 5150 aerumnosam
2783 5097 2920 5149 viam
2947 5095 3053 5148 sint
3090 5092 3340 5162 amplexi,
3378 5105 3539 5160 quam
3575 5091 3673 5159 qui

2078 5183 2239 5238 latam
2285 5191 2446 5254 atque
2486 5186 2796 5255 spatiosam,
2847 5184 2948 5239 iter
2975 5182 3188 5247 facere;
3237 5185 3342 5234 non
3378 5179 3522 5249 quod
3558 5195 3669 5233 non

2077 5275 2422 5344 afﬂictentur,
2451 5277 2546 5332 sed
2575 5277 2717 5348 quod
2749 5274 3180 5332 afﬂictationibus
3207 5272 3546 5328 sublimiores
3577 5273 3663 5325 ni-

2075 5368 2151 5424 hil
2179 5370 2247 5425 ab
2276 5371 2341 5425 iis
2384 5369 2644 5441 ejusmodi
2684 5369 2972 5439 patiantur,
3025 5382 3144 5436 qua:
3187 5365 3361 5420 solent
3393 5363 3484 5418 alii
3527 5364 3660 5433 pati.

2075 5459 2249 5516 Habet
2271 5461 2414 5515 enim
2449 5475 2601 5531 reque
2627 5469 2682 5515 et
2709 5461 2823 5514 haec
2851 5459 2954 5513 vita
2983 5455 3372 5523 afllictationes,
3416 5455 3512 5511 sed
3539 5470 3661 5526 quze

2075 5555 2123 5610 si
2149 5569 2271 5610 cum
2300 5554 2408 5610 illis
2441 5555 2768 5610 matrimonii
2789 5553 3148 5619 conferantur,
3182 5567 3253 5608 ne
3288 5551 3664 5608 afflictationes

2075 5647 2289 5717 quidem
2316 5648 2424 5702 sint
2449 5647 2709 5703 dicendte.

2148 5740 2305 5799 LXV.
2355 5739 2574 5797 Labore:
2598 5741 2895 5813 virginitatis
2934 5740 3148 5796 minores
3184 5739 3437 5796 doloribus
3474 5743 3653 5808 partus

2166 5928 2196 5937 με
