4016 6154
382 350 488 406 585

383 465 469 532 qui
497 464 790 536 coniugium
819 467 1141 525 comitantur.
1163 501 1234 512 —
1259 471 1395 540 Quid
1421 474 1585 539 enim,
1612 491 1794 546 quaeso
1815 519 1832 543 ,
1861 476 1966 533 tale

382 571 478 624 per
501 571 712 611 omnem
740 559 900 613 vitam
929 561 1078 632 virgo
1109 563 1355 631 sustinet,
1378 566 1534 635 quale
1559 580 1695 635 pene
1715 565 1768 621 in
1798 582 1966 623 annos

385 647 572 716 conjux
610 649 882 707 doloribus
918 664 1100 724 partus
1133 670 1198 711 ac
1239 656 1484 714 lamentis
1531 659 1802 713 cruciata?
1833 659 1966 714 Nam

383 744 528 792 tanta
559 748 639 794 est
657 740 771 810 ejus
799 744 1064 799 cruciatus
1092 745 1449 814 vehementia,
1484 757 1540 802 ut
1569 762 1734 804 sacra:
1777 749 1964 818 literae,

383 845 504 884 cum
534 833 803 900 exsilium,
836 837 1051 903 famem,
1084 846 1310 907 pestem,
1344 848 1399 895 et
1428 840 1780 896 intolerabilia
1826 843 1966 897 mala

380 922 662 993 designare
685 925 885 991 volunt,
926 942 986 981 ea
1013 930 1192 984 omnia
1219 931 1432 986 dolores
1456 942 1638 1002 partus
1668 934 1964 988 nominent.

383 1011 523 1065 Deus
545 1029 756 1084 quoque
785 1015 835 1069 id
859 1018 1102 1087 supplicii
1134 1035 1196 1076 ac
1219 1020 1603 1076 maledictionis
1626 1024 1740 1078 vice
1760 1024 1967 1077 mulieri

382 1101 653 1171 irrogavit,
687 1121 793 1159 non
834 1122 1040 1176 parere,
1091 1109 1325 1179 inquam,
1357 1111 1451 1165 sed
1489 1113 1566 1166 sic
1596 1127 1806 1182 parere,
1847 1127 1968 1168 cum

386 1198 638 1252 arrtnnnis
692 1207 740 1254 et
794 1199 1108 1254 doloribus:
1151 1201 1279 1256 Cum
1332 1203 1507 1258 dolore
1561 1205 1734 1272 enim,
1777 1206 1965 1275 inquit,

383 1286 550 1354 paries
580 1288 714 1354 ﬁlios
741 1287 890 1361 (Gen.
922 1291 975 1345 5.
1009 1291 1119 1362 16).
1151 1293 1222 1346 At
1250 1294 1398 1362 virgo
1427 1294 1490 1348 iis
1529 1295 1660 1349 diris
1684 1311 1748 1350 ac
1782 1295 1970 1351 dolore

389 1378 653 1433 excelsior
685 1388 768 1437 cst
797 1398 812 1435 :
845 1396 965 1435 nam
993 1383 1082 1452 qui
1121 1384 1252 1455 legis
1277 1384 1420 1440 diras
1453 1389 1761 1458 antiquavit,
1793 1395 1848 1442 et
1872 1386 1969 1442 has

387 1483 490 1520 una
513 1470 671 1523 etiam
694 1472 924 1525 sustulit.

462 1557 644 1613 LXVI.
683 1558 970 1617 Jucundius
1006 1579 1111 1618 esse
1144 1565 1352 1634 pedibus
1394 1567 1469 1618 ire
1498 1581 1647 1634 quam
1677 1567 1826 1622 mulis
1867 1568 1970 1622 cir-

385 1651 632 1704 cumvehi.
662 1680 734 1692 -—
759 1651 864 1707 Sed
897 1653 1054 1709 mulis
1080 1655 1132 1709 in
1176 1657 1289 1711 foro
1317 1657 1642 1712 circumvehi
1677 1658 1969 1727 jucundum

385 1740 620 1797 est.lmo
651 1742 702 1796 id
741 1743 912 1799 inanis
956 1753 1156 1802 tantum
1202 1747 1368 1803 fastus
1407 1758 1488 1803 est
1523 1749 1790 1818 voluptate
1826 1749 1970 1803 onmi

387 1849 576 1889 carens
594 1852 607 1888 :
627 1844 787 1905 atque
802 1844 863 1890 ut
882 1852 981 1892 nec
1003 1839 1234 1893 tenebrae
1249 1854 1404 1908 quam
1423 1841 1532 1905 lux,
1551 1855 1649 1894 nec
1663 1840 1972 1895 conclusum

385 1941 544 1994 quam
575 1926 804 1982 solutum
861 1943 998 1993 esse,
1047 1945 1145 1984 nec
1188 1931 1368 1985 multis
1409 1947 1568 2002 quam
1599 1932 1745 1986 nullo
1791 1946 1969 2002 egere,

385 2019 576 2074 melius
601 2028 683 2074 est
710 2037 722 2073 :
753 2021 831 2076 sic
859 2020 982 2076 huic
1019 2037 1227 2093 quoque
1265 2022 1376 2078 suis
1414 2023 1638 2092 pedibus
1668 2039 1772 2078 non
1803 2022 1970 2078 utenti

386 2109 552 2164 nihilo
592 2109 784 2167 melius
819 2121 921 2166 est.
965 2112 1166 2166 Omitto
1200 2113 1342 2166 enim
1383 2114 1659 2168 molestias
1687 2128 1819 2183 quas
1849 2113 1974 2168 hinc

386 2200 651 2255 sustinere
675 2209 760 2254 est
794 2215 1034 2256 necesse.
1069 2201 1201 2256 Nam
1243 2216 1342 2256 nec
1376 2217 1497 2256 cum
1544 2203 1676 2268 vult,
1722 2203 1773 2257 ei
1814 2202 1975 2257 domo

387 2292 603 2362 prodire
628 2292 772 2358 licet,
796 2291 891 2346 sed
906 2291 1217 2362 plerumque
1238 2309 1357 2347 cum
1382 2302 1440 2346 ut
1455 2292 1579 2347 inde
1599 2301 1761 2348 exeat
1785 2307 1975 2362 magna

388 2383 565 2453 aliqua
593 2382 790 2437 utilitas
815 2381 1088 2452 elllagitat,
1117 2382 1259 2438 domi
1289 2399 1504 2438 manere
1544 2384 1770 2454 cogitur,
1803 2383 1973 2451 velut,

389 2472 619 2528 mendici
648 2472 738 2542 qui
771 2473 990 2542 pedibus
1012 2473 1181 2527 mutili
1205 2488 1309 2527 non
1334 2473 1533 2528 habent
1557 2489 1662 2543 quo
1685 2473 1972 2529 vehantur.

389 2565 541 2634 Quod
584 2565 626 2620 si
658 2567 739 2619 vir
780 2565 955 2620 mulos
1000 2564 1089 2618 alii
1130 2567 1248 2619 usui
1299 2564 1660 2631 mandaverit,
1711 2565 1973 2631 simultas,

389 2658 680 2720 contentio,
713 2657 955 2726 pertinax
997 2656 1264 2711 silentium
1293 2672 1307 2709 :
1339 2655 1420 2710 sin
1463 2657 1573 2725 ipsa
1609 2655 1770 2710 luturi
1797 2656 1975 2726 ignara

390 2746 533 2801 idem
572 2745 778 2814 fecerit,
821 2747 1020 2800 omisso
1050 2745 1186 2812 viro,
1228 2746 1284 2799 in
1309 2760 1368 2800 se
1392 2745 1524 2799 iram
1550 2745 1728 2812 vertit,
1767 2744 1977 2800 assidue

391 2854 455 2894 ea
482 2854 540 2893 se
579 2839 769 2907 injuria
803 2853 1146 2894 consumens.
1173 2839 1238 2893 Et
1265 2845 1462 2908 quanto
1491 2837 1655 2891 satius
1683 2845 1798 2892 erat
1828 2835 1979 2905 pedi-

392 2928 495 2984 bus
524 2938 757 2983 utentem
780 2928 926 3002 (nam
947 2943 1008 2984 ea
1029 2943 1189 2983 causa
1215 2929 1369 2984 nobis
1402 2943 1497 2983 eos
1525 2928 1663 2982 Deus
1691 2926 1980 2982 fabricatus

393 3018 498 3090 est)
528 3019 658 3073 nihil
687 3017 875 3073 horum
898 3018 1161 3074 malorum
1189 3018 1388 3085 subire,
1413 3033 1572 3088 quam
1601 3017 1826 3072 mollitie
1857 3017 1975 3081 hac,

393 3109 450 3164 in
487 3118 686 3165 tantam
721 3109 949 3165 miseria:
975 3124 1038 3165 ac
1063 3110 1308 3165 maeroris
1335 3110 1708 3165 necessitatem
1736 3123 1797 3164 se
1827 3108 1980 3163 indu—

395 3202 554 3257 cere?
582 3200 763 3272 Neque
792 3204 933 3256 enim
961 3205 1041 3256 hae
1061 3201 1190 3256 solae
1209 3216 1382 3256 causa:
1411 3216 1502 3256 eas
1521 3197 1670 3257 domi
1687 3199 1978 3266 continent;

396 3291 493 3346 sed
521 3306 614 3346 seu
641 3301 885 3363 uterque,
914 3309 1009 3347 seu
1043 3294 1183 3348 alter
1209 3291 1345 3347 forte
1369 3293 1546 3347 mulus
1569 3291 1792 3361 pedibus
1813 3291 1978 3359 dolet,

401 3386 543 3440 idem
573 3386 830 3456 contingit
862 3403 875 3439 :
916 3394 972 3440 et
999 3401 1120 3440 cum
1151 3385 1202 3439 in
1231 3399 1420 3454 pascua
1441 3384 1771 3438 dimittuntur
1796 3382 1984 3453 (litau-

400 3487 508 3534 tem
540 3476 594 3531 id
617 3477 922 3547 quotannis,
952 3485 1111 3547 atque
1140 3475 1192 3529 in
1217 3475 1414 3529 multos
1439 3473 1598 3545 dies),
1624 3489 1834 3529 rursum
1858 3482 1982 3527 tam-

399 3584 559 3639 quam
588 3569 780 3623 vinctze
804 3568 948 3623 domi
974 3568 1294 3623 manendum
1315 3574 1416 3631 est,
1439 3576 1489 3621 et
1507 3581 1607 3621 nec
1633 3566 1844 3637 negotio
1867 3567 1983 3636 qui-

401 3661 524 3714 dem
553 3659 856 3714 necessario
879 3667 1101 3712 vocante
1126 3657 1329 3714 aedibus
1351 3657 1737 3727 prodeundum.
1768 3657 1920 3726 Quod
1940 3659 1984 3714 si

400 3751 519 3820 quis
543 3749 702 3814 dicat,
727 3765 843 3804 eam
873 3764 904 3802 a
931 3749 1269 3803 salutantium
1313 3748 1468 3804 turba
1511 3749 1811 3818 expeditam
1842 3763 1982 3814 esse,

403 3855 510 3894 non
558 3847 796 3894 coactam
833 3847 1082 3894 notorum
1111 3838 1278 3893 oculis
1308 3847 1491 3908 patere
1531 3853 1595 3893 ac
1621 3837 1907 3907 .pudetieri,
1941 3839 1986 3894 is

404 3931 558 3986 valde
597 3931 841 4001 ignorare
890 3929 1019 3984 mihi
1065 3929 1294 3998 videtur,
1338 3945 1455 4000 qua:
1498 3929 1740 3984 muliebri
1781 3937 1988 3983 natura!

405 4021 662 4092 pudorem
695 4030 750 4076 et
769 4021 1005 4077 adimant
1046 4029 1100 4075 et
1123 4019 1348 4075 all‘erant
1377 4036 1391 4073 :
1435 4020 1694 4090 siquidem
1733 4034 1838 4074 non
1858 4033 1988 4075 con-

402 4112 536 4183 spici
564 4122 666 4168 aut
701 4112 865 4167 latere
899 4111 951 4166 id
979 4111 1168 4179 efﬁcit,
1209 4111 1305 4167 sed
1346 4111 1474 4166 illud
1519 4111 1804 4181 petulantia
1847 4111 1990 4166 intus

407 4207 641 4261 animum
673 4204 968 4275 possidens,
1011 4202 1123 4259 hoc
1167 4203 1424 4258 modestia
1453 4212 1610 4272 atque
1650 4202 1986 4257 verecundia.

407 4298 589 4368 Itaque
615 4299 794 4352 multa:
823 4313 884 4352 ea
913 4297 1148 4352 custodia
1172 4297 1378 4363 solutae,
1411 4311 1474 4352 ac
1502 4312 1599 4366 per
1624 4296 1850 4351 mediam
1879 4305 1991 4351 tur-

413 4390 534 4442 bam
562 4389 614 4442 in
655 4388 773 4442 foro
811 4387 1134 4457 gradientes,
1167 4403 1270 4442 non
1297 4388 1467 4442 solum
1499 4387 1551 4440 in
1577 4401 1636 4442 se
1659 4395 1995 4442 accusatores

413 4494 519 4533 non
546 4477 900 4542 concitarunt,
931 4477 1024 4532 sed
1059 4478 1254 4533 multos
1280 4478 1436 4532 etiam
1463 4477 1738 4532 modestiae
1767 4476 1996 4531 admira-

416 4579 560 4624 tores
614 4569 923 4626 babuerunt
961 4587 972 4621 :
1033 4583 1151 4636 quae
1189 4579 1243 4622 et
1267 4567 1446 4622 habitu
1466 4577 1528 4621 et
1553 4568 1793 4636 ingressu
1820 4576 1876 4621 et
1900 4582 1995 4622 ve-

415 4659 575 4712 stium
615 4657 858 4727 neglectu
891 4656 1216 4711 luculentum
1245 4665 1510 4726 tamquam
1541 4657 1746 4710 radium
1772 4656 1998 4712 inter-me

417 4750 696 4821 probitatis
719 4749 1024 4804 emitterent
1051 4764 1064 4800 :
1091 4764 1190 4803 nec
1217 4764 1397 4817 paucae
1422 4749 1563 4803 intus
1590 4748 1890 4804 desidentes
1924 4750 1995 4804 si-

417 4841 640 4894 nistram
691 4839 791 4892 sibi
838 4839 1142 4907 Opinionem
1198 4845 1594 4892 contraxerunt.
1637 4838 1818 4893 Potest
1855 4839 1996 4893 enim

417 4950 538 5002 quae
560 4933 806 4988 conclusa
849 4932 936 4994 sit,
983 4930 1141 4984 etiam
1171 4930 1336 4998 magis
1369 4944 1526 5000 quam
1571 4945 1688 4999 quae
1717 4929 1995 5000 prodeant,

420 5026 719 5080 volentibus
748 5023 959 5094 egregie
990 5023 1310 5092 petulantem
1337 5036 1395 5076 se
1429 5032 1483 5076 et
1519 5021 2000 5091 impudentem‘ex-

423 5118 625 5173 bibere.

495 5207 703 5263 LXVII.
745 5206 1018 5261 Molestum
1062 5221 1166 5260 esse
1193 5205 1374 5260 multa:
1419 5205 1634 5275 famulas
1684 5205 1881 5259 habere.
1925 5233 1996 5244 —

429 5301 536 5360 Sed
563 5301 740 5356 forsan
764 5300 1073 5355 ancillarum
1093 5315 1221 5370 grex
1243 5299 1507 5368 jucundus
1531 5310 1630 5354 est.
1656 5298 1764 5353 Ilac
1789 5298 2001 5368 quidem

429 5393 702 5462 voluptate
728 5392 859 5447 nihil
890 5391 1063 5462 pejus,
1089 5401 1289 5446 tantum
1312 5391 1471 5447 habet
1494 5406 1774 5447 curarum:
1803 5404 1924 5443 nam
1951 5398 2006 5443 et

427 5482 744 5553 aegritudine
783 5482 1040 5553 cujusque
1076 5491 1130 5537 et
1151 5491 1322 5537 morte
1353 5482 1552 5537 turbari
1579 5491 1737 5550 atque
1776 5479 1898 5549 angi
1924 5488 2006 5532 est

429 5589 670 5631 necesse.
697 5575 774 5629 Ac
802 5585 923 5630 sunt
953 5575 1068 5631 haec
1110 5574 1245 5630 forte
1290 5573 1600 5638 tolerabilia,
1646 5587 1852 5626 necnon
1889 5585 2005 5639 quae

433 5667 519 5724 his
542 5667 699 5723 etiam
718 5669 956 5738 graviora
977 5676 1118 5733 sunt,
1141 5665 1377 5738 quotidie
1399 5666 1540 5720 curis
1563 5663 1811 5729 distendi,
1835 5663 2008 5731 segni-

437 5761 562 5816 tiem
601 5760 924 5834 castigando,
971 5759 1254 5828 nequitiam
1289 5755 1540 5820 tollendo,
1578 5755 1718 5808 rixas
1753 5751 2027 5817 sedando,‘

1102 353 1159 408 S.
1198 350 1474 410 JOANNIS
1510 356 1985 420 CIIRYSOSTOMl
2019 359 2334 420 ARCIIIEP.
2375 364 2910 424 CONSTANTINOP.

3569 381 3667 441 584

2075 492 2395 551 omnemque
2420 481 2674 552 reliquam
2697 484 3035 539 vitiositatem
3065 487 3414 557 corrigendo:
3441 497 3496 544 at
3526 491 3655 562 illud

2073 581 2218 628 certe
2247 573 2482 627 omnium
2506 576 2875 644 gravissimum
2907 585 3006 642 est,
3033 579 3174 648 quod
3194 578 3405 648 quidem
3433 582 3515 636 vel
3540 597 3655 636 ma-

2072 663 2215 717 xime
2244 664 2297 718 in
2323 664 2584 734 ejusmodi
2626 665 2869 723 famulitii
2914 669 3064 739 copia
3108 672 3322 725 evenire
3347 672 3503 740 solet,
3532 674 3577 728 si
3604 675 3654 728 in

2073 769 2139 809 eo
2166 770 2325 825 grege
2365 757 2536 827 aliqua
2589 769 2808 815 venusta
2853 761 2953 816 sit:
2986 762 3039 816 id
3079 764 3221 817 enim
3249 765 3470 820 omnino
3508 766 3562 821 in
3592 782 3655 822 ea

2072 846 2408 902 multitudine
2437 848 2677 905 accidere
2703 865 2923 907 necesse
2959 860 3061 918 est,
3107 851 3356 908 divitibus
3381 869 3485 908 non
3514 856 3656 910 mul-

2074 943 2156 988 tas
2182 936 2373 1002 solum,
2405 938 2499 992 sed
2523 940 2682 993 etiam
2709 956 2858 1011 aeque
2884 943 3140 997 formosas
3165 944 3401 999 studiose
3421 947 3657 1016 paranti-

2073 1023 2191 1079 bus.
2238 1025 2418 1096 ltaque
2446 1029 2490 1082 si
2521 1029 2659 1084 inter
2682 1046 2776 1086 eas
2805 1033 2908 1086 ulla
2935 1041 3193 1102 praestans
3220 1034 3307 1100 sit,
3352 1051 3444 1090 seu
3475 1051 3659 1091 amore

2076 1119 2155 1171 sui
2203 1118 2389 1173 herum
2421 1122 2613 1190 capiat,
2645 1137 2737 1177 seu
2768 1123 2898 1177 nihil
2938 1125 3157 1180 ulterius
3185 1127 3384 1195 possit,
3413 1142 3570 1196 quam
3601 1134 3659 1182 ut

2074 1212 2412 1268 admirationi
2453 1215 2542 1279 sit,
2573 1215 2698 1270 hera
2727 1231 2877 1286 teque
2905 1217 3123 1283 dolebit,
3155 1217 3293 1286 quod
3319 1218 3384 1272 ab
3409 1233 3470 1273 ea
3493 1233 3656 1288 supe-

2074 1311 2242 1370 retur,
2269 1304 2313 1358 si
2357 1319 2460 1358 non
2487 1319 2688 1372 arnore,
2719 1316 2769 1360 at
2796 1308 3035 1377 corporis
3073 1317 3347 1362 venustate
3375 1317 3537 1378 atque
3560 1309 3658 1365 ad-

2075 1395 2373 1450 miratione.
2407 1398 2583 1463 Quare
2606 1399 2648 1452 si
2679 1397 2730 1452 in
2762 1398 2826 1453 iis
2862 1416 2981 1469 qua:
3024 1401 3163 1468 apud
3207 1416 3302 1456 eos
3343 1402 3566 1456 illustria
3593 1418 3657 1458 ac

2075 1485 2327 1552 praeclara
2359 1485 2672 1553 habeantur,
2707 1497 2908 1542 tantum
2949 1490 3085 1544 inest
3123 1505 3498 1558 aerumnarum,
3530 1492 3656 1562 quid

2074 1575 2140 1628 de
2161 1575 2367 1630 acerbis
2387 1576 2668 1630 dicendum
2689 1577 2711 1630 ?

2147 1664 2375 1720 LXVIII.
2413 1665 2494 1720 De
2514 1669 2878 1736 tranquillitate
2904 1685 3016 1739 quae
3040 1669 3311 1740 virginitati
3330 1671 3475 1726 inest.
3497 1700 3570 1710 —
3589 1671 3656 1726 At

2077 1773 2184 1812 non
2209 1757 2356 1828 virgo
2404 1758 2592 1813 horum
2623 1759 2910 1829 quidquam
2956 1762 3172 1830 patitur,
3202 1762 3327 1831 quin
3353 1770 3407 1816 et
3431 1761 3656 1816 domun-

2077 1848 2195 1903 cula
2227 1848 2396 1902 turbis
2425 1849 2589 1904 libera
2634 1858 2736 1917 est,
2777 1860 2830 1905 et
2872 1851 3074 1906 clamor
3114 1852 3287 1906 omnis
3311 1852 3654 1922 proﬂigatus:

2077 1941 2334 2010 quasique
2362 1941 2414 1995 in
2445 1943 2724 2011 tranquillo
2763 1943 2991 2013 quodam
3022 1954 3175 2014 portu
3214 1945 3390 1999 omnia
3417 1946 3556 1999 intus
3586 1945 3657 1998 si-

2080 2029 2300 2084 lentium
2328 2030 2586 2101 possidet,
2609 2040 2663 2086 et
2691 2033 2771 2087 vel
2801 2034 3014 2088 silentio
3051 2033 3221 2103 major
3246 2035 3478 2088 animum
3507 2047 3658 2088 sere-

2078 2119 2236 2186 nitas,
2265 2121 2461 2191 quippe
2490 2121 2620 2176 nihil
2645 2121 2932 2177 humanum
2963 2132 3296 2189 tractantem,
3327 2123 3420 2178 sed
3447 2123 3660 2178 assidue

2077 2225 2198 2266 cum
2231 2212 2339 2267 Deo
2367 2213 2777 2282 colloquentem,
2809 2222 2967 2282 atque
2997 2214 3048 2266 in
3089 2228 3209 2268 cum
3257 2215 3358 2268 lixe
3397 2221 3659 2267 contuen-

2082 2311 2208 2356 tem.
2244 2301 2307 2355 Et
2333 2303 2452 2370 quis
2491 2317 2609 2356 eam
2653 2302 2976 2370 voluptatem
3022 2301 3303 2357 metiatur?
3344 2317 3462 2372 qua:
3488 2303 3660 2357 oratio

2081 2393 2276 2447 mentis
2319 2393 2397 2446 sic
2437 2391 2638 2447 all‘ectre
2685 2392 2917 2446 laetitiam
2965 2393 3346 2462 repraesentet?
3392 2392 3652 2462 Equidem

2081 2482 2248 2546 nulla,
2298 2481 2390 2536 sed
2427 2483 2460 2535 ii
2491 2482 2586 2536 soli
2623 2482 2709 2552 qui
2740 2483 2792 2534 in
2824 2482 2932 2536 Deo
2978 2482 3194 2536 delicias
3235 2490 3434 2550 ponant
3477 2497 3660 2536 earum

2083 2572 2500 2643 magnitudinem
2528 2573 2720 2637 sciunt,
2764 2580 2818 2626 et
2843 2581 3038 2642 quanto
3064 2587 3274 2626 omnem
3300 2573 3660 2642 comparatio-

2082 2679 2204 2737 nem
2244 2665 2459 2719 vincant
2485 2673 2794 2734 agnoscunt.
2830 2665 2897 2718 At
2942 2665 3129 2734 ingens
3159 2665 3362 2733 argenti
3395 2665 3475 2718 vis
3501 2663 3662 2718 undi-

2081 2770 2185 2825 que
2225 2755 2506 2823 conspicua
2534 2754 2684 2808 valde
2711 2753 2893 2807 oculos
2920 2753 3170 2819 oblectat,
3213 2763 3266 2807 et
3306 2761 3502 2823 quanto
3526 2768 3664 2822 pra:-

2082 2845 2273 2899 clarius
2309 2853 2389 2899 est
2419 2845 2469 2897 in
2498 2841 2690 2900 caelum
2720 2841 3016 2911 suspicere,
3064 2849 3222 2910 atque
3253 2842 3372 2896 inde
3403 2844 3660 2911 majorem

2084 2934 2238 3004 longe
2266 2934 2586 3002 voluptatem
2611 2931 2833 2997 capere?
2877 2930 3010 2985 Nam
3041 2939 3238 3001 quanto
3262 2947 3448 2986 aurum
3474 2940 3664 2986 stanno

2083 3031 2138 3077 et
2180 3019 2411 3091 plumbo,
2465 3029 2613 3075 tanto
2652 3019 2841 3075 caelum
2884 3035 3035 3085 auro,
3077 3030 3296 3090 argento
3322 3030 3478 3090 atque
3516 3022 3660 3075 onmi

2085 3115 2305 3168 materia
2337 3112 2590 3167 illustrius
2617 3125 2680 3165 ac
2701 3110 3028 3179 splendidius
3053 3122 3132 3165 est
3154 3129 3168 3165 :
3187 3112 3312 3178 quin
3333 3109 3662 3179 contempla-

2089 3205 2160 3258 tio
2191 3204 2305 3258 hmc
2332 3204 2475 3257 curis
2501 3216 2666 3256 vacua
2685 3209 2788 3266 est,
2818 3201 2905 3255 illa
2935 3201 3216 3255 admodum
3247 3202 3490 3267 sollicita,
3521 3201 3660 3270 quod

2085 3296 2298 3366 quidem
2330 3295 2414 3347 vel
2442 3294 2669 3347 maxime
2697 3293 3176 3362 concupiscentiam
3204 3291 3436 3346 cohibet.
3467 3293 3534 3346 At
3554 3307 3660 3347 non

2086 3388 2167 3442 vis
2187 3387 2239 3441 in
2265 3384 2454 3441 cadum
2481 3383 2760 3455 spectare?
2787 3383 2910 3437 licet
2935 3383 3231 3452 depositum
3258 3383 3309 3436 in
3333 3382 3449 3436 l‘oro
3477 3397 3666 3451 argen-

2089 3487 2198 3534 tum
2228 3491 2470 3533 cernere.
2513 3475 2593 3529 Ad
2635 3474 2984 3528 verecundiam
3026 3484 3240 3527 vestram
3291 3473 3403 3527 dico
3437 3473 3511 3542 (l.
3544 3471 3662 3526 Cor.

2089 3570 2143 3624 6.
2171 3567 2250 3640 5),
2280 3577 2337 3623 ut
2360 3581 2481 3622 cum
2518 3565 2676 3620 beato
2703 3565 2864 3619 Paulo
2895 3565 3110 3634 loquar:
3142 3565 3388 3632 quoniam
3418 3563 3666 3632 pecunia-

2089 3675 2206 3714 rum
2235 3673 2417 3713 amore
2445 3667 2552 3711 tam
2581 3657 2710 3712 estis
2737 3655 2953 3724 stupidi.
2993 3656 3166 3724 Atque
3205 3655 3292 3708 hic
3319 3654 3444 3723 quid
3486 3652 3661 3708 dicam

2090 3751 2288 3804 nescio.
2319 3748 2486 3802 Valde
2511 3747 2652 3803 enim
2682 3761 2770 3801 me
2805 3745 3084 3814 scrupulus
3125 3744 3337 3814 quidam
3368 3743 3662 3812 suspendit,

2091 3855 2191 3894 nec
2233 3837 2408 3903 video,
2453 3853 2549 3892 cur
2576 3852 2734 3891 omne
2762 3850 2898 3904 pene
2928 3835 3198 3890 hominum
3227 3848 3413 3902 genus,
3441 3848 3561 3886 cum
3591 3832 3668 3885 la-

2092 3931 2196 3985 cile
2238 3945 2302 3984 ac
2337 3929 2570 3999 jucunde
2610 3928 2861 3983 oblectari
2893 3927 3069 3993 liceat,
3100 3925 3152 3979 id
3182 3939 3280 3979 nec
3306 3925 3358 3977 in
3401 3924 3669 3992 voluptate

2094 4021 2308 4093 quidem
2344 4029 2572 4090 ponant;
2623 4020 2675 4074 in
2719 4017 3095 4082 sollicitudine,
3141 4016 3484 4071 distractione
3512 4023 3670 4084 atque

2095 4113 2238 4168 curis
2263 4113 2594 4182 potissimum
2641 4110 2924 4180 gaudeant.
2955 4108 3084 4162 Nam
3129 4122 3224 4162 cur
3265 4122 3370 4160 non
3399 4120 3492 4160 eos
3520 4119 3672 4174 reque

2097 4203 2395 4273 depositum
2428 4202 2480 4256 in
2507 4200 2622 4254 foro
2651 4208 2925 4268 argentum
2955 4194 3026 4252 ac'
3041 4197 3392 4252 domesticum
3419 4195 3669 4258 oblectat,

2097 4293 2238 4365 quod
2263 4291 2474 4363 quidem
2496 4298 2550 4345 et
2568 4289 2840 4360 probatius
2867 4289 2957 4353 sit,
2980 4297 3034 4342 et
3057 4292 3289 4342 animum
3312 4299 3508 4356 angore
3527 4285 3670 4340 omni

2099 4387 2323 4441 liberum
2347 4382 2612 4438 dimittat?
2655 4381 2936 4447 Quoniam,
2969 4380 3159 4448 inquit,
3206 4377 3333 4431 illud
3361 4391 3535 4430 meum
3567 4389 3671 4429 non

2101 4485 2202 4542 est,
2235 4475 2337 4529 hoc
2363 4489 2537 4528 meum
2577 4481 2679 4526 est.
2724 4470 2956 4525 Avaritia
3002 4469 3161 4538 igitur
3188 4465 3415 4536 jucunda
3441 4473 3540 4528 est,
3569 4476 3674 4516 non

2106 4568 2309 4637 argenti
2339 4573 2558 4620 natura:
2585 4562 2726 4634 quod
2755 4561 2800 4618 si
2827 4569 2988 4628 esset,
3019 4559 3141 4614 inde
3161 4559 3319 4614 etiam
3351 4571 3500 4625 atque
3527 4555 3675 4609 oblc-

2103 4659 2233 4714 ctari
2261 4656 2557 4727 oportebat.
2589 4655 2680 4708 Sin
2707 4653 2872 4718 dicas,
2905 4667 3029 4706 usus
3054 4651 3243 4721 gratia,
3273 4648 3440 4703 multo
3463 4653 3678 4716 praestat

2102 4751 2332 4804 vitrum:
2363 4756 2522 4816 atque
2551 4745 2601 4799 id
2631 4744 2821 4799 divites
2863 4742 2962 4812 ipsi
3009 4741 3344 4802 conﬁrmant,
3389 4739 3480 4806 qui
3518 4750 3584 4790 ex
3613 4749 3676 4788 ea

2105 4838 2325 4894 materia
2370 4837 2555 4906 pocula
2598 4845 2657 4889 ut
2701 4835 2986 4903 plurimum
3038 4841 3245 4899 parant.
3276 4826 3429 4896 Quod
3466 4825 3511 4880 si
3543 4825 3680 4878 fastu

2105 4928 2333 4999 quodam
2361 4929 2517 4980 etiam
2545 4940 2611 4979 ex
2656 4931 2875 4992 argento
2924 4920 3168 4975 fabricari
3212 4926 3486 4986 cogantur,
3533 4915 3682 4984 prius

2105 5019 2244 5072 vitro
2287 5016 2512 5070 interius
2547 5014 2834 5068 constituto
2873 5013 2945 5065 ita
2974 5018 3193 5079 argento
3239 5007 3472 5062 exterius
3509 5004 3686 5059 obitu--

2107 5121 2251 5173 cunt,
2283 5105 2624 5160 ostendentes
2663 5103 2790 5158 illud
2817 5101 2882 5156 ad
2913 5110 3093 5170 potum
3124 5098 3338 5152 suavius
3365 5105 3418 5151 et
3443 5107 3684 5150 commo-

2109 5202 2226 5255 dius
2246 5214 2381 5262 esse,
2412 5196 2514 5250 hoc
2538 5195 2604 5248 ad
2636 5193 2828 5248 fastum
2854 5193 3026 5246 solum
3047 5199 3104 5244 et
3132 5190 3343 5242 inanem
3366 5184 3680 5240 ostentatio-

2115 5308 2256 5347 nem.
2285 5289 2420 5357 Quid
2447 5296 2527 5341 est
2548 5295 2724 5340 autem
2753 5284 2872 5350 hoc,
2905 5282 3078 5336 Meum
3110 5289 3164 5335 et
3190 5294 3296 5333 non
3326 5272 3683 5332 meum?Nam

2110 5384 2356 5454 equidem
2386 5395 2505 5435 cum
2556 5378 2717 5433 verba
2763 5376 2877 5430 haec
2903 5373 3199 5427 accuratius
3239 5368 3504 5438 expende,
3528 5379 3688 5420 voces

2111 5486 2311 5530 tantum
2335 5487 2452 5527 esse
2473 5470 2599 5524 mihi
2627 5468 2886 5522 videntur.
2917 5464 3063 5519 Multi
3085 5461 3226 5518 enim
3246 5459 3375 5516 illud
3397 5457 3689 5513 dominium

2112 5583 2267 5622 suum
2289 5564 2553 5633 refugiens
2573 5576 2672 5615 nec
2696 5560 2803 5613 vivi
2830 5558 3058 5612 retinere
3079 5559 3394 5624 potuerunt;
3421 5558 3474 5604 et
3493 5548 3687 5618 quibus

2113 5658 2178 5712 ad
2207 5656 2364 5710 linem
2393 5667 2562 5721 usque
2586 5661 2894 5718 permansn.
2924 5646 2960 5702 ft
2980 5652 3220 5701 volentes
3243 5643 3488 5696 uolentes
3509 5639 3693 5692 mortis

2118 5760 2352 5818 tempore
2381 5747 2495 5814 ejus
2519 5751 2778 5815 potestate
2804 5739 3134 5797 exciderunt.
3168 5735 3277 5792 Nec
3301 5732 3474 5787 solum
3520 5731 3572 5785 in
3606 5746 3686 5784 ar-
