  <div class='ocr_page' id='page_1' title='image "/cluster/home/n/w/nwhite01/storage/ocr_20150623/48/mdp.39015032114640/065.png"; bbox 0 0 4016 6154; ppageno 0'>
   <div class='ocr_carea' id='block_1_1' title="bbox 332 324 430 378">
    <p class='ocr_par' dir='ltr' id='par_1_1' title="bbox 332 324 430 378">
     <span class='ocr_line' id='line_1_1' title="bbox 332 324 430 378; baseline 0.01 -2"><span class='ocrx_word' id='word_1_1' title='bbox 332 324 430 378; x_wconf 73' lang='grc'>585</span> 
     </span>
    </p>
   </div>
   <div class='ocr_carea' id='block_1_2' title="bbox 332 437 2001 513">
    <p class='ocr_par' dir='ltr' id='par_1_2' title="bbox 332 437 2001 513">
     <span class='ocr_line' id='line_1_2' title="bbox 332 437 2001 513; baseline 0.005 -23"><span class='ocrx_word' id='word_1_2' title='bbox 332 437 712 510; x_wconf 67' lang='grc' dir='ltr'>λουτρῶν,“καὶ</span> <span class='ocrx_word' id='word_1_3' title='bbox 757 439 850 493; x_wconf 79' lang='grc' dir='ltr'>ἐπὶ</span> <span class='ocrx_word' id='word_1_4' title='bbox 877 439 986 494; x_wconf 92' lang='grc' dir='ltr'>τῶν</span> <span class='ocrx_word' id='word_1_5' title='bbox 1015 442 1378 513; x_wconf 80' lang='grc' dir='ltr'>παραδείσων,</span> <span class='ocrx_word' id='word_1_6' title='bbox 1410 443 1504 497; x_wconf 76' lang='grc' dir='ltr'>καὶ</span> <span class='ocrx_word' id='word_1_7' title='bbox 1551 446 1610 497; x_wconf 90' lang='grc' dir='ltr'>ἐν</span> <span class='ocrx_word' id='word_1_8' title='bbox 1652 445 1778 510; x_wconf 81' lang='grc' dir='ltr'>ταῖς</span> <span class='ocrx_word' id='word_1_9' title='bbox 1799 446 2001 509; x_wconf 92' lang='grc' dir='ltr'>οίκίαις</span> 
     </span>
    </p>
   </div>
   <div class='ocr_carea' id='block_1_3' title="bbox 327 524 1998 605">
    <p class='ocr_par' dir='ltr' id='par_1_3' title="bbox 327 524 1998 605">
     <span class='ocr_line' id='line_1_3' title="bbox 327 524 1998 605; baseline 0.006 -27"><span class='ocrx_word' id='word_1_10' title='bbox 327 524 390 578; x_wconf 78' lang='grc' dir='ltr'>τὸ</span> <span class='ocrx_word' id='word_1_11' title='bbox 423 525 585 597; x_wconf 83' lang='grc' dir='ltr'>Ἐμὸν</span> <span class='ocrx_word' id='word_1_12' title='bbox 621 528 716 581; x_wconf 58' lang='grc' dir='ltr'>καί⁵</span> <span class='ocrx_word' id='word_1_13' title='bbox 756 527 856 582; x_wconf 92' lang='grc' dir='ltr'>οὐκ</span> <span class='ocrx_word' id='word_1_14' title='bbox 886 528 1038 600; x_wconf 79' lang='grc' dir='ltr'>ἐμὸν,</span> <span class='ocrx_word' id='word_1_15' title='bbox 1067 529 1226 584; x_wconf 89' lang='grc' dir='ltr'>τοῦτο</span> <span class='ocrx_word' id='word_1_16' title='bbox 1258 532 1411 602; x_wconf 77' lang='grc' dir='ltr'>ῥῆμα</span> <span class='ocrx_word' id='word_1_17' title='bbox 1441 531 1507 586; x_wconf 75' lang='grc' dir='ltr'>ἄν</span> <span class='ocrx_word' id='word_1_18' title='bbox 1533 550 1621 598; x_wconf 89' lang='grc' dir='ltr'>τις</span> <span class='ocrx_word' id='word_1_19' title='bbox 1677 534 1777 588; x_wconf 75' lang='grc' dir='ltr'>ἴδοι</span> <span class='ocrx_word' id='word_1_20' title='bbox 1839 535 1998 605; x_wconf 89' lang='grc' dir='ltr'>μόνον</span> 
     </span>
    </p>
   </div>
   <div class='ocr_carea' id='block_1_4' title="bbox 328 612 1998 689">
    <p class='ocr_par' dir='ltr' id='par_1_4' title="bbox 328 612 1998 689">
     <span class='ocr_line' id='line_1_4' title="bbox 328 612 1998 689; baseline 0.005 -23"><span class='ocrx_word' id='word_1_21' title='bbox 328 612 502 682; x_wconf 77' lang='grc' dir='ltr'>ψιλόν.</span> <span class='ocrx_word' id='word_1_22' title='bbox 545 615 610 668; x_wconf 84' lang='grc' dir='ltr'><strong>Ἡ</strong></span> <span class='ocrx_word' id='word_1_23' title='bbox 651 616 752 687; x_wconf 84' lang='grc' dir='ltr'>μὲν</span> <span class='ocrx_word' id='word_1_24' title='bbox 777 617 884 688; x_wconf 75' lang='grc' dir='ltr'>γὰρ</span> <span class='ocrx_word' id='word_1_25' title='bbox 907 617 1103 688; x_wconf 89' lang='grc' dir='ltr'>χρῆσις</span> <span class='ocrx_word' id='word_1_26' title='bbox 1131 617 1282 689; x_wconf 83' lang='grc' dir='ltr'>κοινὴ</span> <span class='ocrx_word' id='word_1_27' title='bbox 1332 619 1552 675; x_wconf 89' lang='grc' dir='ltr'>πάντων</span> <span class='ocrx_word' id='word_1_28' title='bbox 1574 623 1746 685; x_wconf 75' lang='grc' dir='ltr'>ἐστὶν,</span> <span class='ocrx_word' id='word_1_29' title='bbox 1776 621 1998 675; x_wconf 89' lang='grc' dir='ltr'>πλεονε-</span> 
     </span>
    </p>
   </div>
   <div class='ocr_carea' id='block_1_5' title="bbox 329 699 2000 780">
    <p class='ocr_par' dir='ltr' id='par_1_5' title="bbox 329 699 2000 780">
     <span class='ocr_line' id='line_1_5' title="bbox 329 699 2000 780; baseline 0.004 -27"><span class='ocrx_word' id='word_1_30' title='bbox 329 699 518 754; x_wconf 88' lang='grc' dir='ltr'>κτοῦσι</span> <span class='ocrx_word' id='word_1_31' title='bbox 550 701 607 754; x_wconf 85' lang='grc' dir='ltr'>δὲ</span> <span class='ocrx_word' id='word_1_32' title='bbox 633 704 682 756; x_wconf 86' lang='grc' dir='ltr'>οί</span> <span class='ocrx_word' id='word_1_33' title='bbox 715 702 1001 768; x_wconf 86' lang='grc' dir='ltr'>δοκοῦντες</span> <span class='ocrx_word' id='word_1_34' title='bbox 1023 703 1202 758; x_wconf 89' lang='grc' dir='ltr'>αὐτῶν</span> <span class='ocrx_word' id='word_1_35' title='bbox 1245 701 1384 759; x_wconf 77' lang='grc' dir='ltr'>εἶναι</span> <span class='ocrx_word' id='word_1_36' title='bbox 1424 705 1606 780; x_wconf 87' lang='grc' dir='ltr'>κύριοι</span> <span class='ocrx_word' id='word_1_37' title='bbox 1640 707 1751 762; x_wconf 90' lang='grc' dir='ltr'>τῶν</span> <span class='ocrx_word' id='word_1_38' title='bbox 1783 709 1884 762; x_wconf 85' lang='grc' dir='ltr'>οὐκ</span> <span class='ocrx_word' id='word_1_39' title='bbox 1911 707 2000 761; x_wconf 81' lang='grc' dir='ltr'>δν-</span> 
     </span>
    </p>
   </div>
   <div class='ocr_carea' id='block_1_6' title="bbox 328 789 1999 868">
    <p class='ocr_par' dir='ltr' id='par_1_6' title="bbox 328 789 1999 868">
     <span class='ocr_line' id='line_1_6' title="bbox 328 789 1999 868; baseline 0.006 -28"><span class='ocrx_word' id='word_1_40' title='bbox 328 803 437 842; x_wconf 85' lang='grc' dir='ltr'>των</span> <span class='ocrx_word' id='word_1_41' title='bbox 460 789 560 858; x_wconf 82' lang='grc' dir='ltr'>τὴν</span> <span class='ocrx_word' id='word_1_42' title='bbox 583 790 722 861; x_wconf 87' lang='grc' dir='ltr'>ὑπέρ</span> <span class='ocrx_word' id='word_1_43' title='bbox 756 791 936 845; x_wconf 89' lang='grc' dir='ltr'>αὐτῶν</span> <span class='ocrx_word' id='word_1_44' title='bbox 988 793 1263 862; x_wconf 85' lang='grc' dir='ltr'>φροντίδα.</span> <span class='ocrx_word' id='word_1_45' title='bbox 1294 795 1358 846; x_wconf 74' lang='lat' dir='ltr'><strong><em>Ol</em></strong></span> <span class='ocrx_word' id='word_1_46' title='bbox 1385 795 1484 864; x_wconf 83' lang='grc' dir='ltr'>μὲν</span> <span class='ocrx_word' id='word_1_47' title='bbox 1526 797 1634 868; x_wconf 86' lang='grc' dir='ltr'>γὰρ</span> <span class='ocrx_word' id='word_1_48' title='bbox 1665 797 1999 850; x_wconf 79' lang='grc' dir='ltr'>ἀπολαύουσι</span> 
     </span>
    </p>
   </div>
   <div class='ocr_carea' id='block_1_7' title="bbox 327 874 1998 958">
    <p class='ocr_par' dir='ltr' id='par_1_7' title="bbox 327 874 1998 958">
     <span class='ocr_line' id='line_1_7' title="bbox 327 874 1998 958; baseline 0.008 -31"><span class='ocrx_word' id='word_1_49' title='bbox 327 874 494 944; x_wconf 87' lang='grc' dir='ltr'>μόνον</span> <span class='ocrx_word' id='word_1_50' title='bbox 521 878 720 943; x_wconf 88' lang='grc' dir='ltr'>αὐτῶν,</span> <span class='ocrx_word' id='word_1_51' title='bbox 735 881 783 932; x_wconf 87' lang='grc' dir='ltr'>οἱ</span> <span class='ocrx_word' id='word_1_52' title='bbox 809 880 865 933; x_wconf 83' lang='grc' dir='ltr'>δὲ</span> <span class='ocrx_word' id='word_1_53' title='bbox 889 880 1029 949; x_wconf 86' lang='grc' dir='ltr'>μετὰ</span> <span class='ocrx_word' id='word_1_54' title='bbox 1055 881 1149 934; x_wconf 90' lang='grc' dir='ltr'>τοῦ</span> <span class='ocrx_word' id='word_1_55' title='bbox 1171 883 1444 937; x_wconf 88' lang='grc' dir='ltr'>ποιεῖσθαι</span> <span class='ocrx_word' id='word_1_56' title='bbox 1463 884 1661 957; x_wconf 83' lang='grc' dir='ltr'>πολλὴν</span> <span class='ocrx_word' id='word_1_57' title='bbox 1679 886 1776 958; x_wconf 73' lang='grc' dir='ltr'>τὴν</span> <span class='ocrx_word' id='word_1_58' title='bbox 1801 885 1998 956; x_wconf 89' lang='grc' dir='ltr'>ἐπιμέ-</span> 
     </span>
    </p>
   </div>
   <div class='ocr_carea' id='block_1_8' title="bbox 330 960 2000 1045">
    <p class='ocr_par' dir='ltr' id='par_1_8' title="bbox 330 960 2000 1045">
     <span class='ocr_line' id='line_1_8' title="bbox 330 960 2000 1045; baseline 0.007 -30"><span class='ocrx_word' id='word_1_59' title='bbox 330 960 480 1017; x_wconf 88' lang='grc' dir='ltr'>λειαν</span> <span class='ocrx_word' id='word_1_60' title='bbox 515 965 575 1018; x_wconf 79' lang='grc' dir='ltr'>τὸ</span> <span class='ocrx_word' id='word_1_61' title='bbox 609 966 741 1019; x_wconf 81' lang='grc' dir='ltr'>αὐτὸ</span> <span class='ocrx_word' id='word_1_62' title='bbox 783 967 940 1022; x_wconf 87' lang='grc' dir='ltr'>τοῦτο</span> <span class='ocrx_word' id='word_1_63' title='bbox 987 969 1349 1041; x_wconf 80' lang='grc' dir='ltr'>καρποῦνται,</span> <span class='ocrx_word' id='word_1_64' title='bbox 1377 973 1407 1026; x_wconf 86' lang='lat'>6</span> <span class='ocrx_word' id='word_1_65' title='bbox 1433 973 1571 1044; x_wconf 86' lang='grc' dir='ltr'>μετὰ</span> <span class='ocrx_word' id='word_1_66' title='bbox 1596 974 1709 1045; x_wconf 88' lang='grc' dir='ltr'>,τῆς</span> <span class='ocrx_word' id='word_1_67' title='bbox 1738 973 2000 1044; x_wconf 82' lang='grc' dir='ltr'>ἀμελείας</span> 
     </span>
    </p>
   </div>
   <div class='ocr_carea' id='block_1_9' title="bbox 331 1051 547 1108">
    <p class='ocr_par' dir='ltr' id='par_1_9' title="bbox 331 1051 547 1108">
     <span class='ocr_line' id='line_1_9' title="bbox 331 1051 547 1108; baseline 0.019 -5"><span class='ocrx_word' id='word_1_68' title='bbox 331 1051 547 1108; x_wconf 85' lang='grc' dir='ltr'>ἐκεῖνοι.</span> 
     </span>
    </p>
   </div>
   <div class='ocr_carea' id='block_1_10' title="bbox 382 1139 1999 1222">
    <p class='ocr_par' dir='ltr' id='par_1_10' title="bbox 382 1139 1999 1222">
     <span class='ocr_line' id='line_1_10' title="bbox 382 1139 1999 1222; baseline 0.007 -30"><span class='ocrx_word' id='word_1_69' title='bbox 382 1139 503 1195; x_wconf 90' lang='grc' dir='ltr'>ΞΘ’.</span> <span class='ocrx_word' id='word_1_70' title='bbox 523 1142 587 1195; x_wconf 70' lang='lat' dir='ltr'><strong><em>El</em></strong></span> <span class='ocrx_word' id='word_1_71' title='bbox 611 1142 668 1196; x_wconf 90' lang='grc' dir='ltr'>δέ</span> <span class='ocrx_word' id='word_1_72' title='bbox 689 1161 775 1208; x_wconf 88' lang='grc' dir='ltr'>τις</span> <span class='ocrx_word' id='word_1_73' title='bbox 788 1146 886 1217; x_wconf 78' lang='grc' dir='ltr'>τὴν</span> <span class='ocrx_word' id='word_1_74' title='bbox 904 1146 1103 1219; x_wconf 83' lang='grc' dir='ltr'>πολλὴν</span> <span class='ocrx_word' id='word_1_75' title='bbox 1126 1146 1398 1220; x_wconf 80' lang='grc' dir='ltr'>θαυμάζοι</span> <span class='ocrx_word' id='word_1_76' title='bbox 1416 1150 1649 1222; x_wconf 75' lang='grc' dir='ltr'>τρυφὴν,</span> <span class='ocrx_word' id='word_1_77' title='bbox 1670 1158 1781 1203; x_wconf 74' lang='grc' dir='ltr'>οἱον</span> <span class='ocrx_word' id='word_1_78' title='bbox 1799 1150 1861 1203; x_wconf 84' lang='grc' dir='ltr'>τὸ</span> <span class='ocrx_word' id='word_1_79' title='bbox 1889 1151 1999 1203; x_wconf 90' lang='grc' dir='ltr'>τῶν</span> 
     </span>
    </p>
   </div>
   <div class='ocr_carea' id='block_1_11' title="bbox 328 1234 1998 1312">
    <p class='ocr_par' dir='ltr' id='par_1_11' title="bbox 328 1234 1998 1312">
     <span class='ocr_line' id='line_1_11' title="bbox 328 1234 1998 1312; baseline 0.007 -30"><span class='ocrx_word' id='word_1_80' title='bbox 328 1234 825 1303; x_wconf 78' lang='grc' dir='ltr'>κατακοπτομένων</span> <span class='ocrx_word' id='word_1_81' title='bbox 848 1237 1055 1308; x_wconf 90' lang='grc' dir='ltr'>πλῆθος</span> <span class='ocrx_word' id='word_1_82' title='bbox 1081 1239 1286 1309; x_wconf 89' lang='grc' dir='ltr'>κρεῶν,</span> <span class='ocrx_word' id='word_1_83' title='bbox 1317 1239 1416 1312; x_wconf 83' lang='grc' dir='ltr'>τὴν</span> <span class='ocrx_word' id='word_1_84' title='bbox 1449 1240 1711 1312; x_wconf 82' lang='grc' dir='ltr'>περιττὴν</span> <span class='ocrx_word' id='word_1_85' title='bbox 1739 1239 1833 1294; x_wconf 92' lang='grc' dir='ltr'>τοῦ</span> <span class='ocrx_word' id='word_1_86' title='bbox 1853 1240 1998 1294; x_wconf 81' lang='grc' dir='ltr'>οἴνου</span> 
     </span>
    </p>
   </div>
   <div class='ocr_carea' id='block_1_12' title="bbox 326 1315 1998 1400">
    <p class='ocr_par' dir='ltr' id='par_1_12' title="bbox 326 1315 1998 1400">
     <span class='ocr_line' id='line_1_12' title="bbox 326 1315 1998 1400; baseline 0.008 -32"><span class='ocrx_word' id='word_1_87' title='bbox 326 1315 592 1389; x_wconf 83' lang='grc' dir='ltr'>δαπάνην,</span> <span class='ocrx_word' id='word_1_88' title='bbox 617 1321 726 1374; x_wconf 89' lang='grc' dir='ltr'>τῶν</span> <span class='ocrx_word' id='word_1_89' title='bbox 748 1325 1184 1396; x_wconf 79' lang='grc' dir='ltr'>καρυκευμάτων</span> <span class='ocrx_word' id='word_1_90' title='bbox 1225 1326 1324 1396; x_wconf 84' lang='grc' dir='ltr'>τὴν</span> <span class='ocrx_word' id='word_1_91' title='bbox 1354 1328 1700 1400; x_wconf 84' lang='grc' dir='ltr'>περιεργίαν,</span> <span class='ocrx_word' id='word_1_92' title='bbox 1725 1330 1998 1400; x_wconf 79' lang='grc' dir='ltr'>τραπεζο-</span> 
     </span>
    </p>
   </div>
   <div class='ocr_carea' id='block_1_13' title="bbox 327 1405 2001 1486">
    <p class='ocr_par' dir='ltr' id='par_1_13' title="bbox 327 1405 2001 1486">
     <span class='ocr_line' id='line_1_13' title="bbox 327 1405 2001 1486; baseline 0.008 -29"><span class='ocrx_word' id='word_1_93' title='bbox 327 1405 499 1460; x_wconf 86' lang='grc' dir='ltr'>ποιῶν</span> <span class='ocrx_word' id='word_1_94' title='bbox 527 1409 620 1462; x_wconf 77' lang='grc' dir='ltr'>καὶ</span> <span class='ocrx_word' id='word_1_95' title='bbox 650 1412 938 1466; x_wconf 85' lang='grc' dir='ltr'>σιτοποιῶν</span> <span class='ocrx_word' id='word_1_96' title='bbox 980 1413 1178 1484; x_wconf 82' lang='grc' dir='ltr'>τέχνας</span> <span class='ocrx_word' id='word_1_97' title='bbox 1220 1427 1270 1478; x_wconf 79' lang='grc' dir='ltr'>ι,</span> <span class='ocrx_word' id='word_1_98' title='bbox 1311 1415 1627 1486; x_wconf 84' lang='grc' dir='ltr'>παρασίτων</span> <span class='ocrx_word' id='word_1_99' title='bbox 1676 1417 1772 1470; x_wconf 72' lang='grc' dir='ltr'>καὶ</span> <span class='ocrx_word' id='word_1_100' title='bbox 1819 1417 2001 1470; x_wconf 83' lang='grc' dir='ltr'>δαιτυ-</span> 
     </span>
    </p>
   </div>
   <div class='ocr_carea' id='block_1_14' title="bbox 330 1493 1997 1574">
    <p class='ocr_par' dir='ltr' id='par_1_14' title="bbox 330 1493 1997 1574">
     <span class='ocr_line' id='line_1_14' title="bbox 330 1493 1997 1574; baseline 0.006 -26"><span class='ocrx_word' id='word_1_101' title='bbox 330 1493 509 1564; x_wconf 88' lang='grc' dir='ltr'>μόνων</span> <span class='ocrx_word' id='word_1_102' title='bbox 559 1497 734 1568; x_wconf 80' lang='grc' dir='ltr'>ὖχλον,</span> <span class='ocrx_word' id='word_1_103' title='bbox 769 1495 828 1553; x_wconf 80' lang='grc' dir='ltr'>εὗ</span> <span class='ocrx_word' id='word_1_104' title='bbox 865 1500 995 1554; x_wconf 84' lang='grc' dir='ltr'>ίστω</span> <span class='ocrx_word' id='word_1_105' title='bbox 1039 1503 1123 1554; x_wconf 85' lang='grc' dir='ltr'>ὃτι</span> <span class='ocrx_word' id='word_1_106' title='bbox 1162 1501 1271 1555; x_wconf 88' lang='grc' dir='ltr'>τῶν</span> <span class='ocrx_word' id='word_1_107' title='bbox 1328 1503 1607 1574; x_wconf 83' lang='grc' dir='ltr'>μαγείρων</span> <span class='ocrx_word' id='word_1_108' title='bbox 1636 1504 1818 1558; x_wconf 88' lang='grc' dir='ltr'>αὐτῶν</span> <span class='ocrx_word' id='word_1_109' title='bbox 1845 1504 1997 1558; x_wconf 85' lang='grc' dir='ltr'>οὐδὲν</span> 
     </span>
    </p>
   </div>
   <div class='ocr_carea' id='block_1_15' title="bbox 326 1583 2002 1654">
    <p class='ocr_par' dir='ltr' id='par_1_15' title="bbox 326 1583 2002 1654">
     <span class='ocr_line' id='line_1_15' title="bbox 326 1583 2002 1654; baseline 0.004 -15"><span class='ocrx_word' id='word_1_110' title='bbox 326 1583 547 1654; x_wconf 84' lang='grc' dir='ltr'>ἄμεινον</span> <span class='ocrx_word' id='word_1_111' title='bbox 563 1587 620 1640; x_wconf 92' lang='grc' dir='ltr'>ἐν</span> <span class='ocrx_word' id='word_1_112' title='bbox 633 1589 741 1650; x_wconf 79' lang='grc' dir='ltr'>τοῖς</span> <span class='ocrx_word' id='word_1_113' title='bbox 759 1587 1016 1652; x_wconf 84' lang='grc' dir='ltr'>τοιούτοις</span> <span class='ocrx_word' id='word_1_114' title='bbox 1039 1589 1088 1642; x_wconf 80' lang='grc' dir='ltr'>οἱ</span> <span class='ocrx_word' id='word_1_115' title='bbox 1111 1589 1464 1654; x_wconf 78' lang='grc' dir='ltr'>πλουτοῦντες</span> <span class='ocrx_word' id='word_1_116' title='bbox 1487 1591 1804 1645; x_wconf 83' lang='grc' dir='ltr'>διάκεινται.</span> <span class='ocrx_word' id='word_1_117' title='bbox 1822 1591 2002 1646; x_wconf 87' lang='grc' dir='ltr'>Καθά-</span> 
     </span>
    </p>
   </div>
   <div class='ocr_carea' id='block_1_16' title="bbox 328 1667 1998 1751">
    <p class='ocr_par' dir='ltr' id='par_1_16' title="bbox 328 1667 1998 1751">
     <span class='ocr_line' id='line_1_16' title="bbox 328 1667 1998 1751; baseline 0.006 -28"><span class='ocrx_word' id='word_1_118' title='bbox 328 1689 436 1742; x_wconf 92' lang='grc' dir='ltr'>περ</span> <span class='ocrx_word' id='word_1_119' title='bbox 487 1673 596 1743; x_wconf 82' lang='grc' dir='ltr'>γὰρ</span> <span class='ocrx_word' id='word_1_120' title='bbox 641 1677 848 1739; x_wconf 85' lang='grc' dir='ltr'>ἐκεῖνος</span> <span class='ocrx_word' id='word_1_121' title='bbox 899 1678 1026 1740; x_wconf 85' lang='grc' dir='ltr'>τοὺς</span> <span class='ocrx_word' id='word_1_122' title='bbox 1064 1677 1352 1744; x_wconf 81' lang='grc' dir='ltr'>δεσπότας,</span> <span class='ocrx_word' id='word_1_123' title='bbox 1391 1676 1534 1732; x_wconf 89' lang='grc' dir='ltr'>οὕτω</span> <span class='ocrx_word' id='word_1_124' title='bbox 1563 1679 1692 1742; x_wconf 86' lang='grc' dir='ltr'>τοὺς</span> <span class='ocrx_word' id='word_1_125' title='bbox 1719 1667 1998 1751; x_wconf 89' lang='grc' dir='ltr'>κεκλημέ-</span> 
     </span>
    </p>
   </div>
   <div class='ocr_carea' id='block_1_17' title="bbox 326 1763 1999 1839">
    <p class='ocr_par' dir='ltr' id='par_1_17' title="bbox 326 1763 1999 1839">
     <span class='ocr_line' id='line_1_17' title="bbox 326 1763 1999 1839; baseline 0.007 -28"><span class='ocrx_word' id='word_1_126' title='bbox 326 1774 452 1824; x_wconf 87' lang='grc' dir='ltr'>νους</span> <span class='ocrx_word' id='word_1_127' title='bbox 499 1763 654 1816; x_wconf 72' lang='grc' dir='ltr'>αὑτώ⁸</span> <span class='ocrx_word' id='word_1_128' title='bbox 689 1765 981 1829; x_wconf 85' lang='grc' dir='ltr'>δεδοίκασι,</span> <span class='ocrx_word' id='word_1_129' title='bbox 1021 1765 1094 1836; x_wconf 87' lang='grc' dir='ltr'>μή</span> <span class='ocrx_word' id='word_1_130' title='bbox 1135 1782 1282 1830; x_wconf 90' lang='grc' dir='ltr'>τινος</span> <span class='ocrx_word' id='word_1_131' title='bbox 1315 1766 1680 1821; x_wconf 88' lang='grc' dir='ltr'>ἐπιλάϐωνται</span> <span class='ocrx_word' id='word_1_132' title='bbox 1711 1767 1821 1822; x_wconf 87' lang='grc' dir='ltr'>τῶν</span> <span class='ocrx_word' id='word_1_133' title='bbox 1858 1769 1999 1839; x_wconf 84' lang='grc' dir='ltr'>μετὰ</span> 
     </span>
    </p>
   </div>
   <div class='ocr_carea' id='block_1_18' title="bbox 207 1847 1993 1924">
    <p class='ocr_par' dir='ltr' id='par_1_18' title="bbox 207 1847 1993 1924">
     <span class='ocr_line' id='line_1_18' title="bbox 207 1847 1993 1924; baseline 0.006 -25"><span class='ocrx_word' id='word_1_134' title='bbox 207 1913 216 1918; x_wconf 87' lang='lat'>_</span> <span class='ocrx_word' id='word_1_135' title='bbox 327 1847 524 1901; x_wconf 85' lang='grc' dir='ltr'>πολλοῦ</span> <span class='ocrx_word' id='word_1_136' title='bbox 565 1850 732 1904; x_wconf 90' lang='grc' dir='ltr'>πόνου</span> <span class='ocrx_word' id='word_1_137' title='bbox 768 1850 864 1904; x_wconf 78' lang='grc' dir='ltr'>καὶ</span> <span class='ocrx_word' id='word_1_138' title='bbox 886 1851 1132 1922; x_wconf 82' lang='grc' dir='ltr'>δαπάνης</span> <span class='ocrx_word' id='word_1_139' title='bbox 1166 1853 1735 1924; x_wconf 80' lang='grc' dir='ltr'>παρασκευασθέντων</span> <span class='ocrx_word' id='word_1_140' title='bbox 1786 1855 1993 1918; x_wconf 86' lang='grc' dir='ltr'>αὐτοῖς.</span> 
     </span>
    </p>
   </div>
   <div class='ocr_carea' id='block_1_19' title="bbox 326 1933 1998 2014">
    <p class='ocr_par' dir='ltr' id='par_1_19' title="bbox 326 1933 1998 2014">
     <span class='ocr_line' id='line_1_19' title="bbox 326 1933 1998 2014; baseline 0.006 -28"><span class='ocrx_word' id='word_1_141' title='bbox 326 1933 438 1987; x_wconf 81' lang='grc' dir='ltr'>Καὶ</span> <span class='ocrx_word' id='word_1_142' title='bbox 471 1934 646 2006; x_wconf 86' lang='grc' dir='ltr'>τούτῳ</span> <span class='ocrx_word' id='word_1_143' title='bbox 674 1938 772 2007; x_wconf 82' lang='grc' dir='ltr'>μὲν</span> <span class='ocrx_word' id='word_1_144' title='bbox 793 1936 1094 2002; x_wconf 80' lang='grc' dir='ltr'>ἐξισοῦνται</span> <span class='ocrx_word' id='word_1_145' title='bbox 1118 1941 1232 2004; x_wconf 91' lang='grc' dir='ltr'>τοῖς</span> <span class='ocrx_word' id='word_1_146' title='bbox 1265 1941 1550 2012; x_wconf 88' lang='grc' dir='ltr'>μαγείροις</span> <span class='ocrx_word' id='word_1_147' title='bbox 1583 1941 1634 2006; x_wconf 69' lang='grc' dir='ltr'>δ,</span> <span class='ocrx_word' id='word_1_148' title='bbox 1671 1941 1794 1995; x_wconf 87' lang='grc' dir='ltr'>καθ’</span> <span class='ocrx_word' id='word_1_149' title='bbox 1810 1941 1998 2014; x_wconf 74' lang='grc' dir='ltr'>ἕτερον</span> 
     </span>
    </p>
   </div>
   <div class='ocr_carea' id='block_1_20' title="bbox 325 2021 1997 2103">
    <p class='ocr_par' dir='ltr' id='par_1_20' title="bbox 325 2021 1997 2103">
     <span class='ocr_line' id='line_1_20' title="bbox 325 2021 1997 2103; baseline 0.006 -28"><span class='ocrx_word' id='word_1_150' title='bbox 325 2021 383 2075; x_wconf 88' lang='grc' dir='ltr'>δέ</span> <span class='ocrx_word' id='word_1_151' title='bbox 410 2023 504 2076; x_wconf 71' lang='grc' dir='ltr'>καὶ</span> <span class='ocrx_word' id='word_1_152' title='bbox 532 2025 945 2080; x_wconf 79' lang='grc' dir='ltr'>πλεονεκτοῦσιν</span> <span class='ocrx_word' id='word_1_153' title='bbox 975 2029 1154 2082; x_wconf 91' lang='grc' dir='ltr'>αὐτῶν</span> <span class='ocrx_word' id='word_1_154' title='bbox 1177 2043 1192 2059; x_wconf 90' lang='grc'><strong>·</strong></span> <span class='ocrx_word' id='word_1_155' title='bbox 1227 2030 1289 2082; x_wconf 93' lang='grc' dir='ltr'>οὐ</span> <span class='ocrx_word' id='word_1_156' title='bbox 1317 2030 1426 2101; x_wconf 84' lang='grc' dir='ltr'>γὰρ</span> <span class='ocrx_word' id='word_1_157' title='bbox 1460 2029 1621 2100; x_wconf 91' lang='grc' dir='ltr'>μόνον</span> <span class='ocrx_word' id='word_1_158' title='bbox 1655 2031 1997 2103; x_wconf 86' lang='grc' dir='ltr'>κατηγόρους</span> 
     </span>
    </p>
   </div>
   <div class='ocr_carea' id='block_1_21' title="bbox 327 2112 1996 2192">
    <p class='ocr_par' dir='ltr' id='par_1_21' title="bbox 327 2112 1996 2192">
     <span class='ocr_line' id='line_1_21' title="bbox 327 2112 1996 2192; baseline 0.007 -29"><span class='ocrx_word' id='word_1_159' title='bbox 327 2112 545 2177; x_wconf 88' lang='grc' dir='ltr'>ἐκεῖνοι,</span> <span class='ocrx_word' id='word_1_160' title='bbox 586 2113 722 2167; x_wconf 88' lang='grc' dir='ltr'>ἀλλά</span> <span class='ocrx_word' id='word_1_161' title='bbox 761 2116 855 2169; x_wconf 83' lang='grc' dir='ltr'>καὶ</span> <span class='ocrx_word' id='word_1_162' title='bbox 909 2116 1214 2186; x_wconf 85' lang='grc' dir='ltr'>βασκάνους</span> <span class='ocrx_word' id='word_1_163' title='bbox 1261 2117 1554 2172; x_wconf 88' lang='grc' dir='ltr'>δεδοίκασι.</span> <span class='ocrx_word' id='word_1_164' title='bbox 1612 2119 1836 2184; x_wconf 76' lang='grc' dir='ltr'>Πολλοῖς</span> <span class='ocrx_word' id='word_1_165' title='bbox 1886 2120 1996 2192; x_wconf 81' lang='grc' dir='ltr'>γὰρ</span> 
     </span>
    </p>
   </div>
   <div class='ocr_carea' id='block_1_22' title="bbox 326 2195 1989 2280">
    <p class='ocr_par' dir='ltr' id='par_1_22' title="bbox 326 2195 1989 2280">
     <span class='ocr_line' id='line_1_22' title="bbox 326 2195 1989 2280; baseline 0.004 -26"><span class='ocrx_word' id='word_1_166' title='bbox 326 2200 588 2266; x_wconf 87' lang='grc' dir='ltr'>πολλάκις</span> <span class='ocrx_word' id='word_1_167' title='bbox 616 2204 724 2257; x_wconf 82' lang='grc' dir='ltr'>ἀπὸ</span> <span class='ocrx_word' id='word_1_168' title='bbox 766 2205 876 2257; x_wconf 89' lang='grc' dir='ltr'>τῶν</span> <span class='ocrx_word' id='word_1_169' title='bbox 902 2205 1158 2259; x_wconf 83' lang='grc' dir='ltr'>τοιούτων</span> <span class='ocrx_word' id='word_1_170' title='bbox 1198 2206 1516 2276; x_wconf 89' lang='grc' dir='ltr'>συμποσίων</span> <span class='ocrx_word' id='word_1_171' title='bbox 1541 2195 1735 2280; x_wconf 79' lang='grc' dir='ltr'>ἐτέχθη</span> <span class='ocrx_word' id='word_1_172' title='bbox 1765 2209 1989 2278; x_wconf 89' lang='grc' dir='ltr'>φθόνος,</span> 
     </span>
    </p>
   </div>
   <div class='ocr_carea' id='block_1_23' title="bbox 327 2289 2007 2365">
    <p class='ocr_par' dir='ltr' id='par_1_23' title="bbox 327 2289 2007 2365">
     <span class='ocr_line' id='line_1_23' title="bbox 327 2289 2007 2365; baseline 0.007 -25"><span class='ocrx_word' id='word_1_173' title='bbox 327 2289 421 2342; x_wconf 73' lang='grc' dir='ltr'>καὶ</span> <span class='ocrx_word' id='word_1_174' title='bbox 477 2290 538 2342; x_wconf 87' lang='grc' dir='ltr'>οὐ</span> <span class='ocrx_word' id='word_1_175' title='bbox 581 2290 847 2361; x_wconf 89' lang='grc' dir='ltr'>πρότερον</span> <span class='ocrx_word' id='word_1_176' title='bbox 885 2291 1053 2363; x_wconf 78' lang='grc' dir='ltr'>ἔστη,</span> <span class='ocrx_word' id='word_1_177' title='bbox 1096 2293 1203 2356; x_wconf 72' lang='grc' dir='ltr'>ἕως</span> <span class='ocrx_word' id='word_1_178' title='bbox 1244 2293 1525 2356; x_wconf 89' lang='grc' dir='ltr'>κινδύνους</span> <span class='ocrx_word' id='word_1_179' title='bbox 1567 2294 1819 2365; x_wconf 81' lang='grc' dir='ltr'>ἐπήγαγε</span> <span class='ocrx_word' id='word_1_180' title='bbox 1868 2299 2007 2362; x_wconf 76' lang='grc' dir='ltr'>τούςι</span> 
     </span>
    </p>
   </div>
   <div class='ocr_carea' id='block_1_24' title="bbox 326 2375 1992 2454">
    <p class='ocr_par' dir='ltr' id='par_1_24' title="bbox 326 2375 1992 2454">
     <span class='ocr_line' id='line_1_24' title="bbox 326 2375 1992 2454; baseline 0.008 -29"><span class='ocrx_word' id='word_1_181' title='bbox 326 2375 608 2445; x_wconf 87' lang='grc' dir='ltr'>ἐσχάτους.</span> <span class='ocrx_word' id='word_1_182' title='bbox 647 2377 806 2432; x_wconf 86' lang='grc' dir='ltr'>Ἀλλά</span> <span class='ocrx_word' id='word_1_183' title='bbox 839 2379 1104 2434; x_wconf 84' lang='grc' dir='ltr'>σιτεῖσθαι</span> <span class='ocrx_word' id='word_1_184' title='bbox 1125 2379 1298 2432; x_wconf 84' lang='grc' dir='ltr'>πολλά</span> <span class='ocrx_word' id='word_1_185' title='bbox 1316 2379 1575 2445; x_wconf 86' lang='grc' dir='ltr'>πολλάκις</span> <span class='ocrx_word' id='word_1_186' title='bbox 1589 2381 1710 2454; x_wconf 87' lang='grc' dir='ltr'>ἡδύ.</span> <span class='ocrx_word' id='word_1_187' title='bbox 1742 2385 1956 2454; x_wconf 86' lang='grc' dir='ltr'>Ἀπαγε</span> <span class='ocrx_word' id='word_1_188' title='bbox 1978 2402 1992 2416; x_wconf 90' lang='grc'><strong>·</strong></span> 
     </span>
    </p>
   </div>
   <div class='ocr_carea' id='block_1_25' title="bbox 325 2463 1997 2543">
    <p class='ocr_par' dir='ltr' id='par_1_25' title="bbox 325 2463 1997 2543">
     <span class='ocr_line' id='line_1_25' title="bbox 325 2463 1997 2543; baseline 0.008 -29"><span class='ocrx_word' id='word_1_189' title='bbox 325 2463 452 2518; x_wconf 83' lang='grc' dir='ltr'>ὅταν</span> <span class='ocrx_word' id='word_1_190' title='bbox 485 2465 840 2537; x_wconf 85' lang='grc' dir='ltr'>καρηϐαρίαι,</span> <span class='ocrx_word' id='word_1_191' title='bbox 881 2467 974 2520; x_wconf 82' lang='grc' dir='ltr'>καὶ</span> <span class='ocrx_word' id='word_1_192' title='bbox 1003 2467 1240 2539; x_wconf 80' lang='grc' dir='ltr'>γαστρὸς</span> <span class='ocrx_word' id='word_1_193' title='bbox 1267 2467 1534 2535; x_wconf 85' lang='grc' dir='ltr'>διάτασις,</span> <span class='ocrx_word' id='word_1_194' title='bbox 1558 2471 1653 2524; x_wconf 82' lang='grc' dir='ltr'>καὶ</span> <span class='ocrx_word' id='word_1_195' title='bbox 1684 2471 1997 2543; x_wconf 89' lang='grc' dir='ltr'>πνεύματος</span> 
     </span>
    </p>
   </div>
   <div class='ocr_carea' id='block_1_26' title="bbox 327 2548 1996 2628">
    <p class='ocr_par' dir='ltr' id='par_1_26' title="bbox 327 2548 1996 2628">
     <span class='ocr_line' id='line_1_26' title="bbox 327 2548 1996 2628; baseline 0.006 -26"><span class='ocrx_word' id='word_1_196' title='bbox 327 2548 618 2621; x_wconf 79' lang='grc' dir='ltr'>ἐμφραξις,</span> <span class='ocrx_word' id='word_1_197' title='bbox 651 2553 745 2606; x_wconf 77' lang='grc' dir='ltr'>καὶ</span> <span class='ocrx_word' id='word_1_198' title='bbox 777 2555 1117 2619; x_wconf 89' lang='grc' dir='ltr'>σκοτοδινίαι,</span> <span class='ocrx_word' id='word_1_199' title='bbox 1150 2555 1246 2608; x_wconf 78' lang='grc' dir='ltr'>καὶ</span> <span class='ocrx_word' id='word_1_200' title='bbox 1271 2555 1492 2624; x_wconf 81' lang='grc' dir='ltr'>ίλιγγοι,</span> <span class='ocrx_word' id='word_1_201' title='bbox 1527 2557 1624 2610; x_wconf 79' lang='grc' dir='ltr'>καὶ</span> <span class='ocrx_word' id='word_1_202' title='bbox 1649 2557 1871 2628; x_wconf 86' lang='grc' dir='ltr'>ἀχλύες,</span> <span class='ocrx_word' id='word_1_203' title='bbox 1899 2560 1996 2613; x_wconf 76' lang='grc' dir='ltr'>καὶ</span> 
     </span>
    </p>
   </div>
   <div class='ocr_carea' id='block_1_27' title="bbox 324 2636 1995 2718">
    <p class='ocr_par' dir='ltr' id='par_1_27' title="bbox 324 2636 1995 2718">
     <span class='ocr_line' id='line_1_27' title="bbox 324 2636 1995 2718; baseline 0.007 -29"><span class='ocrx_word' id='word_1_204' title='bbox 324 2636 394 2690; x_wconf 76' lang='grc' dir='ltr'>τά</span> <span class='ocrx_word' id='word_1_205' title='bbox 428 2637 509 2690; x_wconf 79' lang='grc' dir='ltr'>ἔτι</span> <span class='ocrx_word' id='word_1_206' title='bbox 537 2639 742 2693; x_wconf 87' lang='grc' dir='ltr'>τούτων</span> <span class='ocrx_word' id='word_1_207' title='bbox 766 2640 1091 2712; x_wconf 84' lang='grc' dir='ltr'>ἀτοπώτερα</span> <span class='ocrx_word' id='word_1_208' title='bbox 1120 2641 1228 2695; x_wconf 79' lang='grc' dir='ltr'>ἀπὸ</span> <span class='ocrx_word' id='word_1_209' title='bbox 1252 2642 1352 2714; x_wconf 91' lang='grc' dir='ltr'>τῆς</span> <span class='ocrx_word' id='word_1_210' title='bbox 1384 2643 1598 2714; x_wconf 83' lang='grc' dir='ltr'>τρυφῆς</span> <span class='ocrx_word' id='word_1_211' title='bbox 1625 2645 1831 2718; x_wconf 89' lang='grc' dir='ltr'>ταύτης</span> <span class='ocrx_word' id='word_1_212' title='bbox 1859 2648 1995 2700; x_wconf 86' lang='grc' dir='ltr'>ἀνα-</span> 
     </span>
    </p>
   </div>
   <div class='ocr_carea' id='block_1_28' title="bbox 325 2721 1996 2805">
    <p class='ocr_par' dir='ltr' id='par_1_28' title="bbox 325 2721 1996 2805">
     <span class='ocr_line' id='line_1_28' title="bbox 325 2721 1996 2805; baseline 0.007 -29"><span class='ocrx_word' id='word_1_213' title='bbox 325 2721 600 2797; x_wconf 76' lang='grc' dir='ltr'>ϐλαστάνῃ</span> <span class='ocrx_word' id='word_1_214' title='bbox 624 2727 793 2781; x_wconf 85' lang='grc' dir='ltr'>δεινά.</span> <span class='ocrx_word' id='word_1_215' title='bbox 835 2728 945 2781; x_wconf 81' lang='lat' dir='ltr'><strong><em>Kal</em></strong></span> <span class='ocrx_word' id='word_1_216' title='bbox 967 2728 1078 2781; x_wconf 82' lang='grc' dir='ltr'>εἴθε</span> <span class='ocrx_word' id='word_1_217' title='bbox 1108 2729 1269 2800; x_wconf 89' lang='grc' dir='ltr'>μέχρι</span> <span class='ocrx_word' id='word_1_218' title='bbox 1292 2729 1402 2783; x_wconf 90' lang='grc' dir='ltr'>τῶν</span> <span class='ocrx_word' id='word_1_219' title='bbox 1424 2733 1554 2802; x_wconf 83' lang='grc' dir='ltr'>παρ’</span> <span class='ocrx_word' id='word_1_220' title='bbox 1578 2732 1794 2802; x_wconf 80' lang='grc' dir='ltr'>ἡμέραν</span> <span class='ocrx_word' id='word_1_221' title='bbox 1822 2733 1996 2805; x_wconf 77' lang='grc' dir='ltr'>λυπηο</span> 
     </span>
    </p>
   </div>
   <div class='ocr_carea' id='block_1_29' title="bbox 333 2809 1995 2892">
    <p class='ocr_par' dir='ltr' id='par_1_29' title="bbox 333 2809 1995 2892">
     <span class='ocr_line' id='line_1_29' title="bbox 333 2809 1995 2892; baseline 0.007 -29"><span class='ocrx_word' id='word_1_222' title='bbox 333 2809 444 2879; x_wconf 88' lang='grc' dir='ltr'>ρῶν</span> <span class='ocrx_word' id='word_1_223' title='bbox 491 2811 561 2865; x_wconf 80' lang='grc' dir='ltr'>τά</span> <span class='ocrx_word' id='word_1_224' title='bbox 603 2814 702 2884; x_wconf 84' lang='grc' dir='ltr'>τῆς</span> <span class='ocrx_word' id='word_1_225' title='bbox 745 2814 1133 2886; x_wconf 82' lang='grc' dir='ltr'>ἀσχημοσύνης</span> <span class='ocrx_word' id='word_1_226' title='bbox 1173 2817 1390 2887; x_wconf 78' lang='grc' dir='ltr'>ἐκείνης</span> <span class='ocrx_word' id='word_1_227' title='bbox 1435 2819 1530 2872; x_wconf 77' lang='grc' dir='ltr'>καὶ</span> <span class='ocrx_word' id='word_1_228' title='bbox 1561 2818 1631 2873; x_wconf 88' lang='grc' dir='ltr'>τά</span> <span class='ocrx_word' id='word_1_229' title='bbox 1661 2821 1761 2890; x_wconf 85' lang='grc' dir='ltr'>τῆς</span> <span class='ocrx_word' id='word_1_230' title='bbox 1792 2821 1995 2892; x_wconf 80' lang='grc' dir='ltr'>ζημίας</span> 
     </span>
    </p>
   </div>
   <div class='ocr_carea' id='block_1_30' title="bbox 325 2899 1992 2974">
    <p class='ocr_par' dir='ltr' id='par_1_30' title="bbox 325 2899 1992 2974">
     <span class='ocr_line' id='line_1_30' title="bbox 325 2899 1992 2974; baseline 0.007 -25"><span class='ocrx_word' id='word_1_231' title='bbox 325 2899 514 2951; x_wconf 77' lang='grc' dir='ltr'>ἵστατο</span> <span class='ocrx_word' id='word_1_232' title='bbox 566 2899 758 2970; x_wconf 89' lang='grc' dir='ltr'>μόνον·</span> <span class='ocrx_word' id='word_1_233' title='bbox 791 2903 910 2955; x_wconf 74' lang='grc' dir='ltr'>νυνὶ</span> <span class='ocrx_word' id='word_1_234' title='bbox 937 2902 994 2956; x_wconf 83' lang='grc' dir='ltr'>δέ</span> <span class='ocrx_word' id='word_1_235' title='bbox 1022 2903 1079 2957; x_wconf 79' lang='grc' dir='ltr'>αἱ</span> <span class='ocrx_word' id='word_1_236' title='bbox 1123 2903 1357 2974; x_wconf 86' lang='grc' dir='ltr'>μάλιστα</span> <span class='ocrx_word' id='word_1_237' title='bbox 1389 2903 1500 2957; x_wconf 90' lang='grc' dir='ltr'>τῶν</span> <span class='ocrx_word' id='word_1_238' title='bbox 1551 2905 1722 2960; x_wconf 90' lang='grc' dir='ltr'>νόσων</span> <span class='ocrx_word' id='word_1_239' title='bbox 1755 2907 1992 2962; x_wconf 86' lang='grc' dir='ltr'>δυσίατοι</span> 
     </span>
    </p>
   </div>
   <div class='ocr_carea' id='block_1_31' title="bbox 323 2985 1994 3068">
    <p class='ocr_par' dir='ltr' id='par_1_31' title="bbox 323 2985 1994 3068">
     <span class='ocr_line' id='line_1_31' title="bbox 323 2985 1994 3068; baseline 0.007 -28"><span class='ocrx_word' id='word_1_240' title='bbox 323 2985 434 3040; x_wconf 76' lang='grc' dir='ltr'>ἀπὸ</span> <span class='ocrx_word' id='word_1_241' title='bbox 462 2985 570 3040; x_wconf 90' lang='grc' dir='ltr'>τῶν</span> <span class='ocrx_word' id='word_1_242' title='bbox 601 2987 857 3042; x_wconf 84' lang='grc' dir='ltr'>τοιούτων</span> <span class='ocrx_word' id='word_1_243' title='bbox 884 2989 1174 3060; x_wconf 79' lang='grc' dir='ltr'>τραπεζῶν</span> <span class='ocrx_word' id='word_1_244' title='bbox 1196 2991 1377 3062; x_wconf 82' lang='grc' dir='ltr'>έχουσι</span> <span class='ocrx_word' id='word_1_245' title='bbox 1403 2991 1501 3063; x_wconf 77' lang='grc' dir='ltr'>τὴν</span> <span class='ocrx_word' id='word_1_246' title='bbox 1523 2992 1720 3065; x_wconf 86' lang='grc' dir='ltr'>ἀρχήν.</span> <span class='ocrx_word' id='word_1_247' title='bbox 1752 2996 1864 3050; x_wconf 84' lang='lat' dir='ltr'>Kal</span> <span class='ocrx_word' id='word_1_248' title='bbox 1887 2996 1994 3068; x_wconf 87' lang='grc' dir='ltr'>γὰρ</span> 
     </span>
    </p>
   </div>
   <div class='ocr_carea' id='block_1_32' title="bbox 324 3073 1991 3154">
    <p class='ocr_par' dir='ltr' id='par_1_32' title="bbox 324 3073 1991 3154">
     <span class='ocr_line' id='line_1_32' title="bbox 324 3073 1991 3154; baseline 0.007 -28"><span class='ocrx_word' id='word_1_249' title='bbox 324 3073 630 3144; x_wconf 82' lang='grc' dir='ltr'>ποδαλγίαι,</span> <span class='ocrx_word' id='word_1_250' title='bbox 665 3075 762 3129; x_wconf 70' lang='grc' dir='ltr'>καὶ</span> <span class='ocrx_word' id='word_1_251' title='bbox 811 3077 971 3149; x_wconf 86' lang='grc' dir='ltr'>φθόη,</span> <span class='ocrx_word' id='word_1_252' title='bbox 1026 3078 1122 3131; x_wconf 73' lang='grc' dir='ltr'>καὶ</span> <span class='ocrx_word' id='word_1_253' title='bbox 1174 3078 1349 3146; x_wconf 89' lang='grc' dir='ltr'>νόσος,</span> <span class='ocrx_word' id='word_1_254' title='bbox 1401 3080 1496 3133; x_wconf 75' lang='grc' dir='ltr'>καὶ</span> <span class='ocrx_word' id='word_1_255' title='bbox 1526 3082 1855 3154; x_wconf 88' lang='grc' dir='ltr'>παράλυσις,</span> <span class='ocrx_word' id='word_1_256' title='bbox 1901 3087 1991 3138; x_wconf 69' lang='grc' dir='ltr'>καὶ</span> 
     </span>
    </p>
   </div>
   <div class='ocr_carea' id='block_1_33' title="bbox 324 3161 1996 3242">
    <p class='ocr_par' dir='ltr' id='par_1_33' title="bbox 324 3161 1996 3242">
     <span class='ocr_line' id='line_1_33' title="bbox 324 3161 1996 3242; baseline 0.008 -28"><span class='ocrx_word' id='word_1_257' title='bbox 324 3161 495 3216; x_wconf 87' lang='grc' dir='ltr'>πολλά</span> <span class='ocrx_word' id='word_1_258' title='bbox 526 3163 607 3218; x_wconf 83' lang='grc' dir='ltr'>ἔτι</span> <span class='ocrx_word' id='word_1_259' title='bbox 637 3164 840 3219; x_wconf 91' lang='grc' dir='ltr'>τούτων</span> <span class='ocrx_word' id='word_1_260' title='bbox 861 3165 1222 3238; x_wconf 80' lang='grc' dir='ltr'>χαλεπώτερα</span> <span class='ocrx_word' id='word_1_261' title='bbox 1244 3168 1587 3224; x_wconf 88' lang='grc' dir='ltr'>ἀπολαϐόντα</span> <span class='ocrx_word' id='word_1_262' title='bbox 1624 3171 1684 3224; x_wconf 80' lang='grc' dir='ltr'>τὸ</span> <span class='ocrx_word' id='word_1_263' title='bbox 1716 3173 1876 3242; x_wconf 90' lang='grc' dir='ltr'>σῶμα</span> <span class='ocrx_word' id='word_1_264' title='bbox 1907 3191 1996 3226; x_wconf 78' lang='grc' dir='ltr'>πο·</span> 
     </span>
    </p>
   </div>
   <div class='ocr_carea' id='block_1_34' title="bbox 322 3247 1996 3330">
    <p class='ocr_par' dir='ltr' id='par_1_34' title="bbox 322 3247 1996 3330">
     <span class='ocr_line' id='line_1_34' title="bbox 322 3247 1996 3330; baseline 0.008 -28"><span class='ocrx_word' id='word_1_265' title='bbox 322 3247 532 3321; x_wconf 88' lang='grc' dir='ltr'>λιορκεῖ</span> <span class='ocrx_word' id='word_1_266' title='bbox 551 3253 632 3316; x_wconf 87' lang='grc' dir='ltr'>είς</span> <span class='ocrx_word' id='word_1_267' title='bbox 656 3253 892 3324; x_wconf 78' lang='grc' dir='ltr'>ἐσχάτας</span> <span class='ocrx_word' id='word_1_268' title='bbox 919 3254 1220 3318; x_wconf 90' lang='grc' dir='ltr'>ἀναπνοάς.</span> <span class='ocrx_word' id='word_1_269' title='bbox 1244 3255 1378 3308; x_wconf 89' lang='grc' dir='ltr'>Τίνα</span> <span class='ocrx_word' id='word_1_270' title='bbox 1398 3251 1490 3309; x_wconf 82' lang='grc' dir='ltr'>οῦν</span> <span class='ocrx_word' id='word_1_271' title='bbox 1524 3256 1590 3310; x_wconf 84' lang='grc' dir='ltr'>ἀν</span> <span class='ocrx_word' id='word_1_272' title='bbox 1611 3275 1696 3322; x_wconf 92' lang='grc' dir='ltr'>τις</span> <span class='ocrx_word' id='word_1_273' title='bbox 1729 3257 1842 3330; x_wconf 79' lang='grc' dir='ltr'>ἔχοι</span> <span class='ocrx_word' id='word_1_274' title='bbox 1873 3261 1996 3314; x_wconf 91' lang='grc' dir='ltr'>τού-</span> 
     </span>
    </p>
   </div>
   <div class='ocr_carea' id='block_1_35' title="bbox 323 3339 2002 3413">
    <p class='ocr_par' dir='ltr' id='par_1_35' title="bbox 323 3339 2002 3413">
     <span class='ocr_line' id='line_1_35' title="bbox 323 3339 2002 3413; baseline 0.008 -23"><span class='ocrx_word' id='word_1_275' title='bbox 323 3353 431 3391; x_wconf 90' lang='grc' dir='ltr'>των</span> <span class='ocrx_word' id='word_1_276' title='bbox 459 3339 786 3413; x_wconf 72' lang='grc' dir='ltr'>ἀντίρροπον</span> <span class='ocrx_word' id='word_1_277' title='bbox 816 3341 926 3395; x_wconf 91' lang='grc' dir='ltr'>τῶν</span> <span class='ocrx_word' id='word_1_278' title='bbox 971 3339 1165 3398; x_wconf 87' lang='grc' dir='ltr'>κακῶν</span> <span class='ocrx_word' id='word_1_279' title='bbox 1205 3342 1404 3413; x_wconf 75' lang='grc' dir='ltr'>ἡδονὴν</span> <span class='ocrx_word' id='word_1_280' title='bbox 1455 3344 1665 3411; x_wconf 86' lang='grc' dir='ltr'>είπεῖν;</span> <span class='ocrx_word' id='word_1_281' title='bbox 1723 3348 1883 3402; x_wconf 90' lang='grc' dir='ltr'>ποίαν</span> <span class='ocrx_word' id='word_1_282' title='bbox 1935 3342 2002 3402; x_wconf 85' lang='grc' dir='ltr'>δὲ’</span> 
     </span>
    </p>
   </div>
   <div class='ocr_carea' id='block_1_36' title="bbox 321 3425 1995 3502">
    <p class='ocr_par' dir='ltr' id='par_1_36' title="bbox 321 3425 1995 3502">
     <span class='ocr_line' id='line_1_36' title="bbox 321 3425 1995 3502; baseline 0.008 -25"><span class='ocrx_word' id='word_1_283' title='bbox 321 3425 422 3479; x_wconf 84' lang='grc' dir='ltr'>οὐκ</span> <span class='ocrx_word' id='word_1_284' title='bbox 449 3426 515 3480; x_wconf 84' lang='grc' dir='ltr'>ἄν</span> <span class='ocrx_word' id='word_1_285' title='bbox 538 3445 622 3492; x_wconf 90' lang='grc' dir='ltr'>τις</span> <span class='ocrx_word' id='word_1_286' title='bbox 641 3429 814 3483; x_wconf 77' lang='grc' dir='ltr'>ἕλοιτο</span> <span class='ocrx_word' id='word_1_287' title='bbox 841 3430 1264 3502; x_wconf 87' lang='grc' dir='ltr'>σκληραγωγίαν</span> <span class='ocrx_word' id='word_1_288' title='bbox 1298 3430 1438 3501; x_wconf 79' lang='grc' dir='ltr'>ὑπὲρ</span> <span class='ocrx_word' id='word_1_289' title='bbox 1466 3432 1567 3502; x_wconf 89' lang='grc' dir='ltr'>τῆς</span> <span class='ocrx_word' id='word_1_290' title='bbox 1583 3433 1788 3488; x_wconf 90' lang='grc' dir='ltr'>τούτων</span> <span class='ocrx_word' id='word_1_291' title='bbox 1816 3435 1995 3490; x_wconf 89' lang='grc' dir='ltr'>ἀπαλ-</span> 
     </span>
    </p>
   </div>
   <div class='ocr_carea' id='block_1_37' title="bbox 322 3511 988 3584">
    <p class='ocr_par' dir='ltr' id='par_1_37' title="bbox 322 3511 988 3584">
     <span class='ocr_line' id='line_1_37' title="bbox 322 3511 988 3584; baseline 0.006 -19"><span class='ocrx_word' id='word_1_292' title='bbox 322 3511 518 3584; x_wconf 86' lang='grc' dir='ltr'>λαγῆς;</span> <span class='ocrx_word' id='word_1_293' title='bbox 983 3560 988 3562; x_wconf 93' lang='grc'>.</span> 
     </span>
    </p>
   </div>
   <div class='ocr_carea' id='block_1_38' title="bbox 376 3603 1990 3684">
    <p class='ocr_par' dir='ltr' id='par_1_38' title="bbox 376 3603 1990 3684">
     <span class='ocr_line' id='line_1_38' title="bbox 376 3603 1990 3684; baseline 0.008 -30"><span class='ocrx_word' id='word_1_294' title='bbox 376 3606 454 3657; x_wconf 84' lang='lat'>0’.</span> <span class='ocrx_word' id='word_1_295' title='bbox 473 3603 612 3656; x_wconf 85' lang='grc' dir='ltr'>Ἀλλ’</span> <span class='ocrx_word' id='word_1_296' title='bbox 629 3606 726 3674; x_wconf 93' lang='grc' dir='ltr'>οὐχ</span> <span class='ocrx_word' id='word_1_297' title='bbox 745 3606 778 3676; x_wconf 88' lang='grc' dir='ltr'>ἡ</span> <span class='ocrx_word' id='word_1_298' title='bbox 801 3606 1044 3660; x_wconf 81' lang='grc' dir='ltr'>εὐτέλεια</span> <span class='ocrx_word' id='word_1_299' title='bbox 1059 3607 1303 3681; x_wconf 87' lang='grc' dir='ltr'>τοιαύτη,</span> <span class='ocrx_word' id='word_1_300' title='bbox 1325 3610 1461 3665; x_wconf 87' lang='grc' dir='ltr'>ἀλλά</span> <span class='ocrx_word' id='word_1_301' title='bbox 1471 3611 1658 3684; x_wconf 77' lang='grc' dir='ltr'>πόρρω</span> <span class='ocrx_word' id='word_1_302' title='bbox 1673 3611 1875 3667; x_wconf 89' lang='grc' dir='ltr'>τούτων</span> <span class='ocrx_word' id='word_1_303' title='bbox 1891 3615 1990 3683; x_wconf 88' lang='grc' dir='ltr'>ἀφ-</span> 
     </span>
    </p>
   </div>
   <div class='ocr_carea' id='block_1_39' title="bbox 322 3690 1989 3773">
    <p class='ocr_par' dir='ltr' id='par_1_39' title="bbox 322 3690 1989 3773">
     <span class='ocr_line' id='line_1_39' title="bbox 322 3690 1989 3773; baseline 0.008 -31"><span class='ocrx_word' id='word_1_304' title='bbox 322 3690 522 3760; x_wconf 85' lang='grc' dir='ltr'>έστηκε</span> <span class='ocrx_word' id='word_1_305' title='bbox 536 3691 642 3746; x_wconf 88' lang='grc' dir='ltr'>τῶν</span> <span class='ocrx_word' id='word_1_306' title='bbox 655 3693 953 3766; x_wconf 87' lang='grc' dir='ltr'>δυσχερῶν,</span> <span class='ocrx_word' id='word_1_307' title='bbox 977 3696 1190 3765; x_wconf 86' lang='grc' dir='ltr'>ὑγιείας</span> <span class='ocrx_word' id='word_1_308' title='bbox 1206 3698 1300 3752; x_wconf 72' lang='grc' dir='ltr'>καὶ</span> <span class='ocrx_word' id='word_1_309' title='bbox 1326 3697 1539 3765; x_wconf 80' lang='grc' dir='ltr'>εὐεξίας</span> <span class='ocrx_word' id='word_1_310' title='bbox 1552 3696 1686 3754; x_wconf 85' lang='grc' dir='ltr'>οῦσα</span> <span class='ocrx_word' id='word_1_311' title='bbox 1707 3703 1989 3773; x_wconf 87' lang='grc' dir='ltr'>ποιητική.</span> 
     </span>
    </p>
   </div>
   <div class='ocr_carea' id='block_1_40' title="bbox 322 3777 1991 3862">
    <p class='ocr_par' dir='ltr' id='par_1_40' title="bbox 322 3777 1991 3862">
     <span class='ocr_line' id='line_1_40' title="bbox 322 3777 1991 3862; baseline 0.007 -32"><span class='ocrx_word' id='word_1_312' title='bbox 322 3778 387 3831; x_wconf 85' lang='grc' dir='ltr'><strong>Εἰ</strong></span> <span class='ocrx_word' id='word_1_313' title='bbox 416 3777 474 3832; x_wconf 84' lang='grc' dir='ltr'>δὲ</span> <span class='ocrx_word' id='word_1_314' title='bbox 506 3780 602 3834; x_wconf 77' lang='grc' dir='ltr'>καὶ</span> <span class='ocrx_word' id='word_1_315' title='bbox 629 3781 822 3854; x_wconf 85' lang='grc' dir='ltr'>ἡδονήν</span> <span class='ocrx_word' id='word_1_316' title='bbox 859 3801 945 3849; x_wconf 90' lang='grc' dir='ltr'>τις</span> <span class='ocrx_word' id='word_1_317' title='bbox 976 3785 1286 3859; x_wconf 80' lang='grc' dir='ltr'>ἐπιζητοίη,</span> <span class='ocrx_word' id='word_1_318' title='bbox 1323 3790 1418 3843; x_wconf 61' lang='grc' dir='ltr'>καὶ⁵</span> <span class='ocrx_word' id='word_1_319' title='bbox 1443 3789 1649 3860; x_wconf 87' lang='grc' dir='ltr'>ταύτην</span> <span class='ocrx_word' id='word_1_320' title='bbox 1697 3791 1830 3860; x_wconf 87' lang='grc' dir='ltr'>παρ’</span> <span class='ocrx_word' id='word_1_321' title='bbox 1853 3791 1991 3862; x_wconf 85' lang='grc' dir='ltr'>αὐτῇ</span> 
     </span>
    </p>
   </div>
   <div class='ocr_carea' id='block_1_41' title="bbox 327 3863 1996 3950">
    <p class='ocr_par' dir='ltr' id='par_1_41' title="bbox 327 3863 1996 3950">
     <span class='ocr_line' id='line_1_41' title="bbox 327 3863 1996 3950; baseline 0.009 -31"><span class='ocrx_word' id='word_1_322' title='bbox 327 3865 551 3937; x_wconf 77' lang='grc' dir='ltr'>μείζονα</span> <span class='ocrx_word' id='word_1_323' title='bbox 564 3863 729 3924; x_wconf 83' lang='grc' dir='ltr'>οὖσαν</span> <span class='ocrx_word' id='word_1_324' title='bbox 751 3873 974 3944; x_wconf 75' lang='grc' dir='ltr'>εὑρήσει</span> <span class='ocrx_word' id='word_1_325' title='bbox 997 3875 1094 3946; x_wconf 88' lang='grc' dir='ltr'>τῆς</span> <span class='ocrx_word' id='word_1_326' title='bbox 1113 3876 1327 3948; x_wconf 85' lang='grc' dir='ltr'>τρυφῆς</span> <span class='ocrx_word' id='word_1_327' title='bbox 1346 3894 1360 3908; x_wconf 88' lang='grc'><strong>·</strong></span> <span class='ocrx_word' id='word_1_328' title='bbox 1393 3878 1490 3931; x_wconf 79' lang='grc' dir='ltr'>καὶ</span> <span class='ocrx_word' id='word_1_329' title='bbox 1521 3878 1736 3949; x_wconf 87' lang='grc' dir='ltr'>πρῶτον</span> <span class='ocrx_word' id='word_1_330' title='bbox 1763 3879 1860 3950; x_wconf 84' lang='grc' dir='ltr'>μὲν</span> <span class='ocrx_word' id='word_1_331' title='bbox 1889 3880 1996 3934; x_wconf 85' lang='grc' dir='ltr'>ἀπὺ</span> 
     </span>
    </p>
   </div>
   <div class='ocr_carea' id='block_1_42' title="bbox 322 3954 1992 4038">
    <p class='ocr_par' dir='ltr' id='par_1_42' title="bbox 322 3954 1992 4038">
     <span class='ocr_line' id='line_1_42' title="bbox 322 3954 1992 4038; baseline 0.01 -32"><span class='ocrx_word' id='word_1_332' title='bbox 322 3954 417 4038; x_wconf 71' lang='grc' dir='ltr'>τοῦ</span> <span class='ocrx_word' id='word_1_333' title='bbox 439 3957 712 4029; x_wconf 77' lang='grc' dir='ltr'>ἐρρῶσθαι</span> <span class='ocrx_word' id='word_1_334' title='bbox 727 3961 822 4014; x_wconf 75' lang='grc' dir='ltr'>καὶ</span> <span class='ocrx_word' id='word_1_335' title='bbox 849 3962 1036 4032; x_wconf 82' lang='grc' dir='ltr'>μηδενὶ</span> <span class='ocrx_word' id='word_1_336' title='bbox 1055 3963 1162 4018; x_wconf 91' lang='grc' dir='ltr'>τῶν</span> <span class='ocrx_word' id='word_1_337' title='bbox 1181 3965 1366 4020; x_wconf 86' lang='grc' dir='ltr'>κακῶν</span> <span class='ocrx_word' id='word_1_338' title='bbox 1389 3966 1725 4038; x_wconf 76' lang='grc' dir='ltr'>ἐνοχλεῖσθαι</span> <span class='ocrx_word' id='word_1_339' title='bbox 1747 3967 1992 4032; x_wconf 83' lang='grc' dir='ltr'>ἐκείνων,</span> 
     </span>
    </p>
   </div>
   <div class='ocr_carea' id='block_1_43' title="bbox 324 4035 1996 4111">
    <p class='ocr_par' dir='ltr' id='par_1_43' title="bbox 324 4035 1996 4111">
     <span class='ocr_line' id='line_1_43' title="bbox 324 4035 1996 4111; baseline 0.008 -14"><span class='ocrx_word' id='word_1_340' title='bbox 324 4035 402 4098; x_wconf 77' lang='grc' dir='ltr'>ὧν</span> <span class='ocrx_word' id='word_1_341' title='bbox 448 4045 678 4102; x_wconf 77' lang='grc' dir='ltr'>ἕκαστον</span> <span class='ocrx_word' id='word_1_342' title='bbox 708 4051 803 4103; x_wconf 78' lang='grc' dir='ltr'>καὶ</span> <span class='ocrx_word' id='word_1_343' title='bbox 840 4051 962 4105; x_wconf 87' lang='grc' dir='ltr'>καθ’</span> <span class='ocrx_word' id='word_1_344' title='bbox 1013 4053 1179 4108; x_wconf 85' lang='grc' dir='ltr'>ἐαυτὸ</span> <span class='ocrx_word' id='word_1_345' title='bbox 1241 4055 1424 4110; x_wconf 78' lang='grc' dir='ltr'>πᾶσαν</span> <span class='ocrx_word' id='word_1_346' title='bbox 1460 4056 1648 4109; x_wconf 81' lang='grc' dir='ltr'>ίκανδν</span> <span class='ocrx_word' id='word_1_347' title='bbox 1678 4056 1869 4109; x_wconf 83' lang='grc' dir='ltr'>σϐέσαι</span> <span class='ocrx_word' id='word_1_348' title='bbox 1900 4059 1996 4111; x_wconf 74' lang='grc' dir='ltr'>καὶ</span> 
     </span>
    </p>
   </div>
   <div class='ocr_carea' id='block_1_44' title="bbox 324 4131 1996 4216">
    <p class='ocr_par' dir='ltr' id='par_1_44' title="bbox 324 4131 1996 4216">
     <span class='ocr_line' id='line_1_44' title="bbox 324 4131 1996 4216; baseline 0.009 -31"><span class='ocrx_word' id='word_1_349' title='bbox 324 4131 627 4206; x_wconf 76' lang='grc' dir='ltr'>ἀνατρέψαι</span> <span class='ocrx_word' id='word_1_350' title='bbox 653 4138 717 4192; x_wconf 88' lang='grc' dir='ltr'>ἐκ</span> <span class='ocrx_word' id='word_1_351' title='bbox 746 4139 960 4210; x_wconf 85' lang='grc' dir='ltr'>βάθρων</span> <span class='ocrx_word' id='word_1_352' title='bbox 984 4142 1207 4214; x_wconf 85' lang='grc' dir='ltr'>ἡδονήν·</span> <span class='ocrx_word' id='word_1_353' title='bbox 1242 4143 1496 4216; x_wconf 89' lang='grc' dir='ltr'>δεύτερον</span> <span class='ocrx_word' id='word_1_354' title='bbox 1541 4144 1600 4198; x_wconf 89' lang='grc' dir='ltr'>δέ</span> <span class='ocrx_word' id='word_1_355' title='bbox 1630 4144 1724 4196; x_wconf 74' lang='grc' dir='ltr'>καὶ</span> <span class='ocrx_word' id='word_1_356' title='bbox 1754 4144 1861 4198; x_wconf 84' lang='grc' dir='ltr'>ἀπὸ</span> <span class='ocrx_word' id='word_1_357' title='bbox 1888 4145 1996 4200; x_wconf 88' lang='grc' dir='ltr'>τῶν</span> 
     </span>
    </p>
   </div>
   <div class='ocr_carea' id='block_1_45' title="bbox 326 4221 1984 4304">
    <p class='ocr_par' dir='ltr' id='par_1_45' title="bbox 326 4221 1984 4304">
     <span class='ocr_line' id='line_1_45' title="bbox 326 4221 1984 4304; baseline 0.008 -31"><span class='ocrx_word' id='word_1_358' title='bbox 326 4221 512 4276; x_wconf 86' lang='grc' dir='ltr'>σιτίων</span> <span class='ocrx_word' id='word_1_359' title='bbox 561 4227 762 4282; x_wconf 90' lang='grc' dir='ltr'>αὐτῶν.</span> <span class='ocrx_word' id='word_1_360' title='bbox 793 4229 947 4298; x_wconf 89' lang='grc' dir='ltr'>Πῶς;</span> <span class='ocrx_word' id='word_1_361' title='bbox 985 4232 1106 4285; x_wconf 87' lang='grc' dir='ltr'>Ὅτι</span> <span class='ocrx_word' id='word_1_362' title='bbox 1147 4231 1342 4304; x_wconf 81' lang='grc' dir='ltr'>ἡδονῆς</span> <span class='ocrx_word' id='word_1_363' title='bbox 1375 4231 1658 4302; x_wconf 87' lang='grc' dir='ltr'>ποιητικὸν</span> <span class='ocrx_word' id='word_1_364' title='bbox 1692 4233 1984 4303; x_wconf 88' lang='grc' dir='ltr'>ἐπιθυμία⁶</span> 
     </span>
    </p>
   </div>
   <div class='ocr_carea' id='block_1_46' title="bbox 323 4309 2000 4394">
    <p class='ocr_par' dir='ltr' id='par_1_46' title="bbox 323 4309 2000 4394">
     <span class='ocr_line' id='line_1_46' title="bbox 323 4309 2000 4394; baseline 0.009 -32"><span class='ocrx_word' id='word_1_365' title='bbox 323 4309 622 4383; x_wconf 85' lang='grc' dir='ltr'>ἐπιθυμίαν</span> <span class='ocrx_word' id='word_1_366' title='bbox 654 4317 710 4370; x_wconf 85' lang='grc' dir='ltr'>δέ</span> <span class='ocrx_word' id='word_1_367' title='bbox 739 4319 836 4390; x_wconf 91' lang='grc' dir='ltr'>οὐχ</span> <span class='ocrx_word' id='word_1_368' title='bbox 863 4323 892 4374; x_wconf 87' lang='lat'>6</span> <span class='ocrx_word' id='word_1_369' title='bbox 921 4321 1100 4392; x_wconf 88' lang='grc' dir='ltr'>κόρος,</span> <span class='ocrx_word' id='word_1_370' title='bbox 1135 4323 1258 4376; x_wconf 80' lang='grc' dir='ltr'>οὐδὲ</span> <span class='ocrx_word' id='word_1_371' title='bbox 1296 4325 1330 4393; x_wconf 94' lang='grc' dir='ltr'>ἡ</span> <span class='ocrx_word' id='word_1_372' title='bbox 1357 4321 1678 4394; x_wconf 83' lang='grc' dir='ltr'>πλησμονὴ,</span> <span class='ocrx_word' id='word_1_373' title='bbox 1704 4322 1822 4376; x_wconf 88' lang='grc' dir='ltr'>ἀλλ’</span> <span class='ocrx_word' id='word_1_374' title='bbox 1853 4324 1886 4393; x_wconf 95' lang='grc' dir='ltr'>ἡ</span> <span class='ocrx_word' id='word_1_375' title='bbox 1911 4323 2000 4377; x_wconf 68' lang='grc' dir='ltr'>ἐν’</span> 
     </span>
    </p>
   </div>
   <div class='ocr_carea' id='block_1_47' title="bbox 323 4396 1998 4482">
    <p class='ocr_par' dir='ltr' id='par_1_47' title="bbox 323 4396 1998 4482">
     <span class='ocr_line' id='line_1_47' title="bbox 323 4396 1998 4482; baseline 0.008 -31"><span class='ocrx_word' id='word_1_376' title='bbox 323 4396 442 4452; x_wconf 87' lang='grc' dir='ltr'>δεια</span> <span class='ocrx_word' id='word_1_377' title='bbox 470 4401 622 4474; x_wconf 83' lang='grc' dir='ltr'>καὶὴ</span> <span class='ocrx_word' id='word_1_378' title='bbox 656 4407 850 4471; x_wconf 88' lang='grc' dir='ltr'>σπάνις</span> <span class='ocrx_word' id='word_1_379' title='bbox 889 4412 1056 4464; x_wconf 88' lang='grc' dir='ltr'>ποιεῖ.</span> <span class='ocrx_word' id='word_1_380' title='bbox 1098 4408 1247 4482; x_wconf 82' lang='grc' dir='ltr'>Αὕτη</span> <span class='ocrx_word' id='word_1_381' title='bbox 1281 4410 1338 4464; x_wconf 85' lang='grc' dir='ltr'>δὲ</span> <span class='ocrx_word' id='word_1_382' title='bbox 1387 4412 1488 4464; x_wconf 89' lang='grc' dir='ltr'>οὐκ</span> <span class='ocrx_word' id='word_1_383' title='bbox 1513 4412 1572 4464; x_wconf 92' lang='grc' dir='ltr'>ἐν</span> <span class='ocrx_word' id='word_1_384' title='bbox 1617 4410 1851 4476; x_wconf 83' lang='grc' dir='ltr'>ἐκείνοις</span> <span class='ocrx_word' id='word_1_385' title='bbox 1883 4415 1998 4477; x_wconf 85' lang='grc' dir='ltr'>τοῖς</span> 
     </span>
    </p>
   </div>
   <div class='ocr_carea' id='block_1_48' title="bbox 327 4490 1993 4567">
    <p class='ocr_par' dir='ltr' id='par_1_48' title="bbox 327 4490 1993 4567">
     <span class='ocr_line' id='line_1_48' title="bbox 327 4490 1993 4567; baseline 0.011 -30"><span class='ocrx_word' id='word_1_386' title='bbox 327 4490 655 4558; x_wconf 89' lang='grc' dir='ltr'>συμποσίοις</span> <span class='ocrx_word' id='word_1_387' title='bbox 684 4496 798 4558; x_wconf 89' lang='grc' dir='ltr'>τοῖς</span> <span class='ocrx_word' id='word_1_388' title='bbox 821 4495 930 4551; x_wconf 89' lang='grc' dir='ltr'>τῶν</span> <span class='ocrx_word' id='word_1_389' title='bbox 947 4497 1342 4567; x_wconf 86' lang='grc' dir='ltr'>πλουτούντων,</span> <span class='ocrx_word' id='word_1_390' title='bbox 1377 4499 1491 4552; x_wconf 84' lang='grc' dir='ltr'>ἀλλ’</span> <span class='ocrx_word' id='word_1_391' title='bbox 1526 4501 1584 4553; x_wconf 91' lang='grc' dir='ltr'>ἐν</span> <span class='ocrx_word' id='word_1_392' title='bbox 1611 4502 1723 4563; x_wconf 88' lang='grc' dir='ltr'>τοῖς</span> <span class='ocrx_word' id='word_1_393' title='bbox 1752 4501 1862 4555; x_wconf 89' lang='grc' dir='ltr'>τῶν</span> <span class='ocrx_word' id='word_1_394' title='bbox 1895 4519 1993 4555; x_wconf 87' lang='grc' dir='ltr'>πε-</span> 
     </span>
    </p>
   </div>
   <div class='ocr_carea' id='block_1_49' title="bbox 324 4575 1995 4662">
    <p class='ocr_par' dir='ltr' id='par_1_49' title="bbox 324 4575 1995 4662">
     <span class='ocr_line' id='line_1_49' title="bbox 324 4575 1995 4662; baseline 0.011 -34"><span class='ocrx_word' id='word_1_395' title='bbox 324 4575 566 4647; x_wconf 87' lang='grc' dir='ltr'>νομένων</span> <span class='ocrx_word' id='word_1_396' title='bbox 586 4579 673 4635; x_wconf 73' lang='grc' dir='ltr'>ἀεὶ</span> <span class='ocrx_word' id='word_1_397' title='bbox 693 4583 945 4654; x_wconf 86' lang='grc' dir='ltr'>πάρεστι,</span> <span class='ocrx_word' id='word_1_398' title='bbox 970 4587 1170 4650; x_wconf 87' lang='grc' dir='ltr'>παντὸς</span> <span class='ocrx_word' id='word_1_399' title='bbox 1190 4589 1587 4659; x_wconf 79' lang='grc' dir='ltr'>τραπεζοποιοῦ</span> <span class='ocrx_word' id='word_1_400' title='bbox 1611 4591 1707 4643; x_wconf 74' lang='grc' dir='ltr'>καὶ</span> <span class='ocrx_word' id='word_1_401' title='bbox 1730 4593 1995 4662; x_wconf 86' lang='grc' dir='ltr'>μαγείρου</span> 
     </span>
    </p>
   </div>
   <div class='ocr_carea' id='block_1_50' title="bbox 328 4667 1997 4750">
    <p class='ocr_par' dir='ltr' id='par_1_50' title="bbox 328 4667 1997 4750">
     <span class='ocr_line' id='line_1_50' title="bbox 328 4667 1997 4750; baseline 0.008 -28"><span class='ocrx_word' id='word_1_402' title='bbox 328 4667 529 4736; x_wconf 78' lang='grc' dir='ltr'>μᾶλλον</span> <span class='ocrx_word' id='word_1_403' title='bbox 553 4669 919 4735; x_wconf 85' lang='grc' dir='ltr'>ἐπιστάζουσα</span> <span class='ocrx_word' id='word_1_404' title='bbox 947 4674 1083 4727; x_wconf 87' lang='grc' dir='ltr'>πολύ</span> <span class='ocrx_word' id='word_1_405' title='bbox 1121 4677 1234 4739; x_wconf 88' lang='grc' dir='ltr'>τοῖς</span> <span class='ocrx_word' id='word_1_406' title='bbox 1266 4677 1648 4748; x_wconf 88' lang='grc' dir='ltr'>προκειμένοις</span> <span class='ocrx_word' id='word_1_407' title='bbox 1667 4678 1730 4730; x_wconf 80' lang='grc' dir='ltr'>τὸ</span> <span class='ocrx_word' id='word_1_408' title='bbox 1763 4679 1905 4750; x_wconf 90' lang='grc' dir='ltr'>μέλι.</span> <span class='ocrx_word' id='word_1_409' title='bbox 1933 4682 1997 4737; x_wconf 71' lang='lat' dir='ltr'><strong><em>Ol</em></strong></span> 
     </span>
    </p>
   </div>
   <div class='ocr_carea' id='block_1_51' title="bbox 327 4756 1998 4842">
    <p class='ocr_par' dir='ltr' id='par_1_51' title="bbox 327 4756 1998 4842">
     <span class='ocr_line' id='line_1_51' title="bbox 327 4756 1998 4842; baseline 0.008 -33"><span class='ocrx_word' id='word_1_410' title='bbox 327 4756 427 4826; x_wconf 86' lang='grc' dir='ltr'>μὲν</span> <span class='ocrx_word' id='word_1_411' title='bbox 460 4757 568 4829; x_wconf 84' lang='grc' dir='ltr'>γάρ</span> <span class='ocrx_word' id='word_1_412' title='bbox 592 4758 951 4825; x_wconf 81' lang='grc' dir='ltr'>πλουτοῦντες</span> <span class='ocrx_word' id='word_1_413' title='bbox 975 4761 1100 4816; x_wconf 84' lang='grc' dir='ltr'>οὕτε</span> <span class='ocrx_word' id='word_1_414' title='bbox 1123 4763 1420 4828; x_wconf 87' lang='grc' dir='ltr'>πεινῶντες</span> <span class='ocrx_word' id='word_1_415' title='bbox 1441 4764 1704 4829; x_wconf 90' lang='grc' dir='ltr'>ἐσθίουσι,</span> <span class='ocrx_word' id='word_1_416' title='bbox 1721 4769 1814 4822; x_wconf 71' lang='grc' dir='ltr'>καὶ</span> <span class='ocrx_word' id='word_1_417' title='bbox 1827 4769 1998 4842; x_wconf 74' lang='grc' dir='ltr'>χωρὶς</span> 
     </span>
    </p>
   </div>
   <div class='ocr_carea' id='block_1_52' title="bbox 324 4844 1996 4923">
    <p class='ocr_par' dir='ltr' id='par_1_52' title="bbox 324 4844 1996 4923">
     <span class='ocr_line' id='line_1_52' title="bbox 324 4844 1996 4923; baseline 0.008 -26"><span class='ocrx_word' id='word_1_418' title='bbox 324 4844 420 4898; x_wconf 92' lang='grc' dir='ltr'>τοῦ</span> <span class='ocrx_word' id='word_1_419' title='bbox 451 4845 624 4916; x_wconf 79' lang='grc' dir='ltr'>διψεῖν</span> <span class='ocrx_word' id='word_1_420' title='bbox 662 4847 902 4916; x_wconf 90' lang='grc' dir='ltr'>πίνουσι,</span> <span class='ocrx_word' id='word_1_421' title='bbox 940 4851 1033 4904; x_wconf 77' lang='grc' dir='ltr'>καὶ</span> <span class='ocrx_word' id='word_1_422' title='bbox 1059 4851 1188 4922; x_wconf 78' lang='grc' dir='ltr'>πρὶν</span> <span class='ocrx_word' id='word_1_423' title='bbox 1231 4852 1477 4923; x_wconf 83' lang='grc' dir='ltr'>σφοδρῶς</span> <span class='ocrx_word' id='word_1_424' title='bbox 1528 4853 1716 4918; x_wconf 90' lang='grc' dir='ltr'>αὐτοῖς</span> <span class='ocrx_word' id='word_1_425' title='bbox 1746 4855 1996 4912; x_wconf 81' lang='grc' dir='ltr'>ἐπελθεῖν</span> 
     </span>
    </p>
   </div>
   <div class='ocr_carea' id='block_1_53' title="bbox 329 4930 1996 5008">
    <p class='ocr_par' dir='ltr' id='par_1_53' title="bbox 329 4930 1996 5008">
     <span class='ocr_line' id='line_1_53' title="bbox 329 4930 1996 5008; baseline 0.008 -22"><span class='ocrx_word' id='word_1_426' title='bbox 329 4930 483 5006; x_wconf 70' lang='grc' dir='ltr'>Ῐὸτὶὸ]</span> <span class='ocrx_word' id='word_1_427' title='bbox 513 4935 612 5004; x_wconf 86' lang='grc' dir='ltr'>τὴν</span> <span class='ocrx_word' id='word_1_428' title='bbox 655 4935 903 5008; x_wconf 75' lang='grc' dir='ltr'>ἀνάγκην</span> <span class='ocrx_word' id='word_1_429' title='bbox 930 4937 1024 4992; x_wconf 91' lang='grc' dir='ltr'>τοῦ</span> <span class='ocrx_word' id='word_1_430' title='bbox 1052 4938 1220 4992; x_wconf 80' lang='grc' dir='ltr'>ὕπνου</span> <span class='ocrx_word' id='word_1_431' title='bbox 1271 4940 1625 4995; x_wconf 88' lang='grc' dir='ltr'>καθεύδουσιν</span> <span class='ocrx_word' id='word_1_432' title='bbox 1648 4958 1659 4972; x_wconf 85' lang='grc'><em>’</em></span> <span class='ocrx_word' id='word_1_433' title='bbox 1683 4934 1829 4998; x_wconf 78' lang='grc' dir='ltr'>οὗτοι</span> <span class='ocrx_word' id='word_1_434' title='bbox 1849 4945 1905 4998; x_wconf 88' lang='grc' dir='ltr'>δέ</span> <span class='ocrx_word' id='word_1_435' title='bbox 1937 4946 1996 5000; x_wconf 89' lang='grc' dir='ltr'>ἐν</span> 
     </span>
    </p>
   </div>
   <div class='ocr_carea' id='block_1_54' title="bbox 326 5021 1998 5104">
    <p class='ocr_par' dir='ltr' id='par_1_54' title="bbox 326 5021 1998 5104">
     <span class='ocr_line' id='line_1_54' title="bbox 326 5021 1998 5104; baseline 0.008 -30"><span class='ocrx_word' id='word_1_436' title='bbox 326 5021 486 5093; x_wconf 80' lang='grc' dir='ltr'>χρείᾳ</span> <span class='ocrx_word' id='word_1_437' title='bbox 514 5023 719 5078; x_wconf 91' lang='grc' dir='ltr'>τούτων</span> <span class='ocrx_word' id='word_1_438' title='bbox 743 5025 1131 5097; x_wconf 83' lang='grc' dir='ltr'>καθιστάμενοι</span> <span class='ocrx_word' id='word_1_439' title='bbox 1160 5029 1422 5100; x_wconf 89' lang='grc' dir='ltr'>πρότερον</span> <span class='ocrx_word' id='word_1_440' title='bbox 1435 5029 1610 5095; x_wconf 82' lang='grc' dir='ltr'>οὕτως</span> <span class='ocrx_word' id='word_1_441' title='bbox 1631 5031 1812 5087; x_wconf 84' lang='grc' dir='ltr'>αὐτῶν</span> <span class='ocrx_word' id='word_1_442' title='bbox 1869 5051 1998 5104; x_wconf 76' lang='grc' dir='ltr'>μετο</span> 
     </span>
    </p>
   </div>
   <div class='ocr_carea' id='block_1_55' title="bbox 324 5111 1994 5190">
    <p class='ocr_par' dir='ltr' id='par_1_55' title="bbox 324 5111 1994 5190">
     <span class='ocr_line' id='line_1_55' title="bbox 324 5111 1994 5190; baseline 0.007 -26"><span class='ocrx_word' id='word_1_443' title='bbox 324 5111 574 5180; x_wconf 75' lang='grc' dir='ltr'>έχουσινο</span> <span class='ocrx_word' id='word_1_444' title='bbox 608 5111 638 5165; x_wconf 84' lang='lat'>6</span> <span class='ocrx_word' id='word_1_445' title='bbox 661 5113 899 5184; x_wconf 89' lang='grc' dir='ltr'>μάλιστα</span> <span class='ocrx_word' id='word_1_446' title='bbox 933 5115 1150 5170; x_wconf 89' lang='grc' dir='ltr'>πάντων</span> <span class='ocrx_word' id='word_1_447' title='bbox 1177 5116 1329 5184; x_wconf 77' lang='grc' dir='ltr'>αὔξει</span> <span class='ocrx_word' id='word_1_448' title='bbox 1356 5116 1426 5173; x_wconf 88' lang='grc' dir='ltr'>τά</span> <span class='ocrx_word' id='word_1_449' title='bbox 1446 5119 1546 5190; x_wconf 86' lang='grc' dir='ltr'>τῆς</span> <span class='ocrx_word' id='word_1_450' title='bbox 1565 5119 1779 5190; x_wconf 83' lang='grc' dir='ltr'>ἡδονῆς.</span> <span class='ocrx_word' id='word_1_451' title='bbox 1813 5121 1914 5176; x_wconf 87' lang='grc' dir='ltr'>Διά</span> <span class='ocrx_word' id='word_1_452' title='bbox 1941 5123 1994 5176; x_wconf 91' lang='grc' dir='ltr'>τί</span> 
     </span>
    </p>
   </div>
   <div class='ocr_carea' id='block_1_56' title="bbox 326 5197 1993 5276">
    <p class='ocr_par' dir='ltr' id='par_1_56' title="bbox 326 5197 1993 5276">
     <span class='ocr_line' id='line_1_56' title="bbox 326 5197 1993 5276; baseline 0.008 -26"><span class='ocrx_word' id='word_1_453' title='bbox 326 5197 457 5270; x_wconf 82' lang='grc' dir='ltr'>γάρ,</span> <span class='ocrx_word' id='word_1_454' title='bbox 506 5200 628 5254; x_wconf 90' lang='grc' dir='ltr'>είπέ</span> <span class='ocrx_word' id='word_1_455' title='bbox 678 5219 790 5272; x_wconf 89' lang='grc' dir='ltr'>μοι,</span> <span class='ocrx_word' id='word_1_456' title='bbox 825 5203 920 5256; x_wconf 78' lang='grc' dir='ltr'>καὶ</span> <span class='ocrx_word' id='word_1_457' title='bbox 965 5205 994 5258; x_wconf 98' lang='lat'>6</span> <span class='ocrx_word' id='word_1_458' title='bbox 1041 5204 1294 5276; x_wconf 85' lang='grc' dir='ltr'>Σολομὼν</span> <span class='ocrx_word' id='word_1_459' title='bbox 1325 5206 1418 5260; x_wconf 85' lang='grc' dir='ltr'>τὸν</span> <span class='ocrx_word' id='word_1_460' title='bbox 1446 5205 1614 5262; x_wconf 87' lang='grc' dir='ltr'>ὕπνον</span> <span class='ocrx_word' id='word_1_461' title='bbox 1667 5208 1759 5262; x_wconf 87' lang='grc' dir='ltr'>τοῦ</span> <span class='ocrx_word' id='word_1_462' title='bbox 1807 5209 1993 5263; x_wconf 90' lang='grc' dir='ltr'>δούλου</span> 
     </span>
    </p>
   </div>
   <div class='ocr_carea' id='block_1_57' title="bbox 329 5283 1994 5366">
    <p class='ocr_par' dir='ltr' id='par_1_57' title="bbox 329 5283 1994 5366">
     <span class='ocr_line' id='line_1_57' title="bbox 329 5283 1994 5366; baseline 0.008 -28"><span class='ocrx_word' id='word_1_463' title='bbox 329 5286 496 5357; x_wconf 72' lang='grc' dir='ltr'>φησὶν</span> <span class='ocrx_word' id='word_1_464' title='bbox 510 5283 649 5343; x_wconf 76' lang='grc' dir='ltr'>εἷναι</span> <span class='ocrx_word' id='word_1_465' title='bbox 666 5291 814 5360; x_wconf 78' lang='grc' dir='ltr'>ἡδὺν,</span> <span class='ocrx_word' id='word_1_466' title='bbox 831 5291 1031 5345; x_wconf 74' lang='grc' dir='ltr'>οὑτωσὶ</span> <span class='ocrx_word' id='word_1_467' title='bbox 1051 5292 1248 5362; x_wconf 87' lang='grc' dir='ltr'>λέγων,</span> <span class='ocrx_word' id='word_1_468' title='bbox 1274 5295 1447 5360; x_wconf 84' lang='grc' dir='ltr'>Ἠδὺς</span> <span class='ocrx_word' id='word_1_469' title='bbox 1467 5296 1654 5362; x_wconf 83' lang='grc' dir='ltr'>ὕπνος</span> <span class='ocrx_word' id='word_1_470' title='bbox 1675 5294 1755 5359; x_wconf 82' lang='grc' dir='ltr'>τῷ</span> <span class='ocrx_word' id='word_1_471' title='bbox 1773 5296 1994 5366; x_wconf 81' lang='grc' dir='ltr'>δούλῳ,</span> 
     </span>
    </p>
   </div>
   <div class='ocr_carea' id='block_1_58' title="bbox 329 5371 1998 5457">
    <p class='ocr_par' dir='ltr' id='par_1_58' title="bbox 329 5371 1998 5457">
     <span class='ocr_line' id='line_1_58' title="bbox 329 5371 1998 5457; baseline 0.008 -31"><span class='ocrx_word' id='word_1_472' title='bbox 329 5371 410 5426; x_wconf 71' lang='grc' dir='ltr'>ἄν</span> <span class='ocrx_word' id='word_1_473' title='bbox 433 5391 498 5427; x_wconf 81' lang='grc' dir='ltr'>τε</span> <span class='ocrx_word' id='word_1_474' title='bbox 523 5376 702 5442; x_wconf 77' lang='grc' dir='ltr'>πολὺ,</span> <span class='ocrx_word' id='word_1_475' title='bbox 731 5377 808 5431; x_wconf 80' lang='grc' dir='ltr'>ἄν</span> <span class='ocrx_word' id='word_1_476' title='bbox 835 5396 899 5434; x_wconf 87' lang='grc' dir='ltr'>τε</span> <span class='ocrx_word' id='word_1_477' title='bbox 924 5380 1134 5450; x_wconf 77' lang='grc' dir='ltr'>ὀλίγον</span> <span class='ocrx_word' id='word_1_478' title='bbox 1159 5381 1359 5452; x_wconf 70' lang='grc' dir='ltr'>φάγῃς</span> <span class='ocrx_word' id='word_1_479' title='bbox 1402 5379 1552 5454; x_wconf 75' lang='grc' dir='ltr'>Ἀρα</span> <span class='ocrx_word' id='word_1_480' title='bbox 1575 5383 1665 5437; x_wconf 84' lang='grc' dir='ltr'>διὰ</span> <span class='ocrx_word' id='word_1_481' title='bbox 1694 5385 1792 5456; x_wconf 82' lang='grc' dir='ltr'>τὴν</span> <span class='ocrx_word' id='word_1_482' title='bbox 1831 5402 1998 5457; x_wconf 90' lang='grc' dir='ltr'>στρω-</span> 
     </span>
    </p>
   </div>
   <div class='ocr_carea' id='block_1_59' title="bbox 333 5461 1997 5543">
    <p class='ocr_par' dir='ltr' id='par_1_59' title="bbox 333 5461 1997 5543">
     <span class='ocr_line' id='line_1_59' title="bbox 333 5461 1997 5543; baseline 0.008 -29"><span class='ocrx_word' id='word_1_483' title='bbox 333 5461 474 5532; x_wconf 72' lang='grc' dir='ltr'>μνὴν</span> <span class='ocrx_word' id='word_1_484' title='bbox 506 5462 605 5534; x_wconf 82' lang='grc' dir='ltr'>τὴν</span> <span class='ocrx_word' id='word_1_485' title='bbox 631 5463 848 5536; x_wconf 77' lang='grc' dir='ltr'>ἁπαλήν</span> <span class='ocrx_word' id='word_1_486' title='bbox 869 5483 882 5531; x_wconf 90' lang='grc'><strong>;</strong></span> <span class='ocrx_word' id='word_1_487' title='bbox 907 5467 1019 5520; x_wconf 84' lang='lat' dir='ltr'><strong><em>Kal</em></strong></span> <span class='ocrx_word' id='word_1_488' title='bbox 1045 5467 1152 5539; x_wconf 78' lang='grc' dir='ltr'>μὴν</span> <span class='ocrx_word' id='word_1_489' title='bbox 1188 5469 1280 5522; x_wconf 74' lang='grc' dir='ltr'>ἐπὶ</span> <span class='ocrx_word' id='word_1_490' title='bbox 1312 5470 1592 5543; x_wconf 83' lang='grc' dir='ltr'>ἐδάφουςῆ</span> <span class='ocrx_word' id='word_1_491' title='bbox 1623 5473 1716 5526; x_wconf 79' lang='grc' dir='ltr'>ἐπὶ</span> <span class='ocrx_word' id='word_1_492' title='bbox 1748 5472 1997 5538; x_wconf 89' lang='grc' dir='ltr'>στιϐάδος</span> 
     </span>
    </p>
   </div>
   <div class='ocr_carea' id='block_1_60' title="bbox 327 5548 1996 5633">
    <p class='ocr_par' dir='ltr' id='par_1_60' title="bbox 327 5548 1996 5633">
     <span class='ocr_line' id='line_1_60' title="bbox 327 5548 1996 5633; baseline 0.007 -30"><span class='ocrx_word' id='word_1_493' title='bbox 327 5548 379 5603; x_wconf 81' lang='grc' dir='ltr'>οῑ</span> <span class='ocrx_word' id='word_1_494' title='bbox 411 5549 631 5614; x_wconf 90' lang='grc' dir='ltr'>πλείους</span> <span class='ocrx_word' id='word_1_495' title='bbox 684 5553 1060 5610; x_wconf 88' lang='grc' dir='ltr'>καθεύδουσιν.</span> <span class='ocrx_word' id='word_1_496' title='bbox 1113 5557 1274 5612; x_wconf 84' lang='grc' dir='ltr'>Ἀλλά</span> <span class='ocrx_word' id='word_1_497' title='bbox 1311 5559 1399 5613; x_wconf 86' lang='grc' dir='ltr'>διά</span> <span class='ocrx_word' id='word_1_498' title='bbox 1435 5559 1536 5633; x_wconf 83' lang='grc' dir='ltr'>τὴν</span> <span class='ocrx_word' id='word_1_499' title='bbox 1581 5562 1799 5625; x_wconf 78' lang='grc' dir='ltr'>ἀδειανς</span> <span class='ocrx_word' id='word_1_500' title='bbox 1855 5561 1996 5614; x_wconf 79' lang='grc' dir='ltr'>Ἀλλ’</span> 
     </span>
    </p>
   </div>
   <div class='ocr_carea' id='block_1_61' title="bbox 327 5637 1995 5720">
    <p class='ocr_par' dir='ltr' id='par_1_61' title="bbox 327 5637 1995 5720">
     <span class='ocr_line' id='line_1_61' title="bbox 327 5637 1995 5720; baseline 0.007 -29"><span class='ocrx_word' id='word_1_501' title='bbox 327 5637 452 5692; x_wconf 80' lang='grc' dir='ltr'>οὐδὲ</span> <span class='ocrx_word' id='word_1_502' title='bbox 489 5641 694 5711; x_wconf 80' lang='grc' dir='ltr'>μικρᾶς</span> <span class='ocrx_word' id='word_1_503' title='bbox 728 5641 922 5714; x_wconf 86' lang='grc' dir='ltr'>καιροῦ</span> <span class='ocrx_word' id='word_1_504' title='bbox 961 5645 1134 5716; x_wconf 80' lang='grc' dir='ltr'>ῥοπῆς</span> <span class='ocrx_word' id='word_1_505' title='bbox 1163 5648 1269 5702; x_wconf 89' lang='grc' dir='ltr'>είσι</span> <span class='ocrx_word' id='word_1_506' title='bbox 1317 5648 1521 5720; x_wconf 88' lang='grc' dir='ltr'>κύριοι.</span> <span class='ocrx_word' id='word_1_507' title='bbox 1564 5649 1726 5703; x_wconf 80' lang='grc' dir='ltr'>Ἀλλα</span> <span class='ocrx_word' id='word_1_508' title='bbox 1772 5648 1860 5704; x_wconf 81' lang='grc' dir='ltr'>6ιά</span> <span class='ocrx_word' id='word_1_509' title='bbox 1897 5648 1995 5720; x_wconf 78' lang='grc' dir='ltr'>τὴν</span> 
     </span>
    </p>
   </div>
   <div class='ocr_carea' id='block_1_62' title="bbox 335 5725 1996 5810">
    <p class='ocr_par' dir='ltr' id='par_1_62' title="bbox 335 5725 1996 5810">
     <span class='ocr_line' id='line_1_62' title="bbox 335 5725 1996 5810; baseline 0.01 -33"><span class='ocrx_word' id='word_1_510' title='bbox 335 5725 655 5800; x_wconf 75' lang='grc' dir='ltr'>ρᾳστώνηνς</span> <span class='ocrx_word' id='word_1_511' title='bbox 699 5731 836 5784; x_wconf 84' lang='grc' dir='ltr'>Ἀλλ’</span> <span class='ocrx_word' id='word_1_512' title='bbox 864 5733 927 5786; x_wconf 92' lang='grc' dir='ltr'>οὐ</span> <span class='ocrx_word' id='word_1_513' title='bbox 955 5733 1376 5806; x_wconf 88' lang='grc' dir='ltr'>διαλιμπάνουσι</span> <span class='ocrx_word' id='word_1_514' title='bbox 1419 5738 1640 5809; x_wconf 81' lang='grc' dir='ltr'>μόχθοις</span> <span class='ocrx_word' id='word_1_515' title='bbox 1671 5737 1996 5810; x_wconf 80' lang='grc' dir='ltr'>κοπτόμενοι</span> 
     </span>
    </p>
   </div>
   <div class='ocr_carea' id='block_1_63' title="bbox 389 5853 1408 5928">
    <p class='ocr_par' dir='ltr' id='par_1_63' title="bbox 389 5853 1408 5928">
     <span class='ocr_line' id='line_1_63' title="bbox 389 5853 1408 5928; baseline 0.007 -25"><span class='ocrx_word' id='word_1_516' title='bbox 389 5853 420 5928; x_wconf 62' lang='grc' dir='ltr'><strong>ξ</strong></span> <span class='ocrx_word' id='word_1_517' title='bbox 441 5855 564 5928; x_wconf 57' lang='grc' dir='ltr'>ἷξες.</span> <span class='ocrx_word' id='word_1_518' title='bbox 588 5861 844 5928; x_wconf 70' lang='grc' dir='ltr'>σιτοποιῶν</span> <span class='ocrx_word' id='word_1_519' title='bbox 866 5862 1202 5928; x_wconf 37' lang='grc' dir='ltr'>καὶ-μαγείρων</span> <span class='ocrx_word' id='word_1_520' title='bbox 1224 5866 1408 5928; x_wconf 78' lang='grc' dir='ltr'>τέχνας.</span> 
     </span>
    </p>
   </div>
   <div class='ocr_carea' id='block_1_64' title="bbox 393 5912 1776 5991">
    <p class='ocr_par' dir='ltr' id='par_1_64' title="bbox 393 5912 1776 5991">
     <span class='ocr_line' id='line_1_64' title="bbox 393 5912 1776 5991; baseline 0.007 -25"><span class='ocrx_word' id='word_1_521' title='bbox 393 5912 424 5957; x_wconf 66' lang='grc' dir='ltr'>ιθ</span> <span class='ocrx_word' id='word_1_522' title='bbox 444 5912 567 5983; x_wconf 55' lang='lat' dir='ltr'>Bck.</span> <span class='ocrx_word' id='word_1_523' title='bbox 593 5922 688 5980; x_wconf 79' lang='grc' dir='ltr'>τοῖς</span> <span class='ocrx_word' id='word_1_524' title='bbox 711 5923 927 5985; x_wconf 81' lang='grc' dir='ltr'>οἰκέταις,</span> <span class='ocrx_word' id='word_1_525' title='bbox 954 5912 1123 5976; x_wconf 59' lang='grc' dir='ltr'>Ποέειί</span> <span class='ocrx_word' id='word_1_526' title='bbox 1151 5932 1204 5977; x_wconf 85' lang='lat' dir='ltr'>el.</span> <span class='ocrx_word' id='word_1_527' title='bbox 1226 5912 1499 5982; x_wconf 49' lang='grc' dir='ltr'>δῖἶίίιίτοῖς</span> <span class='ocrx_word' id='word_1_528' title='bbox 1525 5924 1776 5991; x_wconf 79' lang='grc' dir='ltr'>μαγείροις.</span> 
     </span>
    </p>
   </div>
   <div class='ocr_carea' id='block_1_65' title="bbox 1153 323 3024 392">
    <p class='ocr_par' dir='ltr' id='par_1_65' title="bbox 1153 323 3024 392">
     <span class='ocr_line' id='line_1_65' title="bbox 1153 323 3024 392; baseline 0.006 -13"><span class='ocrx_word' id='word_1_529' title='bbox 1153 323 1211 380; x_wconf 92' lang='lat' dir='ltr'><em>S.</em></span> <span class='ocrx_word' id='word_1_530' title='bbox 1251 324 1536 382; x_wconf 80' lang='lat' dir='ltr'>JOANNIS</span> <span class='ocrx_word' id='word_1_531' title='bbox 1574 325 2071 386; x_wconf 77' lang='lat' dir='ltr'>CIIRYSOSTOMI</span> <span class='ocrx_word' id='word_1_532' title='bbox 2109 329 2431 391; x_wconf 76' lang='lat' dir='ltr'>ARCHIEP.</span> <span class='ocrx_word' id='word_1_533' title='bbox 2471 333 3024 392; x_wconf 76' lang='lat' dir='ltr'>CONSTANTINOI‘.</span> 
     </span>
    </p>
   </div>
   <div class='ocr_carea' id='block_1_66' title="bbox 3683 336 3787 396">
    <p class='ocr_par' dir='ltr' id='par_1_66' title="bbox 3683 336 3787 396">
     <span class='ocr_line' id='line_1_66' title="bbox 3683 336 3787 396; baseline 0.019 -2"><span class='ocrx_word' id='word_1_534' title='bbox 3683 336 3787 396; x_wconf 78' lang='lat'>586</span> 
     </span>
    </p>
   </div>
   <div class='ocr_carea' id='block_1_67' title="bbox 2102 442 3789 522">
    <p class='ocr_par' dir='ltr' id='par_1_67' title="bbox 2102 442 3789 522">
     <span class='ocr_line' id='line_1_67' title="bbox 2102 442 3789 522; baseline 0.005 -22"><span class='ocrx_word' id='word_1_535' title='bbox 2102 446 2198 501; x_wconf 77' lang='grc' dir='ltr'>καὶ</span> <span class='ocrx_word' id='word_1_536' title='bbox 2225 449 2640 522; x_wconf 86' lang='grc' dir='ltr'>ταλαιπωρίαις.</span> <span class='ocrx_word' id='word_1_537' title='bbox 2666 453 2732 504; x_wconf 87' lang='grc' dir='ltr'>Τί</span> <span class='ocrx_word' id='word_1_538' title='bbox 2760 453 2879 505; x_wconf 84' lang='grc' dir='ltr'>ποτ’</span> <span class='ocrx_word' id='word_1_539' title='bbox 2905 442 3001 504; x_wconf 78' lang='grc' dir='ltr'>οὖν</span> <span class='ocrx_word' id='word_1_540' title='bbox 3038 451 3156 502; x_wconf 90' lang='grc' dir='ltr'>ἐστι</span> <span class='ocrx_word' id='word_1_541' title='bbox 3184 448 3246 502; x_wconf 75' lang='grc' dir='ltr'>τὸ</span> <span class='ocrx_word' id='word_1_542' title='bbox 3277 450 3474 504; x_wconf 90' lang='grc' dir='ltr'>ποιοῦν</span> <span class='ocrx_word' id='word_1_543' title='bbox 3493 450 3590 504; x_wconf 73' lang='grc' dir='ltr'>τὸν</span> <span class='ocrx_word' id='word_1_544' title='bbox 3616 451 3789 509; x_wconf 80' lang='grc' dir='ltr'>ὕπνον</span> 
     </span>
    </p>
   </div>
   <div class='ocr_carea' id='block_1_68' title="bbox 2105 535 3792 609">
    <p class='ocr_par' dir='ltr' id='par_1_68' title="bbox 2105 535 3792 609">
     <span class='ocr_line' id='line_1_68' title="bbox 2105 535 3792 609; baseline 0.002 -20"><span class='ocrx_word' id='word_1_545' title='bbox 2105 535 2254 605; x_wconf 76' lang='grc' dir='ltr'>ἡδὺν,</span> <span class='ocrx_word' id='word_1_546' title='bbox 2278 536 2312 607; x_wconf 83' lang='grc' dir='ltr'>ἢ</span> <span class='ocrx_word' id='word_1_547' title='bbox 2343 536 2404 590; x_wconf 85' lang='grc' dir='ltr'>τδ</span> <span class='ocrx_word' id='word_1_548' title='bbox 2423 539 2689 609; x_wconf 89' lang='grc' dir='ltr'>πρότερον</span> <span class='ocrx_word' id='word_1_549' title='bbox 2717 540 2794 602; x_wconf 87' lang='grc' dir='ltr'>είς</span> <span class='ocrx_word' id='word_1_550' title='bbox 2824 538 3013 609; x_wconf 84' lang='grc' dir='ltr'>χρείαν</span> <span class='ocrx_word' id='word_1_551' title='bbox 3036 548 3059 577; x_wconf 78' lang='grc' dir='ltr'><strong><em>ο</em></strong></span> <span class='ocrx_word' id='word_1_552' title='bbox 3087 537 3472 601; x_wconf 88' lang='grc' dir='ltr'>καταστάντας</span> <span class='ocrx_word' id='word_1_553' title='bbox 3492 537 3674 602; x_wconf 83' lang='grc' dir='ltr'>οὕτως</span> <span class='ocrx_word' id='word_1_554' title='bbox 3693 539 3792 594; x_wconf 87' lang='grc' dir='ltr'>αὑ-</span> 
     </span>
    </p>
   </div>
   <div class='ocr_carea' id='block_1_69' title="bbox 2103 615 3788 700">
    <p class='ocr_par' dir='ltr' id='par_1_69' title="bbox 2103 615 3788 700">
     <span class='ocr_line' id='line_1_69' title="bbox 2103 615 3788 700; baseline 0.004 -26"><span class='ocrx_word' id='word_1_555' title='bbox 2103 621 2198 674; x_wconf 89' lang='grc' dir='ltr'>τοῦ</span> <span class='ocrx_word' id='word_1_556' title='bbox 2223 624 2696 695; x_wconf 88' lang='grc' dir='ltr'>μεταλαμϐάνειν;</span> <span class='ocrx_word' id='word_1_557' title='bbox 2730 624 2871 688; x_wconf 82' lang='grc' dir='ltr'>Τοὺς</span> <span class='ocrx_word' id='word_1_558' title='bbox 2917 625 2976 679; x_wconf 85' lang='grc' dir='ltr'>δὲ</span> <span class='ocrx_word' id='word_1_559' title='bbox 3016 615 3390 690; x_wconf 64' lang='grc' dir='ltr'>πλουτοῦντας</span> <span class='ocrx_word' id='word_1_560' title='bbox 3424 625 3496 680; x_wconf 82' lang='grc' dir='ltr'>ἂν</span> <span class='ocrx_word' id='word_1_561' title='bbox 3532 625 3613 697; x_wconf 83' lang='grc' dir='ltr'>μὴ</span> <span class='ocrx_word' id='word_1_562' title='bbox 3647 627 3788 700; x_wconf 74' lang='grc' dir='ltr'>μέθῃ</span> 
     </span>
    </p>
   </div>
   <div class='ocr_carea' id='block_1_70' title="bbox 2107 708 3791 785">
    <p class='ocr_par' dir='ltr' id='par_1_70' title="bbox 2107 708 3791 785">
     <span class='ocr_line' id='line_1_70' title="bbox 2107 708 3791 785; baseline 0.003 -23"><span class='ocrx_word' id='word_1_563' title='bbox 2107 708 2552 782; x_wconf 88' lang='grc' dir='ltr'>βαπτισθένταςὴ</span> <span class='ocrx_word' id='word_1_564' title='bbox 2577 712 2675 778; x_wconf 81' lang='grc' dir='ltr'>νὺξ</span> <span class='ocrx_word' id='word_1_565' title='bbox 2691 712 2996 785; x_wconf 88' lang='grc' dir='ltr'>καταλάϐῃ,</span> <span class='ocrx_word' id='word_1_566' title='bbox 3035 712 3250 781; x_wconf 85' lang='grc' dir='ltr'>ἀνάγκη</span> <span class='ocrx_word' id='word_1_567' title='bbox 3279 713 3590 776; x_wconf 82' lang='grc' dir='ltr'>διαπαντὸς</span> <span class='ocrx_word' id='word_1_568' title='bbox 3615 715 3791 785; x_wconf 77' lang='grc' dir='ltr'>ἀγρυ·</span> 
     </span>
    </p>
   </div>
   <div class='ocr_carea' id='block_1_71' title="bbox 2105 799 3791 873">
    <p class='ocr_par' dir='ltr' id='par_1_71' title="bbox 2105 799 3791 873">
     <span class='ocr_line' id='line_1_71' title="bbox 2105 799 3791 873; baseline 0.004 -24"><span class='ocrx_word' id='word_1_569' title='bbox 2105 799 2258 850; x_wconf 85' lang='grc' dir='ltr'>πνεῖν</span> <span class='ocrx_word' id='word_1_570' title='bbox 2307 799 2402 851; x_wconf 79' lang='grc' dir='ltr'>καὶ</span> <span class='ocrx_word' id='word_1_571' title='bbox 2440 799 2868 870; x_wconf 86' lang='grc' dir='ltr'>ἐπιστρέφεσθαι</span> <span class='ocrx_word' id='word_1_572' title='bbox 2894 801 2990 854; x_wconf 80' lang='grc' dir='ltr'>καὶ</span> <span class='ocrx_word' id='word_1_573' title='bbox 3021 801 3206 854; x_wconf 86' lang='grc' dir='ltr'>ἀλύειν</span> <span class='ocrx_word' id='word_1_574' title='bbox 3237 800 3331 854; x_wconf 74' lang='grc' dir='ltr'>ἐπὶ</span> <span class='ocrx_word' id='word_1_575' title='bbox 3357 800 3498 855; x_wconf 61' lang='grc' dir='ltr'>τῶνκ</span> <span class='ocrx_word' id='word_1_576' title='bbox 3520 801 3791 873; x_wconf 82' lang='grc' dir='ltr'>μαλακῶν</span> 
     </span>
    </p>
   </div>
   <div class='ocr_carea' id='block_1_72' title="bbox 2104 884 2774 958">
    <p class='ocr_par' dir='ltr' id='par_1_72' title="bbox 2104 884 2774 958">
     <span class='ocr_line' id='line_1_72' title="bbox 2104 884 2774 958; baseline 0.006 -22"><span class='ocrx_word' id='word_1_577' title='bbox 2104 884 2390 955; x_wconf 84' lang='grc' dir='ltr'>κειμένους</span> <span class='ocrx_word' id='word_1_578' title='bbox 2417 887 2774 958; x_wconf 84' lang='grc' dir='ltr'>στρωμάτων.</span> 
     </span>
    </p>
   </div>
   <div class='ocr_carea' id='block_1_73' title="bbox 2175 971 3787 1048">
    <p class='ocr_par' dir='ltr' id='par_1_73' title="bbox 2175 971 3787 1048">
     <span class='ocr_line' id='line_1_73' title="bbox 2175 971 3787 1048; baseline 0.001 -22"><span class='ocrx_word' id='word_1_579' title='bbox 2175 971 2297 1026; x_wconf 83' lang='lat' dir='ltr'>OA&#39;.</span> <span class='ocrx_word' id='word_1_580' title='bbox 2334 973 2489 1044; x_wconf 87' lang='grc' dir='ltr'>Ἐνῆν</span> <span class='ocrx_word' id='word_1_581' title='bbox 2513 975 2608 1028; x_wconf 73' lang='grc' dir='ltr'>καὶ</span> <span class='ocrx_word' id='word_1_582' title='bbox 2624 974 2889 1046; x_wconf 77' lang='grc' dir='ltr'>ἑτέρωθεν</span> <span class='ocrx_word' id='word_1_583' title='bbox 2914 974 3084 1040; x_wconf 82' lang='grc' dir='ltr'>δεῖξαι</span> <span class='ocrx_word' id='word_1_584' title='bbox 3110 975 3208 1047; x_wconf 88' lang='grc' dir='ltr'>τῆς</span> <span class='ocrx_word' id='word_1_585' title='bbox 3227 976 3447 1048; x_wconf 83' lang='grc' dir='ltr'>τρυφῆς</span> <span class='ocrx_word' id='word_1_586' title='bbox 3465 975 3572 1047; x_wconf 84' lang='grc' dir='ltr'>τὴν</span> <span class='ocrx_word' id='word_1_587' title='bbox 3589 975 3787 1047; x_wconf 89' lang='grc' dir='ltr'>ἀηδίαν</span> 
     </span>
    </p>
   </div>
   <div class='ocr_carea' id='block_1_74' title="bbox 2104 1059 3786 1135">
    <p class='ocr_par' dir='ltr' id='par_1_74' title="bbox 2104 1059 3786 1135">
     <span class='ocr_line' id='line_1_74' title="bbox 2104 1059 3786 1135; baseline 0.002 -22"><span class='ocrx_word' id='word_1_588' title='bbox 2104 1059 2199 1114; x_wconf 77' lang='grc' dir='ltr'>καὶ</span> <span class='ocrx_word' id='word_1_589' title='bbox 2254 1061 2355 1132; x_wconf 84' lang='grc' dir='ltr'>τὴν</span> <span class='ocrx_word' id='word_1_590' title='bbox 2408 1061 2614 1134; x_wconf 79' lang='grc' dir='ltr'>ζημίαν</span> <span class='ocrx_word' id='word_1_591' title='bbox 2651 1064 2748 1116; x_wconf 73' lang='grc' dir='ltr'>καὶ</span> <span class='ocrx_word' id='word_1_592' title='bbox 2799 1062 2900 1134; x_wconf 82' lang='grc' dir='ltr'>τὴν</span> <span class='ocrx_word' id='word_1_593' title='bbox 2950 1063 3376 1135; x_wconf 85' lang='grc' dir='ltr'>ἀσχημοσύνην,</span> <span class='ocrx_word' id='word_1_594' title='bbox 3436 1064 3544 1127; x_wconf 87' lang='grc' dir='ltr'>τὰς</span> <span class='ocrx_word' id='word_1_595' title='bbox 3594 1064 3786 1127; x_wconf 90' lang='grc' dir='ltr'>νόσους</span> 
     </span>
    </p>
   </div>
   <div class='ocr_carea' id='block_1_75' title="bbox 2104 1146 3790 1223">
    <p class='ocr_par' dir='ltr' id='par_1_75' title="bbox 2104 1146 3790 1223">
     <span class='ocr_line' id='line_1_75' title="bbox 2104 1146 3790 1223; baseline 0.002 -23"><span class='ocrx_word' id='word_1_596' title='bbox 2104 1146 2468 1218; x_wconf 85' lang='grc' dir='ltr'>καταλέγοντα</span> <span class='ocrx_word' id='word_1_597' title='bbox 2521 1151 2654 1214; x_wconf 83' lang='grc' dir='ltr'>ὅσας</span> <span class='ocrx_word' id='word_1_598' title='bbox 2729 1150 3202 1222; x_wconf 89' lang='grc' dir='ltr'>ἐναπομόργνυται</span> <span class='ocrx_word' id='word_1_599' title='bbox 3253 1154 3321 1223; x_wconf 81' lang='grc' dir='ltr'>τῇ</span> <span class='ocrx_word' id='word_1_600' title='bbox 3383 1151 3543 1222; x_wconf 84' lang='grc' dir='ltr'>ψυχῇ</span> <span class='ocrx_word' id='word_1_601' title='bbox 3605 1150 3790 1222; x_wconf 80' lang='grc' dir='ltr'>πολλῷ</span> 
     </span>
    </p>
   </div>
   <div class='ocr_carea' id='block_1_76' title="bbox 2103 1236 3788 1310">
    <p class='ocr_par' dir='ltr' id='par_1_76' title="bbox 2103 1236 3788 1310">
     <span class='ocr_line' id='line_1_76' title="bbox 2103 1236 3788 1310; baseline 0.001 -22"><span class='ocrx_word' id='word_1_602' title='bbox 2103 1236 2321 1300; x_wconf 89' lang='grc' dir='ltr'>πλείους</span> <span class='ocrx_word' id='word_1_603' title='bbox 2379 1237 2474 1290; x_wconf 69' lang='grc' dir='ltr'>καὶ</span> <span class='ocrx_word' id='word_1_604' title='bbox 2524 1237 2915 1310; x_wconf 87' lang='grc' dir='ltr'>χαλεπωτέρας</span> <span class='ocrx_word' id='word_1_605' title='bbox 2949 1237 3117 1302; x_wconf 84' lang='grc' dir='ltr'>οὑσας</span> <span class='ocrx_word' id='word_1_606' title='bbox 3137 1238 3245 1292; x_wconf 92' lang='grc' dir='ltr'>τῶν</span> <span class='ocrx_word' id='word_1_607' title='bbox 3279 1237 3648 1308; x_wconf 87' lang='grc' dir='ltr'>σωματικῶν.</span> <span class='ocrx_word' id='word_1_608' title='bbox 3677 1239 3788 1291; x_wconf 75' lang='grc' dir='ltr'>Καὶ</span> 
     </span>
    </p>
   </div>
   <div class='ocr_carea' id='block_1_77' title="bbox 2103 1323 3788 1397">
    <p class='ocr_par' dir='ltr' id='par_1_77' title="bbox 2103 1323 3788 1397">
     <span class='ocr_line' id='line_1_77' title="bbox 2103 1323 3788 1397; baseline 0.001 -21"><span class='ocrx_word' id='word_1_609' title='bbox 2103 1323 2214 1394; x_wconf 84' lang='grc' dir='ltr'>γὰρ</span> <span class='ocrx_word' id='word_1_610' title='bbox 2239 1323 2536 1394; x_wconf 87' lang='grc' dir='ltr'>μαλακοὺς,</span> <span class='ocrx_word' id='word_1_611' title='bbox 2573 1325 2668 1378; x_wconf 78' lang='grc' dir='ltr'>καὶ</span> <span class='ocrx_word' id='word_1_612' title='bbox 2690 1325 3005 1395; x_wconf 81' lang='grc' dir='ltr'>ἀνάνδρους,</span> <span class='ocrx_word' id='word_1_613' title='bbox 3034 1327 3130 1380; x_wconf 75' lang='grc' dir='ltr'>καὶ</span> <span class='ocrx_word' id='word_1_614' title='bbox 3167 1326 3412 1397; x_wconf 86' lang='grc' dir='ltr'>θρασεῖς,</span> <span class='ocrx_word' id='word_1_615' title='bbox 3449 1325 3555 1379; x_wconf 79' lang='grc' dir='ltr'>καὶ</span> <span class='ocrx_word' id='word_1_616' title='bbox 3584 1325 3788 1388; x_wconf 80' lang='grc' dir='ltr'>ἀλαζό-</span> 
     </span>
    </p>
   </div>
   <div class='ocr_carea' id='block_1_78' title="bbox 2105 1407 3790 1484">
    <p class='ocr_par' dir='ltr' id='par_1_78' title="bbox 2105 1407 3790 1484">
     <span class='ocr_line' id='line_1_78' title="bbox 2105 1407 3790 1484; baseline 0.002 -21"><span class='ocrx_word' id='word_1_617' title='bbox 2105 1428 2228 1478; x_wconf 89' lang='grc' dir='ltr'>νας,</span> <span class='ocrx_word' id='word_1_618' title='bbox 2251 1413 2346 1465; x_wconf 72' lang='grc' dir='ltr'>καὶ</span> <span class='ocrx_word' id='word_1_619' title='bbox 2385 1411 2656 1480; x_wconf 87' lang='grc' dir='ltr'>ἀσελγεῖς,</span> <span class='ocrx_word' id='word_1_620' title='bbox 2691 1413 2786 1466; x_wconf 68' lang='grc' dir='ltr'>καὶ</span> <span class='ocrx_word' id='word_1_621' title='bbox 2821 1407 3103 1484; x_wconf 76' lang='grc' dir='ltr'>ὑϐριστὰς,</span> <span class='ocrx_word' id='word_1_622' title='bbox 3143 1414 3239 1468; x_wconf 73' lang='grc' dir='ltr'>καὶ</span> <span class='ocrx_word' id='word_1_623' title='bbox 3273 1414 3652 1480; x_wconf 84' lang='grc' dir='ltr'>ἀκολάστους,</span> <span class='ocrx_word' id='word_1_624' title='bbox 3691 1415 3790 1468; x_wconf 74' lang='grc' dir='ltr'>καὶ</span> 
     </span>
    </p>
   </div>
   <div class='ocr_carea' id='block_1_79' title="bbox 2105 1499 3785 1570">
    <p class='ocr_par' dir='ltr' id='par_1_79' title="bbox 2105 1499 3785 1570">
     <span class='ocr_line' id='line_1_79' title="bbox 2105 1499 3785 1570; baseline 0.002 -19"><span class='ocrx_word' id='word_1_625' title='bbox 2105 1499 2455 1570; x_wconf 88' lang='grc' dir='ltr'>ἀκροχόλους,</span> <span class='ocrx_word' id='word_1_626' title='bbox 2489 1500 2585 1552; x_wconf 76' lang='grc' dir='ltr'>καὶ</span> <span class='ocrx_word' id='word_1_627' title='bbox 2629 1499 2834 1569; x_wconf 83' lang='grc' dir='ltr'>ὠμοὺς,</span> <span class='ocrx_word' id='word_1_628' title='bbox 2865 1500 2962 1554; x_wconf 71' lang='grc' dir='ltr'>καὶ</span> <span class='ocrx_word' id='word_1_629' title='bbox 2988 1501 3222 1569; x_wconf 87' lang='grc' dir='ltr'>ἀγενεῖς,</span> <span class='ocrx_word' id='word_1_630' title='bbox 3281 1499 3377 1555; x_wconf 82' lang='grc' dir='ltr'>καὶ</span> <span class='ocrx_word' id='word_1_631' title='bbox 3415 1500 3785 1569; x_wconf 88' lang='grc' dir='ltr'>πλεονέκτας,</span> 
     </span>
    </p>
   </div>
   <div class='ocr_carea' id='block_1_80' title="bbox 2103 1585 3785 1661">
    <p class='ocr_par' dir='ltr' id='par_1_80' title="bbox 2103 1585 3785 1661">
     <span class='ocr_line' id='line_1_80' title="bbox 2103 1585 3785 1661; baseline 0.002 -23"><span class='ocrx_word' id='word_1_632' title='bbox 2103 1585 2199 1640; x_wconf 72' lang='grc' dir='ltr'>καὶ</span> <span class='ocrx_word' id='word_1_633' title='bbox 2228 1586 2638 1658; x_wconf 87' lang='grc' dir='ltr'>δουλοπρεπεῖς,</span> <span class='ocrx_word' id='word_1_634' title='bbox 2672 1587 2767 1640; x_wconf 76' lang='grc' dir='ltr'>καὶ</span> <span class='ocrx_word' id='word_1_635' title='bbox 2797 1588 2931 1658; x_wconf 83' lang='grc' dir='ltr'>πρὸς</span> <span class='ocrx_word' id='word_1_636' title='bbox 2957 1587 3100 1642; x_wconf 80' lang='grc' dir='ltr'>ἅπαν</span> <span class='ocrx_word' id='word_1_637' title='bbox 3129 1590 3303 1642; x_wconf 89' lang='grc' dir='ltr'>είπεῖν</span> <span class='ocrx_word' id='word_1_638' title='bbox 3332 1588 3449 1644; x_wconf 92' lang='grc' dir='ltr'>τῶν</span> <span class='ocrx_word' id='word_1_639' title='bbox 3483 1590 3785 1661; x_wconf 88' lang='grc' dir='ltr'>χρησίμων</span> 
     </span>
    </p>
   </div>
   <div class='ocr_carea' id='block_1_81' title="bbox 2102 1668 3790 1747">
    <p class='ocr_par' dir='ltr' id='par_1_81' title="bbox 2102 1668 3790 1747">
     <span class='ocr_line' id='line_1_81' title="bbox 2102 1668 3790 1747; baseline 0.003 -21"><span class='ocrx_word' id='word_1_640' title='bbox 2102 1672 2197 1726; x_wconf 74' lang='grc' dir='ltr'>καὶ</span> <span class='ocrx_word' id='word_1_641' title='bbox 2211 1674 2524 1741; x_wconf 88' lang='grc' dir='ltr'>ἀναγκαίων</span> <span class='ocrx_word' id='word_1_642' title='bbox 2541 1675 2846 1747; x_wconf 85' lang='grc' dir='ltr'>ἀχρήστους</span> <span class='ocrx_word' id='word_1_643' title='bbox 2862 1675 3203 1746; x_wconf 87' lang='grc' dir='ltr'>καθίστησιν·</span> <span class='ocrx_word' id='word_1_644' title='bbox 3219 1668 3295 1730; x_wconf 81' lang='grc' dir='ltr'>ὧν</span> <span class='ocrx_word' id='word_1_645' title='bbox 3309 1676 3584 1730; x_wconf 90' lang='grc' dir='ltr'>τάναντία</span> <span class='ocrx_word' id='word_1_646' title='bbox 3608 1677 3790 1732; x_wconf 91' lang='grc' dir='ltr'>πάντα</span> 
     </span>
    </p>
   </div>
   <div class='ocr_carea' id='block_1_82' title="bbox 2101 1759 3789 1834">
    <p class='ocr_par' dir='ltr' id='par_1_82' title="bbox 2101 1759 3789 1834">
     <span class='ocr_line' id='line_1_82' title="bbox 2101 1759 3789 1834; baseline 0.005 -24"><span class='ocrx_word' id='word_1_647' title='bbox 2101 1759 2135 1828; x_wconf 94' lang='grc' dir='ltr'>ἡ</span> <span class='ocrx_word' id='word_1_648' title='bbox 2165 1759 2468 1832; x_wconf 82' lang='grc' dir='ltr'>αὐτάρκεια</span> <span class='ocrx_word' id='word_1_649' title='bbox 2493 1763 2656 1814; x_wconf 88' lang='grc' dir='ltr'>ποιεῖ.</span> <span class='ocrx_word' id='word_1_650' title='bbox 2701 1761 2862 1815; x_wconf 85' lang='grc' dir='ltr'>Ἀλλά</span> <span class='ocrx_word' id='word_1_651' title='bbox 2889 1760 2986 1815; x_wconf 91' lang='grc' dir='ltr'>νῦν</span> <span class='ocrx_word' id='word_1_652' title='bbox 3023 1762 3162 1834; x_wconf 87' lang='grc' dir='ltr'>πρὸς</span> <span class='ocrx_word' id='word_1_653' title='bbox 3177 1761 3364 1834; x_wconf 76' lang='grc' dir='ltr'>ἕτερον</span> <span class='ocrx_word' id='word_1_654' title='bbox 3399 1763 3540 1833; x_wconf 88' lang='grc' dir='ltr'>ἡμῖν</span> <span class='ocrx_word' id='word_1_655' title='bbox 3569 1766 3600 1818; x_wconf 89' lang='lat'>6</span> <span class='ocrx_word' id='word_1_656' title='bbox 3627 1764 3789 1833; x_wconf 89' lang='grc' dir='ltr'>λόγος</span> 
     </span>
    </p>
   </div>
   <div class='ocr_carea' id='block_1_83' title="bbox 2101 1844 3787 1920">
    <p class='ocr_par' dir='ltr' id='par_1_83' title="bbox 2101 1844 3787 1920">
     <span class='ocr_line' id='line_1_83' title="bbox 2101 1844 3787 1920; baseline 0.005 -24"><span class='ocrx_word' id='word_1_657' title='bbox 2101 1844 2384 1914; x_wconf 87' lang='grc' dir='ltr'>ἐπείγεται</span> <span class='ocrx_word' id='word_1_658' title='bbox 2407 1863 2422 1878; x_wconf 80' lang='grc' dir='ltr'><strong>ο</strong></span> <span class='ocrx_word' id='word_1_659' title='bbox 2459 1846 2542 1901; x_wconf 88' lang='lat'>6:6</span> <span class='ocrx_word' id='word_1_660' title='bbox 2569 1847 2730 1920; x_wconf 90' lang='grc' dir='ltr'>μόνον</span> <span class='ocrx_word' id='word_1_661' title='bbox 2754 1849 2930 1902; x_wconf 90' lang='grc' dir='ltr'>ἐκεῖνο</span> <span class='ocrx_word' id='word_1_662' title='bbox 2967 1848 3297 1919; x_wconf 89' lang='grc' dir='ltr'>προσθέντες</span> <span class='ocrx_word' id='word_1_663' title='bbox 3336 1849 3453 1904; x_wconf 90' lang='grc' dir='ltr'>τῶν</span> <span class='ocrx_word' id='word_1_664' title='bbox 3485 1851 3787 1905; x_wconf 86' lang='grc' dir='ltr'>ἀποστολι-</span> 
     </span>
    </p>
   </div>
   <div class='ocr_carea' id='block_1_84' title="bbox 2101 1931 3788 2008">
    <p class='ocr_par' dir='ltr' id='par_1_84' title="bbox 2101 1931 3788 2008">
     <span class='ocr_line' id='line_1_84' title="bbox 2101 1931 3788 2008; baseline 0.004 -23"><span class='ocrx_word' id='word_1_665' title='bbox 2101 1931 2215 1987; x_wconf 91' lang='grc' dir='ltr'>κῶν</span> <span class='ocrx_word' id='word_1_666' title='bbox 2245 1933 2408 1988; x_wconf 88' lang='grc' dir='ltr'>πάλιν</span> <span class='ocrx_word' id='word_1_667' title='bbox 2428 1932 2696 2005; x_wconf 81' lang='grc' dir='ltr'>ἁψώμεθα</span> <span class='ocrx_word' id='word_1_668' title='bbox 2724 1935 3004 2007; x_wconf 81' lang='grc' dir='ltr'>ῥημάτων.</span> <span class='ocrx_word' id='word_1_669' title='bbox 3032 1937 3096 1989; x_wconf 81' lang='grc' dir='ltr'>Εἰ</span> <span class='ocrx_word' id='word_1_670' title='bbox 3120 1936 3230 2008; x_wconf 84' lang='grc' dir='ltr'>γὰρ</span> <span class='ocrx_word' id='word_1_671' title='bbox 3259 1937 3327 1991; x_wconf 90' lang='grc' dir='ltr'>τά</span> <span class='ocrx_word' id='word_1_672' title='bbox 3341 1937 3619 1992; x_wconf 89' lang='grc' dir='ltr'>δοκοῦντα</span> <span class='ocrx_word' id='word_1_673' title='bbox 3645 1935 3788 1994; x_wconf 75' lang='grc' dir='ltr'>εἶναι</span> 
     </span>
    </p>
   </div>
   <div class='ocr_carea' id='block_1_85' title="bbox 2103 2017 3786 2099">
    <p class='ocr_par' dir='ltr' id='par_1_85' title="bbox 2103 2017 3786 2099">
     <span class='ocr_line' id='line_1_85' title="bbox 2103 2017 3786 2099; baseline 0.006 -29"><span class='ocrx_word' id='word_1_674' title='bbox 2103 2017 2318 2090; x_wconf 77' lang='grc' dir='ltr'>ζηλωτά</span> <span class='ocrx_word' id='word_1_675' title='bbox 2345 2020 2613 2076; x_wconf 90' lang='grc' dir='ltr'>τοσούτων</span> <span class='ocrx_word' id='word_1_676' title='bbox 2648 2023 2808 2094; x_wconf 90' lang='grc' dir='ltr'>γέμει</span> <span class='ocrx_word' id='word_1_677' title='bbox 2841 2022 3049 2083; x_wconf 88' lang='grc' dir='ltr'>κακῶν.</span> <span class='ocrx_word' id='word_1_678' title='bbox 3083 2023 3179 2078; x_wconf 73' lang='grc' dir='ltr'>καὶ</span> <span class='ocrx_word' id='word_1_679' title='bbox 3225 2023 3491 2080; x_wconf 91' lang='grc' dir='ltr'>τοσοῦτον</span> <span class='ocrx_word' id='word_1_680' title='bbox 3531 2027 3603 2098; x_wconf 78' lang='grc' dir='ltr'>τῇ</span> <span class='ocrx_word' id='word_1_681' title='bbox 3627 2025 3786 2099; x_wconf 74' lang='grc' dir='ltr'>ψυχῇ</span> 
     </span>
    </p>
   </div>
   <div class='ocr_carea' id='block_1_86' title="bbox 2093 2086 3781 2184">
    <p class='ocr_par' dir='ltr' id='par_1_86' title="bbox 2093 2086 3781 2184">
     <span class='ocr_line' id='line_1_86' title="bbox 2093 2086 3781 2184; baseline 0.004 -24"><span class='ocrx_word' id='word_1_682' title='bbox 2093 2086 2196 2161; x_wconf 69' lang='grc' dir='ltr'>’κάι</span> <span class='ocrx_word' id='word_1_683' title='bbox 2213 2107 2292 2179; x_wconf 88' lang='grc' dir='ltr'>τῷ</span> <span class='ocrx_word' id='word_1_684' title='bbox 2319 2107 2530 2180; x_wconf 86' lang='grc' dir='ltr'>σώματι</span> <span class='ocrx_word' id='word_1_685' title='bbox 2559 2086 2897 2180; x_wconf 35' lang='grc' dir='ltr'>τὸν-νίφετὸν</span> <span class='ocrx_word' id='word_1_686' title='bbox 2927 2110 3125 2180; x_wconf 86' lang='grc' dir='ltr'>ἐπάγει</span> <span class='ocrx_word' id='word_1_687' title='bbox 3151 2110 3262 2167; x_wconf 91' lang='grc' dir='ltr'>τῶν</span> <span class='ocrx_word' id='word_1_688' title='bbox 3285 2086 3656 2184; x_wconf 61' lang='grc' dir='ltr'>νοσημάτῶν,</span> <span class='ocrx_word' id='word_1_689' title='bbox 3676 2086 3781 2166; x_wconf 58' lang='grc' dir='ltr'>πῖῦ</span> 
     </span>
    </p>
   </div>
   <div class='ocr_carea' id='block_1_87' title="bbox 2099 2192 3785 2273">
    <p class='ocr_par' dir='ltr' id='par_1_87' title="bbox 2099 2192 3785 2273">
     <span class='ocr_line' id='line_1_87' title="bbox 2099 2192 3785 2273; baseline 0.004 -25"><span class='ocrx_word' id='word_1_690' title='bbox 2099 2195 2170 2250; x_wconf 83' lang='grc' dir='ltr'>τὰ</span> <span class='ocrx_word' id='word_1_691' title='bbox 2211 2195 2433 2268; x_wconf 88' lang='grc' dir='ltr'>λυπηρά</span> <span class='ocrx_word' id='word_1_692' title='bbox 2477 2197 2753 2270; x_wconf 81' lang='grc' dir='ltr'>θήσομεν;</span> <span class='ocrx_word' id='word_1_693' title='bbox 2805 2192 2916 2251; x_wconf 71' lang='grc' dir='ltr'>οἷον</span> <span class='ocrx_word' id='word_1_694' title='bbox 2965 2198 3244 2269; x_wconf 90' lang='grc' dir='ltr'>ἀρχόντων</span> <span class='ocrx_word' id='word_1_695' title='bbox 3301 2199 3547 2268; x_wconf 87' lang='grc' dir='ltr'>φόϐους,</span> <span class='ocrx_word' id='word_1_696' title='bbox 3595 2201 3785 2273; x_wconf 88' lang='grc' dir='ltr'>δήμων</span> 
     </span>
    </p>
   </div>
   <div class='ocr_carea' id='block_1_88' title="bbox 2091 2275 3786 2359">
    <p class='ocr_par' dir='ltr' id='par_1_88' title="bbox 2091 2275 3786 2359">
     <span class='ocr_line' id='line_1_88' title="bbox 2091 2275 3786 2359; baseline 0.004 -23"><span class='ocrx_word' id='word_1_697' title='bbox 2091 2275 2298 2354; x_wconf 69' lang='grc' dir='ltr'>δρμὰς,</span> <span class='ocrx_word' id='word_1_698' title='bbox 2321 2285 2674 2354; x_wconf 85' lang='grc' dir='ltr'>συκοφαντῶν</span> <span class='ocrx_word' id='word_1_699' title='bbox 2693 2285 2788 2339; x_wconf 72' lang='grc' dir='ltr'>καὶ</span> <span class='ocrx_word' id='word_1_700' title='bbox 2811 2284 3098 2356; x_wconf 86' lang='grc' dir='ltr'>βασκάνων</span> <span class='ocrx_word' id='word_1_701' title='bbox 3125 2285 3420 2350; x_wconf 84' lang='grc' dir='ltr'>ἐπιϐουλάς</span> <span class='ocrx_word' id='word_1_702' title='bbox 3441 2304 3457 2318; x_wconf 75' lang='grc' dir='ltr'><strong>ο</strong></span> <span class='ocrx_word' id='word_1_703' title='bbox 3477 2287 3517 2342; x_wconf 82' lang='grc' dir='ltr'>ἀ</span> <span class='ocrx_word' id='word_1_704' title='bbox 3547 2288 3786 2359; x_wconf 89' lang='grc' dir='ltr'>μάλιστα</span> 
     </span>
    </p>
   </div>
   <div class='ocr_carea' id='block_1_89' title="bbox 2098 2368 3784 2444">
    <p class='ocr_par' dir='ltr' id='par_1_89' title="bbox 2098 2368 3784 2444">
     <span class='ocr_line' id='line_1_89' title="bbox 2098 2368 3784 2444; baseline 0.004 -22"><span class='ocrx_word' id='word_1_705' title='bbox 2098 2371 2227 2435; x_wconf 83' lang='grc' dir='ltr'>τοὺς</span> <span class='ocrx_word' id='word_1_706' title='bbox 2254 2372 2621 2438; x_wconf 89' lang='grc' dir='ltr'>πλουτοῦντας</span> <span class='ocrx_word' id='word_1_707' title='bbox 2655 2371 3150 2444; x_wconf 78' lang='grc' dir='ltr'>περιστοιχίζεται’</span> <span class='ocrx_word' id='word_1_708' title='bbox 3196 2375 3256 2426; x_wconf 88' lang='grc' dir='ltr'>ἐν</span> <span class='ocrx_word' id='word_1_709' title='bbox 3292 2368 3377 2437; x_wconf 74' lang='grc' dir='ltr'>οἷς</span> <span class='ocrx_word' id='word_1_710' title='bbox 3407 2375 3511 2428; x_wconf 77' lang='grc' dir='ltr'>καὶ</span> <span class='ocrx_word' id='word_1_711' title='bbox 3537 2376 3643 2440; x_wconf 83' lang='grc' dir='ltr'>τὰς</span> <span class='ocrx_word' id='word_1_712' title='bbox 3684 2392 3784 2444; x_wconf 88' lang='grc' dir='ltr'>γυ-</span> 
     </span>
    </p>
   </div>
   <div class='ocr_carea' id='block_1_90' title="bbox 2101 2459 3779 2536">
    <p class='ocr_par' dir='ltr' id='par_1_90' title="bbox 2101 2459 3779 2536">
     <span class='ocr_line' id='line_1_90' title="bbox 2101 2459 3779 2536; baseline 0.004 -24"><span class='ocrx_word' id='word_1_713' title='bbox 2101 2461 2293 2523; x_wconf 87' lang='grc' dir='ltr'>ναῖκας</span> <span class='ocrx_word' id='word_1_714' title='bbox 2323 2459 2586 2531; x_wconf 83' lang='grc' dir='ltr'>μειζόνως</span> <span class='ocrx_word' id='word_1_715' title='bbox 2599 2459 2709 2515; x_wconf 88' lang='grc' dir='ltr'>τῶν</span> <span class='ocrx_word' id='word_1_716' title='bbox 2738 2459 2924 2515; x_wconf 89' lang='grc' dir='ltr'>κακῶν</span> <span class='ocrx_word' id='word_1_717' title='bbox 2946 2459 3159 2532; x_wconf 87' lang='grc' dir='ltr'>ἀνάγκη</span> <span class='ocrx_word' id='word_1_718' title='bbox 3193 2463 3478 2516; x_wconf 90' lang='grc' dir='ltr'>κοινωνεῖν</span> <span class='ocrx_word' id='word_1_719' title='bbox 3494 2461 3591 2518; x_wconf 90' lang='grc' dir='ltr'>διά</span> <span class='ocrx_word' id='word_1_720' title='bbox 3616 2462 3681 2517; x_wconf 85' lang='grc' dir='ltr'>τὺ</span> <span class='ocrx_word' id='word_1_721' title='bbox 3703 2463 3779 2536; x_wconf 76' lang='grc' dir='ltr'>μὴ</span> 
     </span>
    </p>
   </div>
   <div class='ocr_carea' id='block_1_91' title="bbox 2101 2547 3331 2620">
    <p class='ocr_par' dir='ltr' id='par_1_91' title="bbox 2101 2547 3331 2620">
     <span class='ocr_line' id='line_1_91' title="bbox 2101 2547 3331 2620; baseline 0.001 -21"><span class='ocrx_word' id='word_1_722' title='bbox 2101 2547 2360 2615; x_wconf 89' lang='grc' dir='ltr'>γενναίως</span> <span class='ocrx_word' id='word_1_723' title='bbox 2381 2547 2484 2612; x_wconf 84' lang='grc' dir='ltr'>τὰς</span> <span class='ocrx_word' id='word_1_724' title='bbox 2506 2547 2765 2613; x_wconf 90' lang='grc' dir='ltr'>τοιαύτας</span> <span class='ocrx_word' id='word_1_725' title='bbox 2791 2548 2978 2620; x_wconf 86' lang='grc' dir='ltr'>φέρειν</span> <span class='ocrx_word' id='word_1_726' title='bbox 3005 2547 3331 2619; x_wconf 87' lang='grc' dir='ltr'>μεταϐολάς.</span> 
     </span>
    </p>
   </div>
   <div class='ocr_carea' id='block_1_92' title="bbox 2153 2635 3786 2711">
    <p class='ocr_par' dir='ltr' id='par_1_92' title="bbox 2153 2635 3786 2711">
     <span class='ocr_line' id='line_1_92' title="bbox 2153 2635 3786 2711; baseline 0.004 -24"><span class='ocrx_word' id='word_1_727' title='bbox 2153 2635 2272 2689; x_wconf 88' lang='lat' dir='ltr'><em>OB’.</em></span> <span class='ocrx_word' id='word_1_728' title='bbox 2290 2635 2400 2689; x_wconf 81' lang='lat' dir='ltr'><strong><em>Kal</em></strong></span> <span class='ocrx_word' id='word_1_729' title='bbox 2427 2636 2480 2689; x_wconf 90' lang='grc' dir='ltr'>τί</span> <span class='ocrx_word' id='word_1_730' title='bbox 2503 2636 2646 2703; x_wconf 82' lang='grc' dir='ltr'>λέγω</span> <span class='ocrx_word' id='word_1_731' title='bbox 2664 2638 2930 2705; x_wconf 89' lang='grc' dir='ltr'>γυναῖκας</span> <span class='ocrx_word' id='word_1_732' title='bbox 2948 2651 2964 2703; x_wconf 88' lang='grc'>;</span> <span class='ocrx_word' id='word_1_733' title='bbox 2987 2635 3210 2708; x_wconf 75' lang='grc' dir='ltr'>καὶγὰρ</span> <span class='ocrx_word' id='word_1_734' title='bbox 3229 2635 3383 2690; x_wconf 75' lang='grc' dir='ltr'>αὐτοὶ</span> <span class='ocrx_word' id='word_1_735' title='bbox 3402 2638 3454 2690; x_wconf 79' lang='grc' dir='ltr'>οἱ</span> <span class='ocrx_word' id='word_1_736' title='bbox 3475 2637 3680 2711; x_wconf 79' lang='grc' dir='ltr'>ἄνδρες</span> <span class='ocrx_word' id='word_1_737' title='bbox 3696 2655 3786 2694; x_wconf 86' lang='grc' dir='ltr'>τα·</span> 
     </span>
    </p>
   </div>
   <div class='ocr_carea' id='block_1_93' title="bbox 2096 2719 3784 2798">
    <p class='ocr_par' dir='ltr' id='par_1_93' title="bbox 2096 2719 3784 2798">
     <span class='ocr_line' id='line_1_93' title="bbox 2096 2719 3784 2798; baseline 0.003 -23"><span class='ocrx_word' id='word_1_738' title='bbox 2096 2719 2393 2794; x_wconf 85' lang='grc' dir='ltr'>λαιπώρως</span> <span class='ocrx_word' id='word_1_739' title='bbox 2420 2723 2526 2776; x_wconf 84' lang='grc' dir='ltr'>ὑπὸ</span> <span class='ocrx_word' id='word_1_740' title='bbox 2550 2723 2660 2778; x_wconf 91' lang='grc' dir='ltr'>τῶν</span> <span class='ocrx_word' id='word_1_741' title='bbox 2680 2724 2938 2777; x_wconf 90' lang='grc' dir='ltr'>τοιούτων</span> <span class='ocrx_word' id='word_1_742' title='bbox 2971 2723 3308 2778; x_wconf 85' lang='grc' dir='ltr'>ἁλίσκονται.</span> <span class='ocrx_word' id='word_1_743' title='bbox 3351 2724 3411 2778; x_wconf 88' lang='lat' dir='ltr'>&#39;O</span> <span class='ocrx_word' id='word_1_744' title='bbox 3443 2727 3550 2796; x_wconf 85' lang='grc' dir='ltr'>μὲν</span> <span class='ocrx_word' id='word_1_745' title='bbox 3581 2727 3695 2798; x_wconf 84' lang='grc' dir='ltr'>γάρ</span> <span class='ocrx_word' id='word_1_746' title='bbox 3725 2728 3784 2780; x_wconf 92' lang='grc' dir='ltr'>ἐν</span> 
     </span>
    </p>
   </div>
   <div class='ocr_carea' id='block_1_94' title="bbox 2079 2809 3783 2882">
    <p class='ocr_par' dir='ltr' id='par_1_94' title="bbox 2079 2809 3783 2882">
     <span class='ocr_line' id='line_1_94' title="bbox 2079 2809 3783 2882; baseline 0.001 -18"><span class='ocrx_word' id='word_1_747' title='bbox 2079 2810 2399 2882; x_wconf 79' lang='grc' dir='ltr'>αὐταρκείᾳ</span> <span class='ocrx_word' id='word_1_748' title='bbox 2433 2809 2539 2875; x_wconf 86' lang='grc' dir='ltr'>ζῶν</span> <span class='ocrx_word' id='word_1_749' title='bbox 2565 2809 2821 2882; x_wconf 80' lang='grc' dir='ltr'>οὐδεμίαν</span> <span class='ocrx_word' id='word_1_750' title='bbox 2863 2811 3215 2881; x_wconf 87' lang='grc' dir='ltr'>μετάπτωσιν</span> <span class='ocrx_word' id='word_1_751' title='bbox 3267 2811 3510 2866; x_wconf 89' lang='grc' dir='ltr'>δέδοικεν</span> <span class='ocrx_word' id='word_1_752' title='bbox 3533 2831 3548 2845; x_wconf 93' lang='grc'><strong>·</strong></span> <span class='ocrx_word' id='word_1_753' title='bbox 3581 2815 3610 2867; x_wconf 91' lang='lat'>6</span> <span class='ocrx_word' id='word_1_754' title='bbox 3633 2813 3692 2866; x_wconf 84' lang='grc' dir='ltr'>δέ</span> <span class='ocrx_word' id='word_1_755' title='bbox 3725 2815 3783 2867; x_wconf 91' lang='grc' dir='ltr'>ἐν</span> 
     </span>
    </p>
   </div>
   <div class='ocr_carea' id='block_1_95' title="bbox 2084 2896 3775 2971">
    <p class='ocr_par' dir='ltr' id='par_1_95' title="bbox 2084 2896 3775 2971">
     <span class='ocr_line' id='line_1_95' title="bbox 2084 2896 3775 2971; baseline 0.001 -21"><span class='ocrx_word' id='word_1_756' title='bbox 2084 2897 2292 2968; x_wconf 78' lang='grc' dir='ltr'>ιέκείνῳ</span> <span class='ocrx_word' id='word_1_757' title='bbox 2307 2896 2386 2968; x_wconf 84' lang='grc' dir='ltr'>τῷ</span> <span class='ocrx_word' id='word_1_758' title='bbox 2413 2897 2564 2969; x_wconf 85' lang='grc' dir='ltr'>ὑγρῷ</span> <span class='ocrx_word' id='word_1_759' title='bbox 2583 2897 2676 2950; x_wconf 73' lang='grc' dir='ltr'>καὶ</span> <span class='ocrx_word' id='word_1_760' title='bbox 2695 2897 3074 2969; x_wconf 88' lang='grc' dir='ltr'>διακεχυμένῳ</span> <span class='ocrx_word' id='word_1_761' title='bbox 3089 2898 3188 2970; x_wconf 87' lang='grc' dir='ltr'>βίῳ</span> <span class='ocrx_word' id='word_1_762' title='bbox 3209 2898 3570 2971; x_wconf 78' lang='grc' dir='ltr'>δαπανηθεὶς,</span> <span class='ocrx_word' id='word_1_763' title='bbox 3587 2901 3775 2954; x_wconf 73' lang='grc' dir='ltr'>εἴποτε</span> 
     </span>
    </p>
   </div>
   <div class='ocr_carea' id='block_1_96' title="bbox 2087 2973 3781 3060">
    <p class='ocr_par' dir='ltr' id='par_1_96' title="bbox 2087 2973 3781 3060">
     <span class='ocr_line' id='line_1_96' title="bbox 2087 2973 3781 3060; baseline 0.004 -25"><span class='ocrx_word' id='word_1_764' title='bbox 2087 2973 2340 3056; x_wconf 77' lang='grc' dir='ltr'>’συμϐαίη</span> <span class='ocrx_word' id='word_1_765' title='bbox 2371 2985 2515 3038; x_wconf 89' lang='grc' dir='ltr'>κατά</span> <span class='ocrx_word' id='word_1_766' title='bbox 2545 2985 2868 3058; x_wconf 88' lang='grc' dir='ltr'>περίστασίν</span> <span class='ocrx_word' id='word_1_767' title='bbox 2900 3004 3024 3042; x_wconf 86' lang='grc' dir='ltr'>τινα</span> <span class='ocrx_word' id='word_1_768' title='bbox 3051 2986 3146 3040; x_wconf 73' lang='grc' dir='ltr'>καὶ</span> <span class='ocrx_word' id='word_1_769' title='bbox 3175 2987 3431 3058; x_wconf 86' lang='grc' dir='ltr'>ἀνάγκην</span> <span class='ocrx_word' id='word_1_770' title='bbox 3460 2988 3781 3060; x_wconf 87' lang='grc' dir='ltr'>παραδοθῆ-</span> 
     </span>
    </p>
   </div>
   <div class='ocr_carea' id='block_1_97' title="bbox 2095 3072 3782 3147">
    <p class='ocr_par' dir='ltr' id='par_1_97' title="bbox 2095 3072 3782 3147">
     <span class='ocr_line' id='line_1_97' title="bbox 2095 3072 3782 3147; baseline 0.001 -23"><span class='ocrx_word' id='word_1_771' title='bbox 2095 3085 2184 3124; x_wconf 88' lang='grc' dir='ltr'>ναι</span> <span class='ocrx_word' id='word_1_772' title='bbox 2212 3073 2395 3144; x_wconf 76' lang='grc' dir='ltr'>πενίᾳ,</span> <span class='ocrx_word' id='word_1_773' title='bbox 2418 3072 2738 3145; x_wconf 82' lang='grc' dir='ltr'>τεθνήξεται</span> <span class='ocrx_word' id='word_1_774' title='bbox 2765 3074 3030 3146; x_wconf 86' lang='grc' dir='ltr'>πρότερον</span> <span class='ocrx_word' id='word_1_775' title='bbox 3062 3073 3096 3146; x_wconf 84' lang='grc' dir='ltr'>ἣ</span> <span class='ocrx_word' id='word_1_776' title='bbox 3130 3074 3334 3146; x_wconf 87' lang='grc' dir='ltr'>ταύτην</span> <span class='ocrx_word' id='word_1_777' title='bbox 3369 3075 3512 3129; x_wconf 83' lang='grc' dir='ltr'>οῐσει</span> <span class='ocrx_word' id='word_1_778' title='bbox 3555 3074 3656 3147; x_wconf 82' lang='grc' dir='ltr'>τὴν</span> <span class='ocrx_word' id='word_1_779' title='bbox 3686 3091 3782 3144; x_wconf 82' lang='grc' dir='ltr'>με·</span> 
     </span>
    </p>
   </div>
   <div class='ocr_carea' id='block_1_98' title="bbox 2095 3159 3782 3233">
    <p class='ocr_par' dir='ltr' id='par_1_98' title="bbox 2095 3159 3782 3233">
     <span class='ocr_line' id='line_1_98' title="bbox 2095 3159 3782 3233; baseline 0.002 -20"><span class='ocrx_word' id='word_1_780' title='bbox 2095 3159 2350 3232; x_wconf 82' lang='grc' dir='ltr'>ταϐολὴν,</span> <span class='ocrx_word' id='word_1_781' title='bbox 2385 3160 2473 3214; x_wconf 88' lang='grc' dir='ltr'>διά</span> <span class='ocrx_word' id='word_1_782' title='bbox 2496 3160 2556 3213; x_wconf 85' lang='grc' dir='ltr'>τὸ</span> <span class='ocrx_word' id='word_1_783' title='bbox 2584 3160 2918 3231; x_wconf 85' lang='grc' dir='ltr'>ἀμελέτητον</span> <span class='ocrx_word' id='word_1_784' title='bbox 2945 3161 3040 3214; x_wconf 74' lang='grc' dir='ltr'>καὶ</span> <span class='ocrx_word' id='word_1_785' title='bbox 3073 3161 3570 3233; x_wconf 81' lang='grc' dir='ltr'>ἀγύμναστον.Διά</span> <span class='ocrx_word' id='word_1_786' title='bbox 3603 3161 3782 3216; x_wconf 90' lang='grc' dir='ltr'>ταῦτα</span> 
     </span>
    </p>
   </div>
   <div class='ocr_carea' id='block_1_99' title="bbox 2095 3246 3782 3319">
    <p class='ocr_par' dir='ltr' id='par_1_99' title="bbox 2095 3246 3782 3319">
     <span class='ocr_line' id='line_1_99' title="bbox 2095 3246 3782 3319; baseline 0.001 -19"><span class='ocrx_word' id='word_1_787' title='bbox 2095 3247 2124 3300; x_wconf 90' lang='lat'>6</span> <span class='ocrx_word' id='word_1_788' title='bbox 2157 3248 2423 3319; x_wconf 86' lang='grc' dir='ltr'>μακάριος</span> <span class='ocrx_word' id='word_1_789' title='bbox 2473 3246 2688 3312; x_wconf 88' lang='grc' dir='ltr'>Παῦλος</span> <span class='ocrx_word' id='word_1_790' title='bbox 2720 3248 2873 3315; x_wconf 81' lang='grc' dir='ltr'>ἔλεγε</span> <span class='ocrx_word' id='word_1_791' title='bbox 2895 3265 2908 3278; x_wconf 87' lang='grc'><strong>·</strong></span> <span class='ocrx_word' id='word_1_792' title='bbox 2941 3247 3162 3317; x_wconf 75' lang='grc' dir='ltr'>Θλῖψιν</span> <span class='ocrx_word' id='word_1_793' title='bbox 3199 3247 3278 3319; x_wconf 77' lang='grc' dir='ltr'>τῇ</span> <span class='ocrx_word' id='word_1_794' title='bbox 3301 3250 3491 3318; x_wconf 78' lang='grc' dir='ltr'>σαρκὶ</span> <span class='ocrx_word' id='word_1_795' title='bbox 3525 3249 3782 3315; x_wconf 79' lang='grc' dir='ltr'>ἕξουσιν</span> 
     </span>
    </p>
   </div>
   <div class='ocr_carea' id='block_1_100' title="bbox 2095 3331 3783 3408">
    <p class='ocr_par' dir='ltr' id='par_1_100' title="bbox 2095 3331 3783 3408">
     <span class='ocr_line' id='line_1_100' title="bbox 2095 3331 3783 3408; baseline 0.001 -19"><span class='ocrx_word' id='word_1_796' title='bbox 2095 3340 2149 3390; x_wconf 85' lang='grc' dir='ltr'>οὶ</span> <span class='ocrx_word' id='word_1_797' title='bbox 2183 3335 2438 3389; x_wconf 83' lang='grc' dir='ltr'>τοιοῦτοι</span> <span class='ocrx_word' id='word_1_798' title='bbox 2459 3350 2474 3366; x_wconf 77' lang='grc' dir='ltr'><strong>ο</strong></span> <span class='ocrx_word' id='word_1_799' title='bbox 2511 3334 2626 3404; x_wconf 60' lang='grc' dir='ltr'>ἐγὼ</span> <span class='ocrx_word' id='word_1_800' title='bbox 2649 3334 2719 3388; x_wconf 83' lang='grc' dir='ltr'>δὲ</span> <span class='ocrx_word' id='word_1_801' title='bbox 2755 3334 2927 3404; x_wconf 78' lang='grc' dir='ltr'>ὑμῶν</span> <span class='ocrx_word' id='word_1_802' title='bbox 2952 3335 3245 3405; x_wconf 72' lang='grc' dir='ltr'>φείδομαι.</span> <span class='ocrx_word' id='word_1_803' title='bbox 3277 3331 3410 3390; x_wconf 82' lang='grc' dir='ltr'>Εἶτα</span> <span class='ocrx_word' id='word_1_804' title='bbox 3448 3337 3593 3408; x_wconf 88' lang='grc' dir='ltr'>μετά</span> <span class='ocrx_word' id='word_1_805' title='bbox 3624 3337 3783 3391; x_wconf 86' lang='grc' dir='ltr'>τοῦτό</span> 
     </span>
    </p>
   </div>
   <div class='ocr_carea' id='block_1_101' title="bbox 2097 3422 3780 3494">
    <p class='ocr_par' dir='ltr' id='par_1_101' title="bbox 2097 3422 3780 3494">
     <span class='ocr_line' id='line_1_101' title="bbox 2097 3422 3780 3494; baseline -0.008 0"><span class='ocrx_word' id='word_1_806' title='bbox 2097 3439 2292 3494; x_wconf 80' lang='grc' dir='ltr'>φησιν·</span> <span class='ocrx_word' id='word_1_807' title='bbox 2333 3423 2394 3476; x_wconf 84' lang='lat'>&#39;0</span> <span class='ocrx_word' id='word_1_808' title='bbox 2437 3422 2643 3492; x_wconf 81' lang='grc' dir='ltr'>καιρὸς</span> <span class='ocrx_word' id='word_1_809' title='bbox 2681 3423 3178 3493; x_wconf 75' lang='grc' dir='ltr'>συνεσταλμένος</span> <span class='ocrx_word' id='word_1_810' title='bbox 3208 3425 3276 3478; x_wconf 84' lang='grc' dir='ltr'>τὸ</span> <span class='ocrx_word' id='word_1_811' title='bbox 3325 3425 3559 3479; x_wconf 72' lang='grc' dir='ltr'>λοιπόν</span> <span class='ocrx_word' id='word_1_812' title='bbox 3586 3425 3780 3480; x_wconf 79' lang='grc' dir='ltr'>ἐστιν.</span> 
     </span>
    </p>
   </div>
   <div class='ocr_carea' id='block_1_102' title="bbox 2168 3511 3780 3582">
    <p class='ocr_par' dir='ltr' id='par_1_102' title="bbox 2168 3511 3780 3582">
     <span class='ocr_line' id='line_1_102' title="bbox 2168 3511 3780 3582; baseline 0.002 -18"><span class='ocrx_word' id='word_1_813' title='bbox 2168 3511 2287 3564; x_wconf 73' lang='grc' dir='ltr'>ΟΡ.</span> <span class='ocrx_word' id='word_1_814' title='bbox 2319 3511 2432 3566; x_wconf 78' lang='grc' dir='ltr'>Καὶ</span> <span class='ocrx_word' id='word_1_815' title='bbox 2455 3511 2509 3566; x_wconf 89' lang='grc' dir='ltr'>τί</span> <span class='ocrx_word' id='word_1_816' title='bbox 2539 3511 2697 3564; x_wconf 90' lang='grc' dir='ltr'>τοῦτο</span> <span class='ocrx_word' id='word_1_817' title='bbox 2723 3511 2858 3582; x_wconf 81' lang='grc' dir='ltr'>πρὸς</span> <span class='ocrx_word' id='word_1_818' title='bbox 2879 3511 2969 3564; x_wconf 80' lang='grc' dir='ltr'>τὸν</span> <span class='ocrx_word' id='word_1_819' title='bbox 2998 3512 3175 3582; x_wconf 88' lang='grc' dir='ltr'>γάμον</span> <span class='ocrx_word' id='word_1_820' title='bbox 3198 3528 3212 3576; x_wconf 90' lang='lat'><strong>;</strong></span> <span class='ocrx_word' id='word_1_821' title='bbox 3248 3513 3377 3574; x_wconf 78' lang='grc' dir='ltr'>ἴσως</span> <span class='ocrx_word' id='word_1_822' title='bbox 3407 3512 3483 3566; x_wconf 78' lang='grc' dir='ltr'>ἂν</span> <span class='ocrx_word' id='word_1_823' title='bbox 3504 3513 3649 3566; x_wconf 77' lang='grc' dir='ltr'>εἴποι</span> <span class='ocrx_word' id='word_1_824' title='bbox 3677 3529 3780 3577; x_wconf 88' lang='grc' dir='ltr'>τις.</span> 
     </span>
    </p>
   </div>
   <div class='ocr_carea' id='block_1_103' title="bbox 2099 3590 3782 3667">
    <p class='ocr_par' dir='ltr' id='par_1_103' title="bbox 2099 3590 3782 3667">
     <span class='ocr_line' id='line_1_103' title="bbox 2099 3590 3782 3667; baseline 0 -20"><span class='ocrx_word' id='word_1_825' title='bbox 2099 3590 2212 3647; x_wconf 83' lang='lat' dir='ltr'>Kal</span> <span class='ocrx_word' id='word_1_826' title='bbox 2227 3595 2433 3666; x_wconf 89' lang='grc' dir='ltr'>σφόδρα</span> <span class='ocrx_word' id='word_1_827' title='bbox 2451 3595 2548 3666; x_wconf 88' lang='grc' dir='ltr'>μέν</span> <span class='ocrx_word' id='word_1_828' title='bbox 2572 3591 2665 3649; x_wconf 82' lang='grc' dir='ltr'>οῦν</span> <span class='ocrx_word' id='word_1_829' title='bbox 2687 3595 2823 3665; x_wconf 85' lang='grc' dir='ltr'>πρὸς</span> <span class='ocrx_word' id='word_1_830' title='bbox 2838 3595 3018 3649; x_wconf 89' lang='grc' dir='ltr'>αὐτόν.</span> <span class='ocrx_word' id='word_1_831' title='bbox 3038 3596 3099 3647; x_wconf 85' lang='grc' dir='ltr'>Εί</span> <span class='ocrx_word' id='word_1_832' title='bbox 3115 3594 3225 3664; x_wconf 86' lang='grc' dir='ltr'>γὰρ</span> <span class='ocrx_word' id='word_1_833' title='bbox 3255 3595 3311 3648; x_wconf 90' lang='grc' dir='ltr'>ἐν</span> <span class='ocrx_word' id='word_1_834' title='bbox 3333 3594 3409 3666; x_wconf 79' lang='grc' dir='ltr'>τῷ</span> <span class='ocrx_word' id='word_1_835' title='bbox 3433 3596 3667 3667; x_wconf 90' lang='grc' dir='ltr'>παρόντι</span> <span class='ocrx_word' id='word_1_836' title='bbox 3683 3595 3782 3666; x_wconf 85' lang='grc' dir='ltr'>βίῳ</span> 
     </span>
    </p>
   </div>
   <div class='ocr_carea' id='block_1_104' title="bbox 2100 3672 3779 3746">
    <p class='ocr_par' dir='ltr' id='par_1_104' title="bbox 2100 3672 3779 3746">
     <span class='ocr_line' id='line_1_104' title="bbox 2100 3672 3779 3746; baseline 0.001 -20"><span class='ocrx_word' id='word_1_837' title='bbox 2100 3674 2538 3742; x_wconf 85' lang='grc' dir='ltr'>συγκέκλεισται,</span> <span class='ocrx_word' id='word_1_838' title='bbox 2571 3677 2628 3729; x_wconf 93' lang='grc' dir='ltr'>ἐν</span> <span class='ocrx_word' id='word_1_839' title='bbox 2657 3674 2714 3728; x_wconf 90' lang='grc' dir='ltr'>δέ</span> <span class='ocrx_word' id='word_1_840' title='bbox 2747 3674 2824 3745; x_wconf 84' lang='grc' dir='ltr'>τῷ</span> <span class='ocrx_word' id='word_1_841' title='bbox 2879 3675 3127 3746; x_wconf 89' lang='grc' dir='ltr'>μέλλοντι</span> <span class='ocrx_word' id='word_1_842' title='bbox 3176 3672 3299 3728; x_wconf 80' lang='grc' dir='ltr'>οὐτε</span> <span class='ocrx_word' id='word_1_843' title='bbox 3337 3677 3619 3746; x_wconf 85' lang='grc' dir='ltr'>γαμοῦσιν</span> <span class='ocrx_word' id='word_1_844' title='bbox 3653 3674 3779 3730; x_wconf 79' lang='grc' dir='ltr'>οὕτε</span> 
     </span>
    </p>
   </div>
   <div class='ocr_carea' id='block_1_105' title="bbox 2097 3752 3774 3826">
    <p class='ocr_par' dir='ltr' id='par_1_105' title="bbox 2097 3752 3774 3826">
     <span class='ocr_line' id='line_1_105' title="bbox 2097 3752 3774 3826; baseline 0 -19"><span class='ocrx_word' id='word_1_845' title='bbox 2097 3755 2440 3824; x_wconf 78' lang='grc' dir='ltr'>γαμίζονται,</span> <span class='ocrx_word' id='word_1_846' title='bbox 2469 3757 2497 3807; x_wconf 90' lang='lat'>6</span> <span class='ocrx_word' id='word_1_847' title='bbox 2522 3754 2580 3807; x_wconf 88' lang='grc' dir='ltr'>δέ</span> <span class='ocrx_word' id='word_1_848' title='bbox 2603 3752 2792 3826; x_wconf 84' lang='grc' dir='ltr'>παρὼν</span> <span class='ocrx_word' id='word_1_849' title='bbox 2818 3757 3012 3826; x_wconf 83' lang='grc' dir='ltr'>καιρὸς</span> <span class='ocrx_word' id='word_1_850' title='bbox 3040 3753 3178 3826; x_wconf 74' lang='grc' dir='ltr'>πρὸς</span> <span class='ocrx_word' id='word_1_851' title='bbox 3204 3754 3266 3806; x_wconf 81' lang='grc' dir='ltr'>τὸ</span> <span class='ocrx_word' id='word_1_852' title='bbox 3290 3754 3449 3820; x_wconf 89' lang='grc' dir='ltr'>τέλος</span> <span class='ocrx_word' id='word_1_853' title='bbox 3471 3757 3774 3825; x_wconf 86' lang='grc' dir='ltr'>ἐπείγεται,</span> 
     </span>
    </p>
   </div>
   <div class='ocr_carea' id='block_1_106' title="bbox 2098 3830 3776 3903">
    <p class='ocr_par' dir='ltr' id='par_1_106' title="bbox 2098 3830 3776 3903">
     <span class='ocr_line' id='line_1_106' title="bbox 2098 3830 3776 3903; baseline 0 -17"><span class='ocrx_word' id='word_1_854' title='bbox 2098 3834 2192 3886; x_wconf 77' lang='grc' dir='ltr'>καὶ</span> <span class='ocrx_word' id='word_1_855' title='bbox 2221 3832 2314 3886; x_wconf 75' lang='grc' dir='ltr'>ἐπὶ</span> <span class='ocrx_word' id='word_1_856' title='bbox 2342 3831 2537 3902; x_wconf 91' lang='grc' dir='ltr'>θύραις</span> <span class='ocrx_word' id='word_1_857' title='bbox 2569 3830 2640 3884; x_wconf 91' lang='grc' dir='ltr'>τά</span> <span class='ocrx_word' id='word_1_858' title='bbox 2665 3832 2768 3899; x_wconf 91' lang='grc' dir='ltr'>τῆς</span> <span class='ocrx_word' id='word_1_859' title='bbox 2794 3833 3145 3895; x_wconf 87' lang='grc' dir='ltr'>ἀναστάσεως</span> <span class='ocrx_word' id='word_1_860' title='bbox 3172 3832 3428 3903; x_wconf 74' lang='grc' dir='ltr'>ἔστηκεν,</span> <span class='ocrx_word' id='word_1_861' title='bbox 3485 3835 3549 3887; x_wconf 92' lang='grc' dir='ltr'>οὐ</span> <span class='ocrx_word' id='word_1_862' title='bbox 3577 3835 3776 3903; x_wconf 85' lang='grc' dir='ltr'>γάμων</span> 
     </span>
    </p>
   </div>
   <div class='ocr_carea' id='block_1_107' title="bbox 2098 3912 3775 3985">
    <p class='ocr_par' dir='ltr' id='par_1_107' title="bbox 2098 3912 3775 3985">
     <span class='ocr_line' id='line_1_107' title="bbox 2098 3912 3775 3985; baseline -0.001 -19"><span class='ocrx_word' id='word_1_863' title='bbox 2098 3915 2289 3984; x_wconf 81' lang='grc' dir='ltr'>καιρὸς</span> <span class='ocrx_word' id='word_1_864' title='bbox 2315 3913 2435 3967; x_wconf 83' lang='grc' dir='ltr'>οὐδὲ</span> <span class='ocrx_word' id='word_1_865' title='bbox 2460 3912 2776 3982; x_wconf 86' lang='grc' dir='ltr'>κτημάτων,</span> <span class='ocrx_word' id='word_1_866' title='bbox 2806 3912 2921 3966; x_wconf 84' lang='grc' dir='ltr'>ἀλλ’</span> <span class='ocrx_word' id='word_1_867' title='bbox 2942 3913 3148 3976; x_wconf 86' lang='grc' dir='ltr'>ἐνδείας</span> <span class='ocrx_word' id='word_1_868' title='bbox 3173 3913 3268 3966; x_wconf 82' lang='grc' dir='ltr'>καὶ</span> <span class='ocrx_word' id='word_1_869' title='bbox 3289 3913 3390 3982; x_wconf 89' lang='grc' dir='ltr'>τῆς</span> <span class='ocrx_word' id='word_1_870' title='bbox 3421 3913 3596 3985; x_wconf 82' lang='grc' dir='ltr'>ἄλλης</span> <span class='ocrx_word' id='word_1_871' title='bbox 3625 3913 3775 3983; x_wconf 81' lang='grc' dir='ltr'>φιλο-</span> 
     </span>
    </p>
   </div>
   <div class='ocr_carea' id='block_1_108' title="bbox 2099 3991 3777 4065">
    <p class='ocr_par' dir='ltr' id='par_1_108' title="bbox 2099 3991 3777 4065">
     <span class='ocr_line' id='line_1_108' title="bbox 2099 3991 3777 4065; baseline -0.001 -20"><span class='ocrx_word' id='word_1_872' title='bbox 2099 3991 2290 4062; x_wconf 83' lang='grc' dir='ltr'>σοφίας</span> <span class='ocrx_word' id='word_1_873' title='bbox 2319 3992 2538 4063; x_wconf 84' lang='grc' dir='ltr'>ἀπάσης</span> <span class='ocrx_word' id='word_1_874' title='bbox 2569 3993 2669 4062; x_wconf 87' lang='grc' dir='ltr'>τῆς</span> <span class='ocrx_word' id='word_1_875' title='bbox 2723 3992 2842 4044; x_wconf 88' lang='grc' dir='ltr'>ἐκεῖ</span> <span class='ocrx_word' id='word_1_876' title='bbox 2885 3994 3334 4065; x_wconf 89' lang='grc' dir='ltr'>χρησιμευούσης</span> <span class='ocrx_word' id='word_1_877' title='bbox 3370 3994 3530 4063; x_wconf 87' lang='grc' dir='ltr'>ἡμῖν.</span> <span class='ocrx_word' id='word_1_878' title='bbox 3567 3993 3777 4062; x_wconf 84' lang='grc' dir='ltr'>Ὥσπερ</span> 
     </span>
    </p>
   </div>
   <div class='ocr_carea' id='block_1_109' title="bbox 2097 4068 3773 4142">
    <p class='ocr_par' dir='ltr' id='par_1_109' title="bbox 2097 4068 3773 4142">
     <span class='ocr_line' id='line_1_109' title="bbox 2097 4068 3773 4142; baseline -0.001 -20"><span class='ocrx_word' id='word_1_879' title='bbox 2097 4069 2206 4140; x_wconf 85' lang='grc' dir='ltr'>γὰρ</span> <span class='ocrx_word' id='word_1_880' title='bbox 2237 4073 2270 4141; x_wconf 89' lang='grc' dir='ltr'>ἡ</span> <span class='ocrx_word' id='word_1_881' title='bbox 2293 4069 2563 4141; x_wconf 88' lang='grc' dir='ltr'>παρθένος</span> <span class='ocrx_word' id='word_1_882' title='bbox 2591 4070 2696 4132; x_wconf 78' lang='grc' dir='ltr'>ἓως</span> <span class='ocrx_word' id='word_1_883' title='bbox 2723 4069 2822 4141; x_wconf 80' lang='grc' dir='ltr'>μὲν</span> <span class='ocrx_word' id='word_1_884' title='bbox 2841 4068 3058 4125; x_wconf 81' lang='grc' dir='ltr'>ἂνοίκοι</span> <span class='ocrx_word' id='word_1_885' title='bbox 3087 4071 3221 4140; x_wconf 85' lang='grc' dir='ltr'>μένῃ</span> <span class='ocrx_word' id='word_1_886' title='bbox 3252 4069 3389 4140; x_wconf 90' lang='grc' dir='ltr'>μετά</span> <span class='ocrx_word' id='word_1_887' title='bbox 3416 4071 3521 4141; x_wconf 88' lang='grc' dir='ltr'>τῆς</span> <span class='ocrx_word' id='word_1_888' title='bbox 3549 4069 3773 4142; x_wconf 83' lang='grc' dir='ltr'>μητρὸς,</span> 
     </span>
    </p>
   </div>
   <div class='ocr_carea' id='block_1_110' title="bbox 2097 4146 3775 4220">
    <p class='ocr_par' dir='ltr' id='par_1_110' title="bbox 2097 4146 3775 4220">
     <span class='ocr_line' id='line_1_110' title="bbox 2097 4146 3775 4220; baseline -0.002 -20"><span class='ocrx_word' id='word_1_889' title='bbox 2097 4148 2298 4220; x_wconf 84' lang='grc' dir='ltr'>πολλὴν</span> <span class='ocrx_word' id='word_1_890' title='bbox 2340 4148 2448 4204; x_wconf 90' lang='grc' dir='ltr'>τῶν</span> <span class='ocrx_word' id='word_1_891' title='bbox 2481 4147 2747 4203; x_wconf 88' lang='grc' dir='ltr'>παιδικῶν</span> <span class='ocrx_word' id='word_1_892' title='bbox 2782 4147 3036 4202; x_wconf 85' lang='grc' dir='ltr'>ἁπάντων</span> <span class='ocrx_word' id='word_1_893' title='bbox 3079 4153 3313 4200; x_wconf 88' lang='grc' dir='ltr'>ποιεῖται</span> <span class='ocrx_word' id='word_1_894' title='bbox 3369 4149 3651 4219; x_wconf 86' lang='grc' dir='ltr'>φροντίδα,</span> <span class='ocrx_word' id='word_1_895' title='bbox 3684 4146 3775 4200; x_wconf 79' lang='grc' dir='ltr'>καὶ</span> 
     </span>
    </p>
   </div>
   <div class='ocr_carea' id='block_1_111' title="bbox 2086 4225 3774 4298">
    <p class='ocr_par' dir='ltr' id='par_1_111' title="bbox 2086 4225 3774 4298">
     <span class='ocr_line' id='line_1_111' title="bbox 2086 4225 3774 4298; baseline -0.003 -18"><span class='ocrx_word' id='word_1_896' title='bbox 2086 4225 2350 4291; x_wconf 47' lang='grc' dir='ltr'>,κιϐώτιον</span> <span class='ocrx_word' id='word_1_897' title='bbox 2373 4229 2432 4281; x_wconf 91' lang='grc' dir='ltr'>ἐν</span> <span class='ocrx_word' id='word_1_898' title='bbox 2459 4227 2537 4298; x_wconf 88' lang='grc' dir='ltr'>τῷ</span> <span class='ocrx_word' id='word_1_899' title='bbox 2579 4226 2813 4297; x_wconf 88' lang='grc' dir='ltr'>ταμιείῳ</span> <span class='ocrx_word' id='word_1_900' title='bbox 2869 4225 3218 4297; x_wconf 88' lang='grc' dir='ltr'>καταθεμένη</span> <span class='ocrx_word' id='word_1_901' title='bbox 3261 4225 3370 4280; x_wconf 89' lang='grc' dir='ltr'>τῶν</span> <span class='ocrx_word' id='word_1_902' title='bbox 3391 4226 3774 4298; x_wconf 87' lang='grc' dir='ltr'>ἀποκειμένων</span> 
     </span>
    </p>
   </div>
   <div class='ocr_carea' id='block_1_112' title="bbox 2100 4303 3773 4380">
    <p class='ocr_par' dir='ltr' id='par_1_112' title="bbox 2100 4303 3773 4380">
     <span class='ocr_line' id='line_1_112' title="bbox 2100 4303 3773 4380; baseline -0.002 -22"><span class='ocrx_word' id='word_1_903' title='bbox 2100 4307 2234 4372; x_wconf 89' lang='grc' dir='ltr'>ἐκεῖ,</span> <span class='ocrx_word' id='word_1_904' title='bbox 2283 4307 2379 4360; x_wconf 70' lang='grc' dir='ltr'>καὶ</span> <span class='ocrx_word' id='word_1_905' title='bbox 2414 4306 2515 4380; x_wconf 77' lang='grc' dir='ltr'>τὴν</span> <span class='ocrx_word' id='word_1_906' title='bbox 2547 4307 2697 4360; x_wconf 85' lang='grc' dir='ltr'>κλεῖν</span> <span class='ocrx_word' id='word_1_907' title='bbox 2725 4305 2864 4378; x_wconf 83' lang='grc' dir='ltr'>αὑτὴ</span> <span class='ocrx_word' id='word_1_908' title='bbox 2915 4305 3202 4377; x_wconf 88' lang='grc' dir='ltr'>κέκτηται,</span> <span class='ocrx_word' id='word_1_909' title='bbox 3243 4306 3336 4359; x_wconf 73' lang='grc' dir='ltr'>καὶ</span> <span class='ocrx_word' id='word_1_910' title='bbox 3377 4304 3481 4377; x_wconf 82' lang='grc' dir='ltr'>τὴν</span> <span class='ocrx_word' id='word_1_911' title='bbox 3525 4303 3773 4380; x_wconf 78' lang='grc' dir='ltr'>ἐξουσίαν</span> 
     </span>
    </p>
   </div>
   <div class='ocr_carea' id='block_1_113' title="bbox 2099 4378 3770 4457">
    <p class='ocr_par' dir='ltr' id='par_1_113' title="bbox 2099 4378 3770 4457">
     <span class='ocr_line' id='line_1_113' title="bbox 2099 4378 3770 4457; baseline -0.005 -17"><span class='ocrx_word' id='word_1_912' title='bbox 2099 4385 2317 4440; x_wconf 81' lang='grc' dir='ltr'>ἃπασαν</span> <span class='ocrx_word' id='word_1_913' title='bbox 2348 4378 2483 4457; x_wconf 78' lang='grc' dir='ltr'>ἔχει,</span> <span class='ocrx_word' id='word_1_914' title='bbox 2510 4387 2605 4440; x_wconf 73' lang='grc' dir='ltr'>καὶ</span> <span class='ocrx_word' id='word_1_915' title='bbox 2631 4384 2901 4456; x_wconf 82' lang='grc' dir='ltr'>τοσαύτην</span> <span class='ocrx_word' id='word_1_916' title='bbox 2936 4385 3076 4455; x_wconf 80' lang='grc' dir='ltr'>ὑπὲρ</span> <span class='ocrx_word' id='word_1_917' title='bbox 3105 4383 3207 4455; x_wconf 90' lang='grc' dir='ltr'>τῆς</span> <span class='ocrx_word' id='word_1_918' title='bbox 3234 4383 3343 4436; x_wconf 89' lang='grc' dir='ltr'>τῶν</span> <span class='ocrx_word' id='word_1_919' title='bbox 3369 4383 3588 4456; x_wconf 88' lang='grc' dir='ltr'>μικρῶν</span> <span class='ocrx_word' id='word_1_920' title='bbox 3619 4378 3770 4435; x_wconf 89' lang='grc' dir='ltr'>ἐκεί-</span> 
     </span>
    </p>
   </div>
   <div class='ocr_carea' id='block_1_114' title="bbox 2098 4461 3766 4537">
    <p class='ocr_par' dir='ltr' id='par_1_114' title="bbox 2098 4461 3766 4537">
     <span class='ocr_line' id='line_1_114' title="bbox 2098 4461 3766 4537; baseline 0 -20"><span class='ocrx_word' id='word_1_921' title='bbox 2098 4481 2204 4517; x_wconf 91' lang='grc' dir='ltr'>νων</span> <span class='ocrx_word' id='word_1_922' title='bbox 2259 4466 2355 4520; x_wconf 85' lang='grc' dir='ltr'>κα“ι</span> <span class='ocrx_word' id='word_1_923' title='bbox 2402 4463 2622 4535; x_wconf 78' lang='grc' dir='ltr'>φαύλων</span> <span class='ocrx_word' id='word_1_924' title='bbox 2657 4463 2807 4537; x_wconf 71' lang='grc'>[526]</span> <span class='ocrx_word' id='word_1_925' title='bbox 2839 4462 3088 4534; x_wconf 89' lang='grc' dir='ltr'>φυλακῆς</span> <span class='ocrx_word' id='word_1_926' title='bbox 3115 4461 3434 4534; x_wconf 87' lang='grc' dir='ltr'>ἀναδέχεται</span> <span class='ocrx_word' id='word_1_927' title='bbox 3472 4462 3766 4532; x_wconf 72' lang='grc' dir='ltr'>μέριμναν.</span> 
     </span>
    </p>
   </div>
   <div class='ocr_carea' id='block_1_115' title="bbox 2098 4540 3772 4615">
    <p class='ocr_par' dir='ltr' id='par_1_115' title="bbox 2098 4540 3772 4615">
     <span class='ocr_line' id='line_1_115' title="bbox 2098 4540 3772 4615; baseline -0.002 -19"><span class='ocrx_word' id='word_1_928' title='bbox 2098 4543 2229 4614; x_wconf 83' lang='grc' dir='ltr'>ὅσην</span> <span class='ocrx_word' id='word_1_929' title='bbox 2264 4545 2314 4596; x_wconf 80' lang='grc' dir='ltr'>οἱ</span> <span class='ocrx_word' id='word_1_930' title='bbox 2355 4543 2455 4607; x_wconf 91' lang='grc' dir='ltr'>τάς</span> <span class='ocrx_word' id='word_1_931' title='bbox 2490 4543 2731 4615; x_wconf 89' lang='grc' dir='ltr'>μεγάλας</span> <span class='ocrx_word' id='word_1_932' title='bbox 2777 4544 3262 4613; x_wconf 85' lang='grc' dir='ltr'>ἐπιτροπεύοντες·</span> <span class='ocrx_word' id='word_1_933' title='bbox 3297 4541 3516 4596; x_wconf 78' lang='grc' dir='ltr'>ἐπειδάν</span> <span class='ocrx_word' id='word_1_934' title='bbox 3551 4540 3607 4592; x_wconf 87' lang='grc' dir='ltr'>δέ</span> <span class='ocrx_word' id='word_1_935' title='bbox 3636 4553 3772 4615; x_wconf 64' lang='grc' dir='ltr'>μνη-</span> 
     </span>
    </p>
   </div>
   <div class='ocr_carea' id='block_1_116' title="bbox 2101 4613 3769 4696">
    <p class='ocr_par' dir='ltr' id='par_1_116' title="bbox 2101 4613 3769 4696">
     <span class='ocr_line' id='line_1_116' title="bbox 2101 4613 3769 4696; baseline -0.004 -21"><span class='ocrx_word' id='word_1_936' title='bbox 2101 4613 2385 4677; x_wconf 86' lang='grc' dir='ltr'>στεύεσθαι</span> <span class='ocrx_word' id='word_1_937' title='bbox 2422 4613 2518 4696; x_wconf 65' lang='grc' dir='ltr'>δέη</span> <span class='ocrx_word' id='word_1_938' title='bbox 2563 4623 2657 4678; x_wconf 75' lang='grc' dir='ltr'>καὶ</span> <span class='ocrx_word' id='word_1_939' title='bbox 2685 4624 2713 4675; x_wconf 87' lang='lat'>6</span> <span class='ocrx_word' id='word_1_940' title='bbox 2743 4621 2836 4676; x_wconf 89' lang='grc' dir='ltr'>τοῦ</span> <span class='ocrx_word' id='word_1_941' title='bbox 2883 4623 3065 4692; x_wconf 86' lang='grc' dir='ltr'>γάμου</span> <span class='ocrx_word' id='word_1_942' title='bbox 3114 4623 3306 4691; x_wconf 84' lang='grc' dir='ltr'>καιρὸς</span> <span class='ocrx_word' id='word_1_943' title='bbox 3351 4619 3638 4689; x_wconf 77' lang='grc' dir='ltr'>ἀναγκάζῃ</span> <span class='ocrx_word' id='word_1_944' title='bbox 3662 4613 3769 4696; x_wconf 81' lang='grc' dir='ltr'>τὴν</span> 
     </span>
    </p>
   </div>
   <div class='ocr_carea' id='block_1_117' title="bbox 2100 4694 3768 4774">
    <p class='ocr_par' dir='ltr' id='par_1_117' title="bbox 2100 4694 3768 4774">
     <span class='ocr_line' id='line_1_117' title="bbox 2100 4694 3768 4774; baseline -0.005 -19"><span class='ocrx_word' id='word_1_945' title='bbox 2100 4703 2358 4774; x_wconf 84' lang='grc' dir='ltr'>πατρῴαν</span> <span class='ocrx_word' id='word_1_946' title='bbox 2413 4694 2592 4756; x_wconf 80' lang='grc' dir='ltr'>οἰκίαν</span> <span class='ocrx_word' id='word_1_947' title='bbox 2638 4705 2882 4772; x_wconf 88' lang='grc' dir='ltr'>ἀφεῖναι,</span> <span class='ocrx_word' id='word_1_948' title='bbox 2934 4702 3056 4754; x_wconf 89' lang='grc' dir='ltr'>τότε</span> <span class='ocrx_word' id='word_1_949' title='bbox 3107 4702 3208 4771; x_wconf 87' lang='grc' dir='ltr'>τῆς</span> <span class='ocrx_word' id='word_1_950' title='bbox 3243 4699 3522 4762; x_wconf 89' lang='grc' dir='ltr'>εὐτελείας</span> <span class='ocrx_word' id='word_1_951' title='bbox 3555 4694 3768 4774; x_wconf 77' lang='grc' dir='ltr'>ἐκείνης</span> 
     </span>
    </p>
   </div>
   <div class='ocr_carea' id='block_1_118' title="bbox 2098 4771 3765 4852">
    <p class='ocr_par' dir='ltr' id='par_1_118' title="bbox 2098 4771 3765 4852">
     <span class='ocr_line' id='line_1_118' title="bbox 2098 4771 3765 4852; baseline -0.008 -17"><span class='ocrx_word' id='word_1_952' title='bbox 2098 4771 2473 4852; x_wconf 85' lang='grc' dir='ltr'>ἀπαλλαγεῖσα</span> <span class='ocrx_word' id='word_1_953' title='bbox 2511 4782 2607 4836; x_wconf 75' lang='grc' dir='ltr'>καὶ</span> <span class='ocrx_word' id='word_1_954' title='bbox 2635 4771 2735 4852; x_wconf 88' lang='grc' dir='ltr'>τῆς</span> <span class='ocrx_word' id='word_1_955' title='bbox 2765 4781 3175 4851; x_wconf 87' lang='grc' dir='ltr'>ταπεινότητος,</span> <span class='ocrx_word' id='word_1_956' title='bbox 3211 4779 3387 4842; x_wconf 87' lang='grc' dir='ltr'>οἰκίας</span> <span class='ocrx_word' id='word_1_957' title='bbox 3413 4771 3765 4852; x_wconf 82' lang='grc' dir='ltr'>προστασίαν,</span> 
     </span>
    </p>
   </div>
   <div class='ocr_carea' id='block_1_119' title="bbox 2098 4850 3767 4934">
    <p class='ocr_par' dir='ltr' id='par_1_119' title="bbox 2098 4850 3767 4934">
     <span class='ocr_line' id='line_1_119' title="bbox 2098 4850 3767 4934; baseline -0.008 -18"><span class='ocrx_word' id='word_1_958' title='bbox 2098 4863 2192 4916; x_wconf 80' lang='grc' dir='ltr'>καὶ</span> <span class='ocrx_word' id='word_1_959' title='bbox 2223 4850 2518 4934; x_wconf 86' lang='grc' dir='ltr'>κτημάτων</span> <span class='ocrx_word' id='word_1_960' title='bbox 2541 4861 2636 4915; x_wconf 86' lang='grc' dir='ltr'>καί</span> <span class='ocrx_word' id='word_1_961' title='bbox 2666 4850 3014 4932; x_wconf 79' lang='grc' dir='ltr'>ἀνδραπόδων</span> <span class='ocrx_word' id='word_1_962' title='bbox 3061 4858 3284 4928; x_wconf 85' lang='grc' dir='ltr'>πλῆθος,</span> <span class='ocrx_word' id='word_1_963' title='bbox 3322 4857 3419 4912; x_wconf 79' lang='grc' dir='ltr'>καὶ</span> <span class='ocrx_word' id='word_1_964' title='bbox 3449 4854 3643 4924; x_wconf 85' lang='grc' dir='ltr'>ἀνδρὸς</span> <span class='ocrx_word' id='word_1_965' title='bbox 3677 4850 3767 4934; x_wconf 69' lang='grc' dir='ltr'>θε-</span> 
     </span>
    </p>
   </div>
   <div class='ocr_carea' id='block_1_120' title="bbox 2103 4929 3766 5013">
    <p class='ocr_par' dir='ltr' id='par_1_120' title="bbox 2103 4929 3766 5013">
     <span class='ocr_line' id='line_1_120' title="bbox 2103 4929 3766 5013; baseline -0.01 -18"><span class='ocrx_word' id='word_1_966' title='bbox 2103 4929 2364 5013; x_wconf 59' lang='grc' dir='ltr'>ραπείαν,</span> <span class='ocrx_word' id='word_1_967' title='bbox 2415 4941 2512 4995; x_wconf 70' lang='grc' dir='ltr'>καὶ</span> <span class='ocrx_word' id='word_1_968' title='bbox 2566 4941 2635 4995; x_wconf 87' lang='grc' dir='ltr'>τὰ</span> <span class='ocrx_word' id='word_1_969' title='bbox 2687 4929 2823 4994; x_wconf 81' lang='grc' dir='ltr'>ἄλλα</span> <span class='ocrx_word' id='word_1_970' title='bbox 2866 4939 2935 4994; x_wconf 86' lang='grc' dir='ltr'>τά</span> <span class='ocrx_word' id='word_1_971' title='bbox 2971 4937 3180 4992; x_wconf 89' lang='grc' dir='ltr'>τούτων</span> <span class='ocrx_word' id='word_1_972' title='bbox 3218 4937 3444 5009; x_wconf 80' lang='grc' dir='ltr'>μείζονα</span> <span class='ocrx_word' id='word_1_973' title='bbox 3501 4929 3766 5013; x_wconf 55' lang='grc' dir='ltr'>μεριμνξν</span> 
     </span>
    </p>
   </div>
   <div class='ocr_carea' id='block_1_121' title="bbox 2098 5005 3766 5092">
    <p class='ocr_par' dir='ltr' id='par_1_121' title="bbox 2098 5005 3766 5092">
     <span class='ocr_line' id='line_1_121' title="bbox 2098 5005 3766 5092; baseline 0.01 -16"><span class='ocrx_word' id='word_1_974' title='bbox 2098 5005 2500 5092; x_wconf 80' lang='grc' dir='ltr'>ἀναγκάζεται·</span> <span class='ocrx_word' id='word_1_975' title='bbox 2530 5017 2674 5073; x_wconf 76' lang='grc' dir='ltr'>οὕτω</span> <span class='ocrx_word' id='word_1_976' title='bbox 2703 5019 2799 5073; x_wconf 69' lang='grc' dir='ltr'>καὶ</span> <span class='ocrx_word' id='word_1_977' title='bbox 2827 5021 2976 5090; x_wconf 83' lang='grc' dir='ltr'>ἡμᾶς</span> <span class='ocrx_word' id='word_1_978' title='bbox 3011 5018 3138 5090; x_wconf 60' lang='grc' dir='ltr'>χρὴ,</span> <span class='ocrx_word' id='word_1_979' title='bbox 3170 5005 3360 5088; x_wconf 41' lang='grc' dir='ltr'>έτίεειδὴ</span> <span class='ocrx_word' id='word_1_980' title='bbox 3394 5017 3531 5088; x_wconf 53' lang='lat' dir='ltr'>“Pb;</span> <span class='ocrx_word' id='word_1_981' title='bbox 3561 5011 3652 5092; x_wconf 63' lang='grc' dir='ltr'>τὸν</span> <span class='ocrx_word' id='word_1_982' title='bbox 3678 5005 3766 5092; x_wconf 37' lang='lat' dir='ltr'>ius:</span> 
     </span>
    </p>
   </div>
   <div class='ocr_carea' id='block_1_122' title="bbox 2098 5085 3762 5173">
    <p class='ocr_par' dir='ltr' id='par_1_122' title="bbox 2098 5085 3762 5173">
     <span class='ocr_line' id='line_1_122' title="bbox 2098 5085 3762 5173; baseline -0.005 -19"><span class='ocrx_word' id='word_1_983' title='bbox 2098 5085 2240 5155; x_wconf 74' lang='grc' dir='ltr'>λειον</span> <span class='ocrx_word' id='word_1_984' title='bbox 2268 5085 2512 5173; x_wconf 87' lang='grc' dir='ltr'>ἀγόμεθα</span> <span class='ocrx_word' id='word_1_985' title='bbox 2542 5101 2655 5171; x_wconf 88' lang='grc' dir='ltr'>βίον</span> <span class='ocrx_word' id='word_1_986' title='bbox 2683 5099 2777 5154; x_wconf 64' lang='grc' dir='ltr'>καὶ¹</span> <span class='ocrx_word' id='word_1_987' title='bbox 2801 5085 2894 5152; x_wconf 71' lang='grc' dir='ltr'>τόν</span> <span class='ocrx_word' id='word_1_988' title='bbox 2914 5085 3142 5170; x_wconf 79' lang='grc' dir='ltr'>ἀνδράσι</span> <span class='ocrx_word' id='word_1_989' title='bbox 3177 5085 3546 5169; x_wconf 71' lang='grc' dir='ltr'>προσήκοντα,</span> <span class='ocrx_word' id='word_1_990' title='bbox 3576 5089 3644 5144; x_wconf 79' lang='grc' dir='ltr'>τὰ</span> <span class='ocrx_word' id='word_1_991' title='bbox 3674 5085 3762 5138; x_wconf 72' lang='grc' dir='ltr'>ἐπὶ</span> 
     </span>
    </p>
   </div>
   <div class='ocr_carea' id='block_1_123' title="bbox 2097 5173 3762 5251">
    <p class='ocr_par' dir='ltr' id='par_1_123' title="bbox 2097 5173 3762 5251">
     <span class='ocr_line' id='line_1_123' title="bbox 2097 5173 3762 5251; baseline -0.002 -17"><span class='ocrx_word' id='word_1_992' title='bbox 2097 5181 2200 5251; x_wconf 87' lang='grc' dir='ltr'>τῆς</span> <span class='ocrx_word' id='word_1_993' title='bbox 2231 5183 2333 5250; x_wconf 87' lang='grc' dir='ltr'>γῆς</span> <span class='ocrx_word' id='word_1_994' title='bbox 2367 5183 2546 5236; x_wconf 88' lang='grc' dir='ltr'>πάντα</span> <span class='ocrx_word' id='word_1_995' title='bbox 2580 5179 2820 5249; x_wconf 85' lang='grc' dir='ltr'>ἀφέντας</span> <span class='ocrx_word' id='word_1_996' title='bbox 2850 5180 2920 5232; x_wconf 80' lang='grc' dir='ltr'>τὰ</span> <span class='ocrx_word' id='word_1_997' title='bbox 2965 5179 3135 5243; x_wconf 77' lang='grc' dir='ltr'>ὅντως</span> <span class='ocrx_word' id='word_1_998' title='bbox 3190 5177 3418 5232; x_wconf 86' lang='grc' dir='ltr'>παιδικά</span> <span class='ocrx_word' id='word_1_999' title='bbox 3455 5173 3762 5251; x_wconf 70' lang='grc' dir='ltr'>ἀθύρματςιν</span> 
     </span>
    </p>
   </div>
   <div class='ocr_carea' id='block_1_124' title="bbox 2100 5244 3761 5338">
    <p class='ocr_par' dir='ltr' id='par_1_124' title="bbox 2100 5244 3761 5338">
     <span class='ocr_line' id='line_1_124' title="bbox 2100 5244 3761 5338; baseline 0 -26"><span class='ocrx_word' id='word_1_1000' title='bbox 2100 5244 2466 5328; x_wconf 74' lang='grc' dir='ltr'>φαντάζεσθαι</span> <span class='ocrx_word' id='word_1_1001' title='bbox 2497 5259 2590 5312; x_wconf 83' lang='grc' dir='ltr'>τὸν</span> <span class='ocrx_word' id='word_1_1002' title='bbox 2633 5244 2867 5338; x_wconf 73' lang='grc' dir='ltr'>οὐρανδν</span> <span class='ocrx_word' id='word_1_1003' title='bbox 2915 5257 3137 5338; x_wconf 77' lang='grc' dir='ltr'>καὶτῆς</span> <span class='ocrx_word' id='word_1_1004' title='bbox 3184 5257 3302 5338; x_wconf 80' lang='grc' dir='ltr'>ἐκεῖ</span> <span class='ocrx_word' id='word_1_1005' title='bbox 3338 5251 3619 5338; x_wconf 73' lang='grc' dir='ltr'>διατριὸἧς</span> 
     </span>
    </p>
   </div>
   <div class='ocr_carea' id='block_1_125' title="bbox 2098 5333 3760 5416">
    <p class='ocr_par' dir='ltr' id='par_1_125' title="bbox 2098 5333 3760 5416">
     <span class='ocr_line' id='line_1_125' title="bbox 2098 5333 3760 5416; baseline 0.001 -26"><span class='ocrx_word' id='word_1_1006' title='bbox 2098 5337 2457 5410; x_wconf 88' lang='grc' dir='ltr'>λαμπρότητα</span> <span class='ocrx_word' id='word_1_1007' title='bbox 2493 5338 2588 5392; x_wconf 67' lang='grc' dir='ltr'>κα)⁸</span> <span class='ocrx_word' id='word_1_1008' title='bbox 2621 5337 2718 5408; x_wconf 79' lang='grc' dir='ltr'>τὴν</span> <span class='ocrx_word' id='word_1_1009' title='bbox 2740 5336 3190 5416; x_wconf 13' lang='grc' dir='ltr'>Ῠδόξανῗᾰπασαν.</span> <span class='ocrx_word' id='word_1_1010' title='bbox 3231 5333 3616 5416; x_wconf 65' lang='grc' dir='ltr'>Ἦρμόσθημξεν</span> <span class='ocrx_word' id='word_1_1011' title='bbox 3656 5333 3760 5416; x_wconf 60' lang='grc' dir='ltr'>γείρ</span> 
     </span>
    </p>
   </div>
   <div class='ocr_carea' id='block_1_126' title="bbox 2098 5410 3759 5500">
    <p class='ocr_par' dir='ltr' id='par_1_126' title="bbox 2098 5410 3759 5500">
     <span class='ocr_line' id='line_1_126' title="bbox 2098 5410 3759 5500; baseline -0.007 -26"><span class='ocrx_word' id='word_1_1012' title='bbox 2098 5421 2192 5474; x_wconf 76' lang='grc' dir='ltr'>καὶ</span> <span class='ocrx_word' id='word_1_1013' title='bbox 2238 5422 2398 5491; x_wconf 86' lang='grc' dir='ltr'>ἡμεῖς</span> <span class='ocrx_word' id='word_1_1014' title='bbox 2439 5418 2657 5489; x_wconf 85' lang='grc' dir='ltr'>νυμφίῳ</span> <span class='ocrx_word' id='word_1_1015' title='bbox 2694 5415 2868 5479; x_wconf 85' lang='grc' dir='ltr'>οὕτως</span> <span class='ocrx_word' id='word_1_1016' title='bbox 2915 5415 3170 5488; x_wconf 81' lang='grc' dir='ltr'>ζητοῦντι</span> <span class='ocrx_word' id='word_1_1017' title='bbox 3197 5417 3327 5500; x_wconf 42' lang='grc' dir='ltr'>παρ]</span> <span class='ocrx_word' id='word_1_1018' title='bbox 3352 5413 3510 5486; x_wconf 77' lang='grc' dir='ltr'>ἡμῶν</span> <span class='ocrx_word' id='word_1_1019' title='bbox 3544 5410 3759 5500; x_wconf 57' lang='grc' dir='ltr'>ἀγαπᾷο</span> 
     </span>
    </p>
   </div>
   <div class='ocr_carea' id='block_1_127' title="bbox 2100 5495 3758 5570">
    <p class='ocr_par' dir='ltr' id='par_1_127' title="bbox 2100 5495 3758 5570">
     <span class='ocr_line' id='line_1_127' title="bbox 2100 5495 3758 5570; baseline -0.011 -18"><span class='ocrx_word' id='word_1_1020' title='bbox 2100 5502 2245 5564; x_wconf 90' lang='grc' dir='ltr'>σθαι,</span> <span class='ocrx_word' id='word_1_1021' title='bbox 2272 5501 2348 5562; x_wconf 85' lang='grc' dir='ltr'>ὼς</span> <span class='ocrx_word' id='word_1_1022' title='bbox 2373 5499 2446 5570; x_wconf 81' lang='grc' dir='ltr'>μὴ</span> <span class='ocrx_word' id='word_1_1023' title='bbox 2477 5497 2584 5550; x_wconf 90' lang='grc' dir='ltr'>τῶν</span> <span class='ocrx_word' id='word_1_1024' title='bbox 2610 5499 2666 5549; x_wconf 88' lang='grc' dir='ltr'>ἐν</span> <span class='ocrx_word' id='word_1_1025' title='bbox 2687 5499 2753 5566; x_wconf 84' lang='grc' dir='ltr'>τῇ</span> <span class='ocrx_word' id='word_1_1026' title='bbox 2776 5499 2847 5566; x_wconf 86' lang='grc' dir='ltr'>γῇ</span> <span class='ocrx_word' id='word_1_1027' title='bbox 2883 5499 3063 5566; x_wconf 89' lang='grc' dir='ltr'>μόνον,</span> <span class='ocrx_word' id='word_1_1028' title='bbox 3091 5496 3224 5568; x_wconf 83' lang='grc' dir='ltr'>μηδὲ</span> <span class='ocrx_word' id='word_1_1029' title='bbox 3258 5495 3367 5548; x_wconf 87' lang='grc' dir='ltr'>τῶν</span> <span class='ocrx_word' id='word_1_1030' title='bbox 3400 5495 3608 5570; x_wconf 81' lang='grc' dir='ltr'>μικρῶν</span> <span class='ocrx_word' id='word_1_1031' title='bbox 3639 5499 3758 5570; x_wconf 71' lang='grc' dir='ltr'>του-</span> 
     </span>
    </p>
   </div>
   <div class='ocr_carea' id='block_1_128' title="bbox 2097 5561 3759 5646">
    <p class='ocr_par' dir='ltr' id='par_1_128' title="bbox 2097 5561 3759 5646">
     <span class='ocr_line' id='line_1_128' title="bbox 2097 5561 3759 5646; baseline -0.013 -12"><span class='ocrx_word' id='word_1_1032' title='bbox 2097 5599 2208 5635; x_wconf 90' lang='grc' dir='ltr'>των</span> <span class='ocrx_word' id='word_1_1033' title='bbox 2228 5561 2603 5640; x_wconf 16' lang='grc' dir='ltr'>καὶίεύτελῶν,</span> <span class='ocrx_word' id='word_1_1034' title='bbox 2636 5561 2772 5629; x_wconf 82' lang='grc' dir='ltr'>ἀλλά</span> <span class='ocrx_word' id='word_1_1035' title='bbox 2790 5561 2895 5628; x_wconf 59' lang='grc' dir='ltr'>’δεξιὶ</span> <span class='ocrx_word' id='word_1_1036' title='bbox 2911 5576 3010 5644; x_wconf 88' lang='grc' dir='ltr'>τῆς</span> <span class='ocrx_word' id='word_1_1037' title='bbox 3041 5561 3220 5646; x_wconf 80' lang='grc' dir='ltr'>ψυχῆς</span> <span class='ocrx_word' id='word_1_1038' title='bbox 3243 5561 3412 5645; x_wconf 82' lang='grc' dir='ltr'>αὐτῆς</span> <span class='ocrx_word' id='word_1_1039' title='bbox 3440 5561 3759 5646; x_wconf 75' lang='grc' dir='ltr'>ἀφίστασθαι</span> 
     </span>
    </p>
   </div>
   <div class='ocr_carea' id='block_1_129' title="bbox 2097 5639 3756 5738">
    <p class='ocr_par' dir='ltr' id='par_1_129' title="bbox 2097 5639 3756 5738">
     <span class='ocr_line' id='line_1_129' title="bbox 2097 5639 3756 5738; baseline -0.01 -24"><span class='ocrx_word' id='word_1_1040' title='bbox 2097 5661 2163 5715; x_wconf 87' lang='grc' dir='ltr'>δι’</span> <span class='ocrx_word' id='word_1_1041' title='bbox 2194 5659 2374 5724; x_wconf 75' lang='grc' dir='ltr'>αὐτὸν,</span> <span class='ocrx_word' id='word_1_1042' title='bbox 2401 5658 2538 5738; x_wconf 81' lang='grc' dir='ltr'>ὅταν</span> <span class='ocrx_word' id='word_1_1043' title='bbox 2550 5639 2666 5729; x_wconf 84' lang='grc' dir='ltr'>δέῃ.</span> <span class='ocrx_word' id='word_1_1044' title='bbox 2685 5735 2696 5738; x_wconf 80' lang='lat'>_</span> <span class='ocrx_word' id='word_1_1045' title='bbox 2721 5655 2874 5738; x_wconf 64' lang='grc' dir='ltr'>Ἐπεὶ</span> <span class='ocrx_word' id='word_1_1046' title='bbox 2901 5639 2994 5709; x_wconf 78' lang='grc' dir='ltr'>οὖν</span> <span class='ocrx_word' id='word_1_1047' title='bbox 3031 5639 3152 5738; x_wconf 66' lang='grc' dir='ltr'>ἐκεῖ</span> <span class='ocrx_word' id='word_1_1048' title='bbox 3175 5639 3609 5738; x_wconf 35' lang='grc' dir='ltr'>λοιπὸν-ἀπιέναι</span> 
     </span>
    </p>
   </div>
   <div class='ocr_carea' id='block_1_130' title="bbox 2101 5717 3762 5814">
    <p class='ocr_par' dir='ltr' id='par_1_130' title="bbox 2101 5717 3762 5814">
     <span class='ocr_line' id='line_1_130' title="bbox 2101 5717 3762 5814; baseline -0.016 -20"><span class='ocrx_word' id='word_1_1049' title='bbox 2101 5717 2496 5806; x_wconf 81' lang='grc' dir='ltr'>ἀπαλλάξωμεν</span> <span class='ocrx_word' id='word_1_1050' title='bbox 2522 5717 2746 5796; x_wconf 61' lang='grc' dir='ltr'>ἑαυτοὺς</span> <span class='ocrx_word' id='word_1_1051' title='bbox 2775 5733 2876 5804; x_wconf 90' lang='grc' dir='ltr'>τῆς</span> <span class='ocrx_word' id='word_1_1052' title='bbox 2911 5734 3187 5807; x_wconf 88' lang='grc' dir='ltr'>φροντίδος</span> <span class='ocrx_word' id='word_1_1053' title='bbox 3213 5734 3314 5804; x_wconf 87' lang='grc' dir='ltr'>τῆς</span> <span class='ocrx_word' id='word_1_1054' title='bbox 3342 5717 3762 5814; x_wconf 62' lang='grc' dir='ltr'>εὐτελοῦς..οὐδέ</span> 
     </span>
    </p>
   </div>
   <div class='ocr_carea' id='block_1_131' title="bbox 2103 5816 3769 5898">
    <p class='ocr_par' dir='ltr' id='par_1_131' title="bbox 2103 5816 3769 5898">
     <span class='ocr_line' id='line_1_131' title="bbox 2103 5816 3769 5898; baseline -0.015 -11"><span class='ocrx_word' id='word_1_1055' title='bbox 2103 5825 2211 5898; x_wconf 82' lang='grc' dir='ltr'>γὰρ</span> <span class='ocrx_word' id='word_1_1056' title='bbox 2236 5824 2316 5885; x_wconf 73' lang='grc' dir='ltr'>εἰς</span> <span class='ocrx_word' id='word_1_1057' title='bbox 2339 5820 2614 5893; x_wconf 82' lang='grc' dir='ltr'>βασιλείαν</span> <span class='ocrx_word' id='word_1_1058' title='bbox 2647 5817 3002 5889; x_wconf 85' lang='grc' dir='ltr'>μεθίστασθαι</span> <span class='ocrx_word' id='word_1_1059' title='bbox 3035 5819 3319 5890; x_wconf 89' lang='grc' dir='ltr'>μέλλοντες</span> <span class='ocrx_word' id='word_1_1060' title='bbox 3354 5816 3464 5872; x_wconf 81' lang='grc' dir='ltr'>ἀπὸ</span> <span class='ocrx_word' id='word_1_1061' title='bbox 3522 5816 3769 5876; x_wconf 68' lang='grc' dir='ltr'>πενιχρᾶς</span> 
     </span>
    </p>
   </div>
   <div class='ocr_carea' id='block_1_132' title="bbox 2167 5918 3455 5986">
    <p class='ocr_par' dir='ltr' id='par_1_132' title="bbox 2167 5918 3455 5986">
     <span class='ocr_line' id='line_1_132' title="bbox 2167 5918 3455 5986; baseline -0.005 -12"><span class='ocrx_word' id='word_1_1062' title='bbox 2167 5927 2189 5955; x_wconf 70' lang='grc'><strong>⁸</strong></span> <span class='ocrx_word' id='word_1_1063' title='bbox 2215 5923 2336 5986; x_wconf 68' lang='lat' dir='ltr'>Reg.</span> <span class='ocrx_word' id='word_1_1064' title='bbox 2359 5921 2502 5982; x_wconf 78' lang='grc' dir='ltr'>ἡδύν;</span> <span class='ocrx_word' id='word_1_1065' title='bbox 2525 5924 2569 5971; x_wconf 83' lang='grc' dir='ltr'>οῖ</span> <span class='ocrx_word' id='word_1_1066' title='bbox 2590 5919 2742 5970; x_wconf 82' lang='grc' dir='ltr'>πόνοι.</span> <span class='ocrx_word' id='word_1_1067' title='bbox 2764 5918 2844 5968; x_wconf 80' lang='grc' dir='ltr'>καὶ</span> <span class='ocrx_word' id='word_1_1068' title='bbox 2868 5919 2923 5969; x_wconf 83' lang='grc' dir='ltr'>τὸ</span> <span class='ocrx_word' id='word_1_1069' title='bbox 2949 5920 3173 5986; x_wconf 77' lang='grc' dir='ltr'>πρότερον</span> <span class='ocrx_word' id='word_1_1070' title='bbox 3195 5921 3257 5977; x_wconf 83' lang='grc' dir='ltr'>είς</span> <span class='ocrx_word' id='word_1_1071' title='bbox 3276 5918 3455 5986; x_wconf 76' lang='grc' dir='ltr'>χρείαν.</span> 
     </span>
    </p>
   </div>
  </div>
