4016 6154
274 447 440 508 geuto
461 444 515 492 et
537 451 690 503 auro,
724 436 816 492 sed
839 435 889 491 in
920 435 1125 492 balneis
1153 450 1384 506 quoque,
1416 433 1607 502 hortis,
1639 434 1862 499 mdibus,

277 529 454 585 leum
481 535 536 584 et
560 542 668 582 non
688 542 888 594 meum,
911 525 1074 582 verba
1101 526 1274 581 solum
1303 540 1450 580 mera
1474 524 1863 595 deprehendas.

276 619 412 675 Nam
436 632 568 674 usus
587 617 835 673 omnibus
862 616 1162 672 communis
1185 624 1298 672 est:
1323 623 1526 671 tantttm
1551 615 1642 686 qui
1666 613 1868 669 domini

275 711 583 776 videantur,
612 709 716 765 hoc
743 709 864 779 plus
887 707 1086 763 habent
1109 722 1268 778 quam
1290 699 1379 778 qui
1401 721 1506 762 non
1534 707 1662 772 sint,
1681 720 1867 760 eorum

278 802 502 873 inquam
522 815 725 855 curam.
749 799 812 853 lli
838 799 980 853 enim
1005 796 1254 853 fruuntur
1274 805 1506 863 tantum;
1535 796 1609 850 illi
1628 792 1868 850 adhibito

279 892 473 963 grandi
497 891 677 947 studio
698 889 1030 946 tantumdem
1053 897 1472 960 consequuntur,
1512 896 1770 958 quantum
1811 885 1867 940 hi

279 985 418 1042 citra
439 983 699 1040 studium.

352 1075 543 1133 LXIX.
582 1076 921 1148 Sumptuosas
933 1089 1131 1130 mensas
1147 1087 1347 1145 magna:
1366 1071 1682 1127 inmanitatis
1697 1070 1872 1142 plenas

286 1185 409 1230 esse.
437 1199 507 1208 —
533 1165 688 1235 Quod
729 1165 776 1221 si
812 1165 932 1236 quis
961 1180 1197 1221 summas
1225 1164 1448 1220 delicias
1472 1163 1717 1229 miretur,
1746 1170 1872 1232 puta

277 1261 618 1317 concisarum
641 1259 882 1314 carnium
903 1258 1316 1326 multitudinem,
1336 1257 1576 1313 inutilem
1597 1257 1706 1310 vini
1730 1271 1876 1310 sum-

283 1361 457 1423 ptum,
487 1350 754 1422 exquisita
782 1349 1144 1416 condimenta,
1187 1358 1510 1404 structorum
1536 1362 1634 1404 seu
1661 1362 1874 1402 mensa-

281 1443 491 1497 riorum
520 1449 576 1496 et
605 1441 866 1510 pistorum
886 1441 904 1472 ί
948 1440 1192 1508 artiﬁcia,
1236 1440 1590 1510 parasitorum
1619 1448 1674 1494 et
1697 1439 1876 1494 convi-

283 1547 477 1587 varum
507 1531 738 1598 turbam,
760 1530 914 1598 sciat,
945 1529 1136 1586 divites
1157 1531 1211 1584 in
1238 1529 1322 1585 his
1342 1529 1510 1585 nihilo
1527 1529 1732 1585 meliori
1755 1543 1877 1584 esse

281 1626 407 1680 loco
426 1638 587 1694 quam
612 1637 834 1693 coquos.
860 1621 994 1677 Nam
1018 1631 1079 1677 ut
1101 1622 1156 1676 hi
1179 1621 1446 1688 dominos,
1478 1621 1557 1676 sic
1594 1621 1668 1676 illi
1696 1620 1878 1691 hOSpi-

283 1725 372 1770 tes
397 1721 674 1780 verentur,
705 1729 773 1768 ne
800 1712 1152 1784 quid.eorum
1192 1727 1312 1784 quae
1357 1727 1584 1783 operose
1627 1720 1682 1768 et
1727 1726 1880 1766 sum-

284 1816 483 1876 ptuose
507 1806 571 1860 iis
597 1814 849 1876 apparata
867 1806 994 1873 sint,
1022 1804 1413 1875 reprehendant
1440 1812 1495 1859 et
1521 1812 1760 1874 carpant.
1782 1808 1880 1859 At-

287 1912 395 1967 que
423 1896 525 1950 hac
551 1896 603 1950 in
635 1905 786 1965 parte
821 1895 1045 1966 coquis'
1073 1881 1421 1965 exaequantur
1448 1913 1461 1949 :
1494 1895 1546 1950 in
1584 1895 1689 1950 alia
1719 1896 1881 1950 etiam

289 1993 571 2057 superant.
601 1985 784 2057 Neque
810 1986 954 2041 enim
979 1985 1152 2041 solum
1197 1993 1557 2053 accusatores,
1588 1985 1684 2041 sed
1710 2001 1880 2041 remu-

290 2079 378 2133 los
400 2078 562 2133 etiam
589 2078 814 2132 timent:
847 2076 1107 2148 siquidem
1138 2077 1320 2132 multis
1348 2091 1491 2147 saepe
1527 2093 1594 2133 ex
1619 2077 1882 2147 ejusmodi

290 2169 554 2224 conviviis
596 2168 791 2223 invidia
821 2177 1001 2223 creata
1041 2175 1144 2235 est,
1188 2183 1289 2223 nec
1313 2177 1438 2222 ante
1475 2167 1699 2231 destitit,
1724 2183 1883 2238 quam

291 2275 391 2316 eos
430 2260 486 2315 in
520 2260 708 2330 capitis
737 2261 1030 2330 periculum
1068 2259 1305 2315 adduxit.
1356 2261 1427 2315 At
1475 2259 1696 2315 helluari
1744 2276 1886 2331 smpe

291 2365 464 2406 suave
488 2358 590 2406 est.
614 2352 907 2422 Apagesis:
939 2350 1154 2421 quando
1173 2366 1241 2406 ex
1263 2349 1366 2406 hoc
1390 2351 1515 2406 luxu
1543 2359 1599 2406 et
1626 2351 1880 2422 gravedo,

291 2453 352 2498 et
377 2444 579 2498 ventris
597 2443 852 2510 obesitas,
870 2452 926 2499 et
945 2444 1164 2514 spiritus
1188 2443 1502 2511 obstructio,
1533 2451 1588 2499 et
1611 2443 1886 2498 oculorum

293 2536 622 2602 obscuritas,
653 2543 709 2590 et
732 2537 960 2607 vertigo,
1001 2545 1056 2592 et
1101 2537 1293 2608 caligo,
1337 2537 1547 2607 aliaque
1594 2537 1680 2592 his
1725 2537 1886 2592 etiam

293 2627 524 2682 tardiora
554 2627 691 2681 mala
718 2628 998 2699 pullulant.
1030 2628 1203 2699 Atque
1230 2629 1434 2683 utinam
1466 2641 1529 2683 ea
1559 2627 1886 2683 immodera-

298 2719 379 2772 tio
404 2733 470 2772 ac
503 2718 713 2788 jactura
756 2721 1077 2791 quotidianis
1116 2728 1319 2775 tantum
1351 2719 1626 2776 doloribus
1654 2721 1886 2776 circum-

295 2812 498 2882 scripta
527 2813 634 2866 sit:
664 2827 806 2867 nunc
833 2813 1003 2868 morbi
1034 2811 1145 2868 fere
1171 2811 1492 2868 incurabiles
1525 2827 1592 2867 ex
1622 2811 1706 2866 his
1731 2827 1888 2866 men-

295 2901 378 2956 sis
421 2903 686 2972 originem
730 2901 980 2969 trahunt;
1012 2918 1134 2957 nam
1167 2911 1221 2958 et
1249 2901 1504 2973 podagra,
1550 2911 1606 2957 et
1635 2901 1805 2969 tabes,
1836 2911 1891 2958 et

296 3007 460 3049 sacer
482 2993 720 3062 morbus,
751 3003 807 3048 et
849 2994 1128 3066 paralysis,
1159 2995 1430 3066 multaque
1472 2996 1558 3049 his
1583 2994 1743 3049 etiam
1770 3011 1890 3065 gra-

297 3086 452 3141 viora
478 3100 678 3156 corpus
717 3101 966 3157 aggressa
1014 3085 1080 3141 ad
1123 3096 1420 3142 extremum
1463 3087 1706 3156 Spiritum
1753 3087 1892 3141 inl‘e-

296 3185 466 3233 stant.
497 3177 699 3246 Quibus
730 3178 885 3233 malis
914 3193 1031 3248 qua:
1075 3193 1171 3248 par
1208 3179 1460 3248 erplicari
1490 3179 1732 3248 voluptas
1764 3193 1891 3248 pos-

298 3269 411 3323 sit?
435 3285 556 3339 qua:
583 3285 691 3325 non
716 3269 838 3324 vita:
861 3268 1083 3325 durities
1105 3269 1172 3323 ad
1197 3283 1382 3324 eorum
1412 3267 1663 3339 eﬁ‘ugium
1701 3267 1888 3323 ineun-

299 3359 372 3413 da
399 3358 509 3413 sit?

376 3449 545 3505 LXX.
587 3449 917 3506 Sobrietatem
955 3451 1149 3506 deliciis
1178 3459 1224 3504 et
1251 3450 1504 3504 utiliorem
1541 3459 1588 3504 ct
1612 3449 1892 3505 suaviorem

300 3561 434 3600 esse.
463 3573 538 3585 —
555 3545 626 3600 At
651 3544 912 3614 ejusmodi
932 3559 1037 3599 non
1063 3553 1145 3600 est
1170 3543 1463 3614 frugalitas,
1495 3543 1590 3598 scd
1615 3543 1683 3598 ab
1709 3542 1792 3597 his
1812 3543 1894 3597 in-

302 3636 496 3690 faustis
516 3636 702 3706 procul
729 3643 953 3700 remota,
985 3635 1228 3690 sanitatis
1253 3642 1412 3704 atque
1437 3631 1752 3688 valetudinis
1768 3647 1894 3688 catt-

303 3741 387 3781 sa.
415 3725 572 3794 Quod
600 3727 645 3780 si
682 3726 802 3796 quis
828 3726 1151 3796 voluptatem
1196 3725 1356 3780 etiam
1402 3725 1658 3795 requirat,
1710 3723 1764 3779 in
1807 3739 1892 3790 ea,

305 3835 468 3889 quam
493 3819 549 3874 in
576 3819 726 3884 luxu,
759 3819 1016 3888 majorem
1060 3817 1324 3872 inveniet:
1356 3832 1420 3872 ac
1447 3817 1676 3887 primum
1716 3831 1784 3872 ex
1827 3831 1896 3871 eo

306 3911 454 3980 quod
483 3911 648 3965 homo
675 3911 871 3978 valeat,
899 3925 1074 3980 neque
1105 3909 1294 3964 horum
1334 3909 1599 3964 malorum
1628 3921 1896 3978 quoquam

306 4001 630 4071 exagitetur,
653 4015 878 4070 quorum
900 4000 986 4055 vel
1011 3999 1220 4070 singula
1247 3999 1473 4054 seorsim
1501 3998 1633 4053 satis
1653 3998 1760 4052 sint
1776 4012 1897 4066 qua:

306 4094 636 4162 voluptatem
664 4091 1025 4163 exstinguant,
1072 4100 1127 4146 et
1170 4099 1438 4160 tamquam
1467 4104 1499 4144 a
1535 4087 1897 4145 fundamentis

307 4192 585 4240 evertant:
615 4183 808 4239 deinde
832 4199 897 4239 ex
925 4183 1058 4239 cibis
1086 4183 1236 4252 ipsis.
1267 4182 1384 4250 Quo
1411 4181 1601 4252 pacto?
1637 4179 1900 4251 Volupta~

308 4285 419 4330 tem
445 4273 612 4329 efﬁcit
645 4275 946 4345 appetitus:
973 4272 1267 4344 appetitum
1294 4288 1398 4328 non
1434 4273 1684 4328 saturitas
1724 4288 1789 4328 ac
1814 4287 1904 4331 sa-

310 4369 490 4433 tietas,
521 4367 617 4424 sed
643 4375 851 4439 egestas
879 4375 934 4423 et
961 4366 1138 4437 inopia
1184 4365 1343 4435 parit.
1384 4364 1461 4420 Ea
1499 4373 1679 4420 autem
1708 4381 1815 4420 non
1843 4365 1904 4421 in

312 4459 557 4525 divitum,
589 4459 688 4513 sed
717 4459 769 4514 in
800 4473 1089 4528 pauperum
1136 4457 1306 4514 omnis
1335 4455 1548 4513 assidue
1575 4465 1768 4527 prmsto
1795 4467 1904 4528 est,

314 4551 486 4620 epulis
509 4550 700 4620 quovis
719 4559 982 4605 structore
1005 4557 1061 4606 et
1079 4563 1252 4620 coquo
1270 4548 1471 4621 gratius
1491 4548 1597 4604 mel
1611 4546 1898 4603 instillans.

315 4641 589 4712 Siquidem
619 4641 813 4696 divites
837 4657 937 4697 nec
977 4641 1274 4698 esurientes
1316 4640 1494 4695 cibum
1536 4638 1773 4709 capiunt,
1800 4652 1902 4694 nec

315 4736 558 4790 sitientes
587 4733 794 4801 bibunt,
815 4743 870 4789 et
894 4743 1178 4804 antequam
1203 4731 1494 4787 vehemens
1521 4731 1692 4786 somni
1717 4745 1903 4786 neces-

316 4827 447 4882 sitas
471 4826 552 4881 eis
567 4827 796 4895 ingruat,
808 4824 1191 4895 consopiuntur
1214 4841 1228 4877 :
1254 4823 1307 4878 hi
1335 4837 1520 4879 eorum
1543 4821 1690 4892 prius
1712 4820 1898 4891 indigi,

317 4915 389 4971 ita
415 4915 630 4971 demum
657 4930 722 4970 ea
750 4915 1046 4986 percipiunt
1085 4931 1099 4966 :
1129 4913 1274 4984 quod
1313 4911 1526 4984 quidem
1576 4911 1902 4981 voluptatem

317 5015 474 5078 auget
503 5007 756 5062 maxime.
787 5007 893 5061 Cur
918 5007 1059 5062 enim
1105 5015 1161 5061 et
1204 5006 1456 5061 Salomon
1492 5003 1631 5060 servi
1656 5018 1902 5059 somnum

317 5098 530 5154 dulcem
559 5097 840 5154 conﬁrmat
867 5097 952 5152 his
977 5098 1154 5153 verbis
1177 5114 1192 5152 :
1225 5097 1399 5154 Dulcis
1421 5105 1492 5152 est
1511 5111 1651 5152 servo
1675 5111 1898 5160 somnus,

317 5190 421 5243 sive
443 5187 661 5242 multum
687 5193 788 5243 sive
814 5205 992 5260 parum
1030 5189 1299 5242 comederit
1332 5187 1556 5258 (Eccles.
1585 5187 1639 5242 5.
1670 5186 1796 5258 Il)?
1823 5187 1903 5240 An

318 5289 538 5350 propter
565 5280 783 5334 mollem
813 5281 1025 5334 torum?
1053 5281 1123 5334 At
1149 5279 1315 5348 humi,
1365 5287 1458 5334 aut
1501 5293 1661 5349 super
1703 5278 1906 5347 cespite

318 5379 378 5425 ut
400 5372 689 5441 plurimum
714 5371 1006 5426 dormiunt.
1030 5372 1108 5426 An
1131 5381 1349 5443 propter
1365 5371 1699 5427 libertatem?
1725 5371 1795 5425 At
1811 5386 1907 5425 nec

318 5464 578 5533 temporis
623 5473 957 5518 momentum
1013 5465 1212 5520 habent
1265 5465 1513 5522 liberum.
1555 5466 1638 5520 An
1692 5474 1908 5537 propter

321 5556 528 5610 otium?
555 5558 624 5610 At
650 5555 926 5610 laboribus
954 5567 1007 5611 ct
1031 5557 1523 5623 mrumnis‘assidue
1567 5556 1902 5614 alﬁictantur.

382 5711 397 5776 ξ
435 5717 577 5776 Reg,
596 5717 644 5762 et
659 5720 933 5776 coquorum
953 5710 1176 5776 artificia.

381 5774 401 5805 ¹
431 5769 692 5824 δίίΜοτέι.
717 5769 774 5824 et
795 5769 933 5822 savii.
957 5769 1092 5839 negl,
1113 5773 1326 5839 famulis.

1641 319 1731 376 DE
1773 318 2232 376 VIRGINITATE.

3461 316 3563 371 580
3589 344 3596 348 -

1977 433 2116 502 Quid
2145 443 2229 488 est
2249 433 2406 505 igitur
2430 435 2573 504 quod
2601 449 2848 498 somnum
2875 434 3084 490 dulcem
3131 433 3322 496 reddit,
3370 433 3470 487 nisi
3499 433 3565 485 ad

1977 524 2352 580 necessitatem
2382 525 2527 594 prius
2551 523 2857 594 compulsos
2885 523 2955 578 ita
2983 537 3106 578 cum
3135 521 3368 592 denique
3396 521 3568 574 inire?

1977 614 2246 671 Cmterum
2272 613 2523 669 divitibus
2553 615 2652 669 nisi
2677 613 2839 670 ebriis
2864 630 2966 668 nox
2991 614 3218 684 ingruat,
3240 609 3569 682 pervigilan-

1978 704 2104 759 dum
2131 714 2232 768 est,
2261 713 2316 760 et
2345 706 2395 759 in
2428 704 2676 760 mollibus
2704 704 3206 776 stragulisjaccntes
3229 701 3568 759 aestuandum

1979 810 2042 848 ac
2060 794 2368 850 dolendum.

2050 883 2239 940 LXXI.
2277 884 2513 938 Animam
2558 885 2707 938 etiam
2747 884 2864 939 [edi
2894 885 3113 940 deliciis.
3143 915 3215 926 —
3238 881 3484 940 Poteram
3519 893 3574 937 et

1980 975 2196 1032 aliunde
2224 976 2534 1032 deliciarum
2571 977 2968 1046 insuavitatcm,
2997 977 3353 1044 incommoda,
3403 974 3566 1032 findi--

1981 1077 2146 1123 tatem
2188 1069 2496 1137 ostendere,
2543 1069 2780 1137 morbos,
2824 1071 3016 1140 quibus
3040 1071 3272 1124 animam
3305 1069 3573 1134 imbuant,

1981 1150 2532 1230 corporalibus'longe
2561 1170 2614 1216 et
2642 1160 2821 1232 plures
2848 1171 2902 1216 et
2919 1163 3190 1232 graviores
3219 1177 3566 1232 percensens.

1985 1251 2194 1306 Etenim
2225 1251 2436 1316 molles,
2465 1250 2821 1320 elfeminatos,
2845 1251 3098 1318 audaces,
3124 1262 3460 1324 arrogantes,
3491 1252 3572 1307 la-

1983 1343 2178 1412 scivos,
2209 1343 2452 1414 injurios,
2483 1343 2802 1416 impudicos,
2833 1344 3135 1409 iracmidos,
3172 1344 3438 1410 crudeles,
3467 1342 3572 1398 illi-

1983 1436 2213 1505 berales,
2239 1451 2451 1504 avaros,
2481 1437 2744 1503 sordidos,
2772 1437 2840 1492 ad
2865 1445 3055 1492 cuncta
3092 1438 3242 1492 utilia
3285 1452 3350 1493 ac
3379 1450 3571 1492 neces-

1984 1532 2123 1589 saria
2152 1535 2361 1604 ineptos
2380 1542 2636 1604 prastat:
2667 1533 2862 1604 quibus
2889 1533 3100 1594 diversa
3125 1531 3307 1587 omnia
3349 1531 3570 1601 frugali-

1985 1634 2069 1684 tas
2089 1625 2274 1684 el‘licit.
2304 1625 2411 1682 Sed
2433 1626 2547 1698 jam
2575 1625 2682 1682 alio
2705 1625 2837 1681 mihi
2881 1633 3132 1699 properat
3169 1625 3360 1680 oratio.
3392 1623 3575 1693 Itaque

1987 1718 2090 1774 hoc
2111 1733 2217 1775 uno
2237 1717 2439 1786 addito,
2459 1734 2671 1774 rursum
2695 1718 2985 1790 apostolica
3004 1718 3168 1774 verba
3196 1725 3573 1771 retractemus.

1987 1809 2141 1877 Quod
2165 1810 2210 1864 si
2241 1824 2360 1880 qua:
2385 1807 2682 1879 expetenda
2710 1809 3014 1877 videantur,
3047 1817 3124 1863 tot
3148 1806 3303 1862 malis
3332 1815 3456 1861 sunt
3482 1821 3575 1861 re-

1990 1903 2146 1968 ferta,
2179 1909 2352 1957 tantas
2373 1911 2428 1957 et
2455 1901 2636 1956 animo
2672 1909 2728 1957 et
2767 1901 2978 1970 corpori
3007 1899 3315 1955 morborum
3357 1897 3576 1967 pruinas

1989 2002 2302 2058 accersunt,
2351 2008 2460 2063 quo
2484 1994 2603 2048 loco
2628 1991 2820 2048 acerba
2849 1990 2955 2046 sint
2982 1989 3222 2046 habenda
3246 2032 3262 2056 ,
3295 1990 3575 2059 magistra-

1991 2095 2138 2158 tuum
2187 2093 2381 2151 terror,
2413 2085 2729 2156 populorum
2772 2095 2970 2150 moms,
3021 2083 3468 2155 SYCOlealllal‘um
3523 2091 3578 2135 et

1993 2177 2308 2232 tumulorum
2357 2176 2562 2230 insidiae
2604 2190 2725 2244 qua:
2769 2175 2826 2230 in
2882 2174 3066 2245 primis
3110 2173 3303 2228 divites
3350 2172 3579 2227 circum-

1991 2268 2172 2323 stant?
2200 2265 2406 2335 Quibus
2434 2266 2592 2321 malis
2618 2265 2875 2320 mulieres
2913 2278 3044 2319 sane
3091 2265 3253 2318 etiam
3292 2262 3579 2316 vehemen-

1993 2359 2097 2414 tius
2119 2360 2240 2428 angi
2266 2367 2348 2413 est
2374 2371 2617 2427 necesse,
2647 2356 2791 2428 quod
2831 2369 2926 2411 eas
2963 2354 3356 2410 vicissitudines
3405 2353 3576 2422 impo~

1994 2451 2191 2509 lentius
2217 2451 2412 2508 ferant.

2063 2542 2274 2600 LXXII.
2315 2541 2539 2598 Delicias
2556 2557 2673 2598 cum
2691 2539 2809 2596 aliis
2833 2539 2982 2595 malis
3001 2539 3118 2594 vita:
3139 2536 3579 2593 commutationem

1991 2636 2196 2705 afferre.
2224 2665 2297 2679 -—
2323 2635 2396 2691 Et
2430 2633 2560 2706 quid
2605 2634 2859 2690 mulieres
2899 2631 3043 2700 dico,
3071 2646 3193 2687 cum
3232 2629 3319 2685 vel
3346 2627 3448 2684 viri
3472 2628 3581 2683 mi-

1992 2743 2113 2792 sere
2140 2727 2207 2784 iis
2232 2727 2540 2798 capiantur;
2566 2741 2692 2782 nam
2727 2725 2818 2796 qui
2861 2723 3136 2797 frugaliter
3163 2723 3313 2790 vivit,
3341 2737 3582 2778 commu-

1999 2821 2258 2876 tationem
2284 2819 2484 2874 nullam
2513 2817 2729 2884 horret;
2760 2817 2851 2888 qui
2880 2815 3124 2888 frigidam
3145 2816 3290 2871 illam
3310 2831 3373 2871 ac
3399 2813 3576 2870 disso-

1994 2913 2159 2972 lutam
2179 2911 2345 2966 vitam
2370 2909 2558 2981 exigit,
2583 2925 2706 2965 eum
2732 2909 2778 2964 si
2798 2924 2903 2980 qua
2932 2908 3178 2964 incidens
3196 2909 3473 2964 calamitas
3500 2915 3581 2961 at-

1995 3021 2101 3076 que
2116 3004 2197 3060 vis
2216 3002 2410 3074 inopia:
2426 3001 2620 3070 tradat,
2639 3008 2824 3072 utpote
2845 3000 2938 3070 qui
2961 3000 3109 3055 rudis
3126 3010 3180 3056 et
3201 2999 3582 3054 inexercitatus

1994 3096 2086 3165 sit,
2110 3103 2235 3152 ante
2259 3093 2535 3160 moriatur,
2581 3106 2739 3162 quam
2789 3090 2937 3146 vices
2976 3105 3068 3146 eas
3110 3089 3363 3160 perferat.
3403 3089 3586 3159 Itaque

1993 3189 2182 3246 beatus
2203 3184 2400 3244 Paulus
2419 3184 2514 3252 ait,
2537 3181 2935 3240 Tribulationem
2955 3181 3124 3237 carnis
3143 3180 3388 3236 habebunt
3404 3182 3586 3251 hujus-

1994 3281 2154 3348 modi,
2179 3295 2272 3351 ego
2299 3287 2464 3333 autem
2488 3275 2626 3332 vobis
2663 3290 2818 3346 parco
2849 3274 2924 3346 (I.
2957 3271 3074 3329 Cor.
3115 3273 3172 3328 7.
3210 3270 3344 3340 28):
3373 3286 3436 3327 ac
3464 3279 3585 3341 post

1995 3370 2166 3436 addit,
2191 3368 2413 3440 Tempus
2433 3367 2576 3422 breue
2605 3373 2698 3422 est.

2068 3461 2303 3520 LXXIII.
2346 3458 2470 3515 Non
2497 3475 2604 3515 esse
2630 3468 2825 3529 tempus
2845 3457 2938 3511 hoc
2960 3454 3268 3510 matrimonii
3293 3462 3585 3525 tempus.—

1997 3554 2064 3609 Et
2091 3552 2219 3623 quid
2248 3550 2351 3607 hoc
2375 3550 2444 3606 ad
2471 3547 2908 3606 matrimonium?
2933 3546 3076 3603 dicat
3101 3545 3386 3616 quispiam.
3414 3543 3584 3599 Valde

1998 3659 2126 3701 sane
2144 3643 2212 3699 ad
2238 3643 2413 3714 ipsum
2444 3640 2708 3712 pertinet;
2740 3639 2783 3693 si
2826 3639 2969 3693 enim
2995 3637 3102 3692 vita
3139 3636 3240 3692 hac
3269 3634 3583 3690 conclusum

1998 3746 2100 3805 est,
2128 3744 2183 3792 et
2207 3737 2260 3790 in
2282 3733 2459 3790 futuro
2487 3747 2590 3788 nec
2617 3732 2818 3788 ducunt
2841 3746 2942 3785 nec
2967 3730 3254 3796 ducuntur,
3295 3735 3456 3799 atque
3481 3726 3585 3782 hoe

1999 3841 2235 3897 praesens
2266 3834 2474 3894 tempus
2500 3823 2568 3878 ad
2593 3821 2752 3877 linem
2782 3819 3038 3886 decurrit,
3061 3819 3320 3889 quasique
3339 3832 3438 3888 pro
3458 3815 3588 3873 fori-

1998 3919 2100 3977 bus
2135 3917 2459 3974 resurrectio
2487 3923 2589 3981 est,
2632 3927 2738 3968 non
2776 3912 2887 3982 jam
2920 3920 3131 3979 tempus
3155 3918 3238 3966 est
3263 3908 3588 3964 matrimonii

2001 4027 2064 4069 ac
2080 4011 2445 4084 pecuniarum,
2469 4007 2564 4064 sed
2589 4005 2860 4077 egestatis,
2883 4013 2936 4060 et
2961 4002 3015 4057 id
3040 4017 3208 4072 genus
3227 4000 3446 4072 reliqua:
3462 3999 3586 4070 phi-

2000 4103 2280 4174 losophiae,
2306 4117 2425 4173 quae
2444 4100 2553 4157 illic
2577 4098 2730 4154 nobis
2751 4095 3023 4168 profutura
3048 4095 3139 4149 sit.
3167 4093 3304 4149 Nam
3329 4091 3593 4163 quemadux

1999 4193 2220 4252 modum
2263 4192 2411 4262 virgo
2457 4187 2712 4262 quamdiu
2755 4186 2900 4242 domi
2949 4192 3130 4240 manet
3169 4183 3309 4253 apud
3335 4193 3583 4244 matrem,

2001 4300 2246 4356 magnam
2278 4281 2561 4354 puerilium
2585 4280 2822 4335 omnium
2846 4291 3030 4332 curam
3059 4274 3302 4344 suscipit,
3329 4282 3384 4329 et
3407 4273 3585 4328 arcula

2003 4378 2059 4432 in
2085 4390 2281 4446 penum
2301 4373 2538 4446 deposita
2566 4385 2750 4426 eorum
2779 4383 2898 4440 qua:
2913 4367 3022 4422 illic
3045 4365 3258 4422 condita
3282 4365 3391 4420 sint
3409 4373 3463 4420 et
3477 4364 3602 4419 clas

2003 4483 2124 4525 vetn
2145 4470 2256 4538 ipsa
2284 4467 2540 4538 possidet,
2568 4474 2624 4520 et
2641 4462 2914 4518 arbitrium
2931 4475 3092 4516 omne
3117 4467 3281 4526 tenet,
3304 4459 3371 4515 de
3391 4458 3597 4515 levium

2006 4562 2218 4617 illorum
2239 4568 2294 4614 et
2314 4557 2541 4613 futilium
2563 4553 2802 4612 custodia
2823 4566 2974 4624 aeque
2997 4552 3221 4608 sollicita
3241 4566 3304 4606 ac
3319 4550 3407 4621 qui
3427 4566 3588 4621 gran-

2004 4657 2126 4710 dcm
2156 4653 2408 4708 familiam
2428 4649 2829 4712 administrant;
2855 4661 2975 4703 cum
3003 4653 3180 4702 autem
3207 4644 3480 4716 sponsalia
3499 4642 3591 4696 ad-

2005 4753 2152 4813 sunt,
2199 4753 2450 4815 paternas
2491 4740 2636 4797 aedes
2679 4737 2950 4795 dimittere
2991 4743 3197 4802 coacta,
3230 4743 3341 4789 tum
3367 4747 3498 4788 vero
3525 4731 3590 4786 iis

2008 4837 2161 4908 nugis
2211 4844 2268 4892 et
2316 4834 2556 4890 minutiis
2605 4832 2847 4896 liberata,
2896 4827 3088 4884 domus
3130 4823 3588 4896 gubernationem,

2007 4943 2157 4998 opes,
2188 4933 2245 4983 et
2269 4924 2593 4995 mancipium
2618 4934 2985 4986 numerosum,
3011 4916 3108 4972 viri
3137 4915 3358 4979 cultum,
3380 4912 3593 4981 aliaque

2009 5020 2094 5075 his
2122 5017 2325 5088 majora
2349 5023 2601 5088 procuret
2639 5026 2863 5069 necesse
2892 5019 2972 5066 est
2997 5025 3012 5063 :
3036 5009 3107 5064 ita
3138 5016 3191 5062 et
3221 5003 3375 5060 nobis
3395 5001 3592 5056 adultis

2009 5122 2169 5184 atque
2193 5117 2354 5166 :etatc
2379 5107 2538 5174 virili,
2583 5105 2814 5160 terrenis
2841 5101 3108 5164 omnibus,
3146 5111 3278 5152 vere
3301 5093 3593 5166 puerilibus

2011 5202 2250 5267 ludicris,
2281 5199 2515 5263 omissis,
2543 5198 2612 5254 de
2637 5196 2767 5252 cado
2795 5193 3127 5261 caclcstisque
3151 5189 3273 5243 vita:
3309 5185 3594 5256 splendore

2011 5309 2065 5354 et
2092 5297 2259 5368 gloria
2277 5292 2616 5367 cogitandum
2641 5300 2745 5348 est.
2775 5284 3034 5356 Desponsi
3056 5283 3197 5339 enim
3221 5293 3406 5336 sumus
3423 5287 3476 5334 et
3498 5291 3595 5332 uos

2013 5406 2232 5463 sponso,
2262 5405 2383 5446 eum
2409 5402 2438 5441 a
2465 5386 2619 5441 nobis
2643 5396 2881 5438 amorem
2903 5375 3180 5448 flagitanti,
3201 5383 3257 5429 ut
3281 5388 3387 5428 non
3417 5369 3590 5425 solum

2017 5462 2358 5539 terrestribus
2387 5488 2440 5535 ct
2466 5476 2670 5533 levibus
2713 5472 2798 5527 Itis
2841 5469 3095 5533 futilibus,
3149 5465 3244 5520 sed
3293 5465 3452 5520 etiam
3484 5462 3593 5516 vita

2014 5583 2232 5647 propter
2257 5589 2403 5639 eum,
2436 5571 2478 5626 si
2505 5585 2638 5638 opus
2667 5567 2757 5634 sit,
2788 5563 3058 5620 cedamus.
3103 5559 3280 5628 Quare
3323 5572 3444 5612 cum
3476 5555 3596 5609 illuc

2018 5646 2399 5724 discedendum
2427 5663 2514 5728 sit,
2544 5660 2738 5718 exilem
2769 5658 2906 5713 hanc
2935 5669 3116 5710 curam
3143 5667 3172 5705 a
3201 5651 3351 5705 nobis
3377 5646 3593 5719 propul—

2019 5775 2230 5828 semus;
2271 5772 2394 5815 nam
2425 5770 2522 5812 nec
2559 5753 2614 5810 in
2642 5764 2865 5824 regnum
2903 5763 2970 5806 ex
3008 5745 3148 5817 inopi
3175 5743 3337 5800 domo
3364 5737 3597 5823 transfe-
