4016 6154
366 383 467 438 587

365 495 536 563 reudi,
565 496 631 551 de
659 491 923 555 ﬁctilibus,
953 490 1126 562 lignis,
1173 487 1503 554 utensilibus,
1543 495 1599 542 et
1619 486 1822 556 reliqua
1847 485 1942 539 do-

366 587 584 643 mestica
617 585 872 641 tenuitate
900 583 1282 638 laboraremus.
1312 581 1490 649 Itaque
1514 593 1611 633 nec
1636 577 1746 647 jam
1769 586 1942 632 terre-

370 694 435 734 na
462 693 730 742 curemus,
761 686 1001 747 tempore
1030 690 1128 730 nos
1153 675 1261 744 jam
1290 674 1356 727 ad
1387 671 1573 728 crelum
1601 680 1857 735 vocante;
1889 677 1944 722 ut

366 778 422 825 et
463 769 651 824 beatus
690 769 882 824 Paulus
926 766 1178 821 Romanis
1207 765 1442 820 scribens
1486 763 1578 826 ait,
1620 759 1774 814 Nunc
1812 760 1944 813 enim

370 861 578 930 propior
625 869 696 914 est
740 867 912 914 nostra
952 857 1110 924 salus,
1138 871 1290 926 quam
1319 869 1433 907 cum
1473 851 1818 905 credidimus:
1842 864 1946 902 nos:

371 953 645 1021 prwcessit,
691 953 796 1006 dies
838 959 1004 1004 autem
1031 946 1450 1019 appmpinquavit
1491 943 1662 1014 (Rom.
1697 943 1782 996 15.
1817 939 1943 1011 ll);

369 1052 424 1098 et
466 1058 697 1106 rursum,
743 1041 963 1111 Tempus
989 1040 1131 1093 breve
1158 1047 1229 1092 est
1271 1037 1345 1106 (1.
1392 1034 1508 1088 Cor.
1543 1035 1593 1086 7.
1622 1030 1738 1104 29),
1769 1039 1826 1085 ut
1855 1031 1945 1100 qui

373 1146 563 1187 uxores
585 1132 780 1187 habent
807 1129 1025 1200 perinde
1051 1129 1157 1182 sint
1184 1142 1246 1181 ac
1269 1127 1313 1181 si
1341 1141 1443 1180 non
1473 1123 1747 1178 haberent.
1770 1121 1945 1189 Quor-

371 1239 488 1278 sum
519 1223 676 1294 igitur
703 1223 1096 1277 matrimonium
1127 1235 1191 1275 eo
1220 1234 1325 1273 non
1367 1217 1564 1280 usuris,
1609 1215 1701 1270 sed
1728 1213 1948 1284 perinde

372 1330 436 1370 ac
460 1316 504 1370 si
530 1331 635 1370 non
679 1315 936 1369 haberent
963 1312 1187 1367 futuris?
1223 1324 1476 1380 quorsum
1504 1305 1668 1377 opes?
1693 1319 1947 1377 quorsum

373 1409 605 1480 praedia?
625 1423 876 1480 quorsum
899 1407 1018 1461 vitae
1039 1405 1302 1476 praesidia,
1326 1417 1550 1474 quorum
1572 1415 1696 1455 usus
1716 1399 1949 1454 caducus

374 1519 534 1574 porro
554 1512 711 1573 atque
741 1500 1144 1571 intempestivus
1172 1499 1276 1553 sit?
1307 1497 1439 1552 Nam
1478 1496 1522 1549 si
1551 1493 1691 1564 apud
1735 1507 1831 1546 nos
1859 1491 1949 1560 qui

368 1595 584 1666 judieiis
607 1594 827 1650 sistendi
857 1601 998 1659 sunt,
1033 1592 1292 1648 scelerum
1324 1605 1534 1644 causam
1560 1586 1774 1650 dicturi,
1801 1584 1949 1652 capi-

375 1688 465 1742 tali
487 1687 574 1743 die
601 1686 813 1742 instanti
843 1701 948 1741 non
976 1687 1158 1740 uxoris
1187 1692 1412 1748 tantum,
1451 1681 1544 1736 sed
1571 1680 1729 1734 etiam
1767 1677 1869 1732 cibi
1898 1684 1951 1733 et

374 1787 553 1851 potus,
581 1789 738 1849 atque
764 1779 906 1834 omni
947 1777 1247 1848 posthabita
1273 1789 1427 1838 cura,
1462 1771 1828 1828 defensionem
1861 1782 1952 1822 so-

374 1870 483 1924 lum
505 1870 758 1940 cogitant,
785 1869 949 1922 multo
977 1868 1143 1935 magis
1169 1864 1341 1930 nobis,
1374 1877 1478 1916 non
1509 1873 1719 1915 terreno
1743 1857 1950 1913 cuidam

374 1959 515 2022 foro,
538 1959 632 2014 sed
661 1957 862 2013 caalesti
894 1956 1142 2012 tribunali
1171 1952 1442 2014 sistendis,
1471 1959 1525 2006 et
1545 1950 1826 2015 dictorum,
1856 1963 1951 2016 ge-

374 2059 600 2114 storum,
625 2049 972 2118 cogitatorum
997 2047 1252 2101 rationem
1281 2042 1584 2107 reddituris,
1615 2040 1682 2095 ab
1707 2038 1954 2093 omnibus

375 2140 748 2196 abstinendum
776 2148 878 2205 est,
903 2147 958 2194 et
984 2137 1176 2207 gaudio
1203 2145 1257 2191 et
1277 2134 1489 2189 tristitia
1515 2147 1692 2186 rerum
1718 2145 1954 2200 przcsen-

377 2233 532 2298 tium,
556 2245 620 2286 ac
643 2231 783 2285 circa
812 2228 1100 2284 terribilem
1140 2226 1284 2282 illam
1325 2225 1464 2278 diem
1509 2223 1665 2278 unice
1706 2229 1950 2275 metuen-

377 2321 528 2377 dum.
561 2321 621 2376 Si
647 2321 758 2389 quis
785 2320 950 2383 enim,
974 2317 1160 2388 inquit,
1190 2317 1320 2371 venit
1343 2315 1410 2368 ad
1439 2331 1539 2381 me,
1561 2329 1651 2368 nec
1680 2329 1827 2367 suum
1859 2327 1954 2382 pa-

380 2425 527 2479 trem,
553 2421 599 2467 et
623 2421 851 2476 matrem,
875 2419 920 2465 et
940 2426 1167 2475 uxorem,
1196 2418 1242 2463 et
1268 2409 1424 2477 ﬁlios,
1446 2416 1492 2460 et
1513 2406 1716 2475 fratres,
1741 2413 1790 2458 et
1814 2417 1955 2456 soro-

370 2521 481 2568 res,
509 2504 715 2573 insuper
736 2511 782 2557 et
806 2501 1027 2555 animant
1058 2516 1200 2554 suam
1229 2499 1354 2567 odit,
1385 2514 1486 2551 non
1508 2505 1667 2566 potest
1694 2511 1832 2548 meus
1851 2509 1958 2548 esse

384 2594 682 2664 discipulus.
713 2591 778 2646 Et
794 2592 881 2661 qui
901 2607 1002 2644 non
1024 2597 1189 2659 portat
1218 2604 1416 2641 crucem
1431 2603 1592 2651 suam,
1619 2595 1666 2640 ct
1694 2601 1771 2638 me
1793 2585 1958 2652 sequi-

381 2697 484 2754 tur,
514 2702 614 2740 non
641 2693 799 2755 potest
820 2699 960 2736 meus
987 2697 1093 2735 esse
1117 2680 1395 2750 discipulus
1425 2677 1573 2749 (Luc.
1605 2676 1692 2731 Η.
1723 2675 1814 2730 26.
1838 2671 1954 2744 27).

379 2776 460 2832 Tu
490 2791 618 2832 vero
641 2775 818 2845 segnis
844 2774 1026 2827 uxoris
1054 2771 1348 2840 cupiditati,
1378 2769 1530 2835 risui,
1563 2767 1824 2833 mollitiei,
1857 2766 1956 2821 de-

380 2866 516 2921 liciis
565 2863 759 2920 vacas?
809 2861 1060 2917 Dominus
1111 2877 1266 2931 prape
1292 2870 1399 2915 est:
1434 2860 1562 2912 nihil
1611 2858 1812 2912 solliciti
1851 2857 1959 2910 sitis

383 2955 640 3027 (Philipp.
669 2954 723 3009 4.
765 2954 818 3009 5.
849 2952 924 3022 6).
955 2952 1034 3009 Tu
1064 2951 1130 3006 de
1158 2951 1392 3021 pecuniis
1417 2964 1571 3004 curas
1610 2963 1672 3002 ac
1700 2947 1960 3001 sollicitus

383 3046 477 3102 es?
516 3045 740 3100 Creleste
767 3058 984 3114 regnum
1015 3043 1196 3097 instat.
1228 3041 1305 3095 Tu
1335 3040 1499 3107 tedas,
1525 3040 1704 3094 luxum
1741 3045 1796 3093 et
1834 3036 1962 3092 reli-

381 3152 541 3208 quam
558 3137 881 3208 voluptatem
898 3134 1149 3205 dispicis?
1173 3132 1405 3187 Praeterit
1422 3133 1589 3204 ﬁgura
1615 3131 1767 3198 hujus
1783 3127 1961 3180 mundi

383 3231 460 3301 (l.
489 3228 604 3284 Cor.
633 3228 686 3282 7.
713 3225 824 3299 5i).
855 3226 991 3294 Quid
1019 3236 1071 3281 te
1095 3225 1162 3280 de
1187 3224 1370 3279 mundi
1399 3224 1558 3278 rebus
1578 3237 1682 3276 non
1712 3218 1962 3291 perenni-

381 3322 501 3388 bus,
525 3319 619 3376 sed
639 3319 872 3384 caducis,
902 3317 1213 3388 perennium
1230 3330 1292 3370 ac
1307 3314 1573 3369 stabilium
1599 3313 1816 3380 oblitus,
1839 3327 1963 3368 eru-

382 3412 526 3468 cias?
545 3412 661 3467 Non
685 3411 793 3482 jam
819 3402 1239 3471 matrimonium,
1273 3421 1380 3460 non
1401 3405 1613 3460 dolores
1630 3413 1831 3475 partus,
1853 3419 1961 3459 non

382 3506 626 3574 voluptas
653 3513 707 3559 et
735 3503 926 3569 coitus,
959 3517 1065 3557 non
1109 3501 1410 3555 divitiarum
1459 3499 1630 3568 copia,
1674 3513 1782 3553 non
1821 3511 1960 3567 prte-

385 3599 593 3654 diorum
615 3597 870 3661 studium,
897 3611 1002 3650 non
1023 3594 1193 3658 cibus,
1219 3609 1324 3648 non
1343 3600 1667 3662 tegumenta,
1696 3606 1800 3645 non
1823 3589 1963 3659 agri-

385 3692 594 3746 cultura
615 3706 678 3746 ac
703 3689 988 3760 navigatio,
1012 3703 1118 3742 non
1142 3695 1284 3743 artes
1304 3694 1358 3741 et
1381 3676 1625 3752 aediﬁcia,
1652 3699 1758 3738 non
1781 3683 1960 3750 urbes,

387 3797 492 3837 non
519 3781 680 3846 cedes,
711 3781 804 3835 sed
833 3779 969 3834 alius
993 3777 1206 3848 quidam
1246 3786 1414 3832 status
1452 3788 1612 3846 atque
1640 3776 1747 3830 vita
1774 3789 1964 3830 conse-

385 3880 611 3943 quetur;
641 3871 755 3926 haec
781 3871 940 3943 paulo
979 3878 1096 3939 post
1135 3877 1329 3923 cuncta
1369 3868 1677 3923 interibunt.
1719 3867 1775 3921 ld
1820 3866 1963 3922 enim

388 3977 490 4033 est,
529 3965 757 4020 Prasterit
783 3966 949 4035 figura
981 3963 1132 4032 hujus
1157 3961 1353 4015 mundi.
1384 3960 1520 4029 Quid
1552 3960 1709 4030 igitur
1737 3961 1882 4016 velut
1909 3960 1962 4014 in

389 4057 567 4114 omnia
595 4056 789 4111 smcula
819 4054 905 4109 hic
931 4053 1187 4116 mansuri,
1222 4053 1292 4106 ita
1335 4052 1388 4106 in
1431 4066 1614 4105 earum
1646 4066 1822 4105 rerum
1853 4059 1966 4104 stu-

388 4151 496 4216 dio,
527 4164 557 4203 a
586 4148 776 4219 quibus
798 4161 940 4217 smpe
967 4155 1091 4200 ante
1122 4159 1398 4214 veSperam
1428 4142 1830 4198 desciscendum
1873 4143 1963 4209 sit,

387 4256 593 4294 summa
625 4255 724 4310 ope
753 4239 1010 4294 nitimur?
1049 4236 1176 4308 quid
1217 4235 1536 4290 laboriosam
1568 4235 1730 4289 vitam
1775 4234 1966 4304 deligi-

389 4343 527 4393 mus,
550 4328 760 4384 Christo
783 4329 850 4383 ad
887 4329 1112 4382 otiosam
1139 4342 1236 4382 nos
1268 4325 1524 4382 vocante?
1555 4324 1679 4380 Volo
1704 4326 1866 4393 enim,
1889 4326 1969 4379 in-

390 4418 526 4487 quit,
555 4432 640 4470 vos
666 4418 772 4471 sine
797 4417 1136 4471 sollicitudine
1159 4432 1286 4471 esse.
1317 4415 1420 4482 Qui
1437 4417 1546 4470 sine
1564 4431 1721 4470 uxore
1743 4425 1834 4482 est,
1859 4413 1969 4470 Do-

392 4506 514 4560 mini
542 4521 621 4560 res
641 4517 783 4558 curat
813 4507 888 4576 (l.
916 4507 1034 4560 Cor.
1064 4507 1115 4560 7.
1147 4506 1261 4577 32).

464 4596 695 4653 LXXIV.
735 4595 836 4652 Cur
858 4613 974 4651 cum
999 4599 1114 4651 velit
1141 4615 1232 4652 nos
1258 4601 1366 4653 sine
1392 4600 1724 4652 sollicitudine
1746 4599 1972 4667 esse,ju-

391 4690 504 4743 beat
528 4705 635 4743 esse
655 4687 916 4742 sollicitos.
939 4717 1010 4727 —
1033 4687 1311 4754 Quomodo
1337 4688 1494 4758 igitur
1518 4702 1616 4742 nos
1641 4688 1754 4741 sine
1774 4689 1997 4760 sollici-,

395 4779 575 4836 tudine
595 4793 714 4835 esse
732 4779 832 4845 vis,
855 4793 989 4849 quos
1008 4777 1060 4832 in
1087 4778 1244 4832 aliam
1266 4779 1455 4833 iterum
1482 4793 1661 4834 curam
1683 4779 1972 4849 conjicias?

393 4877 523 4942 Quia
539 4879 715 4933 hocne
731 4891 918 4932 curare
929 4875 1140 4946 quidem
1153 4885 1254 4942 est,
1269 4874 1710 4947 quemadmodum
1730 4891 1827 4931 nec
1841 4874 1974 4930 afﬁi-

371 4967 522 5025 'ctari
552 4979 770 5041 propter
794 4970 1062 5026 Christum
1094 4969 1369 5035 afﬁictari;
1398 4985 1505 5024 non
1535 4979 1732 5024 mutata
1759 4968 1972 5040 quidem

393 5077 569 5117 rerum
591 5073 801 5129 natura,
825 5061 919 5118 sed
941 5077 1126 5117 eorum
1151 5062 1238 5132 qui
1264 5076 1325 5117 ea
1351 5075 1470 5115 cum
1493 5061 1758 5130 voluptate
1774 5061 1977 5132 patian-

396 5165 484 5210 tur
512 5156 687 5211 studio
713 5155 796 5211 vel
827 5170 1004 5211 rerum
1045 5165 1288 5208 naturam
1321 5153 1586 5209 vincente.
1627 5154 1755 5208 Nam
1784 5153 1872 5223 qui
1911 5169 1973 5207 ea

395 5256 580 5314 curet,
609 5249 800 5320 quibus
829 5264 933 5303 non
966 5248 1178 5318 longum
1211 5258 1420 5320 tempus
1449 5247 1701 5302 fruiturus
1729 5248 1832 5314 sit,
1867 5249 1976 5304 imo

395 5355 538 5410 stupe
569 5356 666 5396 nec
693 5341 992 5408 minimum,
1021 5355 1210 5398 curare
1249 5342 1442 5396 merito
1467 5341 1705 5404 dicetur;
1735 5341 1824 5410 qui
1850 5354 1976 5396 vero

396 5447 427 5487 e
454 5432 596 5488 curis
636 5432 892 5503 majorem
919 5432 1148 5488 fructum
1193 5441 1443 5502 capturus
1473 5434 1571 5497 sit,
1602 5432 1746 5486 omni
1773 5433 1978 5487 ratione

396 5525 536 5580 inter
551 5541 643 5581 eos
663 5527 751 5596 qui
773 5527 888 5582 sine
906 5526 1258 5582 sollicitudine
1280 5535 1402 5580 sunt
1427 5525 1805 5580 numerabitur.
1835 5525 1980 5580 Prte-

397 5628 541 5673 terca
568 5629 742 5676 autem
772 5621 1042 5692 utriusque
1071 5637 1213 5677 curae
1250 5630 1451 5676 tantum
1478 5629 1562 5676 est
1583 5619 1888 5684 discrimen,
1922 5628 1980 5674 ut

399 5709 514 5766 inec
542 5727 661 5766 cum
691 5712 777 5768 illa
817 5723 1121 5785 comparata
1164 5729 1233 5770 ne
1274 5729 1399 5769 cura
1428 5713 1641 5784 quidem
1685 5711 1976 5776 habeatur;

397 5800 532 5860 adeo
558 5803 644 5860 illa
671 5811 725 5863 et
748 5803 915 5863 levior
936 5814 1038 5876 est,
1060 5813 1114 5862 et
1140 5804 1320 5862 multis
1341 5803 1580 5876 partibus
1600 5802 1821 5860 facilior.
1850 5801 1977 5871 Quae

1063 374 1126 433 S.
1165 375 1442 436 JOANNIS
1469 370 1943 432 CHRYSOSTOMI
1982 368 2297 426 ARCHIEP.
2337 365 2867 424 CONSTANTINOP.

3492 352 3592 409 58F:

2047 498 2144 537 nos
2166 486 2343 537 omnia
2365 481 2612 551 superius
2632 477 2980 533 ostendimus.
2997 471 3096 539 Qui
3114 472 3221 526 sine
3239 485 3395 524 uxore
3419 477 3510 536 est,
3527 471 3634 525 sol-

2047 579 2212 631 licitus
2233 589 2303 631 est
2334 591 2448 646 quae
2476 573 2680 627 Domini
2713 580 2864 633 sunt;
2902 568 2987 638 qui
3014 576 3182 619 autem
3216 579 3328 617 cum
3356 577 3511 615 uxore
3529 569 3629 619 est,

2046 668 2292 721 sollicitus
2320 675 2391 719 est
2418 681 2530 736 quae
2556 672 2672 718 sunt
2699 660 2894 715 mundi.
2926 659 2995 712 At
3029 656 3115 710 hic
3141 655 3284 718 abit,
3313 653 3402 706 ille
3429 665 3631 705 manet.

2048 762 2238 814 Annon
2262 759 2417 829 igitur
2438 758 2522 811 vel
2549 758 2650 811 hoc
2673 755 2844 809 solum
2866 750 3094 806 sufﬁciat
3117 748 3185 802 ad
3212 745 3526 815 virginitatis
3552 741 3635 796 di-

2048 851 2304 921 gnitatem
2330 844 2896 904 commonstrandam?
2923 842 3129 911 Quanto
3149 839 3290 893 enim
3314 837 3456 891 Deus
3482 849 3633 888 mun-

2050 941 2120 994 do
2151 949 2395 1010 praestat,
2429 946 2574 993 tanto
2604 937 2720 991 haec
2763 935 2850 990 illa
2879 933 3052 1004 potior
3077 944 3205 984 cura
3231 936 3334 982 est.
3375 926 3482 981 Cur
3505 937 3635 993 ergo

2051 1030 2445 1086 matrimonium
2475 1027 2748 1099 permittit,
2776 1024 2918 1096 quod
2945 1032 2997 1078 et
3021 1022 3164 1077 curis
3191 1034 3289 1074 nos
3317 1018 3634 1086 obstringat,

2051 1129 2105 1175 et
2133 1136 2163 1174 a
2192 1120 2551 1190 spiritualibus
2579 1115 2845 1173 abducat?
2875 1114 2995 1168 ldeo
3025 1113 3166 1166 enim
3190 1152 3205 1177 ,
3239 1107 3447 1178 inquit,
3478 1106 3584 1160 dixi
3618 1121 3633 1158 :

2051 1213 2122 1270 Ut
2141 1213 2228 1284 qui
2255 1226 2446 1266 uxores
2477 1208 2676 1264 habent
2701 1205 2918 1277 perinde
2937 1208 3043 1260 sint
3066 1217 3130 1256 ac
3157 1200 3202 1255 si
3229 1215 3335 1254 non
3358 1199 3636 1263 haberent,

2053 1314 2111 1359 ut
2138 1304 2227 1374 qui
2260 1304 2370 1373 jam
2395 1301 2558 1356 vincti
2587 1307 2750 1366 sunt,
2780 1306 2870 1352 aut
2896 1304 3016 1366 post
3045 1291 3310 1348 vinciendi
3338 1297 3464 1344 sunt
3483 1329 3496 1353 ,
3529 1287 3639 1341 alio

2053 1397 2300 1465 quopiam
2321 1393 2480 1448 modo
2497 1391 2765 1445 vinculum
2791 1389 3050 1442 relaxent.
3072 1383 3203 1439 Nam
3228 1381 3476 1452 quoniam
3495 1378 3636 1433 haud

2054 1487 2134 1542 fas
2153 1496 2237 1541 est
2259 1485 2422 1540 semel
2447 1483 2845 1552 circumjectum
2873 1490 3142 1548 rumpere,
3170 1470 3496 1528 tolerabilius
3519 1467 3640 1523 red-

2053 1577 2141 1633 de.
2167 1575 2440 1647 Siquidem
2471 1575 2616 1638 licet,
2647 1571 2692 1627 si
2721 1571 2966 1633 velimus,
2995 1577 3323 1635 supervacua
3351 1560 3527 1616 omnia
3549 1574 3640 1613 re-

2053 1669 2233 1725 cidere
2253 1709 2266 1733 ,
2298 1683 2397 1723 nec
2426 1677 2604 1722 nostra
2634 1666 2869 1734 ipsorum
2895 1659 3103 1730 ignavia
3133 1656 3236 1711 alia
3261 1654 3415 1709 nobis
3442 1650 3640 1706 addere

2055 1762 2121 1818 iis
2148 1761 2310 1827 curis,
2341 1774 2475 1830 quas
2503 1759 2580 1813 rei
2607 1766 2795 1811 natura
2823 1751 3011 1823 pariat,
3039 1743 3261 1816 majora.

2125 1853 2335 1912 LXXV.
2358 1853 2490 1920 Quid
2504 1853 2567 1907 sit
2585 1850 2846 1904 habentem
2864 1860 3071 1900 uxorem
3087 1858 3189 1896 non
3205 1840 3478 1893 haberc.—
3488 1833 3640 1901 Quod

2057 1949 2100 2005 si
2127 1948 2245 2019 quis
2265 1947 2425 2002 etiam
2446 1943 2644 2000 clarius
2671 1939 2968 2008 intelligere
2990 1935 3123 2002 vult,
3148 1931 3275 2003 quid
3295 1931 3384 1995 sit,
3409 1928 3640 1984 Uxorem

2039 2041 2343 2107 -habentem
2370 2035 2591 2108 perinde
2612 2048 2734 2090 esse
2758 2047 2822 2086 ac
2849 2030 2895 2085 si
2923 2043 3030 2083 non
3051 2026 3294 2090 haberet,
3319 2023 3364 2076 is
3387 2019 3517 2075 mihi
3538 2032 3644 2072 non

2061 2132 2321 2186 habentes
2359 2137 2518 2198 atque
2546 2123 2836 2181 cruciﬁxos
2865 2120 3094 2189 cogitet,
3132 2112 3400 2186 quomodo
3428 2111 3644 2179 degant.

2059 2220 2336 2290 Quomodo
2364 2219 2524 2289 igitur
2549 2212 2780 2286 degunt?
2809 2211 2924 2267 Non
2953 2220 3176 2264 necesse
3206 2203 3404 2259 habent
3428 2200 3646 2256 ancilla-

2060 2330 2178 2370 rum
2215 2326 2428 2385 gregem
2469 2321 2747 2371 coemere,
2779 2318 2884 2358 non
2927 2315 3117 2354 aurum
3158 2312 3221 2352 ac
3258 2295 3507 2358 monilia,
3541 2305 3645 2345 non

2060 2405 2202 2461 aedes
2228 2401 2535 2474 magniﬁcas
2555 2407 2610 2454 et
2636 2396 2860 2465 amplas,
2887 2407 2996 2447 non
3025 2399 3100 2444 tot
3124 2402 3187 2442 ac
3211 2395 3288 2441 tot
3317 2395 3474 2440 terra:
3495 2385 3649 2453 juge—

2060 2515 2150 2563 ra;
2183 2497 2276 2553 sed
2302 2497 2368 2551 iis
2389 2493 2636 2550 omnibus
2661 2486 2895 2544 dimissis
2921 2482 3174 2538 amictum
3198 2493 3362 2532 unum
3388 2484 3548 2545 atque
3572 2474 3652 2529 vi-

2061 2599 2202 2646 ctum
2229 2593 2534 2658 procurant.
2567 2582 2716 2637 Licet
2739 2585 2914 2632 autem
2945 2584 3166 2628 uxorem
3202 2567 3420 2622 habenti
3443 2565 3508 2619 ad
3532 2579 3649 2619 eam

2062 2697 2121 2737 se
2159 2655 2550 2750 philosophiam
2587 2672 2863 2728 reducere.
2891 2666 3022 2722 Nam
3061 2661 3202 2734 quod
3245 2673 3405 2730 supra
3438 2657 3541 2724 ait,
3569 2655 3654 2750 Aie

2063 2772 2363 2846 defraudate
2397 2769 2526 2823 alter
2551 2767 2767 2821 alterum
2795 2760 2843 2835 (l
2867 2799 2879 2812 .
2911 2757 3031 2814 Cor.
3144 2754 3236 2826 5),
3265 2753 3331 2807 de
3357 2753 3500 2806 coitu
3529 2749 3652 2804 solo

2063 2843 2262 2922 dictum
2292 2869 2374 2917 est
2403 2876 2418 2916 :
2447 2859 2499 2913 in
2526 2872 2592 2913 eo
2622 2855 2763 2912 enim
2791 2851 3018 2906 invicem
3043 2844 3263 2916 obsequi
3282 2843 3451 2913 jubet,
3481 2853 3652 2908 neque

2063 2960 2379 3014 alterutrum
2402 2953 2483 3009 sui
2507 2950 2782 3007 dominum
2811 2960 2932 3001 esse
2955 2943 3081 2998 sinit
3111 2957 3125 2993 :
3157 2941 3208 2996 in
3239 2937 3444 3006 reliquo
3475 2932 3644 3003 philo-

2063 3048 2268 3119 sophia:
2292 3043 2566 3111 exercitio,
2599 3039 2815 3102 vestitu,
2848 3037 3009 3100 victu,
3041 3041 3200 3102 atque
3227 3028 3345 3083 aliis
3371 3022 3641 3086 omnibus,

2065 3117 2202 3195 alter
2220 3137 2373 3192 alteri
2395 3150 2501 3190 non
2529 3140 2612 3189 est
2631 3127 2913 3193 obnoxius,
2942 3123 3035 3179 sed
3058 3132 3113 3178 et
3137 3121 3266 3175 viris
3289 3117 3366 3173 fas
3386 3126 3467 3171 est
3484 3127 3652 3169 uxore

2065 3232 2229 3287 invita
2249 3228 2468 3284 delicias
2492 3237 2682 3281 omnes
2706 3237 2770 3276 ac
2792 3215 3246 3275 eireumiluentem
3269 3223 3514 3265 curarum
3535 3215 3649 3260 tur-

2065 3327 2188 3382 bam
2209 3322 2447 3387 amoliri;
2469 3327 2525 3375 et
2548 3316 2702 3372 uxori
2727 3311 2960 3368 vicissim
2988 3323 3094 3363 non
3120 3315 3202 3360 est
3229 3315 3470 3366 necesse,
3491 3299 3537 3354 si
3556 3311 3654 3352 no-

2066 3418 2144 3484 lit,
2166 3415 2326 3481 comi,
2351 3414 2561 3467 inanem
2588 3407 2814 3479 gloriam
2840 3410 3074 3472 captare,
3096 3407 3422 3466 supervacua
3441 3403 3648 3445 curare.

2065 3481 2178 3564 Nec
2205 3505 2428 3576 injuria;
2458 3516 2580 3557 nam
2607 3496 2868 3568 cupiditas
2894 3490 3107 3562 quidem
3137 3487 3228 3541 illa
3252 3481 3510 3538 naturalis
3534 3485 3651 3544 est;

2067 3570 2317 3670 itaque'ei
2349 3591 2590 3649 nonnihil
2619 3586 2978 3645 condonatum
3020 3586 3137 3643 est,
3178 3591 3278 3631 nec
3319 3579 3495 3644 potest
3519 3570 3653 3624 alter

2067 3664 2289 3745 alterum
2317 3685 2586 3741 nolentem
2624 3676 2940 3735 defraudare
2964 3689 2980 3739 ;
3023 3671 3136 3726 haec
3165 3681 3292 3722 vero
3319 3664 3649 3723 deliciarum,

2069 3777 2382 3850 supervacui
2405 3774 2599 3840 cultus,
2635 3760 2832 3825 inutilis
2847 3779 3008 3828 curas,
3035 3777 3137 3816 non
3165 3775 3194 3813 a
3218 3767 3403 3811 natura
3433 3752 3647 3824 proﬁci-

2069 3843 2254 3937 scitur,
2272 3869 2366 3924 sed
2384 3882 2448 3922 ex
2466 3862 2673 3936 ignavia
2692 3868 2746 3916 et
2782 3855 2971 3927 insigni
2990 3850 3222 3923 nequitia
3248 3853 3445 3902 manat.
3464 3843 3639 3912 Quare

2070 3978 2243 4034 neque
2264 3963 2315 4016 in
2343 3961 2448 4026 his,
2472 3935 2528 4013 ut
2553 3957 2608 4011 in
2631 3955 2754 4020 illis,
2777 3949 3030 4019 conjuges
3055 3943 3279 4000 invicem
3302 3938 3468 3995 teneri
3489 3935 3649 4005 cogit.

2071 4031 2184 4112 Hoc
2213 4053 2372 4124 igitur
2398 4057 2514 4116 est,
2547 4047 2779 4103 Uxorem
2819 4040 3075 4095 habentes
3117 4031 3336 4105 perinde
3372 4043 3491 4084 esse
3518 4040 3579 4080 ac
3607 4039 3651 4078 Si

2072 4162 2181 4202 non
2217 4115 2508 4206 haberent,
2539 4147 2895 4206 supervacuas
2925 4130 3044 4184 illas
3069 4133 3283 4197 propter
3312 4133 3532 4176 uxorum
3568 4115 3656 4169 fu-

2072 4255 2192 4294 cum
2220 4252 2282 4292 ac
2315 4234 2595 4291 mollitiem
2636 4242 2794 4284 curas
2832 4240 2937 4280 non
2979 4221 3260 4276 admittere
3281 4258 3296 4284 ,
3327 4214 3422 4270 sed
3451 4221 3652 4268 tantum

2072 4344 2322 4388 curarum
2350 4323 2643 4381 auctarium
2671 4319 2942 4388 suscipere
2965 4356 2980 4380 ,
3009 4319 3263 4384 quantum
3290 4323 3386 4378 par
3408 4307 3477 4361 sit
3501 4304 3656 4360 unius

2073 4421 2261 4492 capitis
2287 4412 2671 4478 additaniento,
2698 4419 2857 4480 atque
2884 4408 3000 4477 ejus
3025 4400 3387 4474 pliilOSOphiee
3411 4411 3474 4452 ac
3495 4396 3656 4450 tenui-

2076 4486 2156 4571 ter
2179 4513 2342 4568 vitam
2373 4505 2718 4564 instituentis.
2750 4501 2805 4556 ld
2834 4501 2975 4555 enim
3003 4512 3062 4552 se
3089 4496 3227 4550 velle
3249 4491 3530 4548 corollario
3555 4486 3660 4541 hoc

2075 4605 2368 4677 signiﬁcat,
2403 4600 2467 4655 Et
2494 4598 2579 4669 qui
2615 4597 2736 4666 ﬂent
2775 4602 3030 4661 tamquam
3066 4604 3165 4641 non
3193 4587 3366 4655 flentes
3397 4579 3574 4653 (Ibid.
3606 4592 3654 4629 υ.

2076 4671 2199 4770 56),
2230 4706 2284 4751 et
2307 4694 2395 4763 qui
2427 4693 2477 4746 in
2511 4686 2724 4760 prmdiis
2754 4682 3006 4754 gaudent,
3035 4693 3100 4732 ac
3127 4677 3171 4730 si
3201 4690 3306 4729 non
3325 4671 3653 4743 gauderent:

2077 4764 2195 4846 nam
2215 4803 2311 4844 nec
2323 4786 2412 4857 qui
2430 4799 2531 4838 non
2545 4779 2794 4852 gaudent,
2813 4773 3010 4846 prtcdia
3027 4769 3314 4831 curabunt;
3335 4779 3432 4820 nec
3447 4764 3535 4834 qui
3554 4776 3657 4816 non

2078 4883 2236 4945 ﬂent,
2270 4885 2361 4932 aut
2389 4874 2621 4944 inopiam
2649 4871 2869 4924 horrere
2889 4909 2903 4933 ,
2930 4871 3020 4918 aut
3046 4859 3398 4930 frugalitatem
3421 4853 3658 4908 aversari

2077 4978 2346 5043 poterunt.
2374 4967 2488 5022 Hoc
2521 4978 2648 5019 vero
2686 4969 2768 5016 est
2801 4971 3021 5012 uxorem
3061 4953 3258 5007 habere
3296 4963 3393 5002 nec
3424 4945 3619 4999 habere
3643 4983 3659 5010 ,

2080 5040 2275 5123 mundo
2302 5063 2378 5116 uti
2407 5075 2507 5115 nec
2529 5055 2692 5111 abuti.
2724 5053 2825 5120 Qui
2862 5067 2977 5104 cum
3001 5061 3159 5102 uxore
3185 5052 3257 5098 est
3279 5083 3295 5109 ,
3323 5040 3566 5096 sollicitus
3591 5046 3663 5092 est

2079 5172 2191 5227 qua:
2218 5162 2333 5209 sunt
2357 5150 2532 5205 mundi
2560 5147 2721 5218 (Ibid.
2765 5161 2813 5198 υ.
2839 5141 2964 5213 55).
2998 5140 3178 5209 Itaque
3225 5150 3348 5190 cum
3386 5143 3439 5188 et
3484 5132 3569 5186 hic
3609 5139 3665 5184 et

2080 5226 2188 5304 illic
2213 5253 2446 5309 curetur,
2469 5252 2627 5312 atque
2651 5239 2738 5294 hic
2761 5237 2919 5290 etiam
2951 5244 3149 5288 temere
3171 5239 3225 5285 et
3245 5228 3458 5290 frustra,
3485 5226 3589 5278 imo
3610 5231 3667 5277 et

2080 5343 2304 5400 moleste
2331 5347 2385 5393 et
2410 5337 2606 5392 misere
2638 5333 2793 5406 (nam
2837 5327 3226 5382 Tribulationem
3255 5321 3433 5394 [Ibid.
3459 5335 3507 5373 υ.
3529 5317 3599 5372 28
3617 5313 3656 5388 ],

2080 5435 2270 5507 inquit,
2297 5433 2464 5487 carnis
2493 5428 2742 5484 habebunt
2771 5422 3064 5494 hujusmodi
3081 5420 3121 5491 ),
3153 5417 3278 5482 illic,
3310 5412 3449 5484 quod
3481 5412 3666 5480 ingens

2079 5527 2278 5582 bonum
2311 5525 2399 5592 sit,
2429 5539 2524 5578 cur
2553 5537 2658 5576 non
2686 5519 2830 5574 illam
2857 5515 3034 5587 potius
3071 5508 3417 5566 adseiscimus
3442 5517 3622 5557 curam
3648 5541 3664 5566 ,

2083 5632 2202 5688 quae
2229 5631 2333 5670 non
2363 5615 2535 5669 solum
2567 5621 2644 5666 tot
2672 5625 2736 5665 ac
2764 5617 2938 5664 tantas
2966 5598 3425 5662 remunerationes
3453 5593 3664 5656 habeat,

2084 5684 2176 5763 sed
2205 5707 2304 5762 hac
2332 5716 2522 5760 natura
2560 5705 2721 5758 etiam
2756 5701 2924 5756 levior
2952 5697 3052 5752 sit?
3078 5692 3214 5762 Quid
3237 5689 3380 5746 enim
3406 5694 3561 5741 curat
3589 5684 3668 5737 in-

2087 5799 2290 5871 nupta?
2318 5814 2385 5854 an
2413 5813 2563 5870 opes,
2590 5812 2656 5853 an
2683 5809 2874 5852 vernas
2899 5833 2914 5861 ,
2944 5808 3011 5847 an
3037 5797 3367 5851 ceconoums,
3399 5795 3466 5837 an
3487 5794 3665 5851 agros,
