4016 6154
244 314 348 370 589

251 430 527 501 μαγείροις
571 424 862 495 ἐφέστηκε,
894 421 989 476 καὶ
1033 421 1316 492 ὐφάνταις,
1342 418 1436 472 καὶ
1462 419 1529 488 τῇ
1555 416 1719 485 λοιπῇ
1750 413 1913 501 θεραξ

244 499 650 586 πείᾳςλΔπαγε
666 529 683 543 ·
723 511 876 566 οὐδὲν
929 509 1136 563 τούτων
1183 509 1264 571 εἰς
1309 505 1436 560 νοῦν
1480 503 1753 574 βάλλεται,
1795 499 1912 555 ἀλλ’

243 601 303 658 ιν
333 601 606 675 φροντίζει
639 601 817 672 μόνον,
861 598 963 671 τὴν
996 595 1170 668 αὐτῆς
1197 594 1500 665 οἰκοδομεῖν
1524 604 1553 635 α
1580 590 1782 662 ψυχὴν,
1818 588 1910 642 τὸν

248 689 372 745 ναδν
417 692 624 745 ἐκεῖνον
677 687 769 742 τὸν
816 687 971 755 ἆγιον
1014 684 1238 755 κοσμεῖν
1271 682 1371 736 οὐκ
1413 682 1473 734 ἐν
1520 678 1834 749 πλέγμασιν
1881 677 1915 748 ἢ

245 777 432 852 χρυσῷ
459 778 493 849 ἢ
526 775 917 849 μαργαρίταις,
937 772 1046 833 ,οὐκ
1078 769 1482 842 ἐπιτρίμμασιν
1512 766 1635 821 οὐδὲ
1670 766 1918 836 ὑπογρα-

246 851 395 936 φαῖς,
440 866 501 919 οὐ
531 867 653 929 ταῖς
681 863 870 926 ἄλλαις
900 858 1211 922 δυσκολίαις
1237 859 1333 912 καὶ
1387 854 1737 928 μοχθηρίαις,
1780 851 1917 907 ἀλλὰ

243 955 312 1027 τῇ
344 952 619 1024 ἁγιωσύνῃ
647 954 715 1024 τῇ
761 949 905 1006 κατά
952 947 1112 1019 σῶμα
1158 945 1254 1000 καί
1300 944 1442 998 κατὰ
1473 940 1713 1027 πνεῦμα.
1754 940 1821 1027 Ἠ,
1849 937 1919 992 δὲ

248 1041 578 1112 γαμήσασα
599 1042 651 1105 b,
679 1038 815 1111 φησὶ
832 1079 849 1104 ,
899 1033 1158 1108 μεριμνᾷ
1196 1031 1323 1099 πῶς
1356 1029 1561 1101 ἀρέσει
1608 1026 1690 1095 τῷ
1721 1026 1916 1096 ἀνδρί.

254 1129 468 1200 Σφόδρα
503 1129 741 1191 συνετῶς
769 1127 872 1180 οὐκ
918 1121 1084 1197 ἦλθεν
1124 1121 1220 1176 ἐπὶ
1265 1120 1365 1191 τὴν
1413 1117 1524 1172 τῶν
1576 1115 1918 1188 πραγμάτων

247 1217 426 1271 αὐτῶν
502 1216 772 1281 ἐξέτασιν,
823 1213 946 1267 οὐδὲ
989 1207 1142 1265 εἶπεν
1190 1210 1291 1263 ὃσα
1343 1206 1610 1276 πάσχουσι
1666 1204 1920 1272 γυναῖκες

248 1304 390 1376 ὑπὲρ
439 1303 540 1375 τῆς
572 1303 653 1366 εἰς
692 1302 822 1375 τοὺς
867 1299 1066 1371 ἄνδρας
1110 1294 1404 1367 ἀρεσκείας
1452 1291 1549 1346 καὶ
1577 1288 1658 1361 τῷ
1708 1288 1920 1359 σώματι

247 1391 344 1446 καὶ
380 1394 448 1463 τῇ
480 1391 664 1462 ψυχῇ,
704 1389 769 1444 τὸ
809 1389 907 1460 μὲν
952 1384 1337 1458 βασανίζουσαι
1367 1381 1465 1437 καί
1515 1378 1782 1435 κονιῶσαι
1827 1376 1922 1432 καὶ¹

249 1479 461 1551 ἑτέραις
500 1478 756 1532 κολάσεσι
794 1475 1245 1539 κατατείνουσαι,
1281 1471 1383 1542 τὴν
1424 1469 1482 1524 δὲ
1520 1465 1920 1538 ἀνελευθερίας,

248 1565 573 1631 κολακείας,
620 1563 993 1636 ὑποκρίσεως,
1035 1559 1430 1633 μικροψυχίας,
1476 1556 1775 1628 φροντίδων
1821 1570 1922 1607 πε-

252 1653 450 1727 ριττῶν
478 1654 572 1707 καὶ
600 1652 874 1724 ἀνονήτων
902 1648 1234 1723 πληροῦσαι·
1266 1645 1404 1700 ἀλλὰ
1432 1645 1533 1717 μιᾷ
1560 1644 1716 1717 ῥήσει
1747 1641 1925 1727 πάντα

249 1726 423 1796 ταῦτα
468 1737 813 1811 αἰνιξάμενος
839 1749 863 1778 ο
897 1737 1082 1808 ἀφῆκε
1131 1734 1208 1807 τῷ
1242 1731 1503 1791 συνειδότι
1553 1730 1664 1785 τῶν
1698 1726 1926 1783 ἀκουόν-

248 1843 360 1882 των
392 1826 531 1881 αὐτά
560 1824 982 1896 ἀναλογίσασθαι
1001 1840 1015 1854 ·
1048 1823 1141 1878 καὶ
1169 1821 1346 1889 δείξας
1379 1819 1522 1875 οὐτω
1565 1818 1665 1888 τῆς
1716 1814 1924 1886 παρθε-

250 1914 369 1979 νίας
394 1914 507 1986 τὴν.
526 1914 819 1987 ὑπεροχὴν,
846 1912 941 1967 καὶ
967 1910 1105 1984 πρὸς
1132 1909 1295 1973 αὐτὸν
1323 1908 1464 1978 ἄρας
1505 1904 1675 1976 αὐτὴν
1714 1902 1807 1956 τὸν
1834 1902 1927 1954 οὐ-

254 2003 437 2077 ρανὸν,
465 2002 630 2058 πάλιν
669 1998 1024 2074 μετατίθησιν
1068 1998 1165 2052 ἐπὶ
1201 1994 1302 2068 τὴν
1338 1993 1434 2048 τοῦ
1483 1992 1664 2064 γάμου
1711 1987 1926 2060 συγχώ-

255 2107 412 2163 ρησιν
437 2089 532 2146 τὸν
559 2090 738 2160 λόγον,
772 2084 1047 2158 πανταχοῦ
1079 2082 1334 2146 δεδοικὼς
1375 2082 1449 2154 μή
1482 2097 1569 2145 τις
1593 2078 1657 2133 τὸ
1689 2079 1928 2150 πρᾶγμα

251 2176 534 2249 ἐπίταγμα
560 2171 701 2230 εἶναι
725 2173 946 2248 νομίζῃ.
972 2172 1175 2242 Διόπερ
1201 2169 1325 2223 οὐδὲ
1360 2165 1606 2238 ἠρκέσθη
1632 2167 1754 2249 ταῖς
1791 2180 1929 2235 προ-

252 2244 1041 2337 τέραιςπαράινέσεσινξάλκ
1080 2257 1287 2311 εἰπών·
1340 2252 1664 2325 Ἐπιταγὴν
1698 2244 1927 2319 Κυρίου

254 2356 367 2411 οὐκ
397 2352 545 2425 ἐχω-
577 2352 694 2419 καὶ,
733 2351 871 2407 Ἐὰν
901 2348 1063 2422 γήμῃ
1098 2348 1139 2417 ἡ
1174 2345 1497 2416 παρθένος,
1531 2346 1646 2413 οὐχ
1678 2343 1926 2412 ἥμαρτε,

255 2444 420 2500 πάλιν
442 2441 679 2498 ἐνταῦθά
707 2457 893 2514 φησιν,
913 2441 1037 2511 Οὐχ
1055 2439 1157 2494 ἵνα
1174 2437 1411 2507 ,βρόχον
1424 2434 1566 2506 ὑμῖν
1585 2432 1873 2489 ἐπιϐάλω.

323 2532 463 2600 θεῖ’.
507 2529 681 2605 Ὑπὲρ
706 2523 767 2585 οὐ
795 2528 890 2584 καὶ
913 2527 1294 2599 διαπορήσειεν
1318 2524 1383 2581 ἀν
1414 2540 1500 2587 τις
1527 2522 1782 2587 εἰκότως,
1810 2520 1930 2586 πῶς

254 2618 516 2692 ἀνωτέρω
546 2617 701 2674 λύσιν
724 2615 940 2689 δεσμῶν
975 2614 1038 2670 τδ
1075 2613 1310 2686 πρᾶγμα
1338 2611 1541 2678 καλῶν,
1574 2610 1672 2666 καὶ
1700 2609 1836 2680 πρὸς
1866 2608 1929 2663 τὸ

258 2705 540 2779 συμφέρον
560 2707 697 2778 ήμϊν
717 2704 850 2758 αὐτὸ
874 2699 1267 2775 συμϐουλεύειν
1295 2698 1492 2768 λέγων,
1517 2697 1613 2752 καὶ
1639 2697 1727 2752 ἵνα
1751 2695 1929 2765 θλῖψιν

261 2794 338 2865 μὴ
376 2792 611 2864 ἐχωμεν,
641 2792 735 2846 καὶ
771 2791 858 2846 ἵνα
890 2788 1186 2861 ἀμέριμνοι
1214 2780 1387 2858 ὦμεν,
1432 2787 1527 2840 καὶ
1554 2785 1744 2857 ἐπειδὴ
1775 2781 1929 2856 [529]

258 2880 502 2952 φείδεται
547 2879 725 2951 ἡμῶν,
775 2878 871 2935 καὶ
923 2876 1011 2931 διά
1060 2874 1268 2929 τούτων
1317 2873 1575 2929 ἁπάντων
1619 2872 1835 2936 δεικνὺς
1870 2870 1932 2925 τὸ

258 2966 461 3038 κοῦφον
491 2964 654 3020 αὐτοῦ
698 2966 794 3019 καὶ
843 2963 1100 3035 φορητὸν,
1149 2959 1385 3016 ἐνταῦθά
1431 2975 1626 3031 φησιν·
1666 2959 1791 3027 Οὐχ
1830 2958 1934 3013 ἵνα

254 3056 492 3126 ,ϐρόχον
520 3052 665 3124 ὑμῖν
694 3052 991 3118 ἐπιϐάλω;
1020 3052 1087 3104 Τί
1120 3044 1215 3105 οὖν
1250 3052 1435 3115 ἐστινς
1466 3047 1542 3102 Οὐ
1582 3046 1684 3117 τὴν
1723 3044 1934 3117 παρθε-

260 3145 382 3200 νίαν
416 3143 608 3216 βρόχον
657 3143 942 3198 ἐκάλεσεν·
976 3142 1190 3211 ἄπαγε·
1231 3139 1370 3195 ἀλλά
1401 3138 1463 3193 τὸ
1505 3136 1645 3209 μετά
1679 3136 1801 3207 βίας
1840 3135 1935 3189 καὶ

260 3234 508 3305 ἀνάγκης
556 3233 830 3305 αἱρεῖσθαι
878 3232 1036 3285 τοῦτο
1083 3230 1148 3285 τὸ
1191 3229 1378 3285 καλόν.
1428 3228 1542 3283 Καὶ
1602 3227 1715 3299 γὰρ
1762 3224 1936 3288 οὓτως

261 3320 398 3394 ἔχει,
443 3321 560 3375 Πᾶν
587 3321 726 3392 ὅπερ
774 3320 840 3375 ἂν
876 3319 1192 3391 βιαζόμενος
1219 3317 1314 3370 καὶ
1349 3314 1490 3388 μετά
1534 3313 1630 3368 τοῦ
1680 3315 1758 3387 μὴ
1806 3312 1932 3385 βού-

262 3408 452 3463 λεσθαι
479 3408 837 3480 καταδέχηταί
868 3425 975 3472 τις,
1015 3406 1120 3460 κᾶν
1162 3405 1369 3477 σφόδρα
1403 3402 1605 3475 κοῦφον
1628 3398 1686 3477 ᾖ,
1717 3404 1936 3457 πάντων

262 3497 662 3568 ἀφορητότερον
714 3496 944 3567 γίνεται,
977 3495 1074 3549 καὶ
1122 3492 1361 3564 ἀγχόνης
1406 3490 1789 3563 χαλεπώτερον
1835 3489 1936 3561 τὴν

261 3584 540 3657 ἡμετέραν
570 3583 863 3652 ἀποπνίγει
904 3583 1105 3654 ψυχήν.
1132 3581 1231 3634 Διά
1262 3581 1424 3634 τοῦτο
1462 3578 1637 3643 εἶπεν,
1667 3580 1793 3649 Οὐχ
1834 3578 1938 3632 ἵνα

258 3672 494 3742 ,ϐρόχον
524 3670 666 3741 ὑμῖν
705 3668 995 3723 ἐπιϐάλω·
1026 3667 1183 3722 τοῦτό
1207 3670 1384 3722 ἐστιν·
1422 3667 1673 3722 ’Δπαντα
1702 3666 1769 3720 τά
1797 3664 1940 3719 καλά

263 3760 363 3832 τῆς
384 3759 682 3831 παρθενίας
711 3754 867 3812 εἷπον
895 3758 992 3812 καὶ
1017 3755 1302 3821 ἀπέδειξα,
1320 3754 1418 3810 καὶ
1437 3754 1575 3826 μετά
1586 3755 1757 3808 ταῦτα
1788 3754 1939 3824 ὅμως

233 3842 483 3903 Δἅπαντα
521 3847 620 3918 τὴν
676 3847 887 3919 αἵρεσιν
931 3846 1059 3916 ὑμῖν
1104 3844 1387 3915 ἐπιτρέπω
1429 3843 1526 3897 τοῦ
1573 3842 1931 3914 πράγματος,

258 3935 389 4007 ὀὐχὶ
416 3934 491 4007 μὴ
530 3933 886 4006 βουλομένους
933 3933 1079 3987 ἐλκω
1105 3931 1243 4004 πρὸς
1272 3930 1371 4002 τὴν
1396 3931 1619 4002 ἀρετήν.
1662 3929 1797 3983 Οὐδὲ
1829 3928 1939 4000 γὰρ

268 4024 412 4095 ὑμᾶς
434 4022 613 4094 θλῖψαι
644 4021 966 4094 βουλόμενος
998 4020 1172 4074 ταῦτα
1208 4018 1625 4083 συνεϐούλευσα,
1650 4017 1764 4072 ἀλλ’
1792 4015 1935 4070 ὥστε

270 4110 347 4183 μή
367 4111 467 4183 τὴν
508 4111 819 4184 εὐσχήμονα
857 4109 1179 4182 προσεδρίαν
1215 4107 1322 4162 ὑπὸ
1348 4105 1458 4161 τῶν
1484 4105 1751 4178 βιωτικῶν
1782 4106 1941 4160 ἐκκο-

269 4200 440 4270 πῆναι
483 4199 843 4271 πραγμάτων.
893 4199 966 4251 Σὺ
999 4197 1057 4251 δέ
1093 4214 1182 4269 μοι
1216 4195 1316 4250 θέα
1354 4193 1636 4249 κάνταῦθα
1671 4193 1766 4247 τοῦ
1799 4192 1941 4248 Παύ-

267 4286 363 4342 λου
403 4287 501 4359 τὴν
532 4287 767 4354 σύνεσιν,
802 4287 919 4351 πῶς
962 4288 1082 4351 ταῖς
1115 4284 1482 4358 παραιτήσεσι
1530 4282 1694 4337 πάλιν
1740 4281 1940 4353 παραί-

269 4384 417 4425 νεσιν
463 4371 819 4441 ἐπεισήγαγε,
854 4370 949 4424 καὶ
994 4368 1084 4422 διά
1127 4369 1226 4440 τῆς
1259 4366 1660 4437 συγχωρήσεως
1698 4362 1937 4434 συμϐου-

267 4450 388 4523 λήν.
418 4451 510 4521 Τῷ
542 4452 652 4523 γὰρ
696 4455 889 4517 εἰπεῖν,
917 4455 1040 4507 Οὐκ
1075 4448 1403 4521 ἀναγκάζω,
1442 4447 1605 4504 ἀλλὰ
1646 4445 1938 4516 παραινῶ,

270 4534 366 4594 καὶ
396 4534 746 4606 προσθεῖναι,
780 4535 871 4589 διὰ
918 4536 985 4589 Τὸ
1031 4535 1347 4604 εὔσχημον
1374 4532 1473 4586 καί
1508 4530 1940 4600 εὐπρόσεόρον,

269 4616 438 4681 ἔδειξε
463 4616 567 4687 τῆς
602 4616 899 4688 παρθενίας
924 4618 985 4671 τὸ
1016 4617 1348 4688 θαυμαστὸν,
1378 4616 1473 4670 καὶ
1498 4614 1561 4668 τὸ
1586 4613 1774 4685 κέρδος
1817 4614 1942 4669 ὅσον

269 4700 404 4772 ἡμῖν
442 4699 500 4752 ἐν
529 4702 594 4771 τῇ
633 4700 776 4754 κατὰ
816 4699 949 4753 Θεὸν
985 4700 1081 4754 ἀπ’
1108 4698 1283 4771 αὐτῆς
1313 4698 1524 4768 γίνεται
1563 4696 1829 4767 πολιτείᾳ.
1863 4698 1939 4751 Οὐ

271 4779 384 4849 γὰρ
420 4778 501 4833 ενι
536 4781 636 4854 τὴν
683 4779 963 4852 βιωτικαῖς
1012 4778 1472 4852 ἐμπεπλεγμένην
1520 4775 1799 4854 φροντίσι,
1847 4777 1943 4830 καὶ

273 4860 552 4932 πανταχοῦ
632 4861 1058 4935 περιελκομένην
1120 4859 1480 4931 εὐπρόσεδρον
1524 4857 1554 4898 (ι
1584 4853 1785 4935 εἶναι,
1843 4857 1943 4927 τῆς

275 4940 513 5011 σπουδῆς
539 4942 633 4995 καὶ
664 4934 858 5013 σχολῆς
887 4941 1104 5012 ἁπάσης
1130 4942 1209 5004 εἰς
1237 4939 1408 4993 πολλά
1442 4934 1831 5011 μεριζομένης,
1862 4938 1942 5001 εἰς

273 5018 444 5092 ἄνδρα
492 5021 655 5089 λέγω,
703 5022 799 5076 καὶ
848 5021 1026 5085 οἰκίας
1072 5019 1410 5091 ἐπιμέλειαν,
1462 5020 1557 5073 καὶ
1602 5017 1711 5072 τῶν
1767 5016 1943 5073 ἄλλων

275 5099 553 5166 ἁπάντων,
581 5100 724 5173 άπερ
756 5102 784 5153 ὁ
816 5101 994 5173 γάμος
1023 5099 1382 5172 ἐπισύρεσθαι
1410 5097 1588 5153 εἴωθε.

346 5179 464 5235 OZ'.
485 5182 526 5233 Τ
534 5181 549 5233 ί
579 5177 690 5240 οὖν.
709 5200 780 5253 φη
789 5183 894 5249 σίν,
909 5184 1037 5236 ὃταν
1058 5183 1199 5252 καὶὴ
1223 5179 1488 5252 παρθένος
1500 5177 1670 5232 πολλά
1686 5194 1945 5250 πραγμα-

274 5258 535 5330 τεύηται,
589 5263 679 5315 καί
732 5263 1003 5335 μερίμνας
1047 5263 1147 5334 ἔχη
1198 5260 1494 5333 βιωτικάς;
1538 5260 1788 5326 ΙἌπαγε,
1838 5258 1944 5323 ἔξω

274 5337 480 5410 ταύτην
507 5341 741 5409 ἑλκύσας
770 5343 865 5399 τοῦ
890 5344 999 5399 τῶν
1025 5342 1312 5416 παρθένων
1341 5341 1504 5415 χοροῦ
1524 5357 1539 5371 ·
1567 5341 1629 5394 οὐ
1653 5340 1763 5411 γὰρ
1786 5339 1947 5410 ἀρκεῖ

282 5421 343 5473 τὸ
374 5420 445 5493 μὴ
475 5423 792 5496 γαμηθῆναι
821 5426 1047 5497 ποιῆσαι
1092 5424 1382 5496 παρθένον,
1410 5422 1546 5478 ἀλλὰ
1586 5423 1668 5476 δεῖ
1705 5423 1800 5477 καὶ
1844 5421 1945 5493 τῆς

277 5499 513 5573 ψυχικῆς
544 5503 794 5574 ἁγνείας·
826 5506 1050 5575 ἁγνείαν
1084 5505 1143 5560 δὲ
1185 5504 1328 5575 λέγω
1366 5505 1426 5559 οὐ
1467 5505 1530 5558 τὸ
1565 5507 1807 5577 πονηρᾶς
1855 5505 1945 5560 καὶ

276 5581 509 5652 αἰσχρᾶς
537 5582 830 5654 ἐπιθυμίας
863 5585 1207 5658 ἀπηλλάχθαι
1243 5585 1402 5657 μόνον
1426 5585 1521 5641 καὶ
1552 5584 1942 5655 καλλωπισμά-

338 5668 366 5738 f
388 5669 511 5738 Reg.
537 5670 679 5734 μόνον
697 5679 783 5733 τῆς
802 5674 948 5733 αὐτῆς
971 5673 1248 5738 οἰκονομεῖν.

338 5731 366 5770 1)
388 5731 511 5796 mg.
540 5731 820 5796 γαμηθεῖσα.

337 5796 362 5862 ῗ
385 5794 511 5862 Βεε-
541 5794 873 5862 ἐνδειξάμενος.

298 5852 505 5970 adem-ﬁ.
530 5852 759 5930 πολιτεία,
781 5852 1104 5918 ούπανταγοῦ
1128 5860 1491 5925 περιιλκομένης
1533 5857 1611 5907 διὰ
1642 5859 1696 5907 τὸ
1735 5852 1929 5918 εὐπρόσ-

273 5939 291 5968 ι
327 5937 351 5983 ρ
381 5937 423 5972 ν.

1046 306 1105 361 S.
1139 302 1423 361 JOANNIS
1459 296 1942 357 CHRYSOSTOMI
1976 298 2293 354 AHCHIEP.
2331 298 2878 357 CONSTANTINOP.

3579 292 3691 347 590

2016 444 2125 480 των
2154 428 2249 482 καὶ
2288 429 2634 501 περιεργίας,
2663 428 2798 483 ἀλλά
2825 426 2920 483 καὶ
2950 424 3230 499 φροντίδος
3263 417 3404 479 εἶναι
3434 421 3685 494 καθαρὰν

2020 508 2315 582 βιωτικῆς·
2350 511 2417 567 ἀν
2455 513 2511 566 δέ
2557 512 2633 585 μὴ
2672 512 2833 567 τοῦτο
2872 508 2930 586 ᾗ,
2955 511 3012 565 τί
3036 509 3100 564 τὸ
3134 507 3326 578 ὄφελος
3366 504 3692 578 σωματικῆς

2020 595 2425 668 καθαρότητος;
2471 598 2685 669 Ὥσπερ
2725 596 2837 667 γάρ
2887 592 3218 668 στρατιώτου
3265 591 3419 646 οὐδὲν
3464 588 3693 660 αἰσχρό-

2015 696 2172 750 τερον
2201 681 2396 750 γένοιτ’
2424 680 2491 734 ἂν
2521 681 2591 736 τά
2615 680 2756 735 ὅπλα
2784 678 3038 751 ῥίψαντος
3070 677 3166 732 καὶ
3203 674 3521 747 καπηλείοις
3564 689 3694 744 σχο-

2017 762 2293 832 λάζοντος,
2340 764 2514 829 οὓτως
2554 764 2677 818 ούδέ
2717 762 3004 832 παρθένων
3045 760 3519 832 ἀσχημονέστερον
3564 757 3696 826 βιω-

2016 851 2199 912 τικαῖς
2226 849 2588 921 ἐνδεδεμένων
2616 848 2884 920 φροντίσι.
2916 847 3027 900 Καὶ
3060 845 3171 915 γὰρ
3204 845 3260 897 αἰ
3297 842 3459 897 πέντε
3482 843 3696 896 ἐκεῖναι

2018 932 2116 985 καὶ
2145 930 2435 1003 λαμπάδας
2473 927 2618 1002 εἶχον
2661 930 2755 984 καὶ
2804 927 3102 1000 παρθενίαν
3144 926 3416 998 ήσκησαν,
3455 922 3572 977 ἀλλ’
3601 923 3697 977 οὐ-

2017 1012 2168 1077 δενὺς
2198 1013 2404 1068 τούτων
2445 1012 2752 1078 ἀπώναντο,
2776 1011 2915 1067 ἀλλά
2942 1009 3051 1065 τῶν
3081 1007 3264 1081 θυρῶν
3309 1004 3695 1062 ἀποκλεισθει-

2023 1098 2132 1153 σῶν
2159 1099 2350 1169 έμενον
2379 1099 2485 1164 ἐξω
2522 1101 2616 1153 καὶ
2652 1095 2966 1152 ἀπώλλυντο
2991 1105 3040 1149 ο.
3071 1094 3183 1148 Καὶ
3210 1092 3322 1164 γὰρ
3354 1093 3389 1162 ἡ
3418 1088 3692 1162 παρθενία

2020 1181 2109 1236 διά
2132 1181 2289 1236 τοῦτο
2312 1182 2496 1247 καλὸν,
2517 1183 2597 1235 ὅτι
2627 1182 2807 1235 πᾶσαν
2837 1179 3096 1233 ἐκκόπτει
3120 1174 3399 1247 φροντίδος
3438 1172 3699 1226 ὑπόθεσιν

2023 1265 2305 1336 περιττῆς,
2332 1265 2427 1319 κα)⁸
2456 1267 2636 1319 πᾶσαν
2663 1263 2859 1335 σχολὴν
2891 1263 3005 1326 τοῖς
3027 1259 3170 1314 κατά
3204 1257 3337 1312 Θεὸν
3370 1256 3697 1327 ἀνατίθησιν

2023 1347 2237 1418 ἔργοις·
2285 1346 2362 1412 ὡς
2404 1347 2469 1403 ἂν
2509 1347 2585 1420 μὴ
2621 1346 2779 1402 τοῦτο
2815 1346 2959 1418 ἔχοι,
2999 1343 3136 1398 πολὺ
3171 1340 3267 1396 τοῦ
3308 1340 3491 1412 γάμου
3533 1337 3701 1393 πάλιν

2026 1436 2262 1491 ἐλάττων
2291 1436 2520 1506 γίνεται,
2547 1435 2788 1499 ἀκάνθας
2816 1435 2874 1488 ἐν
2901 1435 2967 1505 τῇ
3001 1431 3147 1503 ψυχῇ
3177 1427 3553 1501 περιφέρουσα
3600 1423 3702 1480 καὶ

2024 1522 2116 1577 τὸν
2142 1518 2384 1594 καθαρὸν
2414 1520 2509 1574 καὶ
2536 1520 2799 1592 οὐράνιον·
2811 1517 3192 1588 συμπνίγουσα
3223 1512 3447 1583 σπόρον.

2096 1609 2222 1663 OH'.
2248 1591 2320 1664 El
2336 1605 2406 1661 δέ
2422 1623 2513 1672 τις
2530 1591 2923 1673 ἀσχημονεῖν,
2941 1618 3016 1671 φη
3024 1600 3128 1664 σὶν,
3146 1597 3245 1651 ἐπὶ
3267 1595 3384 1664 τὴν
3398 1591 3705 1663 παρθένον

2026 1691 2213 1747 αὑτοῦ
2247 1689 2488 1760 νομίζει,
2514 1687 2624 1742 ἐὰν
2713 1676 3078 1753 ὑπέρακμος,
3111 1678 3212 1735 καί
3249 1676 3439 1743 οὕτως
3469 1676 3703 1760 ὀφείλει

2026 1757 2380 1845 τίνεσθαιξὸ
2417 1770 2576 1827 θέλει
2618 1769 2877 1832 ποιείτω,
2934 1768 3048 1835 οὐχ
3100 1760 3444 1833 ἁμαρτάνει,
3471 1757 3703 1845 γαμεί-

2026 1842 2248 1915 τωσαν.
2282 1858 2349 1910 Τί
2385 1856 2584 1925 λέγεις,
2614 1856 2676 1907 Ὃ
2710 1852 2870 1907 θέλει
2916 1849 3188 1904 ποιείτω·
3223 1845 3320 1900 καὶ
3352 1845 3414 1898 οὐ
3463 1842 3701 1914 διορθοῖς

2025 1924 2508 2012 τῆν’ἐσφαλμένην
2539 1936 2785 2007 γνώμην,
2825 1933 2939 1988 ἀλλ’
2978 1930 3300 2003 ἐπιτρέπεις
3337 1929 3567 2012 γαμεῑνξ
3593 1924 3705 2012 ῥιά

2025 2009 2091 2078 τί
2108 2026 2218 2097 γὰρ
2241 2009 2350 2077 *οὐκ
2382 2009 2562 2086 εἶπες·
2605 2021 2668 2074 Εἰ
2705 2019 2763 2072 δέ
2806 2018 3139 2088 ἀσχημονεῖν
3169 2014 3263 2069 ἐπὶ
3295 2012 3394 2082 τὴν
3432 2009 3704 2097 παρθένον

2028 2094 2199 2161 αὐτοῦ
2232 2106 2465 2176 νομίζει,
2511 2103 2694 2167 ἄθλιός
2728 2105 2845 2156 ἐστι
2895 2100 2992 2154 καὶ
3036 2097 3419 2169 ταλαίπωρος,
3465 2094 3704 2165 πρᾶγμα

2027 2191 2171 2245 οὓτω
2195 2188 2506 2261 θαυμαστὸν
2532 2185 2891 2241 ἐπονείδιστον
2923 2180 3061 2238 εἶναι
3097 2182 3365 2253 νομίζων;
3398 2179 3487 2235 διὰ
3522 2178 3575 2233 τί
3623 2178 3705 2250 μὴ

2031 2272 2459 2334 συνεϐούλευσας
2504 2269 2707 2340 ταύτης
2737 2266 3121 2336 ἀπαλλαγέντα
3163 2265 3265 2336 τῆς
3311 2264 3568 2335 ὑποψίας,
3596 2263 3708 2317 ἀπ-

2028 2360 2255 2427 αγαγεῖν
2274 2356 2369 2410 τοῦ
2395 2355 2574 2426 γάμου
2600 2351 2889 2425 τὴν,αύτοῦ
2912 2349 3217 2422 θυγατέρα;
3238 2349 3383 2413 Ὅτι,
3411 2348 3564 2419 φησὶ,
3593 2347 3707 2401 τῶν

2031 2438 2237 2510 σφόδρα
2259 2436 2502 2493 ἀσθενῶν
2528 2436 2623 2490 καὶ
2651 2435 2823 2506 χαμαὶ
2850 2433 3167 2506 συρομένων
3189 2428 3330 2503 ἦσαν
3366 2429 3706 2485 αἱτοιαῦται

2027 2523 2225 2595 ψυχαί·
2262 2521 2362 2587 τὰς
2389 2521 2446 2575 δὲ
2481 2519 2622 2575 οὕτω
2659 2518 3008 2590 διακειμένας
3038 2515 3191 2589 [550]
3218 2517 3318 2569 οὐκ
3343 2515 3473 2584 ἐνῆν
3507 2514 3708 2587 ἀθρόον

2030 2610 2258 2678 ἀγαγεῖν
2290 2608 2384 2661 ἐπὶ
2419 2605 2547 2669 τοὺς
2585 2604 2726 2677 ὑπὲρ
2767 2602 2869 2674 τῆς
2906 2598 3203 2672 παρθενίας
3245 2598 3457 2667 λόγους.
3498 2598 3557 2650 Ὁ
3592 2597 3708 2667 γάρ

2030 2691 2173 2747 οὕτω
2199 2689 2338 2764 πρὸς
2364 2688 2447 2743 τὰ.
2476 2688 2572 2743 τοῦ
2622 2688 2829 2757 κόσμου
2864 2684 3170 2757 πράγματα
3215 2679 3579 2764 ἐπτοημένος,
3605 2678 3707 2764 καὶ

2031 2776 2122 2831 τὸν
2153 2762 2399 2847 παρόντα
2439 2772 2553 2844 βίον
2585 2769 2905 2841 θαυμάζων,
2931 2769 3008 2833 ὡς
3058 2768 3153 2847 καὶ
3188 2765 3326 2838 μετά
3360 2763 3461 2835 τὴν
3507 2762 3709 2847 τοσαύ-

2030 2876 2132 2928 την
2181 2845 2502 2929 παραίνεσιν
2545 2854 2806 2926 αἰσχύνης
2849 2852 2999 2917 ἀξιον
3033 2845 3175 2904 εἶναι
3223 2847 3487 2920 νομίζειν,
3531 2845 3560 2898 ὃ
3592 2846 3710 2900 τῶν

2031 2941 2276 3014 οὐρανῶν
2325 2939 2474 3005 ἄξιόν
2512 2940 2629 2992 ἐστι
2671 2938 2766 2992 καὶ
2808 2937 2907 3008 τῆς
2944 2932 3247 3005 ἀγγελικῆς
3300 2930 3706 3014 πολιτείαςᾉέγ-

2032 3012 2156 3094 γύνς,
2184 3023 2303 3089 πῶς
2337 3023 2403 3078 ἂν
2432 3021 2694 3094 ἠνέσχετο
2734 3018 3044 3092 συμϐουλῆς
3081 3018 3163 3081 εἰς
3203 3015 3363 3070 τοῦτο
3401 3012 3707 3085 ἐναγούσης

2035 3108 2234 3175 αὐτόν;
2278 3107 2391 3162 Καὶ
2428 3105 2481 3160 τί
2518 3104 2853 3176 θαυμαστὸν,
2896 3105 2947 3157 εἰ
2986 3101 3081 3155 ἐπὶ
3126 3101 3454 3172 πράγματος
3508 3114 3711 3166 συγκε-

2035 3189 2360 3264 χωρημένου
2396 3186 2555 3242 τοῦτο
2581 3190 2610 3242 ὁ
2657 3186 2867 3251 Παῦλος
2900 3183 3175 3254 ἐποίησεν,
3215 3182 3348 3236 ὅπου
3379 3197 3443 3249 γε
3483 3180 3575 3234 ἐπὶ
3609 3197 3705 3264 κε-

2035 3258 2352 3345 κωλυμένου
2395 3272 2489 3325 καὶ
2531 3269 2848 3343 παρανόμου
2876 3267 2938 3321 τὸ
2982 3266 3117 3321 αὐτὸ
3146 3264 3309 3320 πάλιν
3359 3265 3538 3328 ποιεῖς
3581 3258 3712 3316 Οἷόν

2035 3378 2089 3415 τι
2131 3358 2303 3428 λέγω·
2337 3358 2400 3410 τὸ
2446 3355 2547 3427 τῆς
2586 3353 2697 3408 τῶν
2747 3352 3053 3425 βρωμάτων
3106 3348 3547 3421 παρατηρήσεως
3588 3346 3714 3417 ἐχε-

2039 3442 2193 3506 σθαι,
2232 3440 2329 3495 καὶ
2376 3437 2536 3494 τοῦτο
2581 3437 2680 3508 μέν
2728 3436 3024 3506 ἐγκρίνειν,
3072 3435 3249 3487 ἐκεῖνο
3289 3431 3348 3486 δὲ
3399 3429 3710 3497 ἐκϐάλλειν,

2047 3524 2346 3595 Ἰουδαϊκῆς
2395 3521 2680 3584 ἀσθενείας
2730 3515 2826 3591 ἦν·
2865 3518 2979 3573 ἀλλ’
3009 3518 3158 3589 ὅμως
3203 3510 3344 3587 ἦσαν
3376 3514 3530 3586 παρὰ
3571 3514 3713 3567 Ῥω-

2041 3612 2223 3683 μαίοις
2267 3612 2316 3664 οἰ
2344 3609 2550 3679 ταύτην
2583 3608 2799 3678 ἔχοντες
2844 3604 2944 3675 τὴν
2977 3602 3259 3658 ἀσθένειαν
3280 3617 3293 3630 ’
3321 3600 3416 3654 καὶ
3443 3599 3504 3683 οὐ
3529 3598 3713 3683 *μόνον

2036 3679 2215 3749 αὐτῶν
2260 3694 2323 3747 οὐ
2375 3691 2723 3762 κατηγόρησε
2775 3687 2916 3759 μετὰ
2968 3685 3365 3757 σφοδρότητος,
3416 3679 3555 3737 άλλά
3612 3680 3712 3734 καὶ

2037 3779 2227 3852 ’ἐτερόν
2265 3795 2320 3831 τι
2349 3776 2511 3829 πλέον
2556 3773 2746 3827 τούτου
2782 3772 2945 3824 ποιεῖ.
2982 3769 3125 3832 Τοὺς
3153 3768 3263 3838 γὰρ
3292 3764 3713 3852 ἁμαρτάνοντας

2038 3847 2200 3933 ἀφεὶς
2232 3863 2345 3924 τοῖς
2366 3856 2702 3929 ἐπιχειροῦσι
2736 3854 2966 3909 κωλύειν
2992 3853 3187 3915 αὐτοὺς
3221 3849 3472 3933 ἐπιτιμᾷ,
3499 3847 3706 3916 λέγων·

2039 3930 2124 4001 Σὺ
2167 3942 2238 3998 δὲ
2277 3942 2336 3997 τί
2365 3942 2589 4011 κρίνεις
2642 3936 2752 3992 τὸν
2780 3935 3048 4004 ἀδελφόν
3080 3949 3197 3987 σου
3209 3948 3228 3997 ;
3272 3931 3412 3984 Ἀλλ’
3461 3930 3581 4000 οὐχ,
3621 3930 3714 3983 ὅτε

2039 4023 2441 4082 Κολοσσαεῦσιν
2490 4019 2808 4083 ἐπέστειλε,
2852 4017 3012 4071 τοῦτο
3059 4015 3337 4086 ἐποίησεν,
3382 4011 3519 4066 ἀλλὰ
3573 4013 3713 4082 μετά

2042 4106 2246 4178 πολλῆς
2273 4103 2525 4170 ἐξουσίας
2551 4102 2647 4155 καὶ
2677 4099 3019 4178 καθάπτεται
3049 4093 3248 4178 αὐτῶν,
3281 4093 3377 4178 καὶ
3408 4091 3711 4178 φιλοσοφεῖ,

2040 4170 2244 4254 λέγων·
2286 4182 2382 4252 Μὴ
2418 4182 2531 4237 οὗν
2578 4197 2669 4247 τις
2708 4177 2867 4248 ὑμᾶς
2908 4172 3155 4244 κρινέτω
3194 4172 3267 4226 ἐν
3306 4170 3611 4254 ,βρώσειιῆ

2041 4249 2250 4320 πόσει·
2283 4249 2380 4317 καῖ
2410 4261 2572 4315 πάλιν
2592 4277 2605 4290 ·
2636 4261 2707 4313 El
2732 4255 3060 4312 ἀπεθάνετε
3088 4255 3157 4307 ἐν
3183 4250 3419 4320 Χριστῷ
3449 4249 3712 4305 ἀπὸτὼν

2041 4343 2358 4412 στοιχείων
2385 4342 2492 4396 τοῦ
2526 4335 2865 4413 κόσμου,,τί
2907 4336 2989 4401 ὡς
3030 4331 3242 4413 ζῶντες
3268 4330 3586 4413 ἐν’-κόσμῳ
3611 4329 3711 4413 δοῖ

2041 4409 2423 4496 τματίζεσθες
2459 4418 2556 4488 Μὴ
2601 4417 2760 4487 ἅψῃ,
2786 4409 2958 4496 ’μηδέ
3002 4412 3233 4496 γεύσῃη
3250 4409 3644 4496 μηδὲ-θίγῃς,
3675 4409 3711 4464 ά

2040 4489 2173 4560 ἐστι
2219 4503 2419 4558 πάντα
2471 4502 2559 4568 εἰς
2612 4497 2841 4568 φθορὰν
2882 4492 2958 4562 τῇ
3000 4489 3358 4568 ἀποχρήσει.
3403 4489 3470 4542 Τί
3514 4490 3716 4562 δήποτε

2042 4581 2135 4640 οῦν
2163 4584 2320 4639 τοῦτο
2369 4567 2549 4647 ποιεῖς
2583 4567 2707 4632 Ὅτι
2752 4576 2952 4629 ἐκεῖνοι
2994 4573 3091 4642 μὲν
3122 4567 3264 4641 ἦσαν
3306 4570 3536 4641 ἰσχυροὶ,
3577 4570 3707 4622 Ῥω-

2048 4669 2196 4739 μαῖοι
2241 4665 2300 4718 δὲ
2342 4662 2544 4732 πολλῆς
2588 4659 2668 4712 ἐτι
2691 4657 2835 4739 Δ’τῆςΔ
2861 4652 3328 4739 συγκαταϐάσεως.
3352 4650 3711 4739 ἐδέοντο.-καὶ

2043 4728 2333 4818 περιέμενε
2363 4728 2627 4814 πρότερον
2652 4736 2751 4810 τὴν
2775 4735 2957 4789 πίστιν
2983 4736 3042 4787 ἐν
3068 4734 3186 4794 ταῖς
3214 4729 3439 4784 ἐκείνων
3468 4728 3714 4798 παγῆναι

2042 4809 2270 4897 ψυχαῖς,
2317 4809 2571 4885 δεδοικὼς
2609 4818 2683 4891 μὴ
2712 4809 2825 4888 πρὸ
2874 4811 3083 4897 καιροῦΔ
3108 4811 3210 4897 τοῦ
3260 4810 3470 4897 δέοντος
3492 4809 3713 4897 ..θᾶττον

2043 4886 2153 4958 ini.
2181 4886 2266 4958 τδ
2293 4903 2365 4957 τά
2415 4886 2633 4967 ζιζάνια
2671 4886 2996 4952 ⁷ἀνασπάσαι
3041 4892 3231 4953 ἐλθὼν,
3280 4886 3555 4961 πρόρριζα
3602 4890 3707 4959 μετ’

2043 4984 2224 5040 αὐτῶν
2276 4980 2669 5053 συνανασπάσῃ
2726 4977 2820 5031 καὶ
2868 4974 2937 5028 τὰ
2975 4974 3076 5044 τῆς
3128 4969 3315 5040 ὑγιοῦς
3366 4962 3729 5029 διδασκαλίας

2045 5063 2209 5135 φυτά.
2247 5061 2347 5115 Διά
2376 5061 2533 5115 τοῦτο
2561 5047 2684 5113 οὔτε
2717 5056 3054 5111 καθικνεῖται
3085 5050 3263 5105 αὐτῶν
3297 5047 3563 5119 σφοδρῶς,
3590 5047 3715 5135 οὔτε

2044 5122 2468 5213 ἀνεπιτιμήτους
2510 5138 2757 5210 ἀφίησιν,
2801 5134 2937 5189 ἀλλά
2982 5133 3327 5213 καθάπτεται
3356 5128 3476 5213 μὲν,
3518 5122 3717 5213 ἀνυπό-

2047 5242 2194 5288 πτως
2222 5208 2282 5277 δέ
2315 5208 2408 5277 καὶ
2435 5208 2826 5283 λανθανόντως,
2862 5216 2957 5272 καὶ
2989 5217 3047 5268 ἐν
3079 5216 3144 5285 τῇ
3176 5212 3283 5266 τῶν
3312 5210 3514 5281 ἐτέρων
3543 5208 3718 5261 ἐπιτι-

2050 5287 2234 5377 μήσει.
2266 5301 2359 5373 Τῷ
2401 5301 2511 5372 γάρ
2548 5300 2749 5368 λέγειν,
2782 5297 2866 5363 Τῷ
2910 5295 3036 5377 ἰδίῳ
3072 5293 3261 5377 πυρίιιι
3294 5288 3516 5377 στήκει.
3555 5287 3717 5377 11x!-

2046 5365 2200 5446 πέει,
2229 5365 2377 5436 δοκεῖ
2535 5365 2907 5449 ἐπιστομίζειν
2940 5375 3031 5427 τὸν
3069 5370 3469 5442 ἐπιπλήττοντα
3499 5365 3718 5436 ἐκείνῳ,

2045 5465 2106 5519 τὸ
2137 5464 2194 5518 δέ
2231 5447 2429 5535 ἀληθὲς
2472 5460 2572 5530 τὴν
2616 5447 2806 5512 τούτου
2840 5452 3264 5535 δάκνειγψυχῂν,
3307 5448 3585 5535 ἐμφαίνων
3635 5447 3718 5500 ὅτι

2044 5545 2106 5598 τὺ
2134 5544 2202 5598 τά
2232 5527 2457 5596 τοιαῦτα
2498 5527 2772 5610 αἱρεῖσθαι
2801 5540 2862 5589 οὐ
2893 5535 3005 5588 τῶν
3038 5533 3272 5605 βεϐαίων
3300 5530 3422 5583 οὐδέ
3461 5527 3574 5581 τῶν
3615 5543 3718 5578 πα-

2045 5625 2179 5694 γίως
2225 5622 2475 5677 ἑστώτων
2519 5605 2688 5682 ἐστὶν,
2728 5617 2865 5671 ἀλλά
2902 5617 3010 5668 τῶν
3042 5615 3124 5694 ἔτι
3172 5608 3580 5694 σαλευρμένων,

2044 5707 2093 5759 εἰ
2141 5704 2215 5775 μὴ
2263 5704 2446 5756 σταῖεν
2477 5702 2571 5755 καὶ
2616 5700 2803 5752 πεσεῖν
2836 5692 3277 5751 κινδυνευόντων.
3326 5688 3430 5741 Τὸν
3461 5685 3624 5775 αὐτὸν
3651 5682 3718 5753 δὴ

2046 5762 2321 5841 κάντάῦθα
2360 5782 2618 5852 φυλάττει
2675 5779 2861 5850 νόμον,
2905 5775 2990 5829 διὰ
3044 5772 3135 5845 τήν
3177 5766 3378 5838 πολλὴν
3427 5762 3710 5818 ἀσθένξιαν

2110 5921 2133 5950 e
2159 5909 2276 5965 nec.
2309 5906 2578 5956 ἀπώλοντο.
