4016 6154
346 227 450 283 589

347 353 417 392 an
435 335 777 407 reliquaian
796 337 1016 410 ecquis,
1042 339 1365 403 textoribus,
1387 347 1587 396 caetero
1608 339 1836 395 servitio
1855 338 1934 393 in—

338 438 449 485 stat
467 430 492 482 ’ἒ
523 429 750 486 Minime
765 432 1008 502 gentium
1030 449 1046 500 ;
1069 435 1202 502 quin
1222 431 1358 486 nihil
1383 432 1579 488 horum
1596 432 1682 488 vel
1703 431 1927 503 cogitat,

334 523 434 578 sed
457 538 628 577 unum
657 521 713 577 id
737 522 973 588 laborat,
1007 531 1066 578 ut
1097 525 1335 578 animam
1368 539 1527 579 suam
1551 531 1763 579 tantum
1795 523 1929 578 tedi-

336 612 485 677 tieet,
510 621 565 668 et
602 614 865 684 templum
895 614 1030 670 illud
1063 621 1313 671 sanctum
1364 617 1440 685 (l.
1470 614 1594 672 Cor.
1618 615 1791 686 5.17)
1819 621 1930 670 nOn

331 703 759 771 cincinnis,‘aut
788 719 944 769 auro,
964 712 1059 760 aut
1092 707 1548 776 margaritis,non
1580 705 1806 771 intritis,
1841 721 1938 768 am

333 795 656 865 pigmentis,
676 810 787 849 non
801 795 854 850 id
870 811 1042 867 genus
1064 797 1329 853 molestiis
1348 805 1402 852 et
1421 798 1679 854 aerumnis
1696 798 1771 868 (l.
1790 795 1928 852 Tim.

335 885 394 942 2.
423 885 490 956 9)
516 886 616 942 sed
637 888 805 942 animi
823 899 988 959 atque
1005 874 1254 959 corporis
1279 891 1645 946 sanctimonia
1675 897 1927 947 exornet.

339 981 414 1034 At.
436 978 638 1050 Nupta,
654 980 844 1050 inquit,
867 988 1009 1033 curat
1030 989 1087 1033 ut
1109 980 1216 1034 viro
1243 980 1460 1049 placeat.
1487 981 1562 1052 (1.
1583 977 1702 1034 Cor.
1725 980 1778 1034 7.
1803 980 1931 1049 51).

340 1072 648 1127 Admodum
673 1073 946 1142 sapienter
969 1071 1034 1126 ad
1066 1072 1300 1142 ipsarum
1342 1088 1522 1128 rerum
1565 1088 1788 1128 examen
1825 1087 1932 1127 non

339 1164 642 1232 descendit,
669 1179 844 1234 neque
868 1179 930 1218 ea
955 1165 1412 1231 commemoravit,
1441 1180 1560 1234 quae
1583 1172 1644 1219 ut
1669 1164 1798 1218 viris
1823 1163 1936 1234 pla-

338 1265 500 1312 ceant
526 1265 580 1311 et
603 1271 832 1326 corpore
853 1263 911 1312 et
933 1256 1110 1324 animo
1136 1256 1424 1324 patiuntur,
1450 1254 1578 1310 illud
1601 1263 1930 1325 torquentes,

339 1347 666 1414 oblinentes,
679 1357 838 1418 atque
852 1347 971 1402 aliis
988 1347 1140 1402 malis
1160 1347 1497 1414 mulctantes,
1513 1348 1654 1403 hunc
1669 1347 1938 1402 illiberali-

339 1437 1168 1505 tate,adulatione,simulatione,
1185 1437 1474 1502 simultate,
1490 1438 1683 1507 ineptis
1699 1445 1754 1493 et
1769 1437 1933 1492 inuti-

338 1529 482 1585 libus
504 1530 648 1586 curis
674 1531 992 1600 implentes;
1021 1531 1117 1586 sed
1143 1545 1250 1585 uno
1268 1530 1437 1586 verbo
1457 1530 1574 1586 haec
1598 1531 1776 1586 omnia
1799 1529 1932 1585 sub-

339 1620 585 1677 indieans
614 1622 958 1691 recogitanda
983 1622 1283 1677 auditorum
1308 1623 1648 1678 conscientia:
1679 1622 1932 1693 reliquit;

337 1721 503 1782 atque
518 1711 920 1782 itavirginitatis
944 1712 1303 1782 praestantiam
1324 1712 1620 1777 declarans,
1639 1712 1706 1767 ad
1722 1713 1936 1768 caelum-

340 1816 448 1872 que
461 1817 578 1858 eam
593 1803 810 1869 tollens,
827 1818 1037 1858 rursum
1061 1817 1362 1859 sermonem
1384 1804 1450 1859 ad
1467 1805 1789 1859 matrimonii
1808 1819 1934 1874 per-

339 1896 655 1951 missionem
677 1895 914 1962 confert;
945 1895 1141 1966 ubique
1170 1897 1451 1962 sollicitus,
1475 1912 1542 1950 ne
1565 1896 1618 1951 id
1648 1896 1930 1966 quisquam

339 1994 667 2056 prmeeptum
692 2001 814 2042 esse
852 1985 1217 2042 arbitraretur.
1247 1987 1606 2055 Quamobrem
1643 2001 1744 2042 nec
1771 2001 1934 2056 supe-

340 2077 576 2134 rioribus
598 2076 1058 2132 cohortationibus
1081 2087 1384 2146 contentus,
1413 2093 1534 2132 cum
1559 2078 1802 2145 dixisset,
1824 2076 1936 2132 Do-

339 2170 473 2224 mini
492 2178 795 2241 praeceptum
811 2185 913 2224 non
931 2170 1121 2233 habeo;
1142 2178 1214 2234 et,
1240 2170 1301 2225 Si
1321 2171 1490 2240 nupsit
1511 2171 1672 2240 virgo,
1695 2187 1797 2225 non
1818 2186 1936 2240 pec-

341 2262 476 2315 cavit
502 2262 731 2316 :iterum
759 2261 846 2316 hic
880 2262 986 2326 ait,
1017 2260 1142 2315 Non
1180 2270 1236 2316 ut
1273 2262 1507 2331 laqueum
1541 2262 1679 2317 vobis
1705 2261 1936 2330 iniiciam

343 2350 520 2421 (Ibid.
544 2367 593 2406 υ.
613 2352 704 2407 25.
725 2353 816 2408 es.
849 2353 916 2407 ss
936 2352 976 2422 ).

415 2442 650 2497 LXXVI.
710 2441 836 2498 Non
871 2443 1244 2513 uirginitatem,
1292 2442 1382 2497 sed
1427 2450 1652 2496 nostram
1700 2442 1936 2497 inertiam

341 2549 454 2587 esse
489 2533 744 2602 laqueum.
767 2564 840 2574 —
865 2532 924 2588 In
954 2547 1062 2604 quo
1101 2534 1294 2588 merito
1323 2532 1424 2588 hoc
1449 2533 1602 2587 alicui
1629 2533 1936 2602 scrupulum

342 2635 579 2691 moveat,
606 2641 712 2697 quo
734 2635 888 2697 pacto
913 2627 1002 2697 qui
1028 2640 1143 2681 rem
1169 2641 1330 2695 supra
1359 2625 1690 2680 vinculorum
1716 2625 1938 2681 solutio-

323 2728 469 2772 ‘nem
494 2726 686 2783 vocet,
717 2726 772 2772 et
800 2717 867 2772 ad
905 2717 1188 2772 utilitatem
1230 2727 1468 2773 nostram
1509 2731 1626 2771 eam
1656 2716 1938 2772 consulere

343 2807 504 2874 dicat,
537 2823 606 2863 ne
633 2809 880 2862 miserias
903 2807 1214 2873 habeamus,
1243 2815 1301 2862 ut
1325 2807 1443 2862 sine
1473 2807 1830 2862 sollicitudine
1857 2806 1937 2862 si-

345 2913 467 2954 mus
485 2941 501 2966 ,
532 2909 587 2954 et
613 2900 757 2970 quod
785 2899 940 2954 nobis
966 2909 1245 2969 parceret,
1274 2908 1434 2969 atque
1462 2899 1528 2954 iis
1553 2901 1798 2955 omnibus
1823 2901 1938 2969 ejus

345 2992 611 3047 levitatem
647 3006 710 3047 ac
735 2991 1042 3046 facilitatem
1074 2998 1255 3058 notet,
1287 2991 1376 3045 hic
1408 2990 1585 3058 dicat,
1619 2990 1742 3046 Non
1772 3000 1828 3045 ut
1857 2992 1939 3046 la-

345 3100 529 3153 queum
541 3083 678 3138 vobis
695 3084 919 3154 injiciam
937 3083 955 3152 (
970 3082 997 3136 1
1005 3081 1108 3138 bid.
1136 3099 1184 3138 υ.
1208 3084 1276 3140 55
1292 3082 1348 3155 )?
1369 3083 1502 3150 Quid
1516 3085 1677 3154 igitur
1687 3085 1805 3139 est?
1820 3084 1938 3142 Non

350 3176 703 3245 virginitatem
731 3191 746 3228 :
778 3190 945 3245 apage
976 3192 989 3228 :
1021 3175 1115 3230 sed
1143 3175 1193 3230 vi
1219 3183 1274 3230 et
1302 3177 1573 3231 coactione
1603 3176 1799 3230 bonum
1831 3176 1934 3233 hoc

345 3266 628 3335 amplecti,
671 3265 725 3320 id
769 3265 1016 3334 laqueum
1042 3275 1216 3320 vocat.
1258 3265 1392 3319 Nam
1430 3266 1500 3320 ita
1530 3281 1590 3321 se
1618 3281 1704 3322 res
1733 3266 1893 3322 habet
1920 3285 1934 3322 :

346 3355 602 3426 quidquid
626 3355 935 3425 compulsus
971 3365 1026 3410 et
1064 3355 1257 3410 invitus
1281 3355 1540 3425 suscipias
1558 3396 1573 3422 ,
1600 3358 1938 3427 quantumvis

347 3449 466 3504 leve
477 3449 566 3514 sit,
585 3446 950 3503 difficillimum
968 3447 1228 3511 redditur,
1247 3448 1394 3502 etvel
1415 3458 1556 3503 reste
1567 3447 1779 3518 gravius
1795 3463 1939 3503 men-

349 3549 456 3596 tem
477 3539 788 3610 strangulat.
818 3537 941 3592 Ideo
965 3538 1056 3604 ait,
1076 3537 1194 3590 Non
1209 3548 1262 3591 ut
1285 3537 1515 3608 laqueum
1537 3537 1674 3592 vobis
1691 3538 1937 3608 injiciam.

348 3629 406 3684 ld
432 3641 547 3696 est,
577 3630 893 3700 virginitatis
922 3629 1060 3684 bona
1089 3629 1266 3684 omnia
1309 3628 1560 3698 pronosui
1592 3638 1646 3684 et
1671 3629 1934 3698 explicui,

346 3732 507 3792 atque
544 3722 758 3776 interim
797 3729 918 3790 post
955 3720 1070 3774 hare
1111 3720 1290 3775 omnia
1329 3721 1601 3790 optionem
1628 3720 1779 3777 vobis
1820 3737 1938 3791 per-

345 3813 524 3878 mitto,
548 3827 654 3868 non
680 3813 874 3868 invitos
899 3812 966 3867 ad
991 3812 1239 3867 virtutem
1265 3812 1447 3879 traho;
1475 3827 1650 3883 neque
1675 3813 1818 3868 enim
1841 3827 1938 3868 vos

346 3908 607 3964 afﬂictare
633 3908 821 3963 volens
857 3907 973 3964 haec
1010 3908 1290 3977 consului,
1325 3909 1418 3965 sed
1448 3925 1518 3965 ne
1544 3909 1765 3966 honesta
1799 3911 1938 3966 assi-

347 3999 522 4054 duitas
561 3999 806 4054 humanis
833 4000 992 4055 rebus
1034 3999 1326 4070 frangatur.
1355 4000 1558 4056 Videtis
1596 4011 1776 4056 autem
1806 4002 1938 4057 mihi

347 4100 406 4147 et
432 4090 520 4147 hic
561 4091 710 4146 Pauli
740 4090 1107 4161 prudentiam,
1134 4101 1193 4147 ut
1232 4093 1694 4162 deprecationibus
1726 4108 1936 4148 rursum

347 4180 774 4237 exhortationem
817 4181 1010 4248 addat,
1042 4197 1106 4236 ac
1145 4184 1458 4252 permittens
1499 4185 1760 4240 consulat.
1806 4185 1938 4241 Nam

347 4273 445 4344 qui
473 4273 632 4339 dicit,
667 4273 788 4328 Non
810 4290 933 4345 cogo
954 4315 971 4341 ,
1001 4275 1089 4328 sed
1116 4275 1325 4340 hortor;
1351 4291 1414 4329 ac
1447 4276 1687 4345 subjicitt,
1716 4277 1940 4347 Propter

349 4363 658 4420 honestatem
695 4374 742 4418 et
779 4365 1118 4419 assiduitatem
1157 4365 1332 4436 (Ibid.
1390 4383 1439 4421 υ.
1484 4367 1588 4440 55)
1628 4368 1940 4439 virginitatis

349 4455 815 4510 admirabilitatem
840 4466 997 4526 atque
1022 4456 1248 4512 fructum
1268 4499 1284 4524 ,
1310 4458 1398 4528 qui
1437 4474 1504 4513 ex
1523 4474 1586 4514 ea
1615 4460 1681 4514 ad
1706 4460 1936 4516 divinam

349 4546 512 4600 vitam
529 4557 729 4614 manat,
747 4548 996 4602 ostendit.
1020 4549 1204 4618 Neque
1222 4549 1362 4603 enim
1379 4557 1550 4616 potest
1563 4565 1680 4622 quae
1696 4551 1939 4609 humanis

352 4639 497 4692 curis
514 4639 834 4708 implicatur,
859 4647 912 4695 et
937 4638 1040 4694 huc
1064 4640 1190 4695 illuc
1207 4639 1540 4709 distrahitur,
1563 4643 1774 4698 assidua
1795 4658 1935 4710 esse,

349 4729 531 4786 studio
559 4731 705 4786 omni
731 4739 889 4800 atque
912 4732 1022 4786 otio
1045 4731 1100 4786 in
1129 4733 1290 4787 multa
1325 4732 1624 4802 distributo,
1655 4735 1708 4789 in
1739 4735 1935 4801 virum,

353 4837 418 4878 ac
443 4823 654 4878 familia:
687 4838 906 4891 curam,
936 4825 1144 4895 aliaque
1179 4834 1369 4882 cuncta
1397 4842 1515 4896 quas
1544 4829 1938 4885 matrimonium

350 4913 629 4968 attrahere
654 4913 812 4969 solet.

425 5003 686 5059 LXXVII.
722 5004 850 5071 Quae
875 5005 938 5059 de
960 5006 1168 5060 terrenis
1205 5007 1351 5062 rebus
1393 5007 1608 5063 sollicita
1633 5008 1733 5074 sit,
1774 5009 1930 5078 virgi-

350 5111 464 5150 nem
478 5111 578 5150 non
593 5095 936 5164 esse—Quid
955 5112 1098 5160 vero,
1113 5097 1300 5167 inquit,
1315 5098 1360 5153 si
1372 5107 1426 5153 et
1441 5099 1586 5169 virgo
1597 5098 1664 5153 de
1677 5099 1854 5155 multis
1873 5100 1940 5155 la-

348 5190 524 5258 boret,
538 5198 697 5260 atque
713 5189 940 5244 humana
961 5191 1144 5245 curet?
1163 5193 1369 5260 Apage:
1392 5193 1481 5262 qui
1497 5193 1756 5262 virginum
1773 5193 1938 5248 choro

348 5298 467 5338 eam
485 5283 768 5338 exemeris.
783 5282 1050 5349 Siquidem
1068 5283 1132 5338 ad
1154 5285 1407 5354 virginem
1426 5285 1775 5353 praestandam
1797 5284 1937 5340 haud

353 5375 484 5430 satis
523 5386 738 5430 estnon
784 5375 1066 5445 nupsisse,
1111 5375 1205 5431 sed
1246 5377 1408 5436 animi
1437 5392 1647 5448 quoque
1695 5378 1938 5433 castitate

348 5482 483 5538 opus
528 5477 650 5535 est;
696 5467 993 5522 castitatem
1029 5477 1203 5524 autem
1234 5469 1504 5539 intelligo,
1547 5485 1652 5524 non
1683 5469 1822 5525 foeda
1868 5485 1936 5526 ac

347 5556 611 5628 flagitiosa
642 5557 815 5612 solum
843 5557 1063 5612 libidine
1083 5597 1098 5622 ,
1127 5568 1345 5625 ornatu,
1377 5561 1684 5615 curiositate
1707 5576 1932 5625 vacare;

345 5647 444 5704 sed
481 5649 604 5704 vita:
634 5648 794 5704 etiam
821 5651 964 5704 curis
992 5647 1218 5705 solutam
1257 5664 1377 5707 esse
1406 5665 1468 5708 ac
1494 5650 1718 5708 liberam
1745 5669 1758 5708 :
1790 5651 1933 5722 quod

1729 228 1816 283 DE
1859 225 2312 286 VIRGINITATE.

3517 246 3622 302 590

2037 339 2091 392 ni
2117 338 2219 401 sit,
2246 352 2497 408 quorsum
2526 341 2764 412 corporis
2801 341 3138 401 castitatem?
3160 346 3292 404 Nam
3325 357 3385 405 ut
3409 352 3574 410 milite
3593 396 3612 421 ,

2035 429 2124 500 qui
2144 429 2364 500 abjectis
2387 431 2552 486 armis
2574 431 2627 488 in
2655 435 2864 504 p0pinis
2883 445 3193 506 occupetur,
3231 438 3363 495 nihil
3385 443 3614 512 turpius:

2035 520 2107 574 ita
2154 535 2253 576 nec
2295 520 2501 592 virgine
2532 521 2656 578 vitae
2696 525 2840 583 curis
2866 526 3122 583 obstricta
3146 529 3434 602 quidquam
3465 534 3619 590 inho-

2035 612 2258 666 nestius.
2301 613 2510 668 Etenim
2554 615 2788 687 quinque
2829 617 2938 673 illae
2963 627 3018 675 et
3064 620 3310 677 lucernas
3346 622 3617 682 habebant

2037 702 2057 768 (
2081 703 2269 759 Matth.
2297 705 2366 761 25
2391 705 2411 778 )
2437 748 2452 772 ,
2494 716 2552 762 et
2576 709 2933 778 virginitatem
2977 725 3356 772 exercuerant:
3388 734 3616 789 quorum

2035 795 2164 851 nihil
2185 797 2264 854 eis
2284 798 2498 868 profuit,
2526 800 2621 856 sed
2642 801 2836 858 clausis
2854 804 3056 862 foribus
3071 808 3300 865 exclusae
3322 813 3614 880 perierunt.

2033 885 2239 958 Quippe
2259 890 2328 945 ob
2353 890 2406 945 id
2424 902 2680 960 praestans
2701 902 2784 949 est
2803 895 3097 966 virginitas,
3121 899 3261 970 quod
3281 915 3494 958 omnem
3519 920 3614 960 su-

2037 993 2310 1049 pervacuae
2325 995 2466 1037 curae
2481 997 2665 1038 ansam
2688 986 2969 1055 praecedat,
2989 990 3153 1045 otium
3167 1006 3326 1048 omne
3339 1003 3498 1064 atque
3508 1005 3622 1050 stu-

2034 1069 2181 1125 dium
2212 1071 2406 1128 divinis
2431 1075 2682 1144 Operibus
2711 1092 3069 1135 consecrans:
3098 1082 3240 1152 quod
3266 1084 3368 1139 nisi
3396 1085 3610 1153 habeat,

2033 1161 2374 1217 matrimonio
2399 1163 2556 1234 longe
2580 1164 2814 1222 deterior
2847 1177 2962 1234 est,
3005 1170 3184 1239 spinas
3210 1173 3264 1227 in
3303 1175 3480 1230 animo
3505 1176 3612 1231 cir-

2033 1250 2358 1320 cumferens,
2384 1261 2438 1308 et
2461 1254 2752 1326 legitimum
2782 1273 2847 1314 ac
2874 1261 3088 1317 cmleSte
3114 1277 3298 1320 semen
3325 1266 3614 1324 sufl’ocans.

2105 1344 2385 1401 LXXVIII.
2411 1345 2513 1403 Cur
2535 1365 2636 1404 non
2677 1353 2860 1406 acriter
2886 1368 2999 1406 eum
3047 1363 3261 1426 carpat,
3317 1358 3403 1428 qui
3426 1359 3480 1413 in
3507 1359 3612 1426 vir:

2034 1434 2149 1504 giue
2164 1451 2258 1488 sua
2275 1436 2568 1491 indecorum
2585 1455 2639 1492 se
2657 1456 2763 1494 esse
2781 1450 2943 1512 putat.
2957 1441 3029 1484 '—
3050 1445 3240 1514 Siquis
3262 1456 3450 1514 autem,
3496 1449 3572 1503 ait
3595 1490 3612 1515 ,

2039 1532 2238 1595 turpem
2269 1543 2322 1580 se
2345 1528 2504 1583 videri
2530 1531 2779 1585 existimat
2822 1550 2973 1604 super
3007 1535 3199 1607 virgine
3223 1553 3316 1592 sua
3336 1578 3350 1603 ,
3383 1539 3520 1607 quod
3552 1541 3617 1594 sit

2034 1618 2381 1686 superadulta,
2411 1631 2560 1691 atque
2581 1625 2654 1677 ita
2675 1626 2970 1694 faciendum
2998 1637 3090 1694 est,
3116 1630 3252 1699 quod
3279 1631 3408 1685 volet
3433 1633 3611 1702 faciat,

2035 1723 2138 1761 non
2177 1719 2378 1778 peccat:
2403 1711 2594 1766 nubant
2615 1714 2634 1785 (
2655 1716 2682 1769 1
2714 1713 2833 1770 Cor.
2858 1718 2911 1771 7.
2939 1717 3008 1773 36
3027 1717 3067 1788 ).
3109 1719 3286 1788 Itane,
3315 1721 3464 1788 Quod
3488 1723 3619 1778 volet

2038 1799 2233 1869 faciat?
2271 1818 2369 1859 nec
2390 1803 2578 1860 falsam
2620 1807 3064 1865 existimationem
3105 1812 3365 1883 corrigis,
3397 1814 3492 1870 sed
3520 1831 3619 1870 nu-

2035 1890 2166 1947 bere
2205 1894 2510 1962 permittis?
2548 1895 2656 1952 Cur
2675 1899 2816 1954 enim
2847 1916 2954 1956 non
2983 1901 3191 1970 dixisti,
3218 1905 3372 1970 Quod
3415 1907 3460 1961 si
3492 1909 3614 1977 quis

2037 1981 2090 2037 in
2119 1983 2324 2054 virgine
2349 2000 2444 2041 sua
2475 1986 2782 2044 indecorum
2805 2004 2924 2046 esse
2950 2000 3130 2060 putat,
3161 1993 3324 2049 miser
3349 2003 3404 2050 et
3437 1995 3618 2051 infelix

2035 2082 2154 2140 est,
2186 2090 2299 2130 rem
2333 2085 2440 2132 tam
2476 2078 2842 2136 admirandam
2883 2081 3134 2138 infamem
3179 2083 3498 2141 arbitratus?
3525 2101 3622 2142 cur

2036 2182 2145 2223 non
2165 2169 2508 2244 consuluisti,
2537 2171 2786 2240 opinione
2809 2187 2871 2228 ea
2900 2172 3139 2242 dimissa,
3175 2175 3335 2231 filiam
3363 2191 3395 2231 a
3422 2177 3612 2233 matri-
3711 2174 3720 2182 ’

2035 2258 2217 2314 monio
2243 2260 2463 2315 arcere?
2489 2259 2624 2327 Quia
2647 2301 2663 2328 ,
2694 2261 2935 2331 inquiet,
2963 2263 3155 2320 anima:
3180 2265 3285 2322 illae
3325 2267 3614 2324 admodum

2035 2351 2263 2408 infirmas
2286 2360 2341 2408 et
2368 2352 2515 2409 humi
2540 2361 2790 2422 repentes
2817 2362 3002 2422 erant,
3053 2356 3262 2428 illasque
3303 2359 3383 2415 sic
3409 2359 3615 2416 ati‘ectze

2036 2441 2214 2496 atatim
2255 2441 2321 2497 ad
2350 2442 2667 2512 virginitatis
2698 2458 2977 2500 sermones
3003 2444 3194 2501 adduci
3220 2462 3325 2503 non
3353 2458 3623 2519 poterant.

2037 2531 2171 2588 Nam
2197 2534 2286 2603 qui
2312 2533 2380 2589 ad
2409 2534 2592 2590 mundi
2635 2549 2724 2591 res
2764 2541 2873 2590 tam
2902 2544 2986 2591 est
3035 2538 3293 2594 attonitus
3316 2579 3333 2606 ,
3381 2549 3437 2595 et
3461 2539 3623 2610 hujus

2037 2624 2162 2679 vita:
2189 2624 2455 2691 laudator,
2488 2633 2549 2680 ut
2576 2635 2700 2696 post
2727 2634 2931 2681 tantam
2974 2627 3407 2685 exhortationem
3433 2672 3448 2698 ,
3476 2631 3622 2700 quod

2039 2715 2174 2770 caelo
2215 2715 2432 2785 dignum
2461 2723 2544 2772 est
2567 2725 2620 2770 et
2647 2717 2873 2786 angelici
2921 2717 3142 2773 instituti
3187 2719 3345 2775 affine
3369 2761 3384 2785 ,
3425 2721 3623 2789 probro

2041 2802 2335 2869 habuisset,
2366 2806 2646 2861 consilium
2665 2821 2728 2861 eo
2755 2806 3010 2863 inducens
3030 2809 3119 2878 qui
3145 2810 3389 2864 tulisset?
3413 2812 3478 2866 Et
3496 2813 3621 2881 quid

2040 2895 2258 2961 mirum,
2289 2896 2333 2950 si
2364 2896 2419 2950 id
2451 2897 2503 2950 in
2534 2911 2595 2952 re
2616 2911 2868 2952 concessa
2894 2897 3090 2955 Paulus
3117 2899 3263 2968 fecit,
3292 2903 3380 2972 qui
3403 2903 3540 2958 idem
3569 2903 3622 2960 in

2040 2988 2203 3042 vetita
2229 2995 2284 3042 et
2318 2987 2589 3056 illegitima
2628 2987 2820 3043 faciat?
2866 2989 3109 3060 Exempli
3137 3005 3294 3046 causa
3331 3011 3344 3047 :
3373 2993 3617 3050 ciborum

2041 3077 2304 3134 delectum
2337 3077 2555 3144 habere,
2583 3086 2638 3133 et
2661 3079 2792 3134 alios
2819 3081 3064 3148 probare,
3093 3082 3225 3137 alios
3254 3085 3496 3153 rejicere,
3525 3086 3622 3141 Ju-

2039 3170 2205 3226 daica:
2232 3170 2610 3226 imbecillitatis
2635 3172 3025 3240 erat;.quidam
3055 3183 3228 3229 tamen
3261 3177 3399 3244 apud
3429 3178 3622 3233 Roma-

2040 3274 2141 3316 nos
2164 3275 2228 3317 ea
2257 3260 2621 3318 imbecillitate
2661 3262 3008 3319 laborabant:
3052 3281 3184 3334 quos
3229 3267 3363 3322 adeo
3406 3284 3508 3323 non
3538 3271 3622 3323 in-

2040 3353 2203 3406 cessit
2243 3351 2624 3419 vehementer,
2671 3362 2730 3408 ut
2751 3353 2893 3408 aliud
2951 3356 3198 3425 quiddam
3247 3359 3418 3428 majus
3460 3361 3620 3415 etiam

2043 3443 2200 3499 faciat
2225 3461 2239 3511 ;
2277 3445 2489 3500 omissis
2513 3445 2654 3500 enim
2695 3446 2760 3500 iis
2789 3446 2877 3516 qui
2905 3459 3229 3516 peccassent,
3260 3451 3347 3519 qui
3374 3466 3467 3506 eos
3497 3467 3625 3521 pro-

2047 3535 2236 3591 hibere
2253 3535 2456 3591 vellent
2481 3535 2727 3606 objurgat
2750 3536 2837 3591 his
2856 3537 3034 3592 verbis
3049 3579 3063 3603 ,
3094 3537 3174 3592 Tu
3197 3549 3363 3593 autem
3385 3541 3508 3610 quid
3526 3543 3622 3612 ju-

2040 3626 2180 3681 dicas
2205 3631 2415 3699 fratrem
2439 3635 2580 3680 tuum
2609 3625 2794 3700 (Rom.
2827 3629 2914 3683 M.
2945 3627 3052 3701 10)
3075 3629 3098 3683 ?
3123 3630 3191 3684 At
3211 3647 3314 3685 non
3335 3631 3620 3688 Colossen-

2039 3720 2189 3777 sibus
2232 3721 2473 3778 scribens
2499 3721 2639 3776 idem
2686 3720 2849 3787 facit,
2895 3721 2992 3777 scd
3019 3738 3206 3793 magna
3231 3725 3547 3781 auctoritate
3570 3736 3626 3781 et

2041 3827 2134 3868 eos
2163 3813 2365 3883 carpit,
2412 3819 2466 3866 ct
2494 3811 2895 3882 pbiIOSOphatur
2920 3812 3102 3869 dicens
3131 3831 3144 3868 :
3190 3814 3353 3870 Nemo
3382 3833 3499 3888 ergo
3539 3832 3626 3872 vos

2031 3906 2230 3972 judicet
2267 3907 2323 3961 in
2367 3905 2476 3960 cibo
2503 3913 2651 3973 atque
2676 3913 2800 3975 potu
2840 3905 2992 3975 (Col.
3032 3907 3086 3960 2.
3129 3906 3254 3978 16).
3299 3907 3366 3962 Et
3392 3924 3623 3964 rursum:

2042 3999 2104 4055 Si
2130 4016 2250 4072 ergo
2275 4001 2461 4054 mortui
2485 4001 2602 4054 estis
2642 4015 2758 4054 cum
2783 3998 2982 4056 Christo
3025 4001 3089 4054 ab
3117 4001 3370 4056 elementis
3413 4004 3614 4067 mundi,

2039 4091 2160 4162 quid
2186 4099 2440 4162 tamquam
2458 4091 2670 4146 viventes
2692 4091 2746 4144 in
2770 4091 2957 4145 mundo
2981 4091 3242 4146 decernitis
3256 4093 3282 4145 ?
3304 4090 3385 4146 Ne
3411 4094 3622 4162 tangito,

2042 4199 2140 4237 neu
2181 4191 2402 4252 gustato,
2447 4198 2546 4236 neu
2587 4189 2848 4235 attrectato
2873 4196 2892 4234 :
2934 4196 3048 4252 quae
3074 4183 3245 4235 omnia
3286 4199 3381 4236 usu
3413 4195 3622 4252 pereunt

2043 4272 2221 4346 (Ibid.
2251 4288 2302 4328 υ.
2329 4271 2420 4328 20.
2452 4271 2543 4326 21.
2583 4271 2654 4325 22
2678 4273 2718 4342 ).
2760 4271 2864 4326 Cur
2893 4271 3049 4340 igitur
3092 4270 3146 4324 id
3190 4270 3353 4326 facit?
3387 4272 3538 4340 Quod
3568 4272 3622 4330 hi

2042 4365 2340 4421 conﬁrmati
2365 4373 2582 4420 essent:
2613 4364 2838 4420 Romani
2862 4363 3036 4418 adhuc
3063 4379 3251 4435 magna
3298 4365 3621 4437 indulgentia

2043 4469 2178 4525 opus
2207 4453 2486 4521 haberent,
2511 4463 2567 4510 et
2588 4463 2895 4523 expectaret
2921 4454 3032 4520 ille,
3060 4454 3186 4510 dum
3214 4453 3344 4532 tich
3365 4456 3417 4511 in
3437 4472 3622 4512 eorum

2044 4548 2193 4618 prius
2221 4545 2415 4602 animis
2442 4545 2914 4601 constabiliretur:
2944 4545 3149 4600 veritus
3173 4561 3240 4602 ne
3267 4557 3390 4603 ante
3417 4555 3625 4617 tempus

2043 4647 2098 4694 ct
2121 4654 2272 4710 aequo
2291 4638 2446 4693 citius
2465 4636 2663 4691 zizania
2680 4636 2938 4692 revellere
2958 4651 3237 4708 aggressus
3258 4636 3278 4710 (
3297 4637 3482 4692 Matth.
3507 4638 3622 4708 f3),

2041 4748 2164 4787 cum
2205 4732 2270 4786 iis
2295 4746 2440 4786 same
2469 4729 2726 4786 doctrinm
2753 4729 2949 4800 stirpes
2977 4745 3082 4784 una
3123 4729 3283 4784 etiam
3307 4729 3610 4784 revelleret.

2041 4824 2222 4894 Itaque
2244 4838 2343 4878 nec
2363 4823 2556 4878 acriter
2581 4822 2817 4886 incessit,
2840 4836 2940 4877 nec
2959 4820 3361 4890 irreprehensos
3383 4820 3620 4887 dimittit,

2041 4916 2135 4971 sed
2155 4917 2290 4970 clam
2316 4923 2487 4970 etnec
2506 4914 2779 4985 Opinantes
2807 4913 2860 4968 in
2883 4912 3000 4967 aliis
3025 4911 3344 4983 castigandis
3367 4911 3622 4982 perstrin-

2041 5009 2136 5079 git.
2157 5007 2291 5062 Nam
2321 5008 2409 5077 qui
2435 5007 2596 5070 dicat,
2626 5006 2735 5060 Suo
2764 5004 2967 5058 domino
2993 5012 3115 5068 stat,
3139 5011 3228 5057 aut
3253 5002 3392 5058 cadit
3419 5001 3612 5072 (Rom.

2044 5101 2130 5155 14.
2174 5099 2270 5168 4),
2313 5098 2402 5152 ille
2436 5094 2730 5164 increpanti
2775 5094 3044 5149 silentium
3082 5094 3354 5163 imponere
3389 5091 3618 5160 videtur,

2041 5190 2136 5246 sed
2157 5205 2339 5245 revera
2357 5187 2613 5258 increpati
2638 5186 2778 5241 illius
2793 5186 3027 5239 animum
3042 5183 3284 5239 vellicat:
3313 5182 3622 5250 ostendens,

2042 5281 2108 5336 iis
2132 5281 2289 5336 rebus
2308 5279 2428 5333 duci
2452 5293 2556 5332 non
2582 5275 2845 5331 stabilium
2872 5289 2993 5330 esse
3015 5282 3070 5329 et
3087 5273 3304 5328 firmiter
3324 5273 3620 5328 consisten-

2043 5372 2195 5430 tium.
2223 5370 2316 5425 sed
2338 5369 2429 5440 qui
2453 5368 2628 5424 adhuc
2648 5366 2896 5431 titubent,
2924 5365 3242 5435 quibusque,
3265 5365 3319 5419 ni
3345 5373 3504 5432 stent,
3530 5381 3622 5436 po~

2042 5466 2269 5521 riculum
2300 5469 2371 5518 sit
2401 5476 2471 5517 ne
2498 5461 2712 5518 cadant.
2743 5457 2998 5513 Eamdem
3027 5457 3194 5528 legem
3237 5467 3290 5513 et
3318 5458 3404 5514 hic
3447 5465 3623 5518 servat

2042 5565 2260 5629 propter
2285 5555 2545 5623 insignem
2593 5550 3014 5606 imbecillitatem
3056 5563 3242 5605 eorum
3289 5549 3483 5620 quibus
3517 5563 3620 5619 pu-

2043 5647 2276 5706 dendum
2325 5652 2515 5704 esset:
2555 5656 2725 5714 neque
2751 5641 2894 5700 enim
2939 5649 3122 5712 aperte
3165 5655 3286 5701 eum
3333 5640 3483 5710 petit,
3522 5637 3621 5698 sed
