4016 6154
329 265 428 321 591

329 367 593 427 laudando
623 379 688 422 eo
709 365 798 435 qui
829 377 976 416 suam
1004 361 1257 430 virginem
1279 367 1458 413 servet
1483 357 1692 426 egregie
1718 355 1910 410 verbe-

327 471 430 520 rat.
471 460 604 517 Nam
635 459 759 529 quid
805 454 920 510 ait?
961 454 1065 507 Sed
1091 452 1176 523 qui
1212 461 1310 504 stat
1337 452 1512 518 ﬁrmus
1554 450 1607 502 in
1630 448 1779 501 corde
1820 463 1911 500 suo

329 557 348 623 (
375 555 429 612 l.
459 551 576 606 Cor.
626 551 681 605 7.
722 549 792 604 57
817 549 836 619 )
862 566 874 600 :
902 545 1040 616 quod
1078 542 1143 597 ad
1168 541 1559 597 distinctionem
1583 539 1783 593 dictum
1830 546 1914 592 est

330 646 467 716 ejus,
494 643 585 714 qui
611 641 797 697 leviter
817 650 869 696 et
891 639 1042 693 facile
1066 637 1315 706 jactetur,
1345 623 1517 703 neque
1537 631 1709 685 adhuc
1731 631 1914 684 ﬁrmus

336 735 632 806 gradiatur,
657 748 756 788 nec
775 731 998 786 viriliter
1023 738 1148 783 stet.
1183 726 1383 781 Deinde
1411 727 1532 796 quia
1563 723 1763 779 sciebat
1792 738 1912 775 nra-

333 826 534 882 tionem
583 839 700 879 eam
747 823 874 876 satis
910 835 1050 883 esse,
1103 827 1160 872 ιιι
1195 817 1311 886 ejus
1349 818 1577 869 animam
1625 825 1909 884 pangeret,

333 917 454 972 vide
483 930 542 972 ut
567 931 684 972 eam
711 929 920 969 rursum
950 911 1183 966 obnubat
1203 950 1216 972 ,
1247 923 1460 962 causam
1491 906 1628 960 haud
1656 921 1785 960 sane
1829 921 1914 960 re-

334 1007 691 1078 prehensione
727 1005 938 1075 dignam
967 1000 1255 1056 all‘erendo.
1289 999 1367 1052 Eo
1397 997 1537 1051 enim
1581 995 1722 1049 dicto
1747 1035 1763 1061 ,
1811 994 1915 1048 Sed

333 1100 419 1172 qui
446 1107 544 1154 stat
566 1099 744 1167 firmus
769 1097 821 1149 in
846 1095 995 1149 corde
1021 1109 1133 1156 suo,
1175 1091 1319 1145 addit
1341 1130 1356 1155 ,
1391 1087 1511 1143 Non
1540 1087 1724 1141 habens
1751 1103 1918 1140 neces-

331 1196 526 1247 sitatem
549 1231 564 1256 ,
597 1197 888 1260 potestatem
926 1195 1092 1239 autem
1135 1183 1342 1236 habens.
1394 1180 1550 1251 Atqui
1588 1193 1918 1247 consequens

333 1293 449 1338 erat
478 1291 535 1336 ut
558 1282 780 1346 diceret,
811 1278 915 1334 Sed
945 1278 1033 1347 qui
1063 1284 1314 1331 constans
1337 1282 1419 1328 est
1441 1313 1456 1338 ,
1489 1287 1660 1342 neque
1692 1272 1740 1324 id
1772 1271 1918 1325 inde-

337 1388 522 1428 corum
563 1387 683 1426 esse
725 1379 894 1441 putat.
940 1367 1138 1424 Verum
1185 1367 1236 1421 id
1281 1365 1526 1420 acerbius
1552 1371 1687 1419 erat.
1737 1363 1919 1434 Itaque

341 1463 483 1518 aliud
511 1462 816 1526 substituit,
846 1476 966 1515 eum
994 1459 1278 1514 consolans
1302 1466 1461 1526 atque
1489 1455 1554 1510 ad
1584 1456 1718 1510 hanc
1745 1456 1919 1525 potius

341 1569 558 1610 causam
589 1553 774 1608 venire
801 1566 1009 1622 passus.
1036 1549 1309 1620 Siquidem
1337 1548 1513 1602 minus
1542 1546 1814 1615 indignum
1838 1553 1922 1600 est

338 1654 603 1709 coactum,
649 1659 808 1713 quam
836 1642 1085 1697 dedecori
1129 1639 1412 1694 habentem
1460 1637 1510 1691 id
1556 1647 1758 1691 vetare.
1784 1634 1921 1690 Nam

341 1735 473 1790 illud
513 1735 761 1789 imbecilli
790 1743 844 1789 et
873 1732 1051 1786 miseri
1079 1731 1241 1785 animi
1270 1739 1384 1793 est;
1420 1730 1520 1782 hoc
1549 1729 1706 1782 etiam
1731 1725 1921 1796 depra-

339 1827 486 1894 vati,
519 1842 618 1882 nec
643 1842 821 1881 rerum
871 1835 1116 1878 naturam
1158 1834 1301 1876 recte
1330 1822 1636 1876 discernere
1681 1819 1918 1873 scientis.

337 1919 444 1977 Sed
467 1919 701 1974 nondum
731 1919 846 1973 hate
874 1917 1084 1972 dicendi
1113 1925 1227 1970 erat
1249 1916 1395 1969 locus
1431 1932 1442 1967 :
1476 1912 1671 1967 etenim
1694 1925 1794 1966 nec
1823 1925 1921 1964 ne-

334 2015 582 2067 cessitate
611 2009 946 2064 incumbente
986 2006 1063 2062 fas
1088 2021 1209 2061 esse
1235 2020 1376 2070 eam,
1406 2020 1525 2073 qua:
1552 2003 1700 2072 virgo
1725 2001 1920 2071 degere

339 2104 645 2166 inStituerit,
683 2116 890 2163 arcere,
927 2098 1019 2153 sed
1048 2098 1303 2151 adversus
1328 2095 1526 2155 omnia.
1559 2109 1676 2163 qua:
1704 2091 1923 2162 pracla-

343 2209 462 2248 rum
499 2194 601 2247 hoc
621 2191 851 2245 studium
880 2189 1206 2258 impediant,
1236 2187 1444 2240 fortiter
1472 2184 1744 2239 nitendum
1772 2198 1919 2248 esse,

339 2286 460 2342 audi
486 2284 610 2355 quid
646 2282 890 2338 Christus
931 2288 1183 2334 censeat:
1217 2277 1317 2343 Qui
1355 2285 1550 2346 patrem
1593 2284 1680 2327 aut
1717 2283 1925 2327 matrem

335 2386 473 2432 amat
510 2391 667 2446 supra
691 2389 770 2428 me
793 2415 808 2438 ,
853 2388 956 2426 non
993 2379 1062 2424 est
1087 2385 1164 2422 me
1189 2368 1372 2439 dignus
1406 2366 1425 2438 (
1449 2366 1642 2420 Matth.
1672 2365 1759 2421 10.
1789 2365 1857 2419 57
1883 2365 1922 2434 ).

335 2471 540 2540 Quippe
564 2467 653 2523 ubi
677 2465 802 2537 quid
831 2465 940 2530 Deo
967 2472 1240 2532 acceptum
1280 2460 1664 2530 persequimur,
1687 2459 1926 2527 quisquis

336 2561 580 2632 prohibet
599 2600 616 2627 ,
643 2574 735 2614 seu
763 2564 941 2627 pater,
984 2569 1078 2609 seu
1106 2561 1306 2617 mater,
1335 2566 1428 2605 seu
1459 2551 1775 2619 quicumque
1815 2549 1913 2613 sit,

337 2652 505 2710 hostis
533 2661 690 2720 atque
720 2647 966 2704 inimicus
992 2655 1073 2700 est
1098 2643 1392 2699 habendus.
1425 2640 1529 2697 Sed
1561 2639 1675 2694 h:ec
1700 2638 1922 2704 Paulus,

339 2747 429 2816 qui
459 2745 761 2800 auditorum
790 2739 1238 2809 imperiectionem
1268 2735 1440 2790 adhuc
1464 2734 1766 2799 sustineret,
1798 2732 1929 2788 scri-

341 2841 441 2903 bit,
471 2836 713 2907 inquiens
737 2851 750 2886 :
779 2832 884 2888 Sed
907 2832 991 2902 qui
1010 2838 1106 2884 stat
1127 2831 1305 2898 ﬁrmus
1329 2844 1428 2881 non
1455 2826 1640 2880 habens
1660 2826 1930 2880 necessita-

247 2937 256 2941 “
337 2941 455 2984 tem.
497 2928 680 2998 Neque
720 2926 807 2980 hic
843 2925 1022 2988 stetit,
1055 2923 1184 2984 etsi,
1219 2939 1321 2976 non
1347 2919 1532 2974 habens
1563 2921 1924 2986 necessitatem,

338 3030 414 3085 et,
444 3028 735 3092 potestatem
763 3016 966 3078 habens,
995 3014 1134 3069 idem
1162 3014 1298 3068 sint:
1326 3011 1418 3066 sed
1447 3012 1727 3066 sententia:
1754 3011 1921 3080 proli-

335 3114 522 3179 xitate,
544 3127 606 3166 ac
629 3109 1034 3180 permissionum
1059 3105 1390 3170 assiduitate,
1415 3103 1635 3158 fractam
1659 3113 1712 3157 et
1732 3103 1927 3158 exilem

335 3212 565 3258 mentem
593 3201 823 3261 solatur;
857 3206 1041 3267 postea
1075 3205 1138 3252 et
1163 3196 1386 3250 alteram
1429 3193 1633 3248 addens
1664 3207 1876 3247 causam
1908 3233 1924 3259 ,

341 3293 444 3362 Qui
470 3294 523 3347 in
561 3291 713 3346 corde
757 3306 849 3344 suo
875 3288 1067 3342 statuit.
1095 3286 1276 3355 Neque
1313 3285 1456 3340 enim
1485 3283 1677 3338 sufficit
1701 3284 1926 3338 liberum

335 3401 456 3440 esse
478 3427 493 3450 ,
523 3399 693 3453 neque
722 3383 843 3436 hinc
869 3382 1041 3435 solum
1087 3380 1145 3433 fit
1188 3379 1448 3433 obnoxius
1475 3417 1490 3443 ,
1519 3377 1615 3433 scd
1651 3378 1734 3432 ubi
1771 3377 1929 3448 eligat

337 3487 495 3546 atque
512 3481 727 3539 statuat,
757 3483 865 3527 tum
896 3487 1026 3526 vero
1049 3479 1194 3524 recte
1219 3467 1364 3524 facit.
1393 3470 1592 3524 Deinde
1619 3485 1685 3524 ne
1714 3478 1930 3540 propter

335 3566 604 3636 ingentem
626 3562 1005 3632 indulgentiam
1034 3560 1164 3614 nihil
1200 3559 1460 3614 interesse
1503 3559 1780 3623 crederes,
1813 3559 1915 3613 ite-

337 3672 456 3712 rum
481 3655 766 3710 discrimen
793 3653 930 3718 edit,
967 3651 1150 3706 timide
1179 3651 1270 3706 ille
1295 3651 1529 3721 quidem,
1559 3651 1651 3706 sed
1692 3652 1798 3706 edit
1846 3661 1927 3704 ta-

338 3761 461 3801 men
488 3745 570 3799 his
593 3743 801 3798 verbis:
832 3741 1013 3810 Itaque
1038 3750 1087 3796 et
1115 3743 1200 3812 qui
1230 3742 1548 3794 matrimonio
1568 3742 1777 3812 jungit,
1809 3741 1931 3796 bene

339 3839 485 3910 facit,
511 3849 560 3892 et
580 3838 662 3907 qui
684 3853 782 3890 non
783 3835 959 3906 jungit
975 3835 1150 3888 melius
1183 3833 1304 3904 facit
1331 3831 1422 3906 (l.
1448 3831 1564 3888 Cor.
1585 3835 1640 3889 7.
1669 3835 1736 3889 58
1759 3834 1797 3904 ).
1822 3833 1935 3889 Cte-

339 3940 511 3986 terum
540 3937 738 3999 quanto
776 3927 878 3983 hoc
907 3927 1098 3982 melius
1121 3926 1209 3993 sit,
1245 3926 1331 3980 hic
1355 3941 1460 3980 non
1485 3925 1715 3995 explicat
1736 3926 1922 3981 eadem

338 4024 406 4078 de
431 4037 623 4078 causa:
650 4020 791 4092 quod
821 4020 867 4075 si
896 4021 1036 4074 scire
1075 4021 1179 4086 vis,
1211 4018 1336 4073 audi
1366 4019 1632 4074 dicentem
1658 4019 1926 4074 Christum

339 4113 452 4169 Nec
475 4113 683 4177 ducunt,
712 4129 802 4167 nec
828 4110 1100 4177 ducuntur,
1123 4110 1213 4165 sed
1239 4120 1356 4164 sunt
1381 4111 1508 4164 sicut
1533 4109 1700 4180 angeli
1723 4110 1776 4164 in
1805 4111 1928 4165 caelo

343 4204 574 4277 (Matth.
601 4203 694 4258 22.
722 4200 852 4274 50).
897 4202 1088 4258 Vidisti
1112 4201 1399 4257 discrimen
1425 4240 1441 4267 ,
1495 4216 1602 4270 quo
1647 4201 1928 4269 virginitas

338 4297 615 4354 mortalem
644 4306 863 4368 repente
883 4296 1100 4362 attollit,
1132 4295 1290 4351 modo
1316 4310 1441 4351 vera
1468 4295 1538 4349 sit
1563 4294 1876 4364 virginitas?

409 4387 646 4444 LXXIX.
681 4388 840 4443 Nulla
863 4405 918 4442 re
943 4389 1232 4460 inferiorem
1259 4387 1414 4458 fuisse
1445 4387 1650 4457 Angelis
1678 4385 1847 4440 Eliam
1873 4394 1922 4440 et

339 4480 426 4552 qui
451 4480 558 4548 ejus
584 4478 790 4541 similes,
821 4479 971 4553 idque
997 4479 1296 4548 virginitatis
1335 4479 1591 4545 beneﬁcio.
1615 4509 1688 4518 —
1713 4477 1924 4532 Etenim

339 4587 443 4643 qua
481 4584 540 4626 re
571 4569 639 4624 ab
671 4568 872 4638 angelis
906 4568 1219 4623 differebant
1254 4568 1433 4632 Elias,
1477 4568 1700 4622 Elisaeus
1721 4608 1735 4633 ,
1767 4567 1929 4621 Joan-

341 4679 459 4730 nes,
482 4661 717 4733 germani
744 4660 798 4714 hi
822 4658 1136 4728 virginitatis
1159 4657 1459 4713 amatores?
1485 4656 1636 4711 Nulla
1664 4657 1762 4711 nisi
1785 4655 1926 4728 quod

342 4755 551 4812 mortali
571 4763 758 4809 natura
781 4760 935 4808 erant
953 4751 1190 4805 obstricti
1216 4768 1231 4805 :
1253 4759 1444 4805 caetera
1471 4750 1513 4804 si
1540 4750 1660 4817 quis
1682 4758 1927 4805 accurate

342 4850 594 4920 inquirat,
617 4846 782 4901 nihilo
803 4845 867 4900 iis
885 4843 1118 4899 deterius
1138 4843 1352 4898 allectos
1374 4842 1624 4906 inveniet,
1647 4851 1804 4912 atque
1825 4843 1927 4898 hoc

343 4942 548 5011 ipsum,
583 4953 688 5009 quo
725 4935 1001 4992 inferiores
1038 4934 1384 4997 videbantur,
1411 4933 1564 4987 valde
1603 4933 1670 4987 ad
1717 4931 1924 4988 laudem

344 5031 488 5087 facit.
529 5030 661 5086 Nam
687 5029 738 5083 in
774 5037 912 5082 terra
936 5026 1218 5097 degentes,
1245 5038 1308 5078 ac
1337 5024 1572 5078 mortalis
1599 5033 1800 5078 natum
1829 5039 1926 5080 ne-

343 5123 576 5182 cessitati
597 5119 881 5191 subjectos,
906 5118 972 5173 ad
1000 5132 1118 5172 eam
1143 5117 1389 5172 virtutem
1416 5116 1642 5170 evadere
1668 5116 1924 5184 potuisse,

344 5217 464 5273 vide
505 5223 716 5287 quanta-3
758 5210 1112 5274 fortitudinis,
1149 5217 1358 5279 quanta:
1398 5207 1744 5277 philosophia:
1788 5217 1922 5263 erat.

345 5309 415 5363 At
441 5304 793 5378 virginitatem
833 5318 926 5358 eos
965 5300 1097 5356 tales
1133 5314 1505 5369 comparasse,
1552 5299 1673 5353 hinc
1718 5299 1926 5369 perspi-

345 5415 505 5456 cuum
532 5407 634 5454 est.
659 5396 716 5454 Si
746 5395 886 5453 enim
915 5394 1166 5463 conjuges
1192 5402 1349 5462 atque
1378 5393 1570 5448 liberos
1599 5393 1924 5458 habuissent,

349 5508 454 5549 non
485 5499 593 5547 tam
623 5489 776 5545 facile
802 5488 1014 5544 deserta
1041 5485 1393 5554 habitassent,
1422 5501 1521 5541 nec
1547 5484 1690 5541 ardes
1719 5495 1770 5541 et
1799 5487 1927 5540 reli-

348 5598 508 5659 quum
532 5581 655 5638 vitae
677 5587 985 5649 apparatum
1016 5577 1392 5646 neglexissent.
1419 5575 1567 5632 Nunc
1593 5580 1657 5631 its
1681 5576 1927 5631 omnibus

350 5676 574 5735 vinculis
611 5671 800 5742 soluti,
831 5671 885 5730 in
916 5680 1052 5728 terra
1083 5679 1223 5726 velut
1261 5669 1313 5725 in
1351 5670 1480 5726 cmlo
1507 5669 1760 5740 degentes
1795 5683 1923 5739 age-

1069 248 1124 305 S.
1164 246 1440 304 JOANNIS
1474 237 1950 301 CHRYSOSTOMI
1978 241 2291 299 ARCHIEP.
2315 241 2851 299 CONSTANTlNOP.

3489 249 3599 304 59‘!

2021 355 2168 421 bant,
2194 372 2298 410 non
2326 357 2631 426 parietibus,
2654 374 2758 413 non
2788 367 2944 424 tecto,
2970 373 3073 413 non
3102 367 3238 426 toro,
3263 377 3369 417 non
3393 379 3601 431 mensa,

2022 463 2125 502 non
2165 449 2269 503 alio
2315 449 2365 503 id
2405 465 2570 520 genus
2611 451 2716 504 ullo
2759 451 3094 521 indigentes:
3122 455 3245 523 quin
3285 457 3473 510 caelum
3504 473 3606 526 pro

2025 548 2183 607 tecto,
2212 539 2427 594 humum
2457 556 2552 610 pro
2584 551 2717 608 toro,
2747 543 3081 597 solitudinem
3110 560 3206 614 pro
3230 562 3407 601 mensa
3437 547 3602 603 hahe-

2021 633 2180 697 bant,
2210 649 2272 688 ac
2297 649 2414 703 qua:
2449 649 2537 689 res
2572 635 2690 689 aliis
2726 636 2876 690 famis
2911 651 3068 691 causa
3104 638 3372 703 videatur,
3406 641 3606 697 deserti

2022 725 2303 786 sterilitas,
2331 742 2391 780 ea
2419 730 2614 782 sanctis
2644 728 2748 782 illis
2772 729 3144 785 abundantiam
3175 733 3454 800 prmstabat
3485 751 3496 786 :
3527 738 3605 788 si-

2021 815 2232 884 quidem
2262 831 2359 871 nec
2387 818 2602 884 vitibus,
2636 834 2733 872 nec
2753 820 3104 874 torcularibus
3125 821 3165 888 ί,
3199 837 3298 877 nec
3329 821 3564 893 frugibus
3585 864 3601 888 ,

2024 923 2122 962 nec
2149 923 2322 964 messe
2351 925 2484 980 opus
2515 911 2797 975 habebant,
2823 913 2914 994 sed
2945 914 3159 967 uberem
3189 929 3253 968 ac
3273 915 3478 970 dulcem
3512 933 3608 985 po-

2022 1010 2132 1054 tum
2169 1000 2374 1065 fontes,
2408 1011 2589 1072 stagna
2630 1012 2684 1058 et
2726 1002 2870 1058 fluvii
2914 1005 3338 1074 suppeditabant.
3372 1007 3602 1063 Mensam

2024 1094 2113 1146 uni
2141 1093 2358 1162 angelus
2388 1095 2592 1163 paravit
2635 1095 2920 1149 inauditam
2947 1135 2962 1160 ,
2993 1096 3305 1151 insolentem
3327 1139 3341 1164 ,
3376 1098 3605 1152 humana

2024 1183 2406 1238 consuetudine
2435 1184 2690 1254 majorem
2721 1202 2734 1235 :
2763 1184 2906 1240 Unus
2935 1187 3106 1251 enim,
3141 1188 3338 1256 inquit,
3369 1191 3512 1255 panis
3538 1190 3606 1242 ad

2023 1273 2358 1344 quadraginta
2384 1273 2578 1327 dierum
2614 1274 2838 1328 inediam
2867 1275 3046 1344 suﬁicit
3085 1276 3104 1347 (
3121 1278 3154 1330 '5
3188 1276 3316 1348 Reg.
3358 1279 3446 1334 l9.
3475 1278 3531 1334 6.
3560 1291 3606 1332 et

2028 1354 2348 1420 8.3Alterum
2373 1354 2611 1424 Spiritus
2626 1357 2801 1426 gratia
2819 1370 2962 1424 saepe
2980 1357 3210 1414 miriﬁce
3227 1361 3396 1428 pavit,
3430 1379 3608 1433 neque

2021 1461 2147 1504 eum
2174 1448 2371 1511 solum,
2397 1449 2490 1503 sed
2515 1449 2653 1504 alios
2682 1450 2844 1504 etiam
2865 1449 2984 1518 ejus
3009 1465 3178 1506 causa
3207 1452 3369 1522 (Vide
3400 1456 3451 1508 4.
3475 1455 3600 1526 Reg.

2021 1536 2722 1606 4.40).Caaterum.loannes
2741 1544 2862 1614 plus
2902 1557 3064 1612 quam
3103 1547 3599 1619 propheta(.llatth.

2027 1633 2141 1707 Η),
2169 1649 2274 1704 quo
2304 1635 2479 1689 nullus
2512 1634 2565 1688 in
2609 1635 2920 1690 feminarum
2964 1637 3099 1690 natis
3139 1637 3309 1705 major
3348 1638 3610 1702 surrexit,

2026 1740 2126 1780 nec
2159 1725 2376 1780 humani
2415 1727 2517 1782 cibi
2554 1727 2774 1796 indiguit
2807 1747 2820 1781 :
2849 1729 2936 1797 qui
2977 1743 3080 1782 non
3113 1727 3410 1795 frumento,
3450 1729 3608 1794 vino,

2027 1817 2175 1884 oleo,
2215 1819 2306 1872 sed
2348 1818 2566 1873 locustis
2603 1819 2957 1890 sylvestrique
2985 1820 3140 1874 melle
3174 1822 3411 1891 corporis
3449 1822 3613 1876 vitam

2026 1918 2368 1965 sustentaret.
2395 1911 2469 1964 En
2495 1920 2774 1966 terrestres
2793 1912 3029 1982 angelos,
3052 1927 3120 1968 en
3141 1913 3452 1982 virginitatis
3469 1915 3575 1968 vim
3598 1933 3612 1969 :

2027 1999 2353 2056 eflicicbatut
2368 2001 2610 2057 homines
2624 2019 2783 2059 carne
2801 2013 2956 2074 atque
2972 2006 3224 2076 sanguine
3240 2010 3613 2077 coagmentati,

2030 2092 2172 2148 lmmi
2203 2095 2524 2164 gradientes,
2551 2097 2789 2150 mortalis
2818 2109 3022 2153 natura:
3050 2101 3352 2156 necessitati
3375 2103 3614 2168 obnoxii,

2029 2193 2297 2254 tamquam
2336 2187 2669 2255 incorporei,
2712 2195 2980 2257 tamquam
3023 2189 3208 2243 caelum
3251 2189 3362 2260 jam
3400 2191 3614 2260 adepti,

2030 2283 2298 2346 tamquam
2329 2275 2777 2331 immortalitatem
2804 2279 3150 2348 consequuti,
3177 2288 3366 2335 cuncta
3397 2291 3616 2351 prmstao

2027 2375 2167 2421 rent.

2099 2459 2316 2514 LXXX.
2360 2459 2497 2526 Quid
2539 2463 2605 2516 sit
2646 2463 2878 2517 honestas
2917 2471 2964 2516 et
3003 2463 3272 2520 assiduitas
3313 2466 3515 2520 decora.
3545 2497 3616 2511 --

2030 2551 2235 2620 Quippe
2263 2562 2415 2607 erant
2451 2555 2514 2608 iis
2553 2563 2740 2610 cuncta
2771 2569 3094 2624 supervacua
3116 2596 3132 2622 ,
3165 2571 3270 2610 non
3302 2557 3417 2612 haec
3440 2558 3614 2614 solum

2030 2657 2149 2712 qua:
2179 2657 2306 2698 vere
2333 2657 2657 2711 supervacua
2696 2654 2855 2710 sunt,
2883 2645 3120 2712 deliciae,
3151 2661 3308 2717 epes,
3348 2651 3576 2717 potentia
3597 2693 3613 2716 ,

2030 2734 2197 2804 gloria
2218 2776 2233 2798 ,
2283 2743 2340 2789 et
2366 2735 2564 2804 reliqua
2593 2737 2923 2790 somniorum
2954 2738 2974 2768 ³
3005 2737 3226 2792 istorum
3269 2740 3434 2794 series
3456 2782 3469 2804 ,
3517 2741 3614 2795 sed

2031 2828 2192 2881 etiam
2218 2842 2333 2896 quae
2358 2829 2655 2884 necessaria
2682 2829 2948 2897 videntur,
2975 2830 3139 2898 aedes,
3163 2831 3342 2899 urbes,
3372 2835 3614 2888 artificia.

2033 2917 2144 2972 Hoc
2169 2925 2248 2972 est
2281 2918 2515 2973 honestas
2541 2928 2588 2974 et
2613 2920 2797 2974 decora
2833 2922 3103 2976 assiduitas
3124 2965 3138 2987 ,
3173 2924 3275 2977 hoc
3304 2925 3616 2994 virginitatis
3684 2925 3690 2938 '

2032 3011 2219 3065 virtus.
2251 3010 2382 3065 Nam
2412 3012 2603 3067 mirum
2633 3013 2843 3082 quidem
2875 3023 2927 3068 et
2956 3015 3135 3069 multis
3161 3017 3372 3070 coronis
3400 3017 3616 3084 dignum

2031 3109 2144 3165 est,
2175 3100 2452 3156 libidinum
2479 3102 2737 3157 insaniam
2770 3104 3013 3174 frangere
3033 3144 3047 3170 ,
3078 3120 3142 3160 ac
3182 3105 3438 3161 furentem
3465 3117 3617 3161 natu-

2032 3205 2146 3245 ram
2173 3206 2422 3248 coercere
2451 3212 2464 3246 :
2495 3193 2592 3249 sed
2633 3203 2740 3248 tum
2781 3211 2908 3250 vere
2938 3196 3164 3262 mirum,
3194 3213 3312 3251 cum
3354 3197 3615 3268 ejusmodi

2031 3282 2190 3335 etiam
2217 3283 2318 3336 vita
2345 3284 2587 3349 accedit;
2616 3285 2837 3340 seorsim
2864 3295 3040 3340 autem
3069 3295 3122 3341 et
3149 3304 3242 3356 per
3267 3303 3324 3343 se
3348 3289 3485 3343 exile
3510 3300 3614 3353 est,

2031 3389 2202 3443 neque
2237 3389 2304 3428 eo
2345 3375 2597 3444 prceditos
2641 3391 2859 3431 servare
2897 3387 3092 3447 potest.
3135 3382 3306 3449 Atque
3345 3381 3428 3435 hic
3464 3381 3617 3437 nobis

2030 3475 2194 3521 testes
2223 3468 2329 3521 sint
2357 3477 2615 3538 quotquot
2653 3467 2914 3538 hodieque
2951 3471 3301 3540 virginitatem
3330 3483 3613 3538 exercent,

2031 3573 2150 3628 qua:
2173 3567 2373 3613 tantum
2399 3559 2592 3615 absunt
2613 3560 2680 3614 ab
2703 3561 2816 3615 Elia
2839 3570 2892 3616 et
2912 3561 3107 3617 Elismo
3130 3573 3183 3618 et
3205 3563 3427 3627 Joanne,
3451 3580 3617 3633 quan-

2031 3659 2143 3705 tum
2174 3662 2312 3706 terra
2342 3666 2370 3705 a
2407 3652 2559 3708 cmlo.
2590 3653 2655 3707 Ut
2686 3655 2827 3707 enim
2849 3695 2863 3720 ,
2895 3655 2939 3710 si
2981 3656 3283 3709 honestatem
3309 3666 3355 3710 et
3384 3658 3616 3710 decoram

2031 3743 2381 3796 assiduitatem
2417 3743 2646 3813 eripias,
2686 3745 3003 3815 virginitatis
3047 3762 3237 3800 nervos
3280 3749 3564 3802 succideris
3599 3767 3612 3802 :

2034 3834 2102 3888 ita
2130 3835 2173 3888 si
2204 3850 2321 3890 eam
2346 3850 2466 3890 cum
2491 3838 2596 3891 vita
2624 3852 2783 3906 quam
2814 3837 3010 3907 optima
3041 3839 3350 3910 conjungas,
3383 3841 3614 3895 radicem

2032 3939 2095 3979 ac
2121 3923 2321 3981 fontem
2352 3926 2611 3982 bonorum
2641 3937 2810 3982 tenes.
2836 3928 2967 3982 Nam
2998 3931 3441 3998 quemadmodum
3471 3931 3615 3986 radi-

2032 4030 2148 4070 cem
2193 4026 2329 4072 terra
2375 4019 2583 4088 pinguis
2625 4035 2688 4074 ac
2725 4019 2948 4087 fertilis,
2987 4023 3064 4075 sic
3096 4023 3200 4076 vita
3232 4039 3388 4093 quam
3417 4026 3614 4093 optima

2032 4106 2348 4176 virginitatis
2371 4108 2570 4164 fructus
2601 4111 2802 4165 nutrire
2829 4112 2974 4165 novit
3004 4129 3016 4164 :
3049 4112 3154 4165 imo
3180 4123 3234 4166 ct
3257 4113 3401 4166 radix
3432 4123 3483 4168 et
3509 4113 3618 4167 fru-

2032 4206 2149 4252 ctus
2167 4199 2482 4268 virginitatis
2508 4202 2612 4255 vita
2639 4202 2889 4256 crucifixa
2913 4211 3010 4257 est.
3037 4203 3161 4256 "(PC
3190 4220 3474 4273 generosos
3499 4205 3618 4258 illos

2033 4290 2097 4344 ad
2124 4291 2418 4348 mirabilem
2445 4308 2657 4348 cursum
2687 4295 2920 4357 immxit,
2955 4295 3176 4350 vinculis
3202 4298 3446 4351 omnibus
3485 4300 3618 4352 reci-

2032 4384 2138 4450 sis,
2170 4383 2349 4439 libcris
2377 4400 2438 4439 ac
2477 4386 2777 4455 pernicibus
2811 4386 3034 4455 pedibus
3062 4397 3327 4457 tamquam
3359 4390 3527 4443 alatos
3560 4391 3612 4443 in

2032 4477 2220 4530 caelum
2243 4476 2544 4532 evolaturos
2568 4477 2856 4532 dimittens.
2885 4476 2985 4533 Ubi
3013 4477 3153 4532 enim
3183 4495 3279 4532 nec
3303 4480 3480 4532 uxoris
3507 4489 3619 4532 stu-

2032 4564 2176 4619 dium
2199 4606 2213 4627 ,
2242 4580 2342 4620 nec
2371 4565 2653 4620 liberorum
2681 4581 2806 4620 cura
2835 4567 2934 4628 sit,
2965 4565 3233 4636 perfacilis
3258 4577 3339 4621 est
3362 4579 3570 4638 egestas
3601 4587 3614 4622 :

2032 4666 2240 4725 egestas
2265 4665 2440 4710 autem
2470 4671 2569 4711 nos
2597 4657 2730 4711 caelo
2759 4657 2957 4710 vicinos
2988 4667 3202 4726 przestat
3221 4699 3235 4721 ,
3267 4675 3369 4711 non
3398 4660 3618 4712 terrori-

2031 4751 2132 4803 bus
2173 4749 2341 4802 solum
2383 4757 2438 4804 et
2479 4749 2620 4802 curis
2661 4764 2722 4803 ac
2763 4749 3038 4817 periculis,
3073 4749 3166 4804 sed
3207 4750 3422 4820 reliquis
3456 4752 3615 4804 etiam

2033 4842 2279 4896 omnibus
2308 4843 2564 4898 molestiis
2590 4843 2842 4898 liberans.

2101 4934 2338 4990 LXXXI.
2367 4936 2619 5002 Quantum
2648 4935 2829 4989 bonum
2856 4936 2918 4988 sit
2941 4947 3152 5007 egestas.
3175 4967 3247 4978 —
3267 4937 3395 4992 Nam
3425 4941 3511 5010 qui
3541 4942 3618 4994 ni-

2033 5026 2108 5082 hil
2140 5027 2316 5091 habet,
2347 5043 2443 5080 ecu
2471 5027 2647 5079 omnia
2681 5036 2866 5080 tenens
2887 5030 3062 5081 omnia
3091 5032 3402 5093 contemnit,
3427 5043 3478 5086 et
3506 5049 3618 5086 ma-

2032 5134 2131 5189 gna
2162 5117 2406 5173 libertate
2434 5117 2691 5173 adversus
2730 5120 3068 5187 magistratus
3091 5162 3105 5185 ,
3142 5123 3429 5191 primates,
3461 5134 3619 5193 atque

2034 5211 2206 5279 ipsum
2227 5208 2525 5263 diademate
2545 5219 2791 5263 ornatum
2823 5211 3002 5264 utitur.
3031 5211 3129 5278 Qui
3151 5227 3280 5280 opes
3302 5216 3614 5282 conteumit,

2033 5302 2229 5356 sensim
2271 5315 2585 5372 progressus
2626 5299 2779 5355 facile
2823 5310 3046 5356 mortem
3083 5302 3239 5357 etiam
3271 5315 3616 5362 contemnet:

2031 5404 2191 5466 atque
2217 5393 2300 5448 his
2323 5393 2582 5449 excelsior
2605 5408 2792 5453 omnes
2819 5394 3080 5463 intrepide
3103 5396 3420 5464 alloquetur,
3452 5399 3620 5453 nemi-

2035 5501 2155 5542 nem
2186 5500 2382 5556 pavens
2416 5500 2479 5540 ac
2517 5484 2826 5540 formidans.
2857 5486 2927 5540 At
2959 5487 3047 5556 qui
3078 5487 3266 5556 opibus
3295 5503 3582 5560 occupetur
3601 5532 3617 5562 ,

2097 5613 2121 5682 ξ
2149 5613 2222 5662 sic
2239 5611 2376 5674 juxta
2394 5611 2533 5680 Savil.
2558 5616 2698 5682 tn‘B.,
2723 5607 2902 5682 pratis,
2931 5611 3410 5682 pro,‘tqrcularibus.
3458 5623 3513 5664 ιι.

2099 5675 2122 5708 ³
2155 5671 2260 5735 Pro,
2282 5673 2590 5734 somniorum,
2614 5671 2732 5736 “eg.
2758 5671 3237 5734 habet,‘nwrtalium.
