4016 6154
199 320 280 376 591
1631 311 1725 367 DE
1766 310 2234 368 VIRGINITATE.

190 437 286 491 τῶν
334 429 825 504 ἐπαισχυνομένων
863 428 942 499 τῷ
977 427 1283 500 πράγματι.
1320 428 1394 481 Οὐ
1441 426 1551 499 7&9
1600 426 1851 498 φανερῶς

191 523 314 595 πρὸς
335 522 501 576 αὑτὸν
548 517 919 578 ἀποτείνεται,
947 515 1064 569 ἀλλ’
1091 518 1150 569 ἐν
1174 518 1291 579 τοῖς
1333 513 1578 578 ἐπαίνοις
1622 513 1716 567 τοῦ
1751 513 1852 584 τὴν
1903 564 1911 574 ,

191 610 342 665 αὐτοῦ
365 606 758 680 διατηροῦντος
784 603 1054 676 παρθένον
1076 603 1292 657 δίδωσιν
1320 601 1470 672 αὐτῷ
1497 600 1731 672 σφοδρὰν
1755 603 1855 674 τὴν

189 698 413 769 πληγήν.
445 695 513 749 Τί
543 694 653 765 γάρ
674 708 870 764 φησιν;
902 693 999 757 Ὃς
1028 690 1098 744 δὲ
1126 690 1387 758 ἕστηκεν
1416 688 1652 758 ἑδραῖος
1680 690 1751 744 ἐν
1778 688 1856 759 τῇ

188 784 396 852 καρδία
433 782 645 836 αὐτοῦ.
684 778 858 832 Τοῦτο
896 779 953 831 δὲ
989 779 1123 848 πρὸς
1180 775 1588 847 ἀντιδιαστολήν
1637 776 1853 847 εἴρηται

186 872 275 926 τοῦ
304 871 544 933 εὐκόλως
577 868 673 923 καί⁵
702 865 940 937 εὐχερῶς
977 866 1438 939 περιφερομένου,
1470 865 1566 919 καὶ
1596 864 1852 918 οὐδέποτε

189 958 374 1028 βέϐαια
431 955 669 1026 βαδίζειν
720 953 954 1017 εἰδότος,
1004 952 1126 1005 οὐδὲ
1178 952 1401 1006 ἑστάναι
1455 949 1597 1021 μετά
1650 946 1851 1016 πολλῆς

187 1047 281 1116 τῆς
296 1043 568 1117 ἀνδρείας.
596 1037 732 1096 Εἶτα
751 1040 938 1111 ἐπειδὴ
971 1040 1207 1094 συνεῖδεν
1231 1039 1413 1092 ἰκανὸν
1438 1037 1566 1091 ὅντα
1586 1036 1678 1089 τὸν
1693 1035 1853 1105 λόγον

184 1131 365 1185 δακεῖν
407 1131 509 1201 τὴν
546 1129 758 1182 ἐκείνου
804 1128 985 1198 ψυχὴν
1005 1167 1021 1190 ,
1050 1127 1152 1198 ὅρα
1181 1126 1299 1190 πῶς
1341 1124 1504 1178 αὐτὸν
1532 1123 1854 1178 συνεσκίασε

186 1221 364 1284 πάλιν,
392 1219 574 1273 αἰτίαν
614 1213 916 1285 ἐπαγαγὼν
957 1214 1017 1268 οὐ
1067 1213 1275 1284 σφόδρα
1302 1210 1633 1283 κατηγορίας
1674 1209 1851 1276 ἀξίαν.

185 1305 365 1361 Εἰπὼν
395 1305 525 1376 7&9,
557 1306 655 1369 Ὃς
675 1302 744 1356 δὲ
777 1302 1037 1369 ἕστηκεν
1064 1299 1298 1369 ἑδραῖος
1329 1300 1399 1352 ἐν
1422 1296 1497 1366 τῇ
1524 1296 1735 1366 καρδίᾳ
1755 1299 1855 1351 αὺ-

185 1395 308 1459 τοῦ,
372 1391 675 1465 προσέθηκε
701 1430 717 1454 ,
754 1390 852 1459 Μὴ
884 1389 1044 1459 ἔχων
1086 1388 1397 1457 ἀνάγκην,
1446 1384 1739 1450 ἐξουσίαν
1787 1382 1855 1437 δὲ

184 1484 357 1553 ἔχων.
374 1481 570 1536 Καίτοι
587 1479 879 1533 ἀκόλουθον
893 1474 961 1549 ἦν
977 1478 1173 1530 εἰπεῖν’
1187 1477 1282 1538 Ὃς
1300 1474 1357 1527 δὲ
1372 1473 1601 1545 ἕστηκεν
1618 1472 1852 1543 ἑδραῖος,

186 1569 279 1623 καὶ
326 1570 402 1640 μὴ
454 1568 666 1638 νομίζει
714 1566 773 1619 τὸ
801 1566 1034 1636 πρᾶγμα
1075 1559 1461 1633 ἀσχημοσύνην
1515 1556 1688 1613 εἷναι·
1719 1558 1856 1612 ἀλλά

182 1655 338 1711 ⁴τοῦτο
363 1652 809 1726 πληκτικώτερον
831 1648 898 1724 ἦν
921 1669 935 1682 ·
968 1650 1050 1705 διὸ
1093 1650 1279 1721 ἕτερον
1321 1650 1442 1702 ἀντὶ
1469 1647 1661 1701 τούτου
1687 1663 1857 1719 προσ-

185 1743 346 1815 έθηκε
375 1740 871 1814 παραμυθούμενος
916 1737 1077 1791 αὐτὸν
1099 1776 1114 1800 ,
1157 1737 1253 1789 καὶ
1298 1735 1473 1797 διδοὺς
1518 1733 1717 1804 μᾶλλον
1763 1732 1857 1786 ἐπὶ

181 1830 384 1899 ταύτην
405 1828 581 1882 ἐλθεῖν
609 1827 712 1897 τὴν
736 1825 936 1879 αἰτίαν.
962 1826 1037 1878 Οὐ
1063 1823 1173 1895 7&9
1187 1822 1327 1876 οὕτω
1354 1821 1527 1876 δεινὸν
1545 1821 1605 1875 τὸ
1621 1822 1854 1892 πρᾶγμα

182 1918 251 1973 δι’
280 1918 526 1986 ἀνάγκην
554 1913 808 1978 κωλύειν,
843 1912 919 1977 ὼς
960 1912 1026 1966 δι’
1074 1910 1361 1983 αἰσχύνην.
1397 1907 1568 1963 Τοῦτο
1607 1909 1705 1980 μὲν
1746 1909 1852 1981 7&9

181 2006 359 2076 ψυχῆς
403 2007 553 2058 ἐστιν
595 2002 860 2073 ἀνάνδρου
904 2002 999 2055 καὶ
1047 1998 1425 2071 ταλαιπώρου,
1462 1999 1639 2051 ἐκεῖνο
1670 1997 1726 2050 δὲ
1760 1998 1854 2050 καὶ

181 2090 638 2164 διεστραμμένης,
662 2091 759 2143 καὶ
790 2088 909 2142 οὐδὲ
930 2087 1031 2158 τὴν
1057 2086 1165 2141 τῶν
1191 2085 1531 2158 πραγμάτων
1548 2083 1711 2154 φύσιν
1739 2086 1857 2137 ἐπι-

186 2180 461 2252 σταμένης
506 2177 715 2250 κρίνειν
743 2176 939 2247 ὀρθῶς.
968 2173 1141 2237 Ἀλλάς
1152 2173 1354 2226 τούτων
1374 2169 1526 2225 οὐπω
1549 2169 1656 2224 τῶν
1681 2169 1854 2238 λόγων

178 2264 250 2337 ἦν
271 2270 301 2320 6
330 2268 526 2338 καιρός
546 2282 560 2298 ’
595 2266 720 2318 ἐπεὶ
751 2262 901 2336 [551]
927 2262 1011 2316 ὅτι
1043 2279 1108 2332 γε
1136 2262 1259 2315 οὑδέ
1301 2259 1656 2331 ἐπικειμένης
1694 2258 1855 2329 θέμις

175 2355 279 2426 τὴν
306 2352 700 2426 προειρημένην
732 2349 1087 2422 παρθενεύειν
1136 2348 1481 2408 κωλύεσθαι,
1533 2345 1669 2399 ἀλλά
1718 2345 1854 2416 πρὸς

176 2441 361 2496 πάντα
382 2440 635 2493 ἵστασθαι
661 2438 767 2510 χρὴ
791 2437 1054 2506 γενναίως
1083 2434 1153 2489 τά
1175 2435 1535 2489 διακόπτοντα
1556 2431 1657 2503 τὴν
1685 2431 1854 2503 καλὴν

174 2526 386 2598 ταύτην
413 2524 609 2597 ὁρμὴν,
637 2525 869 2578 ἄκουσον
902 2523 955 2575 τί
1000 2538 1162 2593 φησιν
1192 2523 1221 2573 6
1258 2520 1494 2590 Χριστός
1514 2533 1527 2550 '
1575 2518 1631 2570 '0
1661 2515 1856 2586 φιλῶν

177 2609 461 2679 πατέραῆ
478 2608 706 2678 μητέρα
731 2606 884 2674 ὑπὲρ
904 2604 1029 2675 ἐμὲ,
1055 2605 1167 2658 οὐκ
1186 2602 1319 2656 ἔστι
1339 2619 1458 2671 μου
1474 2601 1663 2667 ἄξιος.
1685 2599 1856 2654 Ὅταν

178 2697 291 2768 γάρ
315 2714 371 2749 τι
397 2696 671 2768 μετίωμεν
698 2692 899 2763 τῶντῷ
915 2690 1034 2762 Θεῷ
1058 2689 1380 2752 δοκούντων,
1409 2688 1554 2751 ἅπας
1580 2689 1609 2741 6
1627 2686 1855 2741 κωλύων

180 2783 373 2856 ἐχθρὸς
400 2783 541 2836 ἔστω
586 2782 681 2835 καὶ
720 2779 1011 2850 πολέμιος,
1057 2777 1160 2831 κᾶν
1193 2775 1374 2847 πατὴρ
1406 2772 1464 2849 ᾖ,
1487 2770 1602 2828 ’κᾶν
1638 2775 1853 2845 μήτηρ,

177 2871 287 2926 κᾶν
339 2868 609 2924 ὁστισοῦν.
677 2867 817 2921 Ἀλλ’
850 2869 879 2920 6
928 2863 1139 2927 Παῦλος
1192 2863 1272 2915 ἔτι
1320 2862 1697 2926 διαϐαστάζων
1746 2861 1855 2915 τῶν

175 2957 487 3015 ἀκουόντων
501 2957 563 3010 τὺ
581 2955 791 3019 ἀτελὲς,
807 2952 980 3007 ταῦτα
991 2954 1219 3023 ἔγραφε,
1244 2950 1418 3019 λέγων
1431 2967 1445 2980 ·
1472 2952 1571 3016 Ὃς
1592 2949 1661 3003 δὲ
1679 2949 1858 3018 ἔστη-

177 3060 288 3099 κεν
308 3043 544 3112 ἑδραῖος
563 3042 651 3113 μὴ
679 3042 837 3112 ἔχων
862 3039 1134 3110 ἀνάγκην
1152 3055 1168 3070 ο
1204 3037 1300 3091 καὶ
1333 3037 1455 3090 οὐδέ
1482 3037 1644 3107 μέχρι
1664 3036 1855 3090 τούτου

174 3130 272 3184 τὸν
297 3130 461 3198 λόγον
494 3130 691 3201 ἐστησε
711 3144 726 3158 ·
767 3128 944 3182 καίτοι
997 3143 1063 3195 γε
1109 3125 1204 3189 τὸ,
1235 3123 1332 3194 Μὴ
1361 3125 1521 3193 ἔχων
1559 3123 1854 3195 ἀνάγκην,

175 3219 297 3282 καὶ,
352 3218 673 3282 Ἐξουσίαν
715 3214 906 3285 ἔχων,
950 3212 1144 3268 ταυτόν
1191 3213 1373 3264 ἐστιν’
1409 3209 1547 3263 ἀλλά
1578 3209 1655 3282 τῷ
1691 3211 1857 3281 μήκει

169 3302 269 3356 τοῦ
300 3302 463 3372 λόγου
486 3305 583 3357 καὶ
603 3303 672 3373 τῇ
700 3300 954 3373 συνεχείᾳ
980 3299 1088 3353 τῶν
1110 3299 1510 3370 συγχωρήσεων
1542 3297 1641 3369 τὴν
1662 3296 1854 3369 εὐτελῆ

170 3391 272 3445 καὶ
308 3390 512 3462 μικράν
562 3388 974 3460 παραμυθεῖται
1015 3386 1274 3452 διάνοιαν,
1324 3385 1463 3456 μετά
1509 3384 1712 3439 τούτων
1760 3386 1856 3440 καὶ

168 3476 374 3547 ἑτέραν
397 3476 581 3529 αἰτίαν
605 3476 865 3547 προσθεὶς
897 3474 978 3538 τὸ,
1009 3475 1105 3539 Ὃς
1135 3471 1411 3540 κέκρικεν
1436 3471 1507 3525 ἐν
1527 3469 1604 3540 τῇ
1641 3473 1855 3541 καρδίᾳ

167 3562 383 3617 αὐτοῦ,
410 3563 487 3616 Οὐ
521 3563 630 3634 7&9
657 3564 819 3634 ἀρκεῖ
852 3562 913 3615 τὸ
942 3560 1224 3633 ἐλεύθερον
1251 3555 1391 3613 εἷναι
1411 3598 1425 3621 ,
1457 3559 1576 3612 οὐδὲ
1599 3552 1707 3613 ἀπὸ
1730 3559 1853 3612 τού-

165 3667 265 3703 του
294 3650 470 3721 μόνον
506 3649 807 3713 ὑπεύθυνός
824 3661 850 3690 ι
870 3650 1037 3713 ἐστιν,
1056 3648 1172 3702 ἀλλ’
1185 3649 1314 3702 ὅταν
1335 3646 1524 3718 ἕληται
1550 3646 1644 3700 καί⁵
1667 3646 1850 3719 κρίνῃ,

167 3737 296 3791 τότε
320 3736 509 3800 καλῶς
544 3738 710 3791 ποιεῖ.
742 3731 876 3790 Εῐτα
908 3736 996 3789 ἵνα
1040 3734 1115 3806 μὴ
1146 3734 1375 3805 νομίσῃς
1401 3732 1491 3786 διὰ
1517 3735 1618 3806 τὴν
1651 3734 1852 3804 πολλὴν

173 3823 592 3894 συγκατάϐασιν
610 3822 775 3895 μηδὲν
805 3819 943 3877 εἶναι
958 3822 1019 3876 τὸ
1041 3821 1225 3893 μέσον,
1242 3821 1421 3892 τίθησι
1451 3820 1614 3875 πάλιν
1631 3820 1727 3893 τὴν
1740 3821 1853 3875 δια-

171 3913 354 3984 φορὰν
386 3913 508 3983 μεθ’
527 3911 830 3983 ὑποστολῆς
850 3911 968 3982 μὲν,
984 3909 1166 3981 τίθησι
1191 3909 1236 3963 δ’
1259 3910 1429 3980 ὅμως,
1446 3908 1619 3978 λέγων
1637 3927 1649 3939 ·
1668 3909 1852 3962 Ὥστε

170 4002 271 4053 καὶ
311 4003 347 4053 ό
374 3996 706 4069 ἐκγαμίζων
750 3996 954 4063 καλῶς
1003 3996 1179 4062 ποιεῖ,
1228 3999 1261 4050 ὀ
1305 3994 1373 4048 δὲ
1401 3995 1489 4065 μὴ
1526 3995 1853 4065 ἐκγαμίζων

167 4085 473 4154 κρεῖσσον
492 4085 669 4138 ποιεῖ.
718 4084 858 4137 Ἀλλ’
879 4082 1112 4137 ἐνταῦθα
1143 4081 1244 4153 μὲν
1269 4082 1392 4136 ὅσον
1415 4082 1477 4134 τὸ
1490 4084 1735 4154 κρεῖττον
1750 4084 1852 4136 οὐκ

164 4172 347 4239 ἔδειξε
374 4171 467 4224 διὰ
489 4171 589 4243 τὴν
621 4172 795 4242 αὐτὴν
820 4170 983 4224 πάλιν
1010 4169 1221 4224 αἰτίανν
1261 4171 1326 4224 σὺ
1350 4169 1407 4223 δὲ
1449 4171 1497 4223 εἰ
1542 4169 1716 4232 θέλεις
1746 4187 1851 4240 μα-

164 4260 311 4324 θεῖν,
347 4259 584 4314 ἄκουσον
611 4258 706 4312 τοῦ
760 4257 992 4326 Χριστοῦ
1041 4258 1294 4326 λέγοντος
1312 4273 1326 4287 ⁸
1358 4256 1505 4310 Οὔτε
1532 4256 1848 4327 πτιμοῦσιν,

162 4347 317 4400 οὔτε
346 4343 691 4416 γαμίζονται
710 4386 725 4411 ,
758 4343 896 4398 ἀλλ’
929 4343 1089 4397 είσίν
1112 4344 1194 4411 ὡς
1213 4342 1457 4413 ἄγγελοι
1495 4343 1565 4397 ὲν
1593 4342 1847 4412 οὐρανῷ.

163 4432 331 4499 Εἶδες
360 4434 426 4488 τὸ
455 4432 640 4504 μέσον,
669 4431 772 4485 ποῦ
794 4433 885 4486 τὸν
905 4431 1096 4503 θνητὸν
1121 4433 1154 4501 ἡ
1178 4429 1444 4501 παρθενία
1469 4429 1663 4502 ἀθρόον
1684 4430 1848 4501 αίρει,

162 4523 304 4577 ὅταν
328 4521 502 4585 ὅντως
598 4520 900 4593 παρθενία;
1577 4567 1591 4586 ί
1690 4514 1701 4521 '

236 4610 371 4665 09'.
387 4610 457 4664 Τί
472 4611 583 4684 7&9
601 4608 712 4662 τῶν
734 4608 986 4678 ἀγγέλων
1009 4609 1255 4678 ἀπεῖχον,
1272 4608 1393 4661 είπέ
1417 4625 1528 4678 μοι,
1546 4609 1575 4661 6
1603 4606 1849 4673 Ἠλίας,ὁ

171 4698 517 4761 Ἐλισσαῖος,
544 4699 573 4751 6
616 4696 890 4767 Ἰωάννης,
924 4690 1069 4750 οὗτοι
1091 4696 1141 4748 οί
1168 4697 1377 4765 γνήσιοι
1416 4697 1516 4765 τῆς
1556 4694 1852 4766 παρθενίας

160 4783 444 4855 Epeo-ull;
476 4782 642 4836 Οὐδὲν
673 4781 845 4853 ἀλλ’ἢ
878 4783 1002 4836 ὅσον
1035 4781 1202 4853 θνητῇ
1237 4779 1620 4851 προσεδέδεντο
1653 4780 1848 4849 φύσει*

157 4871 236 4925 τὰ
265 4871 330 4924 δὲ
364 4870 506 4926 ἄλλα
529 4871 582 4924 εἰ
605 4886 691 4934 τις
719 4869 964 4941 ἀκριϐῶς
987 4868 1315 4934 ἐξετάσειεν,
1333 4867 1484 4921 οὐδὲν
1504 4869 1685 4939 χεῖρον
1705 4866 1854 4921 ἐκεί-

156 4976 279 5012 νων
316 4958 546 5031 εὑρήσει
575 4955 982 5027 διακειμένους·
1016 4954 1289 5010 καὶτοῦτο
1309 4954 1368 5008 δέ
1399 4955 1532 5008 αὐτὸ
1561 4954 1623 5006 τὸ
1660 4954 1851 5008 δοκοῦν

157 5048 468 5118 ἐλάττωμα
495 5042 654 5108 εἶναι,
683 5046 830 5117 μέγα
854 5047 934 5109 εἰς
958 5044 1232 5115 ἐγκωμίου
1269 5042 1424 5111 λόγον
1470 5042 1608 5097 ἐστί.
1643 5042 1717 5094 Τὸ
1742 5041 1849 5113 γὰρ

156 5133 274 5205 γῆν
302 5131 614 5197 οἰκοῦντας,
650 5132 747 5185 καὶ
772 5134 839 5203 τῇ
868 5131 966 5202 τῆς
986 5130 1188 5201 θνητῆς
1217 5128 1431 5203 φύσεως
1458 5128 1851 5203 ὑποκειμένους

157 5223 417 5296 ἀνάγκῃ,
444 5220 742 5293 δυνηθῆναι
768 5218 972 5289 φθάσαι
993 5220 1129 5291 πρὸς
1148 5218 1363 5288 ἐκείνην
1384 5217 1484 5287 τὴν
1506 5216 1726 5287 ἀρετήν,
1748 5214 1851 5287 δρα

158 5310 350 5381 πόσης
383 5308 664 5381 ἀνδρείας,
689 5309 865 5379 πόσης
897 5305 1211 5377 φιλοσοφίας
1238 5300 1327 5375 ἦν.
1357 5304 1480 5358 Ὀτι
1502 5302 1559 5356 δὲ
1587 5303 1783 5367 αὐτοὺς
1815 5304 1849 5374 ή

156 5398 446 5468 παρθένια
473 5394 755 5459 τοιούτους
781 5394 1027 5466 ἐποίησε,
1062 5393 1220 5465 δῆλον
1258 5391 1468 5446 ἐκεῖθεν
1486 5407 1501 5422 ο
1530 5392 1580 5443 εί
1614 5390 1722 5462 γὰρ
1753 5406 1851 5460 γυ-

154 5490 334 5542 ναῖκα
385 5481 537 5561 εἶχον
590 5484 691 5539 καὶ¹
720 5483 938 5549 παῖδας,
971 5482 1073 5536 οὐκ
1099 5481 1167 5535 ἂν
1215 5479 1454 5543 εὐκόλως
1485 5478 1584 5549 τὴν
1614 5479 1850 5550 ἐρημίαν

150 5575 525 5647 ῷκησαν,οὐκ
535 5575 605 5630 ἂν
625 5573 810 5637 οἰκίας
824 5569 1258 5642 κατεφρόνησαν,
1269 5568 1370 5621 οὐκ
1384 5567 1450 5622 ἀν
1462 5568 1561 5638 τῆς
1576 5565 1741 5638 ἄλλης
1754 5567 1847 5620 τοῦ

153 5666 283 5736 βίου
317 5662 713 5734 κατασκευῆς⁹
748 5660 847 5715 νῦν
895 5659 953 5712 δέ
996 5658 1213 5712 πάντων
1245 5655 1450 5710 τούτων
1489 5653 1851 5718 ἀπολυθέντες

149 5752 272 5806 «In
308 5752 530 5825 δεσμῶν
553 5790 572 5817 ,
605 5751 687 5814 ὡς
722 5748 782 5804 ἐν
812 5748 1060 5819 οὐρανοῖς
1088 5744 1237 5809 ὅντες
1268 5743 1411 5798 οὓτω
1442 5742 1710 5814 διέτριόον
1757 5744 1849 5797 ἐπὶ

215 5903 238 5928 ⁸
262 5893 388 5955 Reg.
409 5894 554 5954 μόνον
574 5888 842 5949 ἐλεύθερος.

3519 313 3628 370 592

1956 426 2057 498 τῆς
2083 427 2190 495 γῆς
2208 443 2221 455 ·
2251 427 2313 480 οὐ
2334 427 2528 498 τοίχων
2552 426 2782 494 ἐδέοντο,
2811 426 2914 482 οὐκ
2957 425 3160 499 ὀροφῆς
3181 466 3197 493 ,
3225 428 3289 483 οὐ
3324 425 3530 500 κλίνης,
3563 432 3626 484 οὒ

1956 514 2257 586 τραπέζης,
2293 516 2394 569 οὐκ
2415 516 2572 570 ἀλλου
2594 516 2703 569 τῶν
2735 515 2993 571 τοιούτων
3028 514 3195 581 τινδς,
3241 515 3359 571 ἀλλ’
3380 516 3503 571 ἀντὶ
3529 517 3631 588 μὲν

1963 602 2163 672 στέγης
2185 596 2332 672 εἰχον
2356 603 2449 655 τὸν
2468 604 2717 674 οὐρανὸν,
2743 604 2864 657 ἀντὶ
2892 603 2951 656 δὲ
2973 601 3165 675 κλίνης
3208 603 3308 676 τὴν
3337 603 3441 674 γῆν
3461 645 3476 669 ,
3507 605 3631 660 ἀντὶ

1955 688 2013 742 δὲ
2065 689 2348 760 τραπέζης
2400 689 2499 761 τὴν
2523 690 2792 762 ἐρημίαν·
2824 691 2918 744 καὶ
2963 693 3199 763 πρᾶγμα
3234 690 3264 744 6
3307 695 3421 756 τοῖς
3446 690 3631 756 ἄλλοις

1955 775 2129 831 αἴτιον
2157 772 2297 830 εἶναι
2322 777 2484 847 λιμοῦ
2510 777 2677 843 δοκεῖ,
2707 777 2809 848 τῆς
2849 778 3087 850 ἐρημίας
3111 781 3143 851 ή
3172 780 3444 851 ἀκαρπία,
3472 778 3634 833 τοῦτο

1954 865 2083 927 τοὺς
2114 864 2303 932 ἁγίους
2324 863 2566 929 ἐκείνους
2593 866 2651 919 ἐν
2672 865 2903 936 ἀφθονίᾳ
2928 865 3181 937 καθίστη.
3211 867 3286 920 Οὐ
3316 866 3427 938 γὰρ
3451 866 3632 938 ἀμπέ-

1955 949 2064 1003 λων
2108 951 2294 1014 αὐτοῖς
2339 951 2575 1023 ἐδέησεν,
2608 952 2729 1005 οὐδὲ
2767 952 2943 1024 ληνῶν
2993 953 3021 994 ιι
3046 952 3217 1017 ,οὐδὲ
3268 953 3458 1025 ληῒων,
3510 954 3631 1007 οὐδὲ

1958 1036 2169 1109 ἀμητοῦ
2191 1054 2205 1070 ·
2246 1036 2381 1090 ἀλλά
2410 1037 2471 1090 τὸ
2505 1038 2604 1108 μὲν
2653 1039 2816 1093 ποτὸν
2861 1040 3044 1103 αὐτοῖς
3092 1040 3323 1110 ἄφθονον
3369 1042 3631 1112 παρεῖχον

1959 1126 2054 1178 καὶ
2087 1125 2184 1195 ήδὺ
2219 1125 2394 1196 πηγαὶ
2428 1126 2522 1178 καὶ
2549 1127 2785 1197 ποταμοὶ
2807 1127 2903 1180 καὶ
2922 1127 3129 1197 λίμναι,
3159 1126 3436 1197 τράπεζαν
3465 1128 3521 1182 δὲ
3551 1126 3631 1198 τῷ

1963 1213 2061 1283 μὲν
2091 1212 2319 1281 ἄγγελος
2354 1210 2725 1278 κατεσκεύαζε
2752 1213 3075 1286 θαυμαστήν
3113 1232 3235 1267 τινα
3257 1215 3351 1268 κα).
3389 1216 3629 1287 παράδο-

1962 1298 2072 1364 ξον,
2106 1300 2202 1354 καὶ
2226 1300 2447 1371 μείζονα
2472 1299 2505 1371 ἢ
2536 1302 2656 1353 κατ’
2689 1301 3037 1373 ἀνθρωπίνην
3066 1301 3358 1373 συνήθειαν
3383 1319 3398 1333 ⁸
3431 1305 3492 1355 '0
3520 1302 3630 1372 γὰρ

1959 1382 2047 1453 εἴς
2066 1386 2264 1454 ἄρτος,
2294 1388 2447 1458 φησὶ,
2479 1388 2632 1456 πρὸς
2656 1388 3110 1458 τεσσαράκοντα
3134 1388 3370 1459 ἡμερῶν
3390 1389 3631 1445 ἀσιτίαν

1959 1474 2183 1545 ἤρκεσε
2203 1492 2218 1507 ⁸
2244 1476 2335 1530 τὸν
2368 1477 2425 1529 δὲ
2443 1478 2477 1547 ή
2510 1474 2602 1531 τοῦ
2630 1476 2947 1547 Πνεύματος
2973 1477 3133 1549 χάρις
3164 1476 3423 1541 πολλάκις
3440 1477 3631 1550 ἔτρεφε

1961 1562 2474 1636 θαυματουργοῦσα,
2497 1564 2592 1619 καὶ
2606 1564 2707 1618 οὐκ
2728 1564 2890 1618 αὐτὸν
2913 1565 3093 1635 μόνον,
3112 1562 3245 1617 ἀλλά
3275 1564 3368 1618 καὶ
3393 1564 3458 1617 δι’
3484 1561 3631 1617 ἐκεί-

1960 1671 2051 1708 νου
2074 1653 2315 1725 ἐτέρους.
2364 1654 2424 1707 Ὀ
2455 1653 2512 1707 δὲ
2543 1654 2825 1724 προφήτου
2861 1651 3022 1705 πλέον
3055 1652 3326 1722 Ἰωάννης,
3350 1645 3632 1721 οῦμείζων

1959 1741 2019 1793 ἐν
2055 1742 2332 1812 γεννητοῖς
2362 1738 2512 1812 [552]
2555 1739 2830 1809 γυναικῶν
2879 1738 2980 1791 οὐκ
3024 1738 3345 1809 ἐγήγερται,
3380 1737 3500 1790 ούδέ
3545 1736 3634 1790 ἀν-

1962 1826 2237 1898 θρωπίνης
2270 1826 2458 1898 ἐδεήθη
2511 1826 2750 1899 τροφῆς’
2783 1826 2844 1879 οὐ
2882 1824 2989 1897 γὰρ
3024 1828 3169 1888 σῖτος
3200 1825 3295 1878 καὶ
3342 1818 3484 1887 οἶνος
3535 1825 3641 1880 καὶι

1938 1913 2158 1977 .έλαιον,
2193 1913 2309 1968 ἀλλ’
2344 1912 2562 1985 ἀκρίδες
2603 1914 2697 1966 καὶ
2727 1912 2851 1983 μέλι
2901 1911 3092 1982 ἄγριον
3125 1910 3224 1981 τὴν
3255 1910 3350 1964 τοῦ
3376 1908 3628 1980 σώματος

1961 1999 2125 2055 αὐτοῦ
2163 2000 2481 2072 διεκράτουν
2526 1999 2694 2071 ζωήν.
2748 1994 2902 2061 Εἶδες
2931 1997 3197 2066 ἀγγέλους
3228 1998 3321 2050 ἐπὶ
3359 1998 3457 2068 τῆς
3487 1997 3628 2068 γῆς;

1960 2083 2100 2151 εἶδες
2131 2086 2430 2158 παρθενίας
2479 2085 2668 2156 ίσχύν;
2698 2086 2837 2149 Τοὺς
2869 2084 3062 2155 αἵματι
3101 2085 3196 2137 καὶ
3227 2082 3392 2156 σαρκὶ
3422 2100 3632 2154 συμπε-

1960 2176 2294 2246 πλεγμένους
2319 2214 2333 2239 ,
2367 2174 2493 2238 τοὺς
2522 2174 2696 2243 χαμαὶ⁸
2721 2173 3071 2244 ἐρχομένους,
3114 2172 3242 2236 τοὺς
3272 2173 3485 2242 ἀνάγκη
3521 2169 3628 2241 φύ-

1961 2279 2099 2325 σεως
2136 2261 2531 2330 ὑποκειμένους
2560 2259 2781 2330 θνητῆς,
2808 2259 2884 2323 ὼς
2922 2259 3275 2330 ἀσωμάτους,
3302 2258 3377 2322 ὡς
3419 2258 3505 2311 τὸν
3543 2259 3632 2312 οὐ·

1961 2351 2121 2423 ρανὸν
2154 2350 2254 2422 ήδη
2282 2349 2560 2420 λαχόντας.
2593 2347 2668 2410 ὡς
2686 2347 2988 2402 ἀθανασίαν
3026 2344 3631 2417 μετειληφότας,οὕτως

1959 2437 2177 2492 ἅπαντα
2199 2439 2375 2491 ποιεῖν
2406 2433 2805 2507 παρεσκεύασε.

2030 2526 2111 2581 Il'.
2136 2526 2325 2581 Πάντα
2347 2526 2457 2596 γὰρ
2485 2524 2713 2587 ἐκείνοις
2727 2519 2795 2596 ἦν
2826 2523 3074 2594 περιττὰ,
3098 2522 3159 2576 οὐ
3181 2520 3352 2575 ταῦτα
3379 2521 3537 2595 μόνον
3565 2518 3639 2573 τά

1959 2614 2129 2678 ὅντως
2157 2613 2289 2667 ὄντα
2310 2610 2560 2682 περιττὰ,
2592 2611 2796 2682 τρυφὴ,
2821 2611 2914 2664 καὶ
2936 2610 3184 2673 πλοῦτος,
3206 2610 3302 2663 καὶ
3323 2609 3629 2674 δυναστεία,

1960 2702 2055 2756 καὶ
2086 2702 2234 2767 δόξα,
2269 2701 2365 2754 καὶ
2399 2701 2427 2752 6
2463 2699 2646 2762 λοιπὸς
2669 2699 2778 2751 τῶν
2809 2698 3033 2770 ὀνείρων
3060 2698 3263 2751 τούτων
3294 2698 3321 2737 δ
3354 2696 3593 2769 όρμαθός
3612 2714 3630 2731 ο

1959 2789 2095 2842 ἀλλά
2133 2788 2227 2842 καὶ
2253 2786 2321 2840 τά
2357 2784 2616 2839 δοκοῦντα
2643 2779 2780 2837 εἶναι
2820 2786 3115 2852 ἀναγκαῖα,
3163 2783 3361 2847 οἰκίαι,
3398 2784 3491 2837 καὶ
3535 2782 3634 2837 πό·-

1959 2875 2091 2939 λεις,
2122 2876 2219 2929 καὶ
2240 2873 2426 2943 τέχναι
2440 2888 2454 2901 ·
2482 2871 2640 2925 τοῦτό
2663 2874 2809 2925 ἐστιν
2827 2872 2903 2939 τὸ,
2916 2873 3247 2940 Εὔσχημον
3265 2869 3364 2926 καί
3379 2871 3634 2939 εὐπρόσ-

1959 2962 2137 3031 εδρον
2195 2955 2356 3024 εἶναι,
2404 2959 2561 3013 τοῦτο
2594 2958 2888 3029 παρθενίας
2920 2960 3109 3030 ἀρετή.
3156 2956 3478 3028 Θαυμαστὸν
3533 2956 3637 3027 μὲν

1958 3050 2069 3122 7&9
2098 3035 2431 3102 καϊπολλῶν
2462 3047 2742 3115 στεφάνων
2784 3045 2932 3110 ἀξιον
2977 3046 3070 3098 καὶ
3102 3044 3162 3097 τὸ
3181 3046 3279 3115 τῆς
3306 3043 3414 3098 τῶν
3441 3043 3632 3097 ἐπιθυ-

1964 3136 2105 3208 μιῶν
2133 3133 2511 3207 περιγενέσθαι
2538 3132 2757 3202 λύττης,
2790 3133 2884 3185 καὶ
2911 3132 3239 3202 μαινομένην
3264 3131 3516 3201 κατέχειν
3532 3131 3633 3202 τὴν

1961 3224 2141 3293 φύσιν,
2165 3221 2300 3276 ἀλλά
2322 3221 2444 3275 τότε
2473 3220 2643 3282 ὅντως
2674 3220 2884 3287 γίνεται
2911 3217 3219 3288 θαυμαστὸν
3241 3256 3256 3281 ,
3291 3217 3416 3270 ὅταν
3449 3218 3478 3269 6
3517 3235 3629 3270 τοι·
3656 3254 3667 3271 κ

1959 3310 2112 3374 οῦτος
2144 3308 2257 3380 βίος
2282 3310 2457 3379 προσῇ
2481 3327 2494 3340 ·
2523 3306 2654 3360 αὐτὸ
2697 3305 2753 3359 δὲ
2779 3305 2898 3358 καθ’
2924 3304 3083 3358 ἑαυτὸ
3124 3302 3367 3367 ἀσθενὲς,
3411 3304 3504 3357 καὶ
3531 3304 3630 3376 οὐχ

1963 3396 2149 3451 ἱκανὸν
2172 3395 2344 3449 σῶσαι
2368 3395 2495 3457 τοὺς
2529 3393 2768 3464 ἔχοντας.
2806 3392 2918 3444 Καὶ
2941 3392 3347 3462 μαρτυρήσειαν
3382 3390 3449 3444 ἂν
3497 3392 3629 3463 ήμῖν

1958 3485 2081 3537 ὅσαι
2113 3481 2410 3554 παρθενίαν
2444 3480 2544 3552 μὲν
2564 3478 2789 3533 ἀσκοῦσι
2827 3479 2921 3532 καὶ
2959 3477 3083 3531 νῦν·
3124 3476 3381 3531 τοσοῦτον
3410 3477 3467 3531 δὲ
3495 3479 3631 3532 ἀπο-

1958 3570 2168 3624 δέουσιν
2196 3568 2379 3623 Ἥλίου
2404 3566 2497 3621 καὶ
2542 3565 2843 3620 Ἐλισσαίου
2889 3565 2982 3618 καὶ
3041 3563 3309 3628 Ἰωάννου,
3344 3565 3466 3618 ὅσον
3492 3565 3526 3634 ή
3557 3566 3629 3636 γῆ

1958 3658 2052 3712 τοῦ
2078 3655 2331 3729 οὐρανοῦ.
2365 3655 2575 3724 Ὠσπερ
2611 3653 2721 3722 γὰρ
2745 3651 2806 3705 τὸ
2833 3651 3165 3719 Εὔσχημον
3206 3649 3310 3704 καὶ
3366 3652 3630 3718 εὐπρόσ-

1956 3746 2135 3815 εδρον
2167 3743 2234 3799 ἂν
2259 3741 2539 3814 περιέλῃς,
2568 3739 2705 3794 αὐτά
2721 3738 2789 3790 τὰ
2806 3736 2971 3810 νεῦρα
2994 3738 3093 3806 τῆς
3122 3736 3420 3808 παρθενίας
3450 3737 3631 3802 ἐξέκο-

1956 3833 2084 3903 ψας,
2117 3831 2287 3893 οὕτως
2309 3830 2437 3883 ὅταν
2462 3825 2630 3896 αὐτὴν
2689 3824 2827 3896 μετά
2858 3823 3133 3886 πολιτείας
3181 3824 3314 3894 ἔχῃς
3349 3824 3582 3896 ἀρίστης
3607 3864 3624 3890 ,

1956 3922 2053 3990 τὴν
2078 3916 2234 3988 ῥίζαν
2266 3914 2363 3968 καλ⁹
2388 3913 2486 3985 τὴν
2505 3911 2762 3966 ὑπόθεσιν
2785 3908 2929 3980 ἔχεις
2960 3909 3068 3962 τῶν
3121 3908 3322 3990 καλῶν.
3359 3908 3628 3982 Καθάπερ

1955 3989 2066 4076 γὰρ
2099 4002 2257 4076 ῥίζαν
2276 4000 2306 4041 d
2342 4003 2413 4071 γῆ
2445 3998 2650 4070 λιπαρὰ
2677 3999 2770 4051 καὶ
2793 3997 3037 4066 γόνιμος,
3066 3994 3238 4059 οὕτως
3262 3989 3402 4047 οἶδεν
3429 3995 3626 4068 ἀρίστη

1956 4091 2201 4145 πολιτεία
2227 4088 2448 4159 τρέφειν
2473 4086 2600 4148 τοὺς
2625 4085 2723 4154 τῆς
2763 4082 3062 4154 παρθενίας
3104 4079 3348 4150 καρπούς
3372 4097 3388 4113 ο
3427 4080 3627 4150 μᾶλλον

1955 4181 2011 4235 δὲ
2032 4181 2127 4234 καὶ
2161 4178 2286 4251 ῥίζα
2315 4178 2409 4230 καὶ
2438 4174 2646 4245 καρπὸς
2676 4170 2973 4242 παρθενίας
3012 4170 3040 4220 6
3071 4165 3478 4251 ἐσταυρωμένος
3512 4165 3627 4251 βίος

1957 4269 2128 4322 ἐστίν.
2161 4248 2311 4333 λ’ύτη
2332 4265 2456 4325 τοὺς
2476 4261 2755 4330 γενναίους
2775 4256 3013 4316 ἐκείνους
3044 4252 3181 4323 πρὸς
3204 4250 3295 4303 τὸν
3318 4248 3626 4321 θαυμαστὸν

1955 4354 2144 4428 ήλειψε
2169 4352 2387 4422 δρόμον,
2423 4349 2598 4401 πάντα
2630 4347 2727 4417 μὲν
2755 4342 2935 4397 αὐτῶν
2966 4339 3035 4393 τά
3053 4338 3228 4408 δεσμά
3261 4337 3622 4428 περικόψασα,

1954 4425 2086 4497 ποσὶ
2106 4442 2164 4494 δὲ
2191 4438 2433 4500 εὐλύτοις
2461 4437 2555 4489 καὶ
2585 4433 2807 4501 κούφοις
2855 4428 3106 4498 καθάπερ
3146 4426 3383 4496 πτηνοὺς
3422 4425 3624 4495 ἀφεῖσα

1956 4529 2219 4585 πέτεσθαι
2278 4526 2414 4599 πρὸς
2458 4525 2550 4578 τὸν
2581 4521 2827 4593 οὐρανόν.
2864 4519 3038 4570 Ὅπου
3069 4515 3178 4587 γὰρ
3213 4512 3337 4567 οὔτε
3366 4513 3623 4581 γυναικὸς

1955 4619 2241 4692 θεραπεία,
2274 4617 2399 4671 οὔτε
2420 4615 2625 4669 παίδων
2653 4611 2960 4683 ἐπιμέλεια,
2991 4607 3160 4692 πολλὴ
3188 4607 3287 4678 τῆς
3308 4606 3624 4692 ἀκτημοσύ-

1954 4690 2053 4779 νης
2078 4709 2111 4778 ή
2139 4704 2355 4759 εὐκολία
2380 4721 2394 4736 ι
2419 4699 2773 4772 ἀκτημοσύνη
2803 4698 2860 4752 δὲ
2878 4697 3045 4765 ἐγγὺς
3069 4690 3206 4748 εἶναι
3229 4695 3374 4745 ποιεῖ
3393 4691 3502 4779 τῶν
3531 4693 3622 4745 οὑ-

1957 4778 2158 4866 ρανῶν,
2184 4793 2246 4845 οὐ
2275 4790 2454 4861 φόϐων
2488 4788 2671 4860 μόνον,
2703 4786 2826 4839 οὐδὲ
2862 4782 3175 4855 φροντίδων,
3196 4779 3316 4832 οὐδὲ
3336 4778 3617 4842 κινδύνων,

1955 4868 2103 4935 ἀλλά
2129 4880 2222 4933 καὶ
2244 4880 2343 4949 τῆς
2368 4876 2533 4947 άλλης
2554 4873 2841 4951 δυσκολίας
2868 4873 3015 4943 ἡμᾶς
3043 4866 3475 4926 ἀπαλλάττουσα.

2024 4968 2154 5020 HA’.
2170 4968 2228 5019 Ὁ
2248 4966 2344 5037 μὲν
2358 4963 2468 5035 7&9
2485 4962 2646 5034 μηδὲν
2663 4950 2799 5031 ἔχων
2812 4960 2886 5022 ὡς
2901 4958 2970 5011 τὰ
2986 4957 3161 5010 πάντα
3177 4953 3437 5022 κατέχων,
3449 4950 3620 5017 οὕτως

1956 5055 2213 5108 ἁπάντων
2252 5052 2601 5121 καταφρονεῖ,
2624 5048 2719 5100 καί⁸
2740 5044 3022 5116 παρρησίᾳ
3047 5042 3310 5112 κέχρηται
3340 5037 3505 5110 πολλῇ
3524 5039 3619 5092 καὶ

1956 5142 2092 5213 πρὸς
2117 5142 2383 5212 ἄρχοντας
2408 5137 2503 5191 καὶ
2532 5136 2667 5205 πρὸς
2687 5132 2952 5192 δυνάστας
2981 5130 3077 5182 καὶ
3101 5127 3238 5199 πρὸς
3256 5125 3530 5213 αὐτὸνΊτὸν

1953 5211 2192 5298 διάδημα
2234 5223 2637 5294 περικείμενον.
2683 5220 2740 5273 '0
2777 5217 3075 5290 χρημάτων
3126 5211 3479 5284 καταφρονῶν
3514 5211 3619 5283 ὁδῷ

1953 5313 2263 5385 προϐαίνων
2281 5311 2373 5364 καὶ
2396 5308 2627 5365 θανάτου
2655 5306 3056 5378 καταφρονήσει
3084 5301 3277 5374 ῥᾳδίως
3292 5316 3307 5332 ο
3331 5300 3535 5353 τούτων
3560 5299 3621 5355 δι

1953 5382 2242 5472 γενόμενος
2280 5397 2539 5468 ἀνωτέρω
2575 5397 2708 5449 πᾶσι
2768 5392 2906 5464 μετά
2933 5410 3006 5445 πα
3016 5388 3242 5463 ρρησίας
3293 5385 3616 5455 διαλέξεται,

1952 5490 2144 5543 οὐδένα
2165 5486 2418 5548 δεδοικὼς
2446 5483 2568 5537 οὐδέ
2595 5482 2834 5554 τρέμων.
2872 5479 2930 5534 '0
2955 5479 3012 5533 δέ
3031 5478 3161 5549 περὶ
3181 5477 3437 5548 χρήματα
3459 5475 3621 5545 ὴσχο-

1952 5577 2018 5649 λη
2028 5577 2186 5649 μένος
2213 5575 2276 5628 οὑ
2305 5572 2603 5645 χρημάτων
2621 5568 2738 5624 ἐστὶ
2770 5569 2928 5639 μόνον
2955 5565 3158 5629 δοῦλος,
3185 5563 3321 5617 ἀλλά
3338 5561 3436 5617 καὶ
3462 5560 3621 5649 ὤξης

1954 5647 2050 5719 καί
2076 5662 2242 5735 τιμῆς
2268 5663 2365 5716 καὶ
2390 5661 2490 5730 τῆς
2513 5657 2792 5730 παρούσης
2834 5653 2981 5724 ζωῆς
3002 5693 3017 5719 ,
3049 5652 3142 5706 καὶ
3182 5651 3399 5705 πάντων
3431 5647 3619 5713 ἁπλῶς

2016 5748 2046 5829 ξ
2071 5751 2224 5829 ξανὶι.
2391 5738 2754 5820 ληνῶνξξίοηιί.
2781 5743 2891 5793 οὐδὲ
2908 5741 3167 5829 λειμώνων.
3194 5736 3331 5787 Enn.

2020 5815 2044 5843 ε
2076 5812 2198 5870 Reg.
2221 5811 2317 5857 τῶν
2343 5810 2525 5870 θνητῶν
2541 5806 2737 5870 τούτων.

2024 5872 2052 5912 ιι
2073 5857 2299 5932 ἔὶἷίὶθε.
2324 5872 2378 5920 et
2399 5857 2550 5918 Savil.
2575 5867 2640 5917 At
2664 5866 2875 5918 Planlin.
2903 5866 2957 5913 et
2979 5859 3152 5911 Morel.
3177 5857 3278 5920 ῥίζα
