4016 6154
419 316 526 374 593

414 433 589 486 είπεῖν
607 429 714 486 τῶν
736 428 1025 501 βιωτικῶν.
1049 427 1150 481 Διὰ
1179 427 1335 483 τοῦτο
1374 427 1531 497 ῥίζαν
1566 424 1730 496 αὐτὴν
1749 424 1867 479 ,τῶν
1894 423 2080 478 κακῶν

412 517 634 571 πάντων
659 518 688 570 6
711 515 924 580 Παῦλος
969 514 1249 569 ἐκάλεσεν.
1297 513 1458 566 Ἀλλά
1496 513 1701 583 ταύτην
1735 511 1894 581 ίκανὴ
1926 509 2088 580 ξηρά·-

414 622 504 659 ναι
535 603 634 675 τὴν
657 602 814 673 ῥίζαν
837 601 1178 675 ὴᾼπαρθενία,
1209 600 1302 653 καὶ
1323 599 1518 670 ἑτέραν
1543 600 1675 670 ἡμῖν
1701 596 1937 652 ἐνθεῖναι
1988 594 2088 666 τὴν

414 672 668 763 ἀρίστην,
690 689 787 761 τὴν
807 672 1023 743 ἅπαντα
1051 687 1461 758 βλαστάνουσαν
1477 684 1544 738 τά
1565 684 1725 748 καλά,
1754 679 2086 751 ἐλευθερίαν,

416 781 752 853 παρρησίαν,
783 777 1032 850 ἀνδρείαν
1052 817 1068 842 ,
1100 775 1260 847 ζῆλον
1302 773 1719 845 πεπυρωμένον,
1763 771 1948 844 ἔρωτα
1978 769 2088 822 τῶν

416 867 683 938 οὐρανίων
706 865 908 937 θερμὸν
926 904 941 930 ,
977 863 1278 934 ὑπεροψίαν
1304 863 1519 917 πάντων
1553 860 1660 915 τῶν
1691 860 1784 913 ἐπὶ
1822 859 1921 927 τῆς
1948 858 2052 929 γῆς
2075 873 2088 886 ·

418 942 560 1011 οὕτω
589 954 650 1009 16
677 954 1009 1023 Εὔσχημον
1047 951 1145 1005 καὶ
1174 949 1590 1019 εὑπρόσεδρον
1612 948 1847 1017 γίνεται.

488 1074 616 1132 IIB’.
633 1075 794 1130 'A116
816 1075 902 1139 τίς
924 1077 953 1129 6
972 1074 1135 1144 σοφὸς
1160 1074 1269 1127 τῶν
1288 1071 1497 1127 πολλῶν
1520 1070 1704 1138 λόγος;
1745 1069 1802 1121 '0
1824 1065 2089 1138 πατριάρ-

419 1182 544 1236 χης.
562 1163 1003 1237 φησὶν,Ἀ6ραάμ
1017 1164 1109 1216 καὶ
1126 1164 1358 1230 γυναῖκα
1372 1156 1506 1230 εἶχε,
1524 1160 1618 1212 καὶ
1632 1157 1845 1221 παῖδας,
1859 1155 1953 1210 καὶ
1966 1157 2093 1227 χρή-

424 1271 589 1325 ματα,
614 1253 708 1306 καὶ
732 1251 980 1322 ποίμνια,
996 1251 1092 1305 καὶ
1122 1249 1388 1319 βουκόλια·
1416 1248 1508 1301 καὶ
1540 1245 1680 1317 μετά
1704 1246 1882 1298 πάντα
1907 1244 2092 1296 ἐκεῖνα

432 1340 708 1409 Ἰωάννης,
726 1340 753 1391 ὃ
770 1355 831 1391 τε
852 1335 1184 1407 Βαπτιστὴς,
1209 1337 1237 1389 ὅ
1259 1353 1318 1388 τε
1341 1330 1766 1402 Εὑαγγελιστὴς,
1784 1328 1932 1402 [555]
1951 1345 2093 1400 παρ-

422 1425 567 1481 θένοι
586 1426 885 1498 ἀμφότεροι
905 1424 1282 1495 τυγχάνοντες,
1307 1423 1400 1476 καὶ
1416 1419 1626 1483 Παῦλος
1654 1419 1751 1474 καὶ
1779 1418 1983 1488 Πέτρος
2000 1417 2094 1469 ἐπὶ¹

420 1517 523 1585 τῆς
552 1514 877 1586 ἐγκρατείας
904 1512 1326 1583 διαλάμψαντες,
1361 1510 1442 1573 είς
1464 1509 1591 1572 τοὺς
1622 1507 1831 1561 ἐκείνου
1860 1504 2094 1568 κόλπους

421 1602 675 1675 εὔχονται
712 1602 910 1656 ἐλθεῖν.
944 1602 1041 1664 Τίς
1073 1617 1155 1654 σοι
1172 1599 1332 1653 τοῦτο
1357 1593 1528 1662 εἷπεν,
1557 1590 1604 1650 ὦ
1652 1594 1918 1666 βέλτιστε,
1944 1595 2094 1655 ποῖος

422 1691 733 1762 προφήτης,
762 1691 845 1753 τίς
865 1688 1291 1758 εὐαγγελιστής;
1337 1684 1530 1749 Αὐτὸς,
1570 1684 1758 1754 φησὶν,
1777 1684 1806 1736 6
1832 1680 2089 1753 Χριστός.

422 1779 529 1832 Τὸν
555 1778 665 1850 769
688 1777 1091 1847 ἑκατοντάρχην
1126 1772 1249 1827 ἰδὼν
1286 1770 1485 1843 πολλὴν
1508 1772 1704 1842 ἔχοντα
1742 1770 1945 1834 πίστιν,
1977 1768 2093 1820 ἐλε-

421 1883 519 1937 γεν
536 1883 551 1897 ο
578 1867 700 1920 ’Ότι
723 1866 940 1919 πολλοὶ
965 1863 1083 1918 ἀπὸ
1111 1860 1425 1918 ἀνατολῶν
1445 1860 1544 1914 καὶ
1562 1858 1820 1928 δυσμῶν
1845 1857 2088 1925 ἥξουσι,

420 1953 538 2009 καί
563 1950 1075 2019 ἀνακλιθήσονται
1112 1949 1264 2019 μετὰ
1321 1946 1569 2017 Ἀϐραὰμ
1607 1946 1705 2000 καὶ
1745 1944 1954 2001 Ἰσαὰκ
1996 1944 2091 1999 καὶ

419 2039 641 2096 Ἰακώϐ.
676 2040 786 2092 Καὶ
823 2039 1121 2109 όΛάζαρος
1143 2037 1200 2089 δέ
1252 2037 1368 2106 μετ’
1408 2034 1573 2089 αὑτοῦ
1605 2034 1725 2088 τότε
1748 2033 1942 2105 ὁρᾶται
1989 2031 2094 2085 ὑπὸ

419 2128 518 2182 τοῦ
551 2127 804 2181 πλουσίου
827 2123 1069 2197 τρυφῶν.
1093 2124 1205 2177 Καὶ
1229 2123 1280 2175 τί
1309 2121 1468 2175 τοῦτο
1504 2120 1641 2193 πρὸς
1691 2120 1924 2185 Παῦλον,
1956 2118 2010 2172 τί
2037 2117 2094 2189 δέ

423 2218 560 2290 πρὸς
583 2216 813 2288 Πέτρον,
844 2216 898 2268 τί
935 2215 993 2268 δὲ
1023 2214 1160 2285 πρὸς
1205 2214 1494 2284 Ἰωάννην;
1521 2213 1596 2265 Οὑ
1632 2211 1741 2282 γὰρ
1772 2211 1801 2263 6
1844 2210 2094 2281 Λάζαρος

421 2305 637 2367 Παῦλος
666 2305 759 2356 καὶ
797 2303 1049 2372 Ἰωάννης
1064 2297 1153 2373 ἦν,
1172 2301 1293 2354 οὑδὲ
1320 2302 1368 2354 οἱ
1386 2300 1572 2354 πολλοὶ
1601 2302 1650 2354 οἱ
1678 2300 1785 2353 ἀπὸ
1818 2296 2094 2352 ἀνατολῶν

423 2394 517 2448 καὶ
545 2390 763 2462 δυσμῶν
800 2393 829 2444 6
859 2389 967 2445 τῶν
995 2388 1307 2443 ἀποστόλων
1332 2384 1471 2459 ἦσαν
1491 2386 1674 2459 χορός.
1711 2387 1879 2439 Ὥστε
1903 2403 2095 2458 περιτ-

420 2480 514 2544 τὸς
548 2480 676 2549 ὑμῖν
715 2470 871 2541 οὗτος
911 2476 941 2528 6
982 2476 1140 2545 λόγος
1172 2475 1267 2528 καὶ
1299 2475 1544 2546 μάταιος.
1570 2476 1634 2527 Εἰ
1674 2473 1732 2526 δέ
1755 2472 1928 2536 θέλεις
1958 2473 2095 2538 ὅλως

421 2566 651 2622 ἀκοῦσαι
671 2566 739 2619 τὰ
763 2566 869 2619 τῶν
894 2564 1204 2618 ἀποστόλων
1237 2562 1467 2621 ἔπαθλα.
1486 2561 1719 2616 ἄκουσον
1743 2560 1839 2614 τοῦ
1874 2561 2095 2632 μέλλον-

420 2671 514 2718 τος
544 2652 686 2707 αὑτά
718 2652 947 2711 διδόναι,
980 2650 1233 2718 λέγοντος
1255 2666 1269 2680 ·
1315 2650 1653 2704 Καθίσεσθε
1683 2648 1784 2702 ἐπὶ
1806 2647 2037 2703 δώδεκα
2066 2663 2094 2693 ιι

420 2740 677 2809 θρόνους
703 2739 1012 2807 κρίνοντες
1038 2737 1147 2803 τὰς
1169 2735 1399 2791 δώδεκα
1427 2724 1627 2806 φυλάς
1665 2737 1773 2791 τοῦ
1823 2736 2092 2807 Ἰσραήλ.

419 2829 533 2882 Καὶ
562 2826 797 2897 οὐδαμοῦ
827 2823 1061 2879 ἐνταῦθα
1097 2827 1125 2878 6
1156 2823 1427 2895 Ἀϐραὰμ,
1467 2822 1592 2877 οὔτε
1637 2823 1665 2875 ό
1711 2823 1904 2878 τούτου
1940 2828 2091 2889 παῖς,

419 2915 541 2970 οὑδὲ
572 2916 601 2967 6
622 2914 831 2968 ἐκείνου
854 2953 870 2978 ,
902 2912 1026 2966 οὑδέ
1069 2911 1099 2963 6
1126 2911 1308 2982 λαχὼν
1343 2912 1540 2975 αὐτοὺς
1572 2911 1793 2981 κόλπος,
1824 2912 1940 2967 ἀλλ’
1968 2912 2095 2977 ἀξία

420 2999 601 3073 πολλῷ
632 3000 832 3072 μείζων
853 2999 1069 3071 ἐκείνης
1086 3016 1101 3031 ο
1121 3001 1249 3062 τοὺς
1266 2998 1375 3071 γὰρ
1391 2998 1616 3053 ἐκείνων
1645 2994 1789 3055 οὗτοι
1805 3000 2095 3055 καθεδοῦν-

419 3105 511 3144 ται
534 3087 845 3158 κρινοῦντες
873 3087 1149 3156 ἐκγόνους.
1185 3087 1259 3139 Οὑ
1285 3086 1468 3161 ,ταύτῃ
1494 3087 1554 3140 δὲ
1592 3088 1755 3158 μόνον
1792 3090 1826 3159 ἡ
1858 3088 2091 3161 διαφορά

418 3175 577 3247 δήλη,
604 3175 719 3229 ἀλλ’
744 3175 826 3228 ὅτι
853 3169 928 3229 ὧν
953 3175 1050 3245 μὲν
1067 3176 1095 3228 6
1128 3173 1379 3246 Ἀϐραὰμ
1407 3175 1564 3245 ἐτυχε
1588 3175 1773 3229 πολλοὶ
1786 3174 2087 3242 τεύξονται·

418 3263 647 3318 Πολλοί
683 3263 794 3333 γὰρ
837 3262 1214 3328 ἐλεύσονται,
1269 3264 1454 3333 φησιν,
1486 3262 1606 3316 ἀπὸ
1646 3262 1961 3322 ἀνατολῶν
1990 3264 2091 3320 καί

418 3349 687 3420 δυσμῶν,
710 3350 809 3404 καὶ
829 3348 1335 3418 ἀνακλιθήσονται
1352 3349 1497 3414 μετὰ
1515 3349 1763 3420 Ἀϐραὰμ
1777 3349 1878 3405 καί
1893 3351 2094 3413 Ἰσαὰκ

420 3437 519 3491 καὶ
540 3435 738 3490 Ἰακώό
751 3452 768 3468 ο
798 3436 906 3489 τῶν
929 3435 986 3488 δὲ
1014 3435 1216 3507 θρόνων
1241 3436 1463 3491 ἐκείνων
1483 3437 1657 3500 οὐδεὶς
1686 3437 1875 3510 ἐτερος
1901 3439 2095 3511 ἐπιλή-

418 3524 601 3595 ψεται,
625 3523 765 3578 6116
789 3523 947 3594 μόνος
974 3522 1003 3563 ι)
1027 3524 1057 3576 6
1078 3523 1187 3576 τῶν
1202 3522 1372 3591 ἁγίων
1391 3522 1596 3577 τούτων
1621 3525 1804 3596 χορός.
1836 3526 1953 3579 Ἔτ’
1977 3522 2091 3594 οῦν,

421 3611 544 3664 εἰπέ
567 3628 677 3681 μοι,
701 3609 964 3681 ποιμνίων
990 3609 1287 3680 μέμνησθε,
1309 3612 1404 3664 καὶ
1427 3610 1744 3681 βουκολίων,
1768 3613 2090 3685 καὶγάμων,

422 3699 521 3751 καὶ
542 3697 864 3762 παίδωνςΤί
900 3692 1013 3765 οὖν,
1050 3697 1237 3767 φησὶν,
1289 3698 1419 3752 ὅταν
1464 3698 1576 3751 τῶν
1602 3699 2094 3770 παρθενευσάντων

423 3783 610 3838 πολλοὶ
649 3784 786 3854 μετά
827 3783 953 3846 τοὺς
984 3783 1212 3849 πολλοὺς
1264 3784 1496 3857 ἱδρῶτας
1533 3784 1799 3856 εὔχωνται
1843 3790 2092 3862 χωρῆσαι

423 3871 569 3936 ἐκεῖ;
612 3868 753 3938 Ἐγὼ
777 3870 835 3923 δὲ
857 3869 1047 3924 τούτου
1078 3873 1259 3941 μεῖζον
1293 3872 1425 3944 ἐρῶ,
1455 3874 1538 3926 ὅτι
1579 3874 1764 3929 πολλοὶ
1808 3876 1917 3931 τῶν
1949 3895 2093 3950 παρ-

423 3957 792 4011 θενευσάντων
834 3957 956 4011 οὑδέ
993 3958 1220 4011 ἐκείνων
1274 3959 1646 4028 ἐπιτεύξονται
1688 3962 1798 4029 τῶν
1850 3965 2123 4032 κόλπων,“

422 4044 546 4100 οὐδὲ
568 4044 676 4098 τῶν
697 4045 1015 4111 ἐλαττόνων,
1037 4045 1152 4100 ἀλλ’
1178 4047 1258 4111 εἰς
1279 4047 1380 4118 τὴν
1399 4049 1623 4117 γέενναν
1654 4051 1823 4122 αὐτὴν
1855 4053 2092 4108 ἀπελεύ-

424 4157 629 4198 σονται.
676 4143 787 4196 Καὶ
813 4141 1067 4214 δηλοῦσιν
1093 4145 1148 4196 αἰ
1182 4142 1277 4198 τοῦ
1317 4144 1610 4216 νυμφῶνος
1644 4148 2089 4206 ἀποκλεισθεϊσαι

421 4238 704 4309 παρθένοι.
757 4234 882 4310 Ἆρ’
929 4236 1023 4294 οῦν
1070 4241 1223 4312 παρὰ
1252 4239 1412 4294 τοῦτο
1437 4242 1539 4314 τῆς
1591 4243 1890 4316 παρθενίας
1919 4243 2035 4310 ἴσος
2061 4249 2090 4301 6

422 4335 676 4413 γάμος,ἢ
701 4337 796 4389 καὶ
827 4337 1061 4408 χείρων;
1091 4338 1153 4391 16
1174 4339 1285 4411 769
1318 4340 1623 4412 ὑπόδειγμα
1651 4342 1713 4395 16
1740 4344 1831 4397 σὺν
1850 4342 1945 4396 καὶ
1973 4344 2089 4413 χεί-

426 4447 556 4502 ρονα
579 4431 748 4501 αὑτὴν
775 4437 937 4488 ποιεῖ.
970 4436 1034 4488 Et
1065 4435 1174 4507 769
1201 4439 1231 4490 6
1259 4437 1358 4507 μὲν
1377 4438 1712 4511 γεγαμηκὼς
1749 4441 2003 4513 Ἀϐραὰμ
2030 4443 2090 4497 ἐν

422 4521 606 4578 ἀνέσει
632 4525 727 4579 καὶ
750 4526 949 4594 τρυφῇ,
975 4526 1025 4578 οί
1049 4526 1107 4578 δὲ
1127 4528 1596 4599 παρθενεὺσαντες
1615 4532 1674 4585 ἐν
1696 4532 1913 4604 γεέννῃ,
1929 4532 2090 4587 τοῦτο

421 4620 669 4677 λείπεται
694 4621 838 4677 κατά
858 4621 948 4675 τὸν
965 4622 1227 4696 ὑμέτερον
1248 4627 1584 4684 ὑποπτεῦσαι
1613 4630 1792 4698 λόγον.
1828 4631 1968 4688 Ἀλλ’
1987 4634 2090 4687 οὑκ

422 4711 542 4767 ἐστι
570 4712 763 4778 ταῦτα,
792 4715 891 4768 οὐκ
913 4714 1085 4769 ἔστιν·
1119 4719 1181 4771 οὑ
1212 4719 1322 4791 γὰρ
1353 4720 1513 4790 μόνον
1545 4722 1647 4775 οὐκ
1667 4724 1924 4791 ἐλάττων,
1948 4724 2089 4780 άλλά

421 4815 519 4870 καὶ⁵
571 4815 749 4887 πολλῷ
776 4815 995 4887 βελτίων
1037 4819 1072 4889 ἡ
1110 4819 1385 4891 -παρθενία
1411 4820 1503 4875 τοῦ
1542 4822 1746 4894 γάμου.
1772 4825 1929 4892 Πῶς;
1961 4826 2086 4880 Ὀτι

420 4909 544 4965 οὔτε
575 4911 666 4966 16v
701 4912 951 4984 Ἀϐραάμ
968 4912 997 4965 6
1012 4913 1188 4984 γάμος
1208 4914 1447 4969 τοιοῦτον
1464 4917 1739 4988 ἐποίησεν,
1755 4917 1881 4972 οὔτε
1895 4921 1929 4990 η
1952 4936 2084 4990 παρ-

420 5006 573 5061 θενία
599 5007 700 5073 τὰς
726 5007 914 5073 ἀθλίας
940 5010 1155 5072 ἐκείνας
1188 5009 1496 5065 ἀπώλεσεν·
1531 5011 1675 5066 6116
1722 5014 1813 5068 καὶ
1847 5014 1937 5067 τὸν
1977 5031 2085 5068 πα-

418 5107 687 5179 τριάρχην
714 5109 750 5179 ἡ
782 5106 944 5179 λοιπὴ
990 5108 1090 5178 τῆς
1116 5107 1295 5179 ψυχῆς
1320 5109 1491 5183 ἀρετὴ
1514 5109 1768 5183 λαμπρὸν
1810 5112 2080 5181 ἀπέδειξε,

419 5204 517 5258 καὶ
546 5203 749 5269 ταύτας
772 5206 806 5276 ἡ
839 5203 1001 5276 λοιπὴ
1015 5203 1185 5259 κακία
1203 5204 1297 5258 τοῦ
1319 5203 1436 5275 βίου
1468 5205 1547 5275 τῷ
1576 5208 1711 5276 πυρὶ
1730 5207 2078 5278 παρέδωκεν.

432 5303 669 5368 Ἐκεῖνος
715 5304 813 5375 μὲν
857 5302 968 5377 γάρ
998 5304 1096 5359 καὶ
1126 5304 1187 5357 ἐν
1212 5303 1374 5375 γάμῳ
1405 5302 1515 5368 ζῶν
1551 5304 1852 5367 ἐσπούδασε
1887 5309 1959 5361 16
1980 5309 2082 5380 τῆς

420 5402 718 5474 παρθενίας
763 5403 1106 5476 κατορθῶσαι
1151 5402 1313 5469 καλὰ,
1361 5403 1424 5459 16
1451 5404 1778 5476 Εὔσχημον
1809 5406 1954 5477 λέγω
1979 5412 2079 5466 καὶ

479 5580 499 5605 ⁸
520 5581 724 5650 ηεξ-,ει
754 5582 907 5650 .SEYil-
937 5581 1197 5650 ίιξιηπεοε
1235 5603 1260 5627 σι
1290 5582 1445 5650 Ὑμεῖς
1468 5587 1528 5650 ,οῖ
1551 5584 1954 5650 ἀξολσυθὴςανεές
1977 5604 2074 5650 μοι.

410 5640 721 5711 δτανᾼκοῐθίσῃ
744 5640 1281 5711 όκϊῑρςμτρῦᾲὰνθριὶηιου
1308 5640 1383 5694 ἐπὶ
1402 5646 1563 5710 θρόνου
1600 5645 1735 5703 δόξης
1760 5640 2076 5711 αὐτοῦ,ἰὶαθέ

415 5704 579 5754 ίσεσθε
595 5704 675 5750 καὶ
695 5703 825 5763 ὑμεῖς
843 5705 919 5751 ἐπὶ
935 5706 1050 5752 δώδ.
1081 5726 1103 5749 υ

475 5764 509 5808 δ
529 5763 653 5827 Reg.
677 5765 780 5813 611’
802 5766 833 5822 ἢ
858 5781 1011 5827 μονος.

1186 312 1243 369 S.
1285 310 1570 367 JOANNIS
1607 306 2097 365 CIIRYSOSTOMI
2138 304 2461 360 ARCIIIEP.
2503 307 3047 365 CONSTANTINOP.

3739 319 3829 375 διε

2190 421 2596 491 εὐπρόσεδρον
2617 439 2630 454 ·
2656 418 2815 479 αὗται
2830 425 2887 479 δὲ
2912 427 3008 503 καὶ
3032 424 3341 499 παρθενίαν.
3357 426 3630 498 ἑλόμεναι,
3658 434 3734 495 εἰς
3751 438 3829 489 τὸν

2186 506 2281 561 τοῦ
2316 508 2433 578 βίου
2484 510 2733 565 κλύδωνα
2780 512 2871 566 καὶ
2908 512 3006 577 τὰς
3043 515 3103 567 ἐν
3143 512 3223 583 τῷ
3264 513 3427 585 γάμῳ
3471 518 3834 588 πραγματείας

2188 596 2521 652 κατέπεσαν.
2561 599 2627 651 Τί
2669 595 2763 655 οὖν
2799 599 3022 666 κωλύει,
3048 601 3202 670 φησὶ,
3238 602 3335 654 καὶ
3357 601 3450 655 νῦν
3476 604 3615 674 μετά
3639 605 3727 658 τοῦ
3755 607 3838 674 γά-

2192 700 2293 753 μου
2328 685 2422 739 καὶ
2448 685 2556 739 τῶν
2588 688 2793 742 παίδων
2819 690 2915 741 καὶ
2953 688 3063 741 τῶν
3101 690 3399 759 χρημάτων
3431 690 3526 743 καὶ
3545 689 3653 744 τῶν
3680 691 3835 749 ἄλλων

2186 770 2444 826 ἁπάντων
2477 772 2539 826 16
2565 773 2992 843 Εῠπρόσεδρον
3039 773 3336 839 διασῶσαι;
3372 774 3607 845 Πρῶτον
3643 775 3734 847 μὲν
3767 779 3839 832 ὅτι

2186 859 2364 923 οὐδεὶς
2403 860 2546 915 κατά
2582 861 2674 916 τὸν
2720 862 2972 933 Ἀϐραὰμ
3004 862 3132 926 νῦν,
3172 861 3288 916 ἀλλ’
3319 862 3441 916 οὐδὲ
3487 862 3630 917 κατά
3660 866 3840 937 μικρὸν

2190 945 2379 1015 ἐγγύς.
2434 947 2546 1002 Καὶ
2591 948 2701 1020 γὰρ
2754 949 2865 1003 τῶν
2918 949 3307 1021 ἀκτημοσύνην
3357 950 3671 1024 ἀσκούντων
3723 953 3842 1023 μᾶλ-

2188 1034 2280 1088 λον
2313 1038 2521 1100 ἐκεῖνος
2565 1039 2865 1108 χρημάτων
2908 1038 3305 1110 κατεφρόνησε,
3357 1037 3605 1093 πλουτῶν
3630 1041 3720 1094 καὶ
3753 1057 3840 1109 γυ-

2189 1125 2353 1178 ναῖκα
2370 1123 2529 1193 ἔχων,
2554 1124 2649 1178 καὶ
2662 1125 2855 1195 ἡδονῆς
2884 1124 3083 1195 μᾶλλον
3103 1124 3214 1179 τῶν
3237 1124 3678 1195 παρθενευόντων
3700 1128 3843 1199 ἐκρά-

2190 1228 2294 1266 τει.
2341 1205 2502 1264 Οὗτοι
2539 1211 2640 1283 μέν
2683 1212 2792 1282 γὰρ
2825 1212 2948 1266 καθ’
2994 1212 3234 1284 ἐκάστην
3268 1213 3373 1266 ὑπὸ
3399 1214 3518 1285 ’τῆς
3567 1214 3843 1286 ἐπιθυμίας

2192 1299 2483 1368 φλέγονται
2516 1300 2616 1372 τὴν
2660 1300 2909 1373 ἡμέραν·
2943 1302 3151 1366 ἐκεῖνος
3197 1301 3256 1355 δὲ
3299 1301 3442 1355 οὕτω
3478 1301 3680 1374 ταύτην
3726 1321 3842 1358 κατ-

2192 1386 2410 1440 εσόέκει
2432 1386 2530 1459 τὴν
2563 1386 2756 1456 φλόγα,
2786 1389 2881 1442 καὶ
2905 1387 3133 1459 οὐδεμιᾷ
3171 1389 3475 1445 συνεδέδετο
3502 1380 3842 1463 προσπαθείᾳ,

2191 1474 2268 1537 ὡς
2296 1475 2370 1546 μὴ
2406 1476 2564 1546 μόνον
2581 1474 2731 1548 [554]
2759 1476 3096 1547 ἀποσχέσθαι
3124 1476 3226 1547 τῆς
3250 1477 3600 1543 παλλακίδος,
3620 1479 3749 1533 ἀλλά
3763 1482 3845 1534 καὶ

2192 1560 2440 1615 ἐκϐαλεῖν
2465 1563 2635 1635 αὐτὴν
2663 1564 2764 1634 τῆς
2794 1565 2971 1628 οἰκίας
2997 1565 3139 1635 ύπέρ
3160 1563 3254 1619 τοῦ
3284 1556 3468 1636 μάχης
3498 1567 3592 1619 καὶ
3628 1569 3845 1630 στάσεως

2194 1649 2376 1702 πᾶσαν
2404 1649 2660 1704 ὑπόθεσιν
2677 1650 2886 1705 ἀνελεῖν
2907 1669 2921 1684 ·
2950 1650 3046 1706 νῦν
3071 1653 3128 1705 δέ
3143 1652 3203 1707 οὑ
3224 1652 3432 1722 σφόδρα
3462 1653 3686 1707 εῦκολον
3707 1654 3845 1709 τοῦτο

2193 1737 2396 1809 εὑρεῖν.

2266 1858 2393 1913 III".
2411 1857 2523 1912 Καὶ
2538 1859 2706 1929 χωρὶς
2729 1858 2935 1913 τούτων
2951 1860 3030 1925 δὲ,
3060 1861 3198 1933 ὅπερ
3224 1863 3317 1916 καὶ
3343 1863 3645 1935 ἀρχόμενος
3662 1863 3845 1934 ἔλεγον,

2191 1947 2351 2001 τοῦτο
2389 1947 2484 2002 καὶ
2506 1947 2602 2001 νῦν
2626 1947 2755 2018 ἐρῶ,
2782 1950 2864 2001 ὅτι
2898 1952 2962 2001 οὑ
2994 1949 3056 2002 16
3087 1950 3220 2002 αὐτὸ
3253 1951 3351 2021 τῆς
3379 1952 3581 2022 ἀρετῆς
3609 1952 3848 2007 ἀπαιτού-

2197 2036 2338 2106 μεθα
2373 2036 2568 2106 μέτρον
2599 2037 2763 2105 ἡμεῖς
2794 2053 2852 2087 τε
2884 2036 3146 2091 κάκεῖνοι.
3204 2036 3319 2091 Νῦν
3342 2038 3463 2115 ,μὲν
3499 2039 3606 2109 γὰρ
3637 2039 3729 2092 οὑκ
3749 2039 3849 2093 ἐστι

2192 2124 2394 2177 τέλειον
2416 2120 2554 2177 εἶναι
2580 2124 2655 2195 μὴ
2706 2123 2885 2177 πάντα
2921 2123 3270 2196 πωλήσαντα,
3305 2126 3378 2198 μὴ
3406 2127 3576 2180 πᾶσιν
3593 2128 3846 2194 ἀποταξά-
3958 2140 3959 2159 ‘

2197 2229 2379 2283 μενον,
2413 2213 2476 2264 οὑ
2505 2213 2747 2287 χρήμασι
2779 2211 2925 2278 λέγω
2968 2213 3128 2281 μόνον
3156 2212 3252 2265 καὶ
3280 2214 3448 2285 οἰκίᾳ,
3487 2214 3625 2269 ἀλλά
3663 2216 3751 2269 καὶ
3792 2218 3849 2287 τῇ

2192 2299 2336 2371 ψυχῇ
2366 2302 2433 2371 τῇ
2454 2286 2667 2352 ἐαυτοῦ·
2696 2299 2819 2353 τότε
2843 2298 2902 2352 δέ
2944 2298 3097 2352 οὔπω
3133 2300 3401 2372 τοσαύτης
3429 2303 3713 2373 ἀκριὸείας
3741 2304 3848 2356 ἐπί-

2192 2387 2356 2455 δειξις
2399 2383 2489 2460 ἦν.
2518 2387 2584 2439 Τί
2607 2380 2736 2452 οὗνς
2786 2386 3177 2459 ἀκριϐέστερον
3226 2392 3410 2459 ἡμεῖς,
3456 2390 3615 2463 φησὶ,
3648 2390 3736 2445 τοῦ
3761 2408 3850 2444 πα-

2191 2476 2454 2549 τριάρχου
2489 2474 2709 2546 βιοῦμεν
2732 2473 2863 2540 νῦν;
2893 2475 3211 2546 Ὠφείλομεν
3242 2476 3362 2547 μὲν,
3394 2478 3670 2532 καὶτοῦτο
3695 2480 3849 2532 ἐπιτε-

2191 2563 2463 2634 τάγμεθα,
2497 2563 2559 2615 οὐ
2585 2561 2806 2634 βιοῦμεν
2830 2561 2907 2615 δέ·
2940 2564 3035 2616 καὶ
3071 2563 3159 2616 διὰ
3185 2564 3344 2618 τοῦτο
3375 2564 3513 2618 πολὺ
3544 2566 3638 2619 τοῦ
3659 2566 3847 2621 δικαίου

2192 2650 2488 2721 λειπόμεθα
2515 2662 2565 2690 ει·
2585 2650 2708 2703 ἐπεὶ
2740 2650 2824 2704 ὅτι
2847 2666 2910 2718 γε
2936 2649 3159 2720 μείζονα
3179 2652 3310 2721 ἡμῖν
3328 2650 3398 2704 τά
3426 2653 3722 2725 σκάμματα
3738 2654 3851 2724 1:96-

2193 2757 2389 2802 κειται,
2450 2737 2613 2792 παντί
2656 2754 2757 2790 που
2804 2736 2963 2810 δῆλόν
3001 2739 3137 2792 ἐστι.
3171 2737 3272 2791 Διά
3306 2737 3466 2792 τοῦτο
3496 2741 3596 2794 καὶ
3623 2741 3708 2794 τὸν
3742 2740 3851 2794 Νῶε

2193 2826 2546 2898 θαυμάζουσα
2574 2827 2608 2896 ἡ
2634 2825 2826 2897 Γραφὴ
2854 2825 2953 2896 οὑχ
2987 2823 3174 2889 ἁπλῶς
3201 2825 3359 2879 τοῦτο
3386 2830 3562 2895 ποιεῖ,
3587 2829 3719 2882 ἀλλὰ
3736 2827 3857 2900 μετά

2192 2915 2513 2987 προσθήκης
2541 2913 2705 2976 τινός.
2734 2912 2864 2967 Νῶε
2881 2913 3012 2985 γὰρ,
3044 2912 3200 2984 φησὶ,
3248 2913 3501 2981 δίκαιος,
3528 2916 3759 2982 τέλειος
3783 2915 3857 2969 ὢν

2192 3003 2263 3057 ἐν
2280 3001 2355 3072 τῇ
2389 2998 2564 3072 γενεᾷ
2581 3000 2788 3066 αὐτοῦ,
2812 2998 2894 3067 τῷ
2924 3000 3047 3067 Θεῷ
3078 3001 3510 3070 εὺηρέστησεν.
3550 3005 3661 3075 Οὐχ
3691 3004 3857 3069 ἁπλῶς

2190 3090 2415 3155 τέλειος,
2457 3089 2571 3143 ἀλλ’
2597 3091 2655 3141 ἐν
2675 3088 2753 3155 τῷ
2787 3087 2909 3141 τότε
2944 3088 3140 3159 καιρῷ·
3188 3088 3373 3143 πολλοὶ
3402 3088 3513 3163 γὰρ
3533 3092 3858 3164 τελειότητος

2190 3177 2383 3249 τρόποι
2415 3175 2554 3229 κατά
2575 3174 2864 3247 διαφόρους
2887 3175 3182 3246 ὡρισμένοι
3198 3176 3444 3247 καιρούς·
3470 3180 3574 3232 καὶ
3610 3180 3715 3234 Τοῦ
3734 3181 3858 3248 χριί

2190 3281 2303 3319 νου
2331 3264 2778 3331 προκόπτοντος
2810 3262 2891 3317 τὸ·
2916 3262 3063 3316 ποτέ
3093 3263 3330 3318 τέλειον
3361 3266 3583 3334 ἀτελὲς
3616 3267 3858 3337 ὕστερον

2191 3352 2437 3422 γίνεται.
2464 3346 2589 3405 Οίόν
2618 3368 2672 3404 τι
2694 3349 2859 3419 λέγω·
2884 3350 3098 3415 Τέλειος
3119 3346 3187 3421 ἦν
3204 3369 3335 3406 ποτε
3362 3354 3392 3407 ό
3424 3354 3571 3408 κατά
3602 3356 3690 3409 τὸν
3711 3356 3857 3426 νόμον

2194 3438 2345 3509 βιῶν·
2390 3439 2454 3491 '0
2475 3438 2738 3504 ποιήσας
2765 3436 2876 3507 γὰρ
2904 3438 3076 3505 αὐτὰ,
3108 3439 3261 3511 φησὶ,
3293 3437 3532 3509 ζήσεται
3549 3442 3624 3497 ἐν
3646 3441 3853 3507 αὐτοῖς.

2193 3528 2308 3582 ἀλλ’
2332 3526 2504 3581 ἐλθὼν
2535 3529 2563 3581 6
2599 3525 2833 3597 Χριστὸς
2862 3524 3021 3580 τοῦτο
3068 3524 3131 3580 16
3175 3526 3381 3581 τέλειον
3426 3529 3632 3598 ἔδειξεν
3659 3530 3854 3592 ἀτελές.

2204 3614 2350 3669 Ἐὰν
2372 3613 2482 3685 γὰρ
2503 3612 2591 3683 μὴ
2613 3613 3013 3683 περισσεύσῃ,
3052 3613 3237 3682 φησὶν,
3266 3613 3304 3682 ἡ
3328 3614 3682 3686 δικαιοσύνη
3705 3617 3857 3687 ὑμῶν

2192 3702 2405 3758 πλεῖον
2428 3701 2547 3755 τῶν
2574 3701 2960 3771 γραμματέων
2983 3700 3083 3754 καί
3098 3702 3457 3769 Φαρισαίων,
3473 3706 3546 3758 οὐ
3561 3705 3649 3774 μὴ
3676 3705 3858 3759 εἰσέλ-

2192 3792 2333 3857 θητε
2353 3790 2441 3854 εὶς
2460 3787 2576 3854 τὴν
2597 3787 2927 3852 βασιλειαν
2961 3786 3082 3842 τῶν
3111 3786 3401 3856 οὐρανῶν.
3420 3790 3558 3849 Τότε
3590 3791 3740 3860 φόνος
3755 3790 3857 3842 ἐδό-

2190 3894 2277 3929 κει
2308 3874 2468 3947 μόνον
2487 3872 2626 3929 εἷναι
2654 3874 2845 3938 δεινὸν,
2877 3873 2975 3928 νῦν
3001 3875 3165 3930 δὲκαὶ
3190 3877 3330 3948 ὀργὴ
3359 3878 3454 3931 καὶ
3469 3876 3704 3950 λοιδορία
3729 3878 3852 3949 μόνη

2189 3967 2255 4035 τῇ
2295 3964 2488 4034 γεέννῃ
2526 3961 2894 4034 παραπέμψαι
2924 3962 3125 4016 δύναιτ’
3158 3965 3244 4019 ἄν·
3273 3965 3396 4018 τότε
3429 3968 3650 4036 μοιχεία
3673 3965 3853 4020 ἐκολά-

2190 4051 2313 4116 ζετο
2348 4051 2529 4122 μόνον,
2551 4050 2647 4105 νῦν
2671 4051 2731 4106 δέ
2758 4052 2855 4105 καὶ
2877 4051 2938 4105 τὸ
2957 4051 3277 4116 ἀκολάστοις
3296 4053 3599 4125 ὀφθαλμοῖς
3634 4057 3853 4124 γυναῖκα

2193 4138 2322 4193 ίδεῖν
2370 4140 2470 4193 οὑκ
2498 4138 2841 4209 ἀπήλλακται
2887 4140 3180 4211 τιμωρίας·
3210 4140 3330 4194 τότε
3371 4143 3404 4212 ἡ
3442 4142 3699 4214 ἐπιορκία
3727 4142 3853 4214 μόνη

2189 4221 2258 4298 ἦν
2280 4227 2345 4280 ἐκ
2372 4225 2465 4279 τοῦ
2493 4224 2760 4297 Πονηροῦ,
2778 4225 2873 4280 νῦν
2899 4225 2957 4278 δὲ
2978 4227 3073 4280 καὶ
3102 4227 3162 4280 16
3184 4227 3403 4297 ὀμόσαι·
3438 4228 3513 4283 Τὸ
3536 4230 3647 4303 769
3661 4244 3856 4300 περισ-

2189 4315 2327 4380 σόν,
2346 4315 2501 4384 φησὶ,
2532 4314 2758 4367 τούτων
2775 4313 2845 4367 ἐκ
2870 4313 2976 4367 τοῦ
2989 4314 3264 4383 Πυνηροῦ
3288 4315 3478 4370 ἐστιν.
3506 4318 3672 4372 Οὑδέν
3700 4316 3853 4371 πλέον

2188 4398 2495 4472 ἀπῃτοῦντο
2523 4399 2572 4450 οί
2605 4398 2746 4463 τότε,
2787 4397 2820 4469 ἢ
2851 4397 2912 4451 τὸ
2948 4399 3075 4462 τοὺς
3104 4399 3392 4468 φιλοῦντας
3416 4403 3656 4474 ἀγαπᾷν·
3694 4401 3848 4457 νῦνδὲ

2187 4486 2249 4539 16
2279 4486 2422 4555 μέγα
2437 4484 2594 4538 τοῦτο
2622 4485 2717 4537 καὶ
2742 4484 3055 4554 θαυμαστὸν
3082 4484 3255 4550 οὕτως
3272 4487 3417 4540 ἐστὶν
3442 4488 3650 4552 ἀτελὲς,
3674 4487 3748 4551 ὡς
3764 4485 3854 4540 καὶ

2190 4579 2327 4651 μετὰ
2360 4580 2458 4648 τὴν
2482 4576 2818 4648 κατόρθωσιν
2839 4578 3006 4632 αὑτοῦ
3032 4579 3199 4650 μηδὲν
3225 4580 3562 4659 πλέονὶἠμᾶς
3589 4581 3732 4653 ἔχειν
3750 4579 3855 4633 τῶν

2185 4672 2454 4727 τελωνῶν.

2240 4788 2363 4845 HA'.
2377 4788 2659 4859 Τίδήποτε
2672 4784 2765 4842 οὖν
2777 4788 2887 4843 τῶν
2897 4789 3077 4846 αὐτῶν
3096 4790 3539 4863 κατορθωμάτων
3551 4796 3648 4865 οὑχ
3657 4797 3685 4849 6
3697 4793 3851 4857 αὑτὸς

2185 4892 2359 4943 κεῖται
2391 4889 2579 4958 μισθὸς
2610 4890 2742 4960 ἡμῖν
2763 4889 2863 4943 καὶ
2887 4891 3000 4954 τοῖς
3033 4892 3091 4944 ἐν
3122 4894 3189 4964 τῇ
3218 4893 3451 4964 Παλαιᾷ,
3477 4894 3614 4948 ἀλλά
3635 4894 3849 4966 μείζονα

2185 4986 2586 5041 ἐπιδείκνυσθαι
2624 4986 2705 5041 δεῖ
2742 4988 2841 5058 τὴν
2869 4987 3090 5058 ἀρετὴν,
3127 4990 3178 5043 εί
3213 4986 3504 5061 μέλλοιμεν
3535 4991 3644 5046 τῶν
3677 4990 3855 5045 αὐτῶν

2184 5083 2413 5146 ἐκείνοις
2440 5084 2763 5153 τυγχάνειν;
2797 5085 2919 5138 Ὀτι
2947 5085 3118 5158 πολλὴ
3146 5086 3294 5159 ἢτοῦ
3326 5087 3645 5161 Πνεύματος
3693 5084 3849 5159 χάριξ

2184 5177 2475 5249 ἐκκέχυται
2507 5176 2623 5242 νῦν,
2653 5180 2748 5232 καὶ
2783 5180 2995 5252 μεγάλη
3021 5182 3121 5253 τῆς
3163 5180 3260 5236 τοῦ
3284 5184 3521 5255 Χριστοῦ
3555 5183 3849 5255 παρουσίας

2182 5280 2220 5351 ἡ
2238 5279 2436 5352 δωρεά·
2467 5280 2665 5352 ἄνδρας
2703 5280 2812 5353 769
2840 5281 2983 5356 αὕτη
3013 5283 3250 5349 τελείους
3281 5286 3403 5340 ἀντί
3429 5287 3638 5357 νηπίων
3664 5285 3849 5354 ἐποίη-

2184 5395 2294 5433 σεν.
2318 5379 2529 5450 Ὠσπερ
2548 5375 2647 5435 οὖν
2666 5381 2826 5452 ἡμεῖς
2845 5383 2973 5448 τοὺς
3002 5383 3203 5453 παῖδας,
3218 5386 3347 5449 τοὺς
3373 5385 3695 5459 ἡμετέρους,
3723 5386 3851 5440 ὅταν

2181 5479 2454 5551 ἡϐήσωσι,
2484 5481 2666 5554 πολλῷ
2683 5482 2905 5554 μείζονα
2931 5486 3275 5558 ἀπαιτοῦμεν
3326 5487 3397 5542 16
3427 5487 3847 5560 κατορθώματα,

2180 5582 2274 5636 καὶ
2306 5582 2343 5637 ἃ
2376 5584 2665 5650 ποιοῦντας
2688 5587 2954 5661 πρότερον
2987 5589 3296 5663 ἐπῃνοῦμεν
3324 5590 3467 5647 κατά
3496 5591 3595 5664 τὴν
3629 5588 3846 5663 πρώτην

2239 5781 2264 5809 ⁸
2288 5779 2387 5829 Alli
2412 5782 2779 5849 ἀπολειπόμεθα.
