4016 6154
329 330 442 386 sas
1417 399 1442 415 _

320 459 442 501 non
468 460 630 516 opum
656 453 866 501 tantum
897 444 1215 516 mancipium
1245 453 1360 510 est,
1391 446 1485 500 sed
1521 445 1679 501 etiam
1708 446 1920 518 glorim,

282 577 290 584 ο
326 539 588 603 "honoris,
620 538 903 607 pmsentis
927 537 1076 601 vitm,
1105 546 1263 608 atque
1289 545 1349 592 ut
1381 537 1548 592 semel
1574 538 1777 602 dicam,
1809 553 1928 593 om-

329 631 483 685 nium
503 645 625 700 qua:
649 629 716 683 ad
735 631 899 684 vitam
924 630 1209 699 pertinent.
1234 629 1416 700 Itaque
1439 631 1713 685 avaritiam
1737 631 1928 688 Paulus

325 723 596 777 malorum
639 723 878 778 omnium
914 724 1146 778 radicem
1174 724 1310 779 dixit
1335 726 1386 791 (I
1420 724 1550 779 Tim.
1579 725 1633 782 6.
1677 727 1787 796 10).
1819 726 1927 782 Ve-

323 828 450 866 rum
478 822 534 866 et
562 813 700 869 hanc
723 813 959 869 radicem
987 815 1264 884 virginitas
1289 816 1429 886 potis
1454 825 1538 872 est
1561 818 1848 885 exsiccare,
1875 829 1930 876 et

331 904 493 959 aliam
526 906 781 974 optimam
810 906 965 961 nobis
994 906 1178 962 indere
1201 949 1216 973 ,
1246 907 1387 962 unde
1414 906 1555 963 bona
1585 909 1762 964 omnia
1805 910 1927 980 pul-

325 997 525 1064 iulent,
547 998 788 1065 libertas,
820 998 1030 1063 ﬁducia,
1054 998 1330 1067 fortitudo,
1360 999 1506 1054 zelus
1531 999 1744 1067 ardens,
1773 1001 1932 1056 cccle-

317 1090 495 1143 stium
527 1089 739 1156 fervens
775 1105 961 1156 amor,
991 1092 1321 1147 terrestrium
1357 1092 1596 1148 omnium
1623 1093 1927 1164 deSpectus.

322 1179 412 1233 lla
439 1179 673 1234 honestas
701 1190 746 1235 et
776 1181 958 1235 decora
985 1181 1256 1237 assiduitas
1286 1193 1522 1252 paratur.

405 1270 672 1326 LXXXII.
713 1271 902 1326 Contra
934 1289 1018 1327 eos
1061 1273 1149 1344 qui
1191 1272 1366 1327 dicunt
1409 1283 1585 1343 optare
1621 1274 1834 1344 virgines
1876 1275 1930 1330 in

333 1363 618 1417 Abrahami
659 1365 828 1418 sinum
857 1366 1043 1419 venire.
1070 1393 1145 1406 —
1170 1365 1275 1422 Sed
1303 1382 1422 1437 quae
1458 1375 1542 1421 est
1580 1366 1695 1421 hare
1733 1369 1928 1423 multos

328 1471 457 1510 rum
493 1455 707 1525 sapiens
746 1457 950 1511 oratio?
978 1456 1285 1512 Patriarcha
1303 1499 1318 1523 ,
1347 1458 1518 1527 inquit
1537 1499 1553 1518 ,
1583 1457 1851 1513 Abraham
1877 1469 1933 1516 et

325 1559 562 1600 uxorem
592 1545 807 1611 habuit,
836 1556 890 1601 et
914 1547 1113 1602 liberos
1132 1589 1148 1615 ,
1172 1558 1226 1603 et
1249 1563 1409 1618 Opes,
1433 1558 1488 1604 et
1511 1563 1729 1620 greges,
1758 1559 1814 1606 et
1839 1566 1930 1606 ar-

337 1647 518 1692 menta
548 1655 562 1690 :
591 1651 654 1693 ac
683 1647 801 1707 post
829 1653 892 1693 ea
917 1639 1097 1693 omnia
1121 1639 1353 1695 Joannes
1381 1648 1490 1695 tum
1527 1641 1786 1711 Baptista,
1816 1652 1930 1698 tum

329 1726 677 1796 Evangelista
702 1769 716 1792 ,
754 1735 981 1798 uterque
1015 1729 1199 1798 virgo,
1237 1735 1292 1783 et
1336 1729 1530 1786 Paulus
1558 1739 1716 1802 atque
1742 1731 1932 1789 Petrus

327 1816 665 1870 continentia
697 1817 962 1884 illustres,
995 1819 1047 1871 in
1074 1820 1189 1889 ejus
1215 1819 1389 1875 sinum
1417 1822 1603 1876 venire
1629 1831 1832 1892 optant.
1863 1824 1934 1879 Et

339 1906 461 1975 quis
503 1915 678 1960 autem
723 1907 817 1960 tibi
865 1908 914 1961 id
954 1908 1120 1975 dixit,
1164 1909 1304 1966 boue
1331 1912 1451 1966 vir?
1476 1913 1593 1982 quis
1630 1914 1934 1984 propheta?

336 1996 459 2065 quis
483 1999 847 2067 evangelista?
875 1997 990 2069 Ipse
1011 2041 1024 2065 ,
1057 2000 1262 2071 inquit,
1291 2001 1554 2058 Christus.
1585 2003 1718 2059 Nam
1745 2013 1933 2061 centu-

339 2089 548 2144 rionem
585 2089 774 2145 videns
814 2105 1020 2147 summa
1061 2091 1255 2148 fiducia
1289 2094 1605 2164 prmditum,
1633 2097 1708 2151 ait
1736 2113 1750 2152 :
1779 2097 1936 2152 Multi

338 2183 402 2234 ab
425 2179 636 2236 Oriente
659 2191 705 2235 et
729 2181 1002 2237 Occidente
1025 2185 1240 2249 venient,
1263 2193 1310 2238 et
1332 2190 1619 2240 recuntbent
1639 2204 1752 2241 cum
1773 2187 1938 2243 Abra-

344 2271 461 2324 ham
489 2281 537 2325 et
568 2270 717 2325 Isaac
742 2280 788 2326 et
817 2271 978 2325 Jacob
1008 2271 1231 2343 (Matth.
1277 2274 1330 2328 8.
1372 2275 1498 2345 11).
1539 2275 1674 2343 Quin
1701 2276 1934 2334 Lazarus

328 2365 472 2453 eum.
495 2367 568 2453 eo
607 2364 736 2453 tum
763 2357 1029 2418 delicians
1063 2378 1095 2417 a
1124 2364 1292 2422 divite
1323 2367 1540 2424 videtur
1597 2371 1748 2442 (Luc.
1786 2376 1853 2430 16
1875 2375 1931 2453 ι..

329 2441 473 2508 Quid
494 2444 597 2500 hoc
617 2447 684 2501 ad
701 2446 962 2505 Paulum?
979 2454 1111 2520 quid
1128 2455 1197 2510 ad
1212 2456 1476 2514 Petrum?
1502 2441 1634 2527 quid
1657 2464 1722 2517 ad
1751 2441 1912 2521 Joan:

335 2528 506 2583 nem?
551 2544 725 2598 neque
759 2532 902 2584 enim
946 2540 1038 2586 aut
1079 2533 1312 2588 Lazarus
1335 2575 1350 2602 ,
1391 2536 1586 2593 Paulus
1612 2553 1676 2594 ac
1700 2539 1933 2598 Joannes

331 2628 459 2671 erat
481 2659 499 2685 ,
528 2628 618 2674 aut
660 2621 813 2675 multi
840 2622 913 2676 illi
939 2623 1008 2677 ab
1033 2623 1250 2680 Oriente
1278 2635 1331 2681 et
1359 2627 1647 2686 Occidente
1666 2672 1684 2699 ,
1714 2641 1932 2702 aposto-

336 2708 513 2765 lorum
542 2710 742 2766 chorus
769 2722 943 2768 erant.
970 2714 1152 2785 Itaque
1180 2716 1294 2772 haec
1318 2719 1470 2772 vobis
1495 2734 1646 2775 cassa
1675 2731 1731 2777 et
1757 2722 1932 2779 inanis

333 2810 424 2855 est
449 2803 641 2858 oratio.
673 2804 824 2883 Quod
853 2806 898 2862 si
925 2809 1285 2878 apostolorum
1317 2813 1532 2880 praemia
1560 2814 1718 2883 plane
1746 2817 1933 2870 audire

1677 328 1767 384 DE
1808 325 2266 387 VIRGINITATE.

3511 348 3620 406 ΒΜ

2038 445 2259 518 degens,
2288 447 2605 520 virginitatis
2643 449 2799 506 bonis
2827 451 3068 525 perfungi
3095 454 3316 526 studuit,
3336 459 3622 530 Honestate,

2036 541 2248 610 inquam
2271 581 2288 609 ,
2323 551 2392 602 et,
2411 543 2597 598 decora
2639 545 2938 601 assiduitate
2966 563 2986 601 :
3015 548 3098 604 has
3122 549 3478 622 virginitatem
3504 571 3624 611 am-

2034 630 2204 700 plexas
2223 674 2239 700 ,
2272 633 2324 687 in
2351 633 2476 688 vita:
2516 637 2780 704 procellas
2803 647 2858 693 et
2895 641 3217 697 matrimonii
3247 647 3457 715 negotia
3487 650 3626 705 reci-

2034 723 2245 778 derunt.
2273 724 2407 794 Quid
2435 727 2614 797 igitur,
2639 727 2829 799 inquit,
2851 739 2905 786 et
2930 747 3072 788 nunc
3096 742 3240 789 vetat
3268 738 3539 808 maritum,
3564 756 3626 797 ac

2033 815 2217 870 liberis
2236 859 2250 882 ,
2276 818 2498 886 Opibus,
2527 822 2840 892 caeterisque
2868 825 3116 880 omnibus
3151 827 3466 885 instructum
3485 872 3503 901 ,
3535 833 3625 885 de-

2033 924 2204 961 coram
2238 909 2587 964 assiduitatem
2629 914 2802 968 tueri?
2841 915 3076 971 Primum
3108 919 3248 988 quod
3289 936 3449 978 nemo
3487 940 3626 978 nunc

2034 1013 2130 1068 par
2156 1010 2235 1054 est
2266 1001 2603 1068 Abrahamo,
2643 1006 2737 1060 sed
2777 1022 2877 1062 nec
2917 1023 3083 1078 parvo
3123 1011 3404 1069 intervallo
3442 1016 3625 1084 proxi-

2033 1105 2171 1146 mus.
2195 1090 2328 1146 Nam
2363 1093 2480 1159 ille,
2508 1095 2596 1162 qui
2625 1105 2678 1150 et
2702 1112 2834 1166 opes
2861 1108 2916 1153 et
2939 1115 3159 1155 uxorem
3186 1102 3436 1171 haberet,
3464 1106 3626 1164 etiam

2034 1183 2202 1252 magis
2233 1200 2390 1253 quam
2428 1186 2516 1253 qui
2557 1187 2786 1256 inOpiam
2827 1191 3175 1258 profiteantur
3210 1197 3460 1263 pecunias
3498 1213 3626 1254 con-

2038 1276 2269 1344 tempsit,
2292 1285 2348 1330 et
2367 1277 2691 1347 voluptatem
2714 1279 2903 1338 fortius
2926 1299 3085 1354 quam
3108 1287 3339 1356 virgines
3365 1290 3623 1347 cohibuit.

2035 1363 2101 1418 Ili
2140 1367 2280 1420 enim
2320 1369 2558 1435 quotidie
2598 1371 2903 1428 libidinibus
2941 1375 3168 1442 ardent;
3209 1379 3299 1434 ille
3335 1381 3468 1436 adeo
3507 1398 3626 1440 eam

2034 1455 2304 1511 flammam
2331 1460 2680 1528 exstinxerat,
2713 1479 2884 1531 neque
2905 1465 3010 1520 ulla
3036 1467 3322 1536 cupiditate
3341 1471 3627 1529 obstrictus

2038 1548 2334 1612 tenebatur,
2363 1557 2422 1602 ut
2449 1565 2556 1604 non
2582 1553 2752 1607 solum
2786 1554 2975 1624 pellice
3001 1557 3315 1628 abstineret,
3346 1563 3440 1617 sed
3467 1565 3625 1619 etiam

2035 1641 2196 1695 domo
2224 1654 2342 1694 eam
2379 1643 2634 1711 pelleret,
2670 1661 2776 1716 quo
2813 1647 2921 1702 litis
2959 1663 3022 1703 ac
3055 1649 3262 1706 dissidii
3291 1655 3626 1713 occasionem

2035 1747 2252 1787 onmem
2285 1733 2514 1790 tolleret.
2541 1736 2692 1804 Quod
2730 1739 2974 1808 equidem
3012 1756 3154 1797 nunc
3187 1741 3327 1798 haud
3354 1741 3508 1802 facile
3538 1763 3628 1802 re-

2037 1825 2215 1893 perire
2240 1834 2342 1878 est.

2108 1915 2394 1972 LXXXIII.
2428 1918 2549 1973 Non
2579 1922 2806 1975 eumdem
2830 1923 3027 1977 virtutis
3052 1924 3258 1978 modum
3288 1926 3428 1982 nobis
3451 1937 3500 1982 et
3524 1945 3624 1982 an-

2039 2007 2191 2077 tiquis
2217 2010 2529 2080 propositum
2557 2027 2679 2065 esse.
2698 2043 2769 2052 —
2788 2013 3052 2069 Praeterea
3073 2025 3274 2083 autem,
3298 2019 3437 2085 quod
3472 2020 3624 2074 initio

2037 2099 2279 2155 dicebam
2301 2142 2314 2165 ,
2345 2110 2399 2155 et
2427 2117 2569 2157 nunc
2594 2113 2832 2173 repetam
2856 2144 2872 2170 ,
2902 2120 3012 2159 non
3041 2107 3288 2160 eumdem
3315 2123 3345 2162 a
3371 2109 3524 2164 nobis
3549 2121 3631 2165 at-

2038 2205 2144 2259 que
2185 2189 2254 2244 ab
2300 2191 2388 2246 illa
2432 2192 2642 2246 virtutis
2689 2194 2907 2248 modum
2954 2196 3111 2266 exigi.
3158 2197 3432 2267 Siquidem
3486 2217 3628 2257 nunc

2038 2279 2334 2351 perfectum
2357 2297 2476 2338 esse
2503 2299 2609 2336 non
2641 2283 2788 2348 licet,
2820 2284 2922 2340 nisi
2952 2287 3202 2342 omnibus
3231 2289 3490 2357 venditis,
3522 2291 3627 2346 nisi

2043 2366 2299 2421 omnibus
2317 2365 2500 2420 valere
2517 2364 2686 2434 jussis
2709 2363 2933 2434 (Matth.
2957 2367 3042 2438 I9)
3062 2383 3169 2422 non
3191 2370 3387 2438 opibus
3411 2380 3623 2430 tantum

2043 2465 2100 2514 et
2120 2457 2351 2523 aedibus,
2375 2455 2470 2510 sed
2496 2456 2676 2508 anima
2703 2455 2869 2510 etiam
2891 2471 2990 2511 sua
3013 2476 3026 2512 :
3048 2467 3164 2513 tum
3187 2464 3428 2524 nondum
3458 2473 3622 2524 tanta:

2045 2548 2412 2604 accurationis
2435 2547 2712 2617 specimen
2737 2553 2875 2601 erat.
2901 2546 3044 2612 Quid
3070 2550 3276 2618 igitur?
3299 2554 3512 2624 inquit;
3538 2573 3624 2613 ac.

2045 2638 2290 2692 curatius
2329 2651 2476 2690 nunc
2509 2651 2673 2706 quam
2706 2637 3015 2705 patriarcha
3070 2641 3346 2698 vivimus?
3385 2645 3624 2703 Debere-

2037 2741 2154 2781 mus
2182 2737 2329 2782 certe
2349 2770 2364 2792 ,
2396 2739 2556 2800 atque
2601 2730 2654 2786 id
2691 2731 2966 2801 jubemur,
2996 2734 3090 2790 sed
3119 2751 3230 2790 non
3265 2747 3622 2807 praestamus:

2036 2818 2262 2889 ideoque
2289 2821 2446 2890 longe
2469 2838 2498 2876 a
2519 2823 2668 2892 justo
2699 2826 3076 2895 relinquimur.
3104 2827 3238 2883 Nam
3267 2830 3394 2899 quin
3421 2831 3622 2902 majora

333 2891 454 2956 vis,
498 2907 562 2948 ea
625 2879 960 2952 distributuri
1028 2879 1346 2955 sententiam
1402 2879 1583 2974 accipe
1619 2921 1632 2956 :
1683 2903 1959 2997 Sedebitisg
2036 2879 2194 2965 nobis
2233 2879 2538 2968 certamina
2571 2915 2838 2984 proposita
2858 2879 3027 2983 .sint,
3074 2919 3208 2974 nulli
3250 2879 3469 2976 djubium
3503 2879 3621 2978 ‘est.

333 2985 747 3082 super-thronos
785 2987 1052 3082 duodecim
1073 3032 1090 3059 ,
1127 2992 1422 3062 judicantes
1467 2996 1726 3050 duodecim
1774 2985 1954 3054 tribus‘
2033 3001 2216 3074 Itaque
2242 3003 2358 3059 Noe
2381 3005 2606 3061 laudans
2627 3006 2904 3077 Scriptura
2925 3050 2940 3076 ,
2971 3027 3078 3065 non
3109 3011 3423 3082 simpliciter
3456 3013 3510 3068 id
3542 3011 3622 3068 fa-

333 3071 534 3129 lsrael’
563 3076 780 3145 (Matth.
811 3079 902 3134 t9.
929 3079 1064 3150 28).
1103 3082 1373 3155 Nusquam
1406 3085 1493 3142 hic
1518 3096 1608 3142 aut
1634 3089 1927 3158 Abraham,

335 3175 429 3219 aut
451 3167 570 3235 ejus
596 3177 772 3236 natus,
798 3179 889 3225 aut
915 3187 1102 3242 nepos,
1134 3184 1224 3230 aut
1246 3177 1335 3246 qui
1355 3191 1448 3232 eos
1469 3179 1732 3248 acceperit
1757 3181 1927 3247 sinus,

333 3257 432 3311 sed
468 3257 706 3328 dignitas
750 3261 906 3333 longe
948 3263 1048 3320 hac
1092 3265 1415 3323 sublimior:
1452 3285 1576 3324 nam
1622 3270 1677 3325 hi
1715 3272 1928 3328 illorum

332 3355 579 3415 posteros
623 3349 911 3419 iudicaturi
964 3353 1243 3411 sedebunt.
1297 3357 1478 3428 Neque
1524 3360 1612 3415 hic
1653 3361 1929 3418 dumtaxat

332 3437 555 3494 evidens
579 3438 868 3497 discrimen
895 3453 1006 3510 est,
1039 3445 1136 3500 sed
1167 3449 1307 3518 quod
1333 3463 1455 3517 qua:
1482 3449 1816 3506 Abrahamus
1844 3461 1928 3506 est

333 3527 562 3598 adeptus
589 3531 745 3586 multi
773 3533 1186 3594 nanciscentur:
1217 3536 1370 3591 Multi
1400 3538 1542 3593 enim
1565 3581 1582 3605 ,
1624 3539 1827 3609 inquit,
1866 3541 1927 3595 ab

337 3616 550 3676 Oriente
581 3631 630 3677 et
664 3621 934 3679 Occidente
951 3627 1146 3680 venient
1167 3629 1210 3694 ’,
1249 3638 1296 3682 et
1329 3631 1615 3685 recumbent
1633 3647 1747 3684 cum
1767 3631 1926 3687 Abra-

335 3709 457 3764 ham
489 3718 537 3764 et
568 3709 721 3766 Isaac
758 3721 806 3766 et
846 3712 1007 3770 Iacob
1045 3709 1466 3787 (Mattlt.8.H)-.
1493 3719 1716 3774 thronos
1748 3728 1925 3777 autem

337 3800 480 3866 illos,
513 3802 613 3857 nisi
642 3811 950 3859 sanctorum
979 3804 1170 3861 horum
1197 3807 1411 3873 chorus,
1441 3809 1718 3878 occupabit
1744 3825 1923 3865 nemo.

335 3889 408 3946 Et
428 3890 602 3946 adhuc
625 3908 834 3964 greges,
863 3903 1128 3962 armenta,
1159 3895 1518 3964 matrimonia,
1549 3898 1746 3954 liberos
1773 3915 1922 3954 com-

334 3983 680 4038 memoratis?
725 3984 864 4052 Quid
903 3986 1098 4057 igitur,
1139 3987 1338 4057 inquit,
1382 3989 1426 4042 si
1466 3989 1730 4058 virginum
1772 3990 1925 4046 multi

334 4080 461 4140 post
482 4087 672 4142 graves
711 4074 932 4131 sudores
959 4091 1025 4132 eo
1054 4077 1236 4132 venire
1269 4079 1492 4148 Optant?
1517 4079 1632 4149 Ego
1651 4095 1779 4135 vero
1805 4096 1922 4135 ma-

330 4163 422 4234 jus
450 4164 610 4219 etiam
637 4165 889 4235 quiddam
917 4167 1090 4224 dicam
1110 4207 1128 4236 ,
1154 4169 1420 4240 virginum
1460 4169 1657 4225 multos
1694 4186 1797 4228 nec
1828 4186 1924 4227 eos

332 4254 551 4324 quidem
578 4255 729 4312 sinus
747 4298 763 4322 ,
791 4271 892 4313 nec
917 4258 1120 4313 minora
1149 4267 1596 4329 consequuturos,
1627 4260 1724 4315 sed
1749 4262 1801 4315 in
1830 4277 1924 4332 ge-

333 4343 570 4400 hennam
593 4345 924 4404 discessuros
948 4365 962 4401 :
985 4357 1144 4418 atque
1170 4349 1224 4404 id
1247 4351 1476 4419 virgines
1495 4350 1784 4406 ostendunt
1806 4352 1923 4406 tha-

335 4434 481 4491 Iamo
503 4436 754 4492 exclusae.
782 4437 924 4508 Ergo
952 4438 1078 4494 hinc
1100 4439 1386 4508 virginitati
1421 4455 1517 4510 par
1541 4447 1624 4494 est
1650 4441 1921 4495 matrimo-

336 4525 524 4593 nium,
567 4527 677 4581 imo
722 4527 840 4582 haec
883 4528 1045 4583 etiam
1091 4528 1324 4584 deterior
1354 4546 1368 4582 :
1395 4529 1697 4598 exemplum
1729 4530 1922 4599 quippe

335 4626 485 4671 tuum
510 4617 601 4672 illo
622 4617 942 4673 deteriorem
972 4618 1115 4672 facit.
1142 4618 1274 4672 Nam
1303 4619 1348 4674 si
1371 4619 1639 4674 Abraham
1669 4619 1923 4690 conjuga-

336 4715 426 4761 tus
445 4707 501 4762 in
525 4709 715 4777 requie
739 4716 792 4764 et
815 4709 1018 4764 deliciis
1036 4717 1138 4774 est,
1159 4709 1392 4780 virgines
1414 4711 1467 4764 in
1488 4710 1750 4780 gehenna,
1777 4711 1829 4765 id
1854 4727 1921 4766 ex

335 4800 579 4855 oratione
601 4810 779 4856 vestra
805 4800 1207 4871 coniectandum
1227 4802 1564 4871 relinquitur.
1588 4801 1694 4857 Sed
1719 4817 1824 4856 non
1848 4803 1920 4857 ita

331 4897 438 4956 est,
462 4887 681 4960 inquam
710 4909 724 4946 :
751 4891 880 4961 quin
905 4891 1041 4946 adeo
1065 4891 1400 4946 matrimonio
1422 4891 1656 4946 deterior
1681 4906 1787 4946 non
1815 4900 1916 4958 est,

332 4989 396 5034 ut
433 4980 590 5047 longe
616 4981 778 5036 etiam
813 4983 1150 5051 prznstantior
1178 4981 1264 5035 sit.
1295 4979 1616 5046 Quomodo?
1642 4981 1793 5048 Quod
1823 4997 1920 5037 nec

331 5071 604 5127 Abraham
641 5072 1038 5129 matrimonium
1071 5073 1233 5128 talem
1263 5073 1544 5143 praestitit,
1572 5088 1672 5128 nec
1698 5074 1920 5129 miseras

329 5164 454 5218 illas
489 5164 762 5232 virginitas
803 5164 1064 5234 perdidit;
1105 5163 1200 5219 sed
1234 5173 1289 5218 et
1324 5164 1678 5233 patriarcham
1719 5164 1917 5234 reliqua

329 5253 526 5308 animus
562 5253 733 5308 virtus
765 5254 1022 5308 illustrem
1050 5252 1314 5319 reddidit,
1335 5261 1397 5316 ,et
1433 5252 1530 5307 has
1567 5251 1768 5324 reliqua
1797 5253 1920 5308 vitae

329 5345 568 5416 nequitia
613 5344 724 5416 igni
767 5345 1002 5401 tradidit.
1043 5342 1315 5415 Siquidem
1353 5343 1444 5399 ille
1483 5342 1541 5398 in
1581 5344 1919 5399 matrimonio

396 5498 416 5530 ι
452 5503 569 5560 Reg.
607 5503 661 5547 et
690 5495 832 5547 savii.
865 5497 917 5546 in
932 5497 1170 5567 margine,
1189 5503 1229 5544 0
1263 5506 1364 5567 pos,
1390 5495 1474 5558 qui
1494 5506 1572 5564 tne
1607 5495 1760 5565 secuti
1778 5495 1915 5566 estis,

328 5557 528 5628 4W0
547 5558 598 5608 in
619 5556 738 5628 εοέίο
757 5557 932 5628 statim
960 5557 1112 5628 ξ’ίιρμε
1137 5567 1352 5628 umnam
1365 5555 1812 5628 ξειζεδξενέεαεριειε
1830 5571 1918 5628 .su-

330 5616 423 5682 per_
443 5618 640 5682 thronos
657 5616 930 5682 duodecim,
946 5617 1226 5682 iudicantes
1245 5616 1500 5682 duodecim
1515 5616 1670 5682 tribus
1693 5617 1860 5670 Israel.

329 5677 424 5794 in;
452 5679 848 5792 Angtgpophora,
873 5677 961 5730 est
975 5681 1081 5742 ejus
1100 5692 1249 5742 quem
1284 5693 1349 5732 ex
1385 5679 1591 5729 adverso
1627 5677 1912 5744 loquentem

413 5755 515 5792 axe

2034 3094 2146 3159 cit,
2186 3094 2282 3150 sed
2321 3110 2442 3150 cum
2481 3096 2845 3152 additamento
2885 3099 3154 3168 quodam:
3185 3117 3307 3166 nam
3348 3103 3422 3157 ait
3455 3121 3472 3159 :
3505 3102 3620 3158 Noe

2027 3187 2217 3257 justus,
2245 3189 2492 3257 perfectus
2516 3188 2568 3242 in
2596 3190 2921 3258 generatione
2955 3207 3051 3244 sua
3071 3232 3087 3256 ,
3120 3191 3226 3246 Deo
3254 3194 3444 3264 placuit
3465 3192 3618 3266 (Gen.

2037 3277 2092 3331 6.
2119 3273 2175 3349 9)
2201 3293 2216 3331 :
2240 3292 2345 3332 non
2373 3278 2688 3348 simpliciter
2723 3279 2992 3348 perfectus
3011 3321 3025 3343 ,
3055 3281 3148 3336 sed
3189 3282 3240 3335 in
3271 3286 3620 3353 generatione

2033 3383 2150 3423 sua.
2178 3367 2324 3424 Multi
2350 3370 2492 3424 enim
2522 3379 2647 3424 sunt
2673 3370 3018 3439 perfectionis
3065 3373 3250 3436 modi,
3297 3373 3415 3429 aliis
3455 3385 3620 3446 atque

2031 3459 2152 3513 aliis
2179 3460 2508 3528 temporibus
2526 3460 2730 3514 deﬁniti
2755 3477 2770 3514 :
2794 3475 2856 3514 ac
2882 3460 3031 3527 Quod
3045 3461 3321 3531 aliquando
3341 3469 3617 3533 perfectum

2034 3549 2155 3618 fuit,
2179 3548 2423 3616 temporis
2443 3563 2716 3618 progressu
2735 3549 2793 3617 ﬁt
2818 3550 3196 3619 imperfectum.
3219 3547 3383 3602 Verbi
3406 3551 3604 3620 gratia:

2035 3638 2323 3708 aliquando
2355 3637 2630 3708 perfectus
2660 3646 2779 3694 erat
2811 3637 2903 3706 qui
2944 3638 3117 3708 legem
3158 3639 3557 3709 exsequebatur
3586 3658 3601 3695 :

2033 3730 2176 3784 Nam
2195 3731 2305 3784 haec
2319 3731 2407 3800 qui
2429 3731 2612 3800 faciat,
2641 3729 2834 3800 inquit,
2864 3745 2958 3798 per
2983 3746 3045 3783 ea
3073 3731 3302 3785 uicturus
3321 3741 3394 3786 est
3416 3731 3601 3801 (Leuit.

2030 3823 2119 3878 i8.
2146 3821 2201 3893 5)
2236 3840 2250 3877 :
2287 3830 2343 3877 at
2364 3821 2613 3878 Christus
2632 3831 2854 3877 exortus
2884 3821 3185 3891 perfectum
3213 3822 3318 3877 hoc
3344 3822 3605 3893 imperfe-

2029 3924 2173 3971 ctum
2197 3915 2451 3970 ostendit.
2480 3914 2600 3969 Nisi
2623 3914 2766 3970 enim
2788 3956 2804 3982 ,
2837 3915 3038 3984 inquit,
3065 3916 3394 3972 abundaverit
3407 3918 3615 3987 justitia

2029 4015 2192 4062 vestra
2220 4007 2335 4076 plus
2358 4023 2510 4077 quam
2537 4007 2815 4061 scribarum
2836 4015 2884 4060 et
2903 4005 3304 4075 Pharisteorum,
3326 4024 3428 4061 non
3452 4008 3614 4062 intra-

2027 4098 2143 4152 bitis
2169 4097 2224 4150 in
2243 4113 2453 4166 regnum
2472 4097 2710 4151 caelorum
2729 4095 2955 4168 (Matth.
2978 4096 3032 4152 5.
3056 4095 3128 4150 20
3149 4095 3192 4167 ).
3215 4097 3350 4151 Tum
3382 4096 3609 4152 homici-

2028 4188 2174 4244 dium
2203 4188 2377 4242 solum
2400 4195 2554 4242 atrox
2575 4186 2885 4251 videbatur;
2927 4199 3068 4240 nunc
3099 4185 3186 4238 vel
3225 4185 3302 4239 ira
3331 4185 3613 4240 dumtaxat

2027 4294 2092 4335 ac
2113 4279 2504 4342 conviciumﬁad
2528 4276 2830 4347 gehennam
2859 4291 3051 4345 rapere
3078 4286 3274 4346 queat:
3303 4285 3414 4331 tum
3451 4277 3605 4332 adul-

2028 4373 2218 4428 terium
2249 4370 2420 4426 solum
2447 4369 2811 4439 plectebatur;
2841 4383 2981 4422 nunc
3005 4368 3092 4422 vel
3125 4366 3402 4438 ﬂagitiosis
3440 4368 3609 4424 oculis

2027 4463 2303 4519 mulierem
2335 4462 2596 4530 aspicere,
2633 4474 2744 4513 non
2770 4459 2922 4513 abest
2949 4473 2979 4512 a
3005 4458 3267 4526 supplicio
3296 4476 3316 4512 τ
3342 4467 3454 4514 tum
3481 4474 3609 4530 per-

2022 4555 2222 4625 jurium
2238 4554 2408 4608 solum
2428 4567 2460 4606 a
2480 4551 2619 4606 malo
2640 4560 2755 4606 erat
2771 4568 2786 4616 ;
2812 4565 2952 4605 nunc
2966 4551 3050 4606 vel
3070 4550 3252 4620 jurare
3275 4567 3292 4607 :
3315 4549 3454 4606 Nam
3470 4551 3604 4622 quod

2027 4654 2206 4717 praeter
2221 4645 2327 4698 haec
2342 4653 2435 4704 est,
2454 4643 2642 4712 inquit,
2662 4657 2693 4694 a
2712 4640 2847 4694 malo
2864 4649 2934 4696 est
2952 4639 3056 4714 (Ib.
3079 4657 3130 4697 υ.
3157 4640 3270 4712 ⁸57).
3284 4642 3367 4696 Ab
3389 4643 3456 4696 iis
3473 4642 3605 4699 nihil

2025 4737 2252 4806 amplius
2278 4733 2666 4804 requirebatur,
2698 4746 2855 4801 quam
2885 4746 3065 4786 amare
3110 4746 3204 4786 eos
3242 4732 3330 4800 qui
3360 4745 3419 4785 se
3455 4746 3605 4786 ama-

2024 4837 2184 4884 rent:
2213 4841 2353 4881 nunc
2377 4839 2624 4894 magnum
2661 4823 2764 4877 hoc
2787 4831 2842 4877 et
2879 4821 3190 4891 praeclarum
3238 4829 3344 4876 tam
3373 4830 3459 4876 est
3499 4821 3598 4876 im-

2024 4921 2338 4993 perfectum,
2364 4926 2425 4973 ut
2453 4932 2518 4973 eo
2546 4915 2808 4988 perfuncti
2841 4915 3006 4970 nihilo
3047 4913 3342 4984 publicanis
3382 4922 3599 4982 praeste-

2024 5029 2164 5069 "IIIS.
2293 5059 2298 5063 .
2603 5062 2630 5074 α

2096 5099 2380 5156 LXXXIV.
2409 5099 2596 5154 Merito
2618 5097 2906 5153 eorumdem
2928 5104 3059 5150 recte
3079 5095 3330 5165 factorum
3346 5109 3449 5148 non
3467 5093 3604 5149 idem

2024 5192 2287 5263 praemium
2313 5189 2456 5245 nobis
2476 5198 2523 5244 et
2548 5189 2770 5259 antiquis
2797 5186 3110 5258 propositum
3135 5200 3262 5239 esse.
3282 5213 3355 5226 —
3369 5183 3478 5239 Cur
3502 5184 3603 5254 igi-

2025 5291 2110 5337 tur
2141 5296 2246 5337 non
2278 5280 2418 5336 idem
2446 5282 2720 5350 praemium
2746 5277 2934 5334 iisdem
2960 5287 3108 5333 recte
3135 5275 3311 5343 factis,
3333 5284 3388 5330 et
3405 5275 3604 5330 nostris

2023 5381 2078 5430 et
2103 5373 2440 5444 antiquorum
2461 5411 2478 5437 ,
2505 5370 2836 5441 propositum
2867 5378 2978 5435 est,
3021 5366 3117 5422 sed
3155 5369 3412 5436 majorem
3437 5365 3605 5420 virtu-

2025 5473 2131 5520 tem
2155 5464 2501 5519 exhibeamus
2530 5474 2748 5517 necesse
2775 5467 2891 5523 est,
2921 5458 2967 5514 si
2993 5457 3180 5512 eadem
3207 5472 3326 5527 qua:
3366 5455 3440 5511 illi
3477 5469 3603 5510 con-

2024 5553 2352 5626 sequemur?
2377 5551 2510 5618 Quia
2539 5567 2682 5606 nunc
2724 5551 2910 5619 ingens
2953 5547 3184 5618 Spiritus
3220 5549 3390 5617 gratia
3435 5545 3600 5600 effusa

2024 5653 2141 5712 est,
2193 5651 2247 5698 et
2301 5655 2552 5710 magnum
2595 5639 2855 5695 adventus
2891 5637 3088 5693 Christi
3129 5650 3366 5690 munus:
3394 5633 3602 5688 adultos

2025 5733 2220 5804 quippe
2243 5746 2342 5802 pro
2367 5729 2655 5798 infantibus
2678 5728 2928 5785 reddidit.
2951 5727 3133 5798 Itaque
3153 5721 3598 5798 quemadmodum
