4016 6154
429 337 538 392 595

426 457 522 495 nos
546 455 576 494 a
607 437 783 509 pueris
808 437 1004 492 nostris
1026 435 1316 506 puberibus
1342 435 1600 505 majorem
1622 435 1871 489 virtutem
1897 449 1994 503 po-

425 532 710 593 stnlamus,
739 538 793 584 et
816 544 934 599 quae
971 528 1022 581 in
1053 528 1220 596 prima
1263 533 1420 580 aetate
1458 525 1714 579 facientes
1754 523 1999 577 laudaba-

428 635 566 683 mus,
594 618 776 673 eadem
807 617 849 670 si
878 617 978 670 viri
1006 615 1176 669 effecti
1206 623 1458 684 prazstent
1486 628 1592 667 non
1635 627 1785 681 mque
1827 611 2000 664 admi-

426 722 627 774 ramur,
656 706 750 760 sed
779 706 880 758 alia
908 705 1074 758 multo
1101 705 1164 757 iis
1183 703 1422 772 graviora
1442 702 1602 756 edere
1620 701 1865 770 jubemus
1889 717 1902 752 :
1929 699 1997 753 ita

427 807 481 853 et
523 798 589 851 ab
628 797 856 851 humana
899 803 1086 849 natura
1126 795 1263 848 Deus
1306 794 1480 861 primo
1517 806 1726 860 quoque
1760 799 1998 858 tempore

427 890 619 944 eximia
642 889 880 959 quzrdam
909 887 1146 941 facinora
1172 901 1275 940 non
1300 884 1564 954 exigebat,
1594 892 1651 936 ut
1680 898 1796 951 qum
1821 881 1994 949 pueri-

433 983 536 1036 lius
560 981 744 1036 affecta
771 988 912 1034 esset
937 996 949 1031 :
973 987 1027 1032 at
1051 978 1136 1031 ubi
1167 976 1469 1047 prophetas,
1493 974 1759 1043 apostolos
1779 972 1996 1038 audivit,

429 1073 656 1140 Spiritus
683 1071 906 1140 gratiam
936 1076 1259 1137 consequuta
1287 1076 1388 1131 est,
1420 1065 1629 1118 virtutis
1659 1064 1707 1118 ei
1734 1063 1996 1131 magnitu-

430 1163 607 1216 dinem
637 1161 781 1215 auxit
804 1178 817 1216 :
845 1174 942 1214 nec
972 1159 1182 1227 injuria.
1206 1157 1338 1210 Nam
1377 1165 1429 1209 et
1457 1153 1753 1210 mercedem
1780 1152 2003 1221 amplio—

431 1269 544 1306 rem
578 1261 631 1306 et
658 1250 872 1320 prtemia
898 1250 1063 1302 multo
1086 1247 1370 1302 illustriora
1398 1259 1539 1299 nunc
1565 1243 1836 1312 proposuit
1860 1260 1872 1294 :
1896 1257 2001 1294 non

433 1342 573 1394 enim
598 1341 822 1409 amplius
851 1349 988 1393 terra
1014 1353 1077 1392 ac
1101 1347 1328 1396 terrena,
1352 1335 1444 1389 sed
1467 1335 1674 1396 crelum,
1703 1341 1757 1386 et
1783 1347 1899 1400 quae
1921 1331 2003 1384 in-

439 1431 784 1500 telligentiam
813 1437 1063 1498 superent
1083 1428 1219 1482 bona
1247 1425 1546 1495 perfunctos
1571 1429 1897 1492 exspectant.
1921 1423 2001 1474 An

436 1536 543 1576 non
575 1521 732 1590 igitur
758 1519 1040 1573 absurdum
1073 1518 1158 1582 sit,
1187 1515 1396 1570 adultos
1424 1515 1596 1568 adhuc
1626 1515 1679 1567 in
1708 1512 1890 1566 eadem
1927 1511 2005 1564 in-

439 1611 601 1665 fantia
625 1611 946 1680 persistere?
967 1609 1098 1664 Nam
1121 1595 1348 1662 humana
1377 1617 1484 1660 tum
1513 1615 1699 1660 natura
1721 1605 2003 1658 adversum

440 1719 499 1759 se
527 1703 847 1758 factionibus
887 1701 1050 1755 divisa
1081 1711 1194 1755 erat
1216 1743 1230 1768 ,
1261 1700 1398 1755 bello
1428 1698 1620 1752 ardens
1657 1696 2002 1751 internecino.

438 1797 612 1864 Atque
639 1795 690 1847 id
717 1793 1023 1848 describens
1053 1793 1248 1846 Paulus
1276 1792 1370 1856 ait,
1402 1791 1568 1844 Aliam
1604 1789 1745 1841 uideo
1769 1787 1926 1855 legem
1951 1786 2004 1839 in

437 1883 668 1938 membris
692 1884 814 1936 meis
831 1925 846 1948 ,
874 1890 1233 1951 repugnantem
1262 1881 1358 1948 legi
1382 1879 1558 1932 mentis
1585 1891 1734 1941 mete,
1764 1884 1811 1929 et
1836 1874 2000 1944 capti-

436 1984 633 2028 vantem
676 1989 755 2026 me
797 1972 894 2042 tegi
933 1969 1152 2041 peccati,
1197 1985 1310 2036 qua:
1336 1969 1416 2022 (ea:
1439 1975 1510 2021 est
1546 1969 1599 2020 in
1626 1965 1856 2019 membris
1885 1963 2007 2016 meis

438 2065 627 2133 (Rom.
657 2065 709 2118 7.
736 2059 858 2133 23).
885 2063 951 2115 At
976 2075 1116 2114 nunc
1143 2061 1256 2114 hzec
1283 2075 1389 2114 non
1415 2065 1557 2112 sunt.
1583 2056 1723 2110 Nam
1747 2055 1881 2124 quod
1905 2055 2008 2108 im-

440 2155 672 2220 possibile
713 2162 818 2207 erat
865 2153 994 2223 legi,
1043 2153 1096 2205 in
1137 2167 1234 2223 quo
1271 2149 1622 2218 inﬁrmabatur
1656 2164 1742 2216 per
1779 2161 2004 2209 carnem,

439 2246 577 2300 Deus
605 2245 796 2298 Filium
819 2260 966 2297 suum
991 2244 1190 2295 mittens
1217 2242 1270 2293 in
1295 2240 1673 2294 similitudinem
1699 2237 1864 2291 carnis
1886 2252 2006 2305 pec-

447 2337 566 2399 cati,
597 2344 640 2389 et
670 2335 732 2386 de
757 2340 958 2402 peccato
980 2331 1236 2383 damnavit
1266 2337 1522 2397 peccatum
1547 2327 1600 2379 in
1630 2342 1780 2379 carne
1812 2325 1831 2396 (
1859 2325 2004 2378 Rom.

441 2428 495 2482 8.
525 2428 602 2494 5).
637 2426 708 2478 De
737 2425 907 2492 iisque
946 2422 1144 2491 gratias
1180 2436 1343 2490 agens
1373 2419 1568 2473 Paulus
1594 2417 1836 2472 dicebat:
1866 2415 2009 2485 Infe-

444 2518 516 2571 lix
538 2531 627 2585 ego
653 2515 816 2576 homo,
841 2513 948 2580 quis
969 2527 1046 2565 me
1065 2510 1288 2565 liberabit
1315 2508 1376 2563 de
1401 2525 1611 2574 corpore
1631 2509 1800 2561 mortis
1834 2507 2010 2572 huius?

444 2609 550 2678 Ago
589 2607 690 2658 Deo
732 2604 919 2675 gratias
954 2619 1040 2669 per
1074 2601 1252 2655 Jesum
1287 2599 1538 2653 Christum
1574 2598 1765 2672 (Rom.
1795 2598 1846 2652 7.
1883 2595 2005 2668 24).

449 2700 630 2765 Itaque
673 2694 863 2749 merito
894 2691 1159 2761 punimur,
1205 2689 1361 2744 soluti
1405 2689 1732 2743 tantumdem
1773 2703 2008 2754 currere,

457 2795 712 2858 quantum
757 2782 992 2853 impediti
1014 2822 1026 2843 ,
1056 2781 1316 2835 nolentes.
1342 2779 1670 2849 Quamquam
1699 2787 1755 2832 ut
1783 2787 2011 2831 tantum-

449 2877 570 2930 dem
599 2875 878 2944 possimus,
904 2886 1002 2926 nec
1030 2872 1105 2926 sic
1131 2886 1288 2942 paena
1317 2870 1571 2924 solvimur
1597 2887 1610 2922 :
1643 2885 1762 2924 nam
1794 2870 1879 2938 qui
1905 2869 2010 2923 alta

453 2979 581 3036 pace
607 2963 828 3028 fruatur,
856 2964 1011 3032 longe
1041 2963 1213 3031 majus
1249 2970 1304 3015 et
1341 2961 1593 3015 illustrius
1621 2969 1875 3030 tropaeum
1906 2962 2012 3016 eri-

449 3071 573 3127 gere
615 3069 714 3124 par
755 3062 864 3119 est,
895 3068 1051 3124 quam
1082 3053 1172 3124 qui
1199 3051 1482 3107 admodum
1514 3052 1652 3108 bello
1682 3061 1969 3123 prematur.

1126 323 1183 380 S.
1221 321 1500 380 JOANNIS
1536 321 2010 381 CHRYSOSTOMI
2045 322 2364 380 ARCHIEP.
2407 320 2937 378 CONSTANTINOP.

3566 332 3674 389 596

2107 432 2257 500 Quod
2284 434 2327 487 si
2354 433 2404 487 in
2429 433 2639 504 Opibus,
2663 434 2885 502 deliciis,
2905 433 3188 504 coniugum
3213 437 3406 503 studio,
3431 443 3680 510 negotio-

2103 539 2220 576 rum
2249 539 2374 578 cura
2395 524 2606 580 assidue
2627 541 2926 594 versamur,
2949 529 3224 597 ecquando
3242 531 3339 584 viri
3362 531 3681 598 evademus,

2103 613 2291 682 Spiritu
2317 615 2575 680 vivemus,
2598 617 2802 670 Domini
2827 633 2912 671 res
2931 618 3235 674 curabimus
3253 621 3274 673 ‘t
3291 622 3370 674 An
3393 632 3674 692 pcatquam

2106 703 2229 758 hinc
2256 705 2535 774 migratum
2562 706 2696 759 erit?
2733 699 2802 760 Ai
2828 722 2932 761 non
2976 708 3028 762 id
3059 709 3300 763 laborum
3330 726 3393 765 ac
3425 714 3684 766 certami-

2104 793 2208 859 nis,
2232 793 2322 848 sed
2354 796 2693 863 praemiorum
2731 805 2784 850 et
2811 811 3088 866 poenarum
3132 808 3342 868 tempus
3386 802 3506 855 erit.
3537 802 3678 856 Tum

2104 901 2204 940 nec
2231 887 2416 955 virgini
2448 887 2625 941 oleum
2668 887 2719 941 in
2763 887 2994 943 lucernis
3038 905 3142 943 non
3187 889 3402 945 habenti
3445 893 3512 946 ab
3554 894 3680 948 aliis

2103 990 2312 1032 sumere
2335 976 2532 1044 licebit,
2559 978 2652 1032 sed
2676 993 2736 1031 ea
2766 977 2896 1034 foris
2917 981 3153 1036 manebit
3175 980 3384 1053 (Matth.
3407 983 3499 1051 25)
3526 1000 3538 1036 :
3566 998 3669 1038 nec

2106 1066 2192 1133 qui
2223 1068 2448 1120 sordidis
2477 1068 2690 1122 indutus
2715 1068 2918 1135 adstet,
2953 1085 3199 1139 egressus
3237 1081 3445 1126 mutare
3466 1085 3671 1127 ves1em

2105 1144 2324 1212 poterit,
2343 1144 2438 1198 sed
2451 1155 2516 1199 ad
2533 1149 2790 1214 gehennae
2803 1149 2979 1216 ignem
2997 1150 3112 1202 abri
3119 1152 3298 1220 pietur
3315 1153 3390 1222 (Μ
3399 1155 3534 1210 atth’.
3552 1159 3645 1228 23)
3664 1173 3676 1206 :

2103 1247 2205 1288 nec
2229 1234 2275 1289 si
2297 1234 2380 1288 vel
2404 1234 2771 1290 Abrahamum
2791 1237 3041 1306 imploret
3061 1239 3212 1312 (Luc.
3238 1244 3348 1313 16.)
3371 1247 3674 1318 quidquam

2099 1332 2214 1376 tum
2234 1323 2496 1392 proficiet.
2520 1324 2728 1396 Quippe
2745 1338 2862 1380 orta
2875 1327 2988 1397 jam
3005 1329 3092 1384 die
3110 1335 3349 1402 propria,
3373 1337 3553 1404 posito
3576 1340 3677 1392 tri-

2098 1412 2284 1467 bunali
2311 1453 2326 1479 ,
2366 1415 2588 1470 sedente
2615 1416 2832 1486 judice,
2863 1427 2917 1474 et
2954 1431 3208 1480 manante
3243 1427 3398 1494 quasi
3435 1430 3672 1497 quodam

2099 1508 2241 1579 ignis
2258 1509 2424 1566 fluvio
2447 1511 2632 1581 (Dan.
2661 1513 2690 1566 7
2714 1513 2824 1584 10),
2845 1515 3029 1571 habita
3056 1520 3334 1575 actionum
3359 1534 3672 1581 nostrarum

2099 1605 2422 1674 quaestione,
2455 1621 2566 1660 non
2590 1607 2702 1677 jam
2737 1607 2935 1680 ﬂagitia
2959 1611 3141 1668 eluere
3171 1615 3435 1680 sinemur,
3471 1620 3565 1674 sed
3602 1620 3675 1675 ad

2100 1696 2448 1764 supplicium,
2479 1697 2547 1752 iis
2587 1697 2830 1753 debitum
2860 1702 3093 1758 velimus
3127 1705 3366 1762 nolimus
3403 1710 3675 1767 trahimur

2101 1789 2284 1852 modo,
2323 1790 2525 1845 nullius
2551 1798 2664 1846 tum
2687 1794 2941 1862 precibus
2965 1795 3232 1852 liberandi
3258 1817 3273 1865 ;
3300 1800 3394 1856 sed
3425 1804 3678 1870 quamvis

2101 1879 2227 1948 quis
2245 1881 2361 1948 pari
2387 1880 2586 1935 fiducia
2609 1884 2680 1936 sit
2703 1898 2826 1937 cum
2853 1887 3062 1956 magnis
3085 1895 3139 1942 et
3160 1889 3495 1948 admirandis
3519 1896 3676 1954 viris.

2112 1969 2507 2039 quamvisNoe,
2523 1969 2646 2036 Job,
2663 1971 2852 2028 Daniel
2873 1976 3212 2047 sit(Respicit
3225 1982 3293 2035 ad
3313 1981 3499 2038 Ezech.
3521 2001 3566 2039 c.
3585 1986 3674 2042 14.

2101 2077 2152 2116 υ.
2179 2061 2286 2134 ﬂ),
2302 2062 2515 2118 etiamsi
2536 2079 2635 2134 pro
2657 2065 2845 2122 liberis
2862 2082 2925 2122 ac
2943 2069 3159 2126 filiabus
3176 2072 3518 2143 deprecetur,
3539 2078 3678 2132 nihil

2103 2161 2248 2222 agat,
2282 2155 2377 2209 sed
2402 2172 2626 2212 necesse
2653 2159 2757 2212 erit
2783 2171 3098 2228 peccatores
3124 2163 3460 2223 immortales
3486 2183 3680 2238 pmnas

2102 2245 2430 2315 expendere,
2450 2251 2614 2319 utqui
2638 2260 2781 2307 recte
2798 2252 3061 2318 fecerunt,
3081 2255 3342 2312 honorem
3367 2259 3522 2313 inire.
3541 2259 3680 2315 Nam

2104 2352 2281 2406 neque
2304 2338 2390 2393 his
2402 2355 2578 2408 neque
2593 2341 2700 2395 illis
2720 2341 2876 2396 linem
2891 2341 3009 2398 fore
3027 2344 3274 2401 Christus
3289 2347 3603 2414 declaravit,
3619 2359 3682 2404 ut

2103 2429 2294 2494 vitam,
2323 2431 2404 2484 sic
2427 2432 2754 2501 supplicium
2790 2442 3053 2489 aeternum
3075 2452 3195 2492 esse
3216 2427 3407 2494 dicens
3439 2458 3455 2495 :
3495 2442 3586 2510 qui
3625 2452 3682 2497 et

2106 2519 2318 2575 dextris
2341 2521 2684 2588 collaudatis,
2705 2534 2758 2577 et
2780 2525 3022 2580 sinistris
3045 2527 3334 2595 damnatis,
3363 2531 3433 2583 ita
3455 2533 3677 2587 subdit:

2104 2610 2338 2665 Abibunt
2360 2611 2414 2664 hi
2431 2613 2484 2666 in
2503 2630 2710 2680 poenam
2731 2617 3120 2682 sempiternam,
3136 2619 3275 2688 justi
3297 2636 3414 2675 vero
3437 2623 3493 2675 in
3513 2624 3681 2676 ‘vitam

2101 2706 2473 2772 sempiternam
2491 2705 2708 2775 (Matth.
2725 2707 2814 2761 25.
2833 2707 2944 2778 46).
2965 2707 3149 2779 Itaque
3163 2711 3253 2765 hic
3264 2713 3410 2767 serio
3428 2714 3679 2769 laboran-

2102 2795 2230 2876 dum
2247 2803 2350 2860 est,
2371 2803 2423 2850 et
2447 2796 2541 2865 qui
2555 2812 2775 2852 uxorem
2797 2801 3012 2866 habeat,
3032 2801 3079 2855 ei
3101 2802 3325 2870 perinde
3338 2805 3602 2874 agendum
3617 2820 3685 2860 ac

2103 2885 2151 2940 si
2168 2901 2277 2939 non
2298 2885 2557 2942 haberet:
2584 2897 2638 2942 et
2659 2889 2751 2958 qui
2779 2905 2904 2944 vere
2929 2907 3036 2944 non
3062 2891 3281 2956 habeat,
3307 2894 3357 2948 ei
3375 2911 3498 2949 cum
3516 2897 3681 2966 virgi-

2103 2977 2273 3030 nitate
2295 2977 2518 3047 rcliquae
2538 2981 2703 3034 etiam
2722 2995 2912 3036 omnes
2934 2982 3168 3039 virtutes
3191 2988 3506 3042 exercendae
3527 2997 3678 3052 sunt,

2103 3081 2173 3122 ne
2197 3068 2621 3141 postdeccssum
2644 3086 2708 3127 ex
2726 3072 2828 3129 hac
2851 3074 2961 3130 vita
2979 3075 3260 3132 incassum
3288 3078 3671 3136 lamentemur.
