4016 6154
431 353 531 407 5¹ε7

1134 350 1189 407 S.
1232 353 1514 408 JOANNIS
1544 352 2029 409 CllRYSOSTOMI
2071 308 2388 408 ARCIIICP.
2430 353 2976 412 CONS'I‘ANTINOP.

3576 355 3666 411 sua
3716 342 3717 345 ‘

888 793 965 852 IN
1004 790 1211 854 DUOS
1255 793 1714 868 SEQUENTES
1754 796 1859 855 AD
1909 795 2221 857 VIDUAM
2268 794 2674 858 JUNIOREM
2722 794 3193 856 TRACTATUS

1695 1071 2412 1185 MONlTUM.
2496 1218 2503 1223 θ

1739 1338 2361 1367 ἐπ-ψ·-

487 1521 635 1594 Ῐὸδϐ]
688 1521 832 1576 inter
876 1519 1320 1590 prmstantissima
1376 1517 1427 1574 S.
1507 1517 1748 1572 doctoris
1789 1516 1987 1598 _nostri

419 1615 682 1684 opuscula
712 1612 1128 1668 commemorari
1165 1612 1362 1666 debent
1397 1610 1449 1664 hi
1477 1612 1587 1665 duo
1616 1626 1707 1665 seu
1735 1608 1853 1663 libri
1893 1623 1987 1662 seu

418 1713 951 1773 tractatus,qnorum
978 1703 1127 1771 prior
1151 1711 1343 1772 praeter
1367 1703 1734 1771 pulcherrirna
1761 1701 1986 1766 monita,

417 1798 820 1867 lectissimaque
849 1797 1242 1852 consolationis
1270 1798 1454 1859 verba,
1497 1811 1604 1849 non
1635 1810 1808 1865 pauca
1863 1810 1987 1849 car-

384 1890 546 1958 ptim
581 1888 763 1955 refert,
828 1896 939 1942 tum
997 1888 1064 1942 ad
1121 1887 1495 1958 Chrysostomi
1525 1888 1715 1950 vitam,
1766 1897 1879 1941 tum
1916 1887 1983 1941 ad

364 2016 365 2019 η
415 1978 695 2032 historiam
728 1979 872 2033 illius
912 1978 1170 2047 temporis
1219 1989 1546 2047 opportuna.
1608 1976 1683 2030 De
1742 1976 1986 2031 secundo

413 2081 590 2124 autem
621 2070 759 2125 libro
796 2071 937 2124 infra
972 2070 1309 2125 tractabitur.
1343 2068 1464 2135 Quo
1499 2078 1744 2137 tempore
1777 2070 1988 2136 primus

413 2162 651 2229 scriptus
688 2159 873 2223 fuerit,
903 2177 967 2214 ex
998 2161 1114 2230 ipsa
1150 2159 1389 2215 auctoris
1417 2159 1731 2212 narratione
1753 2158 1984 2226 diligen-

413 2261 493 2303 tt'r
528 2252 807 2321 explorata
874 2252 1143 2323 espiscari
1169 2263 1254 2307 sat
1306 2251 1591 2307 commode
1646 2266 1982 2320 possumus;

414 2345 505 2397 sed
534 2354 825 2414 antequam
854 2345 976 2415 ejus
1010 2345 1173 2399 verba
1229 2346 1569 2400 adducamus
1628 2344 1678 2397 in
1719 2344 1982 2409 medium,

415 2437 660 2504 quaedam
692 2435 759 2491 de
787 2444 1109 2507 argumento
1140 2435 1389 2504 opusculi
1422 2435 1750 2504 praelibanda
1779 2444 1926 2490 sunt.

482 2528 799 2592 Ther-asins,
828 2529 911 2583 vir
935 2528 1076 2583 inter
1118 2529 1410 2599 primarius
1441 2529 1527 2584 sui
1560 2528 1822 2597 temporis
1850 2544 1983 2583 con-

411 2622 648 2689 sipienus,
683 2636 879 2690 genere
908 2619 1368 2691 facultatibusque
1392 2621 1640 2691 insignis,
1669 2637 1830 2690 quem
1856 2637 1981 2691 spes

408 2720 527 2765 erat
554 2712 619 2765 ad
654 2710 1007 2781 przefecturas
1039 2721 1426 2782 perventurum
1450 2728 1591 2773 esse,
1627 2713 1691 2767 ad
1725 2713 1839 2768 haec
1863 2728 1983 2782 pro-

411 2803 597 2868 bitate,
642 2796 926 2868 modestia,
965 2805 1162 2874 pietate
1225 2813 1475 2871 ornatus,
1530 2806 1581 2858 in
1622 2806 1796 2861 aetatis
1848 2806 1981 2877 [lore

408 2894 552 2949 diem
609 2896 744 2950 obiit
812 2906 1139 2963 extremum,
1194 2907 1479 2966 postquam
1531 2913 1705 2951 annos
1765 2906 1977 2951 tantum

409 2988 650 3058 quinque
675 3003 800 3043 cum
834 3004 1005 3044 uxore
1027 2999 1229 3060 egerat.
1263 2989 1436 3056 Quam
1482 3000 1539 3044 nt
1577 2990 1976 3053 consolaretur,

408 3080 553 3134 hunc
589 3080 786 3135 librum
828 3081 998 3136 edidit
1027 3081 1498 3153 Chrysostomus:
1557 3090 1611 3137 et
1650 3080 1827 3150 primo
1882 3079 1975 3135 Dei

402 3170 729 3241 singularem
755 3173 934 3227 viduis
961 3173 1259 3229 exhibitam
1299 3189 1486 3229 curam
1521 3174 1591 3228 ob
1620 3172 1811 3227 ocu‘os
1869 3187 1971 3242 po-

402 3262 500 3324 nit,
526 3264 727 3332 quibus
753 3266 916 3320 etiam
943 3266 1047 3319 viri
1089 3265 1209 3319 loco
1234 3280 1355 3320 esse
1385 3265 1617 3333 probat:
1648 3264 1778 3320 hinc
1811 3265 1976 3319 hone-

401 3363 497 3408 st:e
528 3355 807 3410 viduitatis
830 3357 1149 3427 dignitatem
1189 3372 1252 3412 ex
1287 3356 1437 3410 Pauli
1490 3358 1670 3413 verbis
1702 3357 1971 3427 depredi-

402 3455 509 3503 cat.
537 3446 712 3515 deque
738 3448 1032 3516 proborum
1088 3450 1240 3503 obitu
1307 3449 1648 3519 gaudendnm
1716 3464 1838 3503 esse
1889 3448 1977 3502 de-

403 3548 708 3593 monstrat:
743 3551 929 3609 postea
979 3541 1233 3595 humanm
1283 3540 1408 3594 vitm
1458 3540 1854 3594 volubilitatem
1917 3548 1976 3595 ut

404 3630 677 3695 ostendat,
712 3631 1020 3700 exemplum
1059 3630 1213 3685 affert
1261 3631 1625 3700 quorumdam
1679 3630 1972 3700 insignium

400 3719 667 3783 virorum,
699 3721 790 3789 qui
828 3721 894 3774 ad
940 3721 1201 3791 majorem
1254 3722 1421 3775 evecti
1458 3720 1799 3786 dignitatem,
1835 3737 1974 3790 prm-

403 3811 553 3879 cipiti
616 3812 970 3882 violentaque
1018 3820 1195 3867 morte
1259 3812 1456 3868 sublati
1533 3819 1678 3866 sunt.
1745 3809 1851 3866 Nec
1908 3811 1974 3865 iis

401 3900 671 3956 beatiores
718 3916 840 3956 esse
873 3901 949 3955 ait
1009 3902 1390 3971 imperatores,
1449 3901 1542 3955 sed
1599 3915 1708 3970 quo
1764 3901 1973 3971 majore

400 3992 619 4048 fortuna
675 3996 1004 4056 evehuntur,
1060 4010 1126 4050 eo
1189 3994 1530 4065 gravioribus
1573 3994 1973 4048 calamitatibus

400 4088 610 4157 impeti.
650 4089 820 4159 Atque
850 4097 906 4142 ut
934 4097 1106 4142 cetera
1155 4089 1485 4151 omittamus,
1535 4087 1735 4156 inquit,
1792 4101 1857 4140 ea:
1904 4087 1971 4140 iis

400 4179 642 4233 omnibus
670 4179 760 4250 qui
789 4196 895 4235 (evo
924 4190 1105 4235 nostro
1136 4182 1482 4251 imperarunt,
1531 4181 1745 4251 fuerunt
1796 4189 1973 4235 autem

399 4286 602 4337 novem,
634 4270 740 4324 duo
768 4271 940 4325 solum
969 4274 1234 4325 communi
1268 4284 1434 4327 morte
1458 4275 1619 4325 vitam
1650 4273 1971 4328 clauserunt.

406 4360 743 4431 Reliquorum
778 4373 955 4415 autent
982 4363 1067 4415 hic
1098 4363 1308 4433 quidem
1343 4380 1374 4417 a
1412 4372 1658 4434 tyranno,
1711 4363 1802 4416 ille
1854 4379 1972 4417 vero

402 4453 455 4504 in
485 4451 640 4514 bello,
674 4452 815 4506 alius
844 4455 1250 4507 domesticorum
1280 4456 1559 4509 custodum
1583 4456 1815 4521 insidiis,
1833 4455 1971 4508 alius

405 4553 583 4597 autem
615 4543 679 4596 ab
711 4543 803 4596 illo
831 4545 965 4613 ipso,
997 4548 1086 4613 qui
1112 4562 1362 4600 coronam
1391 4564 1453 4598 ac
1483 4562 1773 4615 purpuram
1801 4548 1972 4616 impo-

399 4644 602 4697 suerat,
657 4635 971 4703 interfectus
1004 4637 1265 4689 occubuit.
1329 4635 1528 4692 Uxores
1576 4652 1734 4706 porro
1790 4654 1973 4692 eorum

396 4729 617 4797 partim,
651 4736 707 4779 ut
743 4738 988 4791 narrant,
1031 4744 1221 4780 veneno
1244 4729 1582 4791 interierunt,
1614 4730 1811 4798 partim
1844 4746 1974 4785 ma:—

404 4837 538 4872 rore.
568 4818 770 4873 Earum
800 4836 939 4883 vero,
965 4836 1082 4888 qua,
1104 4822 1277 4873 adhuc
1301 4822 1604 4890 superstites
1633 4832 1777 4887 sunt,
1802 4825 1972 4874 altera

397 4909 608 4979 ouidem
633 4909 805 4977 ﬁlium
843 4908 1038 4963 habens
1067 4909 1329 4978 pupillum
1366 4912 1537 4965 tremit
1568 4928 1632 4965 ac
1669 4914 1852 4965 metuit
1909 4928 1971 4965 ne

397 5000 514 5068 quis
540 5015 743 5062 eorum,
781 5003 871 5069 qui
900 5001 1183 5069 imperant,
1230 5010 1370 5056 metu
1418 5002 1719 5070 futurorum
1742 5020 1859 5057 eum
1907 5003 1971 5056 de

400 5095 574 5147 medio
602 5093 755 5147 tollat
780 5110 797 5157 ;
822 5092 992 5147 altera
1024 5109 1142 5147 vero
1173 5095 1260 5147 ria:
1289 5094 1575 5148 multorum
1630 5096 1867 5159 precibus
1900 5097 1965 5148 ab

399 5186 587 5239 exsilio
616 5185 799 5246 rediit,
825 5201 927 5253 quo
953 5194 1110 5238 antea
1137 5185 1201 5238 ab
1231 5202 1310 5249 eo,
1330 5187 1418 5255 qui
1446 5202 1618 5240 rerum
1649 5185 1967 5255 potiebatur,

401 5279 562 5331 missa
587 5286 719 5331 erat.
754 5276 909 5342 Quod
940 5277 1009 5330 ad
1042 5293 1221 5330 eorum
1273 5288 1469 5340 autem,
1503 5279 1592 5347 qui
1633 5293 1771 5329 nunc
1806 5278 1970 5345 impe-

400 5379 539 5431 rant,
581 5385 791 5433 uxores,
823 5369 994 5424 altera
1022 5385 1086 5423 ea:
1114 5371 1353 5439 pristinis
1382 5370 1776 5423 calamitatibus
1807 5370 1970 5434 respi-

401 5476 546 5526 rans,
583 5460 837 5531 voluptati
858 5478 1107 5531 magnum
1139 5460 1289 5514 habet
1340 5462 1571 5515 dolorem
1629 5462 1918 5514 admistnm
1950 5497 1965 5521 ,

399 5568 458 5605 co
490 5552 630 5621 quod
666 5555 754 5621 qui
788 5570 963 5606 rerum
997 5553 1199 5620 potitur
1234 5556 1390 5606 nimis
1412 5552 1619 5621 juvenis
1653 5568 1715 5604 ac
1737 5553 1968 5618 inexper-

402 5654 484 5695 tus
516 5644 606 5703 sit,
639 5644 930 5713 multosque
951 5644 1140 5698 habent
1172 5646 1400 5714 undique
1420 5644 1765 5697 insidiantes:
1800 5642 1969 5694 altera

402 5751 520 5789 rero
556 5736 743 5788 timore
772 5738 1080 5789 exanimata
1112 5737 1200 5800 iis,
1233 5737 1324 5806 qui
1364 5736 1535 5804 capite
1556 5735 1793 5787 damnati
1825 5744 1966 5796 sunt,

407 5826 734 5881 miseriorem
766 5828 925 5880 vitam
969 5826 1133 5891 ducit,
1164 5843 1222 5879 co
1272 5826 1408 5894 quod
1462 5825 1541 5878 vir
1592 5824 1755 5890 ipsius
1808 5825 1870 5875 ab
1910 5840 1969 5877 eo

2098 1529 2346 1587 tempore,
2375 1536 2476 1591 quo
2509 1519 2759 1576 diadema
2785 1522 3033 1591 suscepit,
3061 1538 3219 1594 usque
3250 1523 3318 1577 ad
3364 1524 3663 1580 hodiernum
3696 1520 3708 1539 ¹

2094 1612 2234 1663 diem
2272 1612 2325 1664 in
2348 1611 2482 1665 bello
2513 1623 2560 1665 et
2601 1613 2802 1682 prwliis
2856 1624 3110 1679 versetur,
3159 1618 3574 1688 verecundiaquc
3614 1628 3659 1672 et
3698 1604 3709 1631 ³

2092 1699 2323 1767 probris,
2367 1702 2554 1768 quibus
2602 1704 2832 1773 undique
2892 1706 3143 1776 a/ﬁcitur,
3178 1708 3347 1776 magis
3390 1725 3545 1778 quam
3606 1688 3707 1763 ex:

2098 1792 2523 1860 calamitatibus,
2584 1796 2843 1849 tabescat.
2906 1796 3108 1850 Deinde
3161 1808 3448 1869 postquam
3500 1801 3662 1854 multa

2094 1883 2424 1953 interposuit
2453 1885 2520 1939 de
2573 1886 2824 1945 barbaris
2854 1901 2950 1942 seu
2982 1886 3200 1952 Gothis,
3249 1889 3533 1959 imperium
3568 1890 3664 1943 llo-

2093 1991 2314 2030 manum
2356 1977 2741 2032 invadentibus
2769 1978 3287 2050 insultantibusqne,
3315 1981 3486 2036 multa
3518 1998 3655 2052 (ιιιο⁴

2090 2083 2195 2136 que
2223 2077 2407 2137 strage
2459 2079 2654 2125 cuncta
2714 2072 3071 2140 replentibus,
3139 2074 3219 2128 sic
3272 2075 3658 2144 prosequitur:

2090 2158 2295 2229 Ecquid
2325 2177 2444 2215 vero
2471 2163 2685 2228 mirum,
2726 2164 2774 2216 si
2805 2164 2960 2218 multi
2985 2181 3050 2218 ea:
3102 2164 3321 2219 ducibus
3355 2165 3451 2219 hoc
3510 2168 3659 2221 modo

2087 2250 2425 2316 interierunt,
2477 2254 2690 2322 quando
2722 2264 2772 2306 et
2829 2254 3117 2324 imperator
3148 2256 3257 2325 ipse
3286 2258 3341 2310 in
3392 2259 3504 2311 uico
3535 2275 3661 2328 quu-
3694 2324 3701 2329 .

2087 2341 2210 2392 dam
2234 2358 2353 2395 cum
2378 2343 2561 2411 paucis
2589 2342 2845 2397 militibus
2873 2345 3172 2413 conclusus,
3204 2347 3347 2400 exire
3377 2347 3583 2417 quidem
3612 2358 3660 2401 et

2086 2449 2195 2485 sese
2223 2433 2590 2488 invadentibus
2623 2451 2878 2503 opponere
2937 2437 3150 2492 minime
3206 2454 3367 2492 ausus
3414 2448 3513 2504 est,
3569 2441 3658 2493 sed

2091 2525 2237 2579 intus
2298 2543 2510 2581 manens
2571 2543 2789 2580 accenso
2842 2529 2908 2582 ab
2964 2529 3077 2585 illis
3117 2533 3236 2602 igne
3262 2546 3370 2584 una
3407 2547 3526 2584 cum
3592 2532 3661 2586 iis

2085 2617 2345 2680 ontnibus,
2380 2633 2510 2687 quos
2545 2634 2715 2671 secum
2766 2618 3011 2685 habebat,
3069 2620 3368 2674 combustus
3400 2631 3515 2685 est;
3567 2638 3658 2675 nec

2084 2708 2213 2760 viris
2241 2708 2434 2770 solum,
2468 2709 2558 2762 sed
2588 2710 2747 2763 etiam
2775 2713 2920 2781 equis
2965 2719 3015 2764 et
3052 2710 3291 2765 trabibus
3329 2721 3381 2765 et
3418 2714 3584 2765 muris
3607 2723 3659 2767 et

2086 2801 2326 2853 omnibus
2379 2801 2435 2853 in
2494 2818 2658 2855 unum
2707 2812 2866 2873 atque
2895 2804 3136 2857 euntdem
3197 2805 3424 2859 cinerem
3455 2804 3657 2859 abeun-

2084 2900 2224 2948 tibus
2250 2895 2273 2947 ?

2152 2985 2207 3037 ln
2248 2983 2396 3039 hisce
2436 2987 2727 3054 postremis
2752 2985 3131 3057 Chrysostomi
3175 2989 3337 3046 dictis
3388 2992 3655 3048 miseran-

2079 3076 2208 3133 dam
2246 3075 2492 3132 Valentis
2524 3077 2867 3148 imperatoris
2907 3093 3090 3134 necem
3126 3081 3356 3137 dcseribi
3389 3084 3653 3156 liquidum

2059 3176 2183 3224 'est.
2215 3168 2427 3223 Arridit
2458 3169 2549 3223 illa
2588 3185 2733 3224 anno
2788 3169 2914 3236 378,
2964 3187 2995 3224 ν
3055 3171 3177 3229 ldus
3209 3173 3459 3244 Augusti,
3493 3186 3659 3246 atque

2081 3260 2217 3316 adeo
2256 3272 2377 3332 post
2404 3263 2508 3317 hoc
2553 3273 2767 3333 tempus
2821 3267 3022 3319 emissa
3051 3265 3150 3319 fuit
3180 3266 3296 3321 haec
3332 3269 3401 3321 ad
3437 3269 3651 3322 viduam

2072 3353 2343 3423 juniorem
2382 3355 2697 3424 pairxnesis.
2740 3353 2807 3410 Ut
2835 3371 2999 3425 porro
3045 3373 3108 3412 ex
3138 3357 3262 3413 aliis
3305 3358 3425 3428 ejus
3470 3361 3653 3417 verbis

2080 3446 2208 3500 editi
2240 3447 2488 3515 opusculi
2512 3463 2717 3501 annum
2749 3448 3008 3504 subtilius
3036 3450 3406 3520 exploremus,
3436 3453 3652 3524 singula

2082 3538 2274 3593 ordine
2306 3552 2701 3608 persequamur
2734 3548 2966 3609 oportet.
2996 3539 3082 3595 Ea:
3108 3558 3313 3610 novem,
3340 3545 3535 3615 inquit,
3560 3551 3656 3617 qui

2078 3636 2259 3680 nostro
2285 3642 2392 3681 (evo
2420 3628 2769 3697 imperarunt,
2796 3629 2889 3681 ἐπὶ
2930 3630 3030 3699 τῆς
3075 3634 3272 3700 γενεᾶς
3310 3636 3410 3705 τῆς
3453 3638 3657 3706 ἡμετέ-

2079 3735 2206 3788 ρας,
2234 3720 2339 3771 duo
2369 3718 2471 3772 soli
2505 3721 2772 3774 communi
2812 3733 2981 3776 morte
3014 3724 3175 3777 vitam
3221 3727 3544 3782 clauserunt.
3584 3729 3653 3785 lli

2077 3824 2270 3863 novem
2312 3809 2673 3877 imperatores
2695 3825 2817 3865 esse
2874 3810 3149 3876 videntur,
3184 3814 3560 3882 Constantius,
3597 3831 3655 3873 et.

2074 3899 2169 3953 lilii
2201 3899 2322 3968 ejus
2354 3898 2766 3964 Constantinus,
2821 3900 3177 3960 Constantius
3230 3915 3284 3960 et
3340 3908 3649 3965 Constans:

2075 3999 2371 4059 posteaque
2402 3990 2613 4057 Gallus,
2641 3993 2735 4061 qui
2800 3993 2929 4049 licet
2978 3995 3159 4049 Caesar
3209 4005 3418 4052 tantum
3461 4001 3653 4067 fuerit,

2077 4083 2167 4137 hic
2201 4091 2381 4137 tamen
2432 4096 2771 4139 memoratur
2808 4085 3114 4143 trucidatus
3163 4089 3232 4142 ab
3281 4105 3370 4153 eo,
3414 4091 3505 4160 qui
3547 4094 3654 4159 ipsi

2074 4190 2367 4243 purpuram
2431 4175 2773 4243 imposuerat,
2804 4192 2999 4246 nempe
3041 4178 3399 4245 Constantio;
3459 4195 3653 4240 sextus

2072 4263 2346 4330 Julianus,
2372 4266 2635 4335 septimus
2684 4265 2971 4333 Iovianus,
3036 4281 3264 4326 octavus
3319 4271 3658 4329 Valentinia-

2075 4370 2179 4421 nus
2229 4356 2269 4412 Ι.
2324 4371 2505 4411 nonus
2560 4355 2780 4413 Valens.
2842 4358 2974 4414 Nam
3027 4363 3173 4430 quod
3223 4362 3648 4419 Constantinum

2073 4446 2219 4499 dicat
2251 4455 2524 4500 mortuum
2557 4446 2648 4498 ἐπὶ
2690 4447 2789 4517 τῆς
2831 4450 3023 4516 γενεᾶς
3067 4450 3166 4521 τῆς
3202 4452 3494 4523 ἡμετέρας,
3530 4471 3646 4508 (ιύο

2076 4547 2274 4603 nostra,
2310 4538 2392 4592 vel
2418 4538 2484 4592 ad
2512 4538 2769 4602 litteram,
2805 4542 3136 4609 generatione
3182 4556 3385 4609 nostra,
3427 4547 3655 4603 etiamsi

2076 4631 2121 4684 is
2150 4639 2276 4685 ante
2300 4626 2675 4700 Cbrysostomi
2704 4616 2885 4684 ortum
2937 4632 3164 4697 obierit,
3223 4635 3360 4688 nihil
3419 4638 3652 4694 mirum.

2075 4720 2287 4775 Etenim
2323 4730 2681 4791 prtPlerquam
2710 4721 2856 4792 quod
2881 4722 2934 4776 in
2979 4738 3133 4777 more
3161 4734 3246 4779 est
3293 4740 3354 4779 ea
3386 4741 3502 4780 aevo
3550 4744 3662 4783 no.

2076 4823 2190 4868 stro
2216 4814 2397 4868 dicere
2438 4813 2602 4875 facta,
2633 4830 2756 4883 quae
2792 4825 3008 4883 patrum
3052 4826 3366 4872 nostrorum
3400 4831 3657 4890 tempore

2075 4903 2438 4973 contigerunt,
2485 4903 2537 4956 id
2570 4903 2714 4973 apud
2782 4903 2961 4974 ipsum
2993 4904 3442 4976 Cbrysostomum
3474 4911 3661 4967 usita-

2077 5004 2191 5048 tum
2245 4996 2567 5064 reperimus,
2621 4995 2715 5064 qui
2765 4996 2988 5051 humilia
3040 5013 3108 5052 xv
3140 5000 3209 5053 ad
3269 5000 3659 5072 Philippenscs

2074 5087 2206 5141 dicit
2241 5086 2458 5142 Faustae
2482 5089 2669 5142 uxoris
2691 5086 3037 5145 Constantini
3062 5105 3246 5145 necem
3272 5107 3373 5147 suo
3401 5103 3660 5163 tempore

2075 5179 2389 5248 contigisse,
2426 5178 2647 5232 ἐπὶτῶν
2668 5180 2873 5251 χρόνων
2897 5180 3004 5233 τῶν
3025 5183 3325 5255 ἡμετέρων.
3352 5184 3429 5239 Ex
3463 5186 3530 5240 iis
3549 5188 3662 5238 ita-

2073 5288 2182 5341 que
2212 5286 2403 5327 novem
2433 5271 2854 5340 imperatoribus
2887 5272 3039 5345 [357]
3064 5275 3173 5330 duo
3227 5277 3327 5331 soli
3358 5284 3659 5335 communi

2078 5373 2251 5417 morte
2282 5364 2448 5417 vitam
2483 5364 2821 5429 clauserunt,
2850 5364 3100 5420 videlicet
3144 5367 3537 5423 Constantinus
3594 5382 3668 5426 ct.

2075 5454 2431 5511 Constantius
2477 5455 2598 5524 ejus
2630 5454 2793 5509 filius.
2837 5454 2916 5510 Ex
2966 5458 3189 5525 reliquis
3246 5474 3375 5513 vero
3422 5460 3561 5515 alius
3624 5479 3666 5518 a

2075 5558 2306 5619 tyranno
2333 5549 2548 5604 occisus
2576 5556 2678 5614 est,
2711 5562 2905 5618 nempe
2935 5547 3209 5605 Constans
3231 5566 3261 5603 a
3294 5550 3611 5619 Magni-mia
3644 5572 3661 5619 ;

2076 5644 2216 5696 alius
2250 5644 2303 5696 in
2338 5642 2477 5697 bello
2507 5643 2687 5710 periit,
2722 5643 2981 5697 nimirum
3009 5642 3402 5699 Constantinus
3427 5645 3663 5714 junior;

2075 5734 2216 5786 alios
2249 5734 2670 5788 domesticorum
2716 5733 3005 5788 custodum
3042 5733 3298 5789 insidiis:
3350 5736 3396 5790 is
3442 5745 3525 5790 est
3552 5734 3675 5790 Jo-

2074 5824 2287 5889 vianus,
2320 5823 2433 5891 qui,
2464 5833 2519 5876 ut
2556 5822 2720 5879 refert
2778 5823 3010 5888 Suidas,
3047 5833 3316 5885 venenato
3368 5826 3488 5880 cibo
3550 5842 3671 5881 cx-
