4016 6154
503 381 608 438 599

1194 385 1253 441 S.
1282 383 1567 441 JOANNIS
1601 383 2088 441 CHRYSOSTOMI
2125 383 2444 441 ARCHIEP.
2485 382 3039 442 CONSTANTINOP.

3640 351 3782 430 600‘

2542 515 3725 542 Μ’...

1165 866 1374 994 ΑΙ)
1483 867 2124 1003 νΙΒΠΑΜ
2239 869 3092 1002 JUNIOREM.

567 1536 619 1590 l.
660 1534 886 1590 Gravem
917 1542 969 1590 te
995 1534 1207 1605 quidem
1225 1535 1497 1606 accepisse
1522 1534 1731 1606 plagam
1758 1575 1772 1600 ,
1814 1539 1972 1603 atque
2005 1536 2073 1585 ad

493 1623 724 1679 maxime
749 1624 959 1679 vitalem
990 1633 1193 1696 partem
1227 1624 1463 1696 jaculum
1505 1639 1736 1694 superne
1777 1623 2071 1678 immiSSum

494 1709 799 1788 pervenisse
825 1733 1011 1773 omnes
1036 1731 1163 1772 sane
1194 1718 1286 1773 tibi
1314 1717 1700 1782 consenserint,
1727 1731 1790 1770 ac
1818 1729 1976 1769 nemo
2005 1727 2074 1767 ne

491 1826 556 1864 ex
589 1811 654 1864 iis
677 1810 911 1878 quidem,
939 1809 1028 1880 qui
1055 1809 1212 1865 valde
1241 1809 1540 1880 philosophi
1571 1819 1715 1874 sunt,
1737 1806 2074 1863 contradixe-

491 1901 561 1955 rit
589 1918 603 1954 :
638 1900 818 1956 verum
847 1904 1096 1972 quoniam
1127 1901 1267 1956 male
1295 1908 1543 1970 acceptos
1569 1914 1675 1953 non
1727 1899 1780 1952 in
1829 1897 1969 1951 luetu
2009 1909 2075 1950 ac

492 1990 741 2062 lacrymis
767 2007 928 2048 omne
953 2006 1106 2046 suum
1139 2001 1347 2061 tempus
1374 2004 1690 2046 consumere
1717 1996 1946 2060 oportet,
1977 1985 2073 2042 sed

488 2083 763 2139 vulnerum
788 2099 998 2156 quoque
1022 2085 1278 2140 curationi
1305 2084 1588 2154 plurimum
1609 2096 1785 2153 Opera:
1809 2079 2073 2149 Studiique

453 2167 456 2169 Α
489 2191 708 2241 navare,
736 2193 828 2240 ne,
854 2177 898 2232 si
924 2174 1170 2246 despecta
1199 2175 1412 2238 fuerint,
1447 2175 1702 2244 majorem
1730 2172 1972 2243 ipsismet
1994 2171 2074 2224 la-

488 2267 687 2336 crymis
715 2265 939 2320 all'erant
975 2265 1185 2336 plagam
1213 2307 1228 2332 ,
1263 2274 1423 2335 atque
1459 2265 1576 2334 ipso
1604 2258 1748 2318 luctu
1779 2263 2070 2318 vehemen-

491 2358 677 2414 tiorem
719 2358 982 2413 ﬂammam
1009 2360 1240 2414 excitent
1271 2376 1284 2412 :
1318 2373 1525 2427 :equum
1558 2357 1798 2426 profecto
1825 2355 1986 2410 fuerit
2016 2362 2070 2410 te

489 2462 607 2502 eam
639 2464 756 2517 qua:
786 2464 881 2518 per
906 2464 1180 2504 sermones
1203 2448 1486 2504 adhibetur
1513 2448 1930 2504 consolationem
1961 2457 2068 2500 non

488 2537 787 2607 repudiare,
817 2553 880 2593 ac
909 2538 1258 2610 lacrymarum
1298 2538 1487 2593 ﬂuvios
1516 2553 1798 2608 parumper
1817 2551 2071 2592 coercen-

452 2639 454 2641 ’
487 2637 594 2683 tem
631 2628 697 2682 ad
725 2628 884 2683 breve
913 2627 1100 2683 saltem
1127 2636 1340 2698 tempus
1369 2629 1434 2683 iis
1459 2628 1652 2694 etiam,
1681 2629 1771 2698 qui
1800 2637 1852 2682 te
1877 2641 2070 2682 conso-

487 2717 584 2772 lari
619 2717 997 2788 aggrediuntur
1020 2760 1033 2782 ,
1067 2727 1120 2773 te
1161 2718 1332 2788 ipsam
1371 2717 1523 2774 dare.
1568 2718 1691 2772 l‘lzec
1733 2717 1883 2772 enim
1909 2731 2068 2771 causa

485 2819 600 2874 est,
630 2823 726 2863 cur
751 2819 805 2864 et
839 2821 934 2864 nos
963 2823 1068 2864 non
1100 2811 1150 2865 in
1179 2810 1295 2882 ipso
1324 2810 1498 2865 luctus
1535 2810 1719 2880 vigore
1741 2851 1755 2876 ,
1786 2824 1962 2880 neque
1990 2812 2066 2864 si-

485 2901 596 2955 mul
621 2916 683 2956 ac
713 2901 907 2957 fulmen
953 2903 1168 2970 decidit,
1191 2903 1616 2966 obturbarenms,
1641 2903 1734 2958 sed
1758 2911 2064 2957 cunctantes

486 3006 598 3051 toto
628 2997 728 3052 hoc
757 2998 1074 3054 intermedio
1104 3005 1377 3068 tempore,
1407 3013 1468 3052 ac
1502 2999 1876 3068 permittentes
1904 3007 1953 3051 Ie
1981 3010 2066 3050 sa-

485 3089 601 3143 tiari
630 3089 776 3156 ﬂetu,
808 3089 1020 3160 quando
1039 3089 1148 3160 jam
1175 3103 1204 3142 a
1232 3089 1455 3159 caligine
1480 3089 1565 3142 illa
1591 3087 1858 3156 paululum
1882 3085 2064 3140 oculos

482 3179 760 3242 attollere,
788 3189 946 3249 atque
978 3193 1132 3233 aures
1161 3179 1245 3243 iis,
1286 3178 1377 3248 qui
1407 3187 1458 3232 te
1481 3177 1745 3232 consolari
1776 3184 2061 3239 tentarent,

484 3267 724 3337 pra-bere
769 3269 1023 3338 potuisti,
1056 3278 1180 3323 tunc
1223 3268 1320 3338 ipsi
1360 3275 1570 3337 quoque
1604 3275 1725 3336 post
1749 3265 2062 3319 ancillarum

481 3372 756 3413 sermones
781 3367 960 3414 nostra
982 3358 1570 3429 adjungeremus.'Nam
1593 3373 1712 3413 cum
1734 3357 1908 3412 adhuc
1931 3366 2062 3412 ten;-

480 3458 658 3518 pestas
686 3464 874 3518 magna
912 3459 1032 3515 est,
1075 3459 1129 3503 et
1171 3450 1339 3502 luctus
1378 3449 1546 3518 viget,
1578 3448 1664 3518 qui
1703 3448 1940 3503 dolorem
1970 3448 2062 3501 de-

481 3553 682 3608 ponere
731 3540 915 3595 suadet
946 3581 960 3601 ,
1007 3541 1051 3594 is
1077 3539 1344 3606 .ejulatum
1390 3540 1556 3608 magis
1607 3544 1901 3608 provocat,
1931 3537 2060 3591 nihil

479 3629 619 3682 aliud
647 3629 777 3682 lucri
805 3638 1102 3699 reportans,
1131 3639 1287 3699 quam
1309 3629 1512 3695 odium,
1539 3630 1866 3699 multamque
1893 3638 2063 3683 mate-

479 3720 614 3774 riem
637 3719 896 3788 ejusmodi
924 3720 1164 3774 oratione
1193 3721 1498 3788 suppeditat
1531 3719 1673 3788 igni,
1702 3717 1964 3787 simulque
1992 3717 2058 3773 de

475 3827 539 3865 se
563 3820 610 3864 et
641 3811 836 3865 inimici
879 3819 934 3865 et
972 3811 1112 3864 stulti
1155 3810 1383 3864 hominis
1409 3810 1564 3864 ’ail‘ert
1591 3809 1895 3877 Opinionem
1925 3827 1938 3861 :
1968 3824 2060 3863 ve-

478 3915 596 3955 rum
621 3901 832 3970 quando
862 3901 965 3970 jam
987 3907 1146 3956 asStus
1172 3901 1261 3956 ille
1287 3900 1540 3955 desidere
1555 3900 1746 3970 coepit,
1774 3915 1838 3954 ac
1857 3899 2060 3954 violen-

477 3993 602 4046 tiam
631 3993 882 4046 [luctuum
909 3992 1116 4046 sedavit
1141 3993 1279 4046 Deus
1297 4032 1311 4054 ,
1338 3990 1492 4046 facile
1510 3990 1764 4045 orationis
1785 3989 1898 4044 vela
1924 4005 2060 4060 pan-

475 4083 683 4137 demus.
709 4083 836 4138 Nam
863 4084 1117 4138 inediocri
1148 4084 1363 4153 quidem
1391 4091 1703 4151 tempestate
1721 4083 1922 4153 poterit
1946 4083 2056 4136 for-

476 4181 620 4228 tasse
661 4187 749 4228 ars
782 4189 941 4228 suum
977 4173 1210 4228 olllcinm
1251 4162 1426 4227 facere
1468 4189 1482 4228 :
1517 4181 1573 4227 at
1613 4189 1734 4227 cum
1776 4181 2054 4228 ventorum

475 4263 706 4333 impetus
731 4265 962 4318 invictus
986 4263 1174 4327 fertur,
1203 4263 1332 4317 nihil
1362 4263 1463 4316 loci
1483 4272 1572 4316 est
1600 4262 1821 4330 peritiae.
1845 4262 1938 4317 llis
1963 4263 2057 4317 ad-

472 4355 616 4409 ducti
653 4357 826 4409 causis
863 4364 972 4410 toto
1009 4355 1282 4424 superiore
1312 4365 1550 4423 tempore
1577 4354 1848 4418 siluimus,
1881 4367 1944 4408 ac
1966 4354 2053 4407 vix

476 4459 618 4498 nunc
637 4447 878 4501 emittere
899 4451 1084 4500 vocent
1103 4443 1338 4516 aggressi
1357 4451 1562 4499 s’utnus.
1581 4442 1890 4498 Audivimus
1909 4443 2050 4498 enim

475 4548 506 4588 a
538 4541 723 4603 patruo
751 4543 872 4601 tuo,
901 4535 1273 4590 conﬁdendum
1305 4536 1524 4604 posthac
1547 4549 1668 4589 esse
1699 4553 1713 4588 :
1747 4549 1869 4588 nam
1898 4544 1951 4589 et
1975 4535 2052 4587 fa-

473 4625 662 4688 mulas,
689 4633 806 4695 quae
834 4627 988 4697 paulo
1015 4626 1381 4682 honoratiores
1400 4626 1525 4692 sint,
1551 4625 1748 4680 audere
1769 4625 1836 4680 de
1862 4625 1943 4681 his
1968 4640 2052 4681 re-

471 4716 572 4772 bus
601 4717 836 4786 prolixos
863 4717 1057 4771 inferre
1087 4731 1364 4772 sermones
1385 4758 1400 4782 ,
1435 4717 1542 4770 imo
1566 4727 1812 4771 externas
1838 4731 2048 4786 quoque

471 4808 742 4874 mulieres,
771 4816 929 4877 atque
958 4823 1050 4863 eas
1077 4823 1194 4879 qua:
1217 4820 1307 4862 aut
1335 4823 1530 4878 genere
1557 4807 1650 4861 tibi
1673 4818 1927 4876 cognatm,
1959 4818 2049 4862 aut

429 4897 573 4952 'alia
617 4899 800 4968 quavis
849 4899 1054 4954 ratione
1101 4898 1169 4954 ad
1227 4898 1329 4953 hoc
1366 4913 1558 4953 munus
1593 4897 1895 4953 obeundum
1941 4899 2049 4953 sint

471 4989 696 5043 itionem.
719 4989 869 5056 Quod
882 4990 927 5044 si
944 4990 1149 5044 illarum
1176 5005 1452 5046 sermones
1473 4989 1728 5058 admittis,
1746 4990 1899 5045 valde
1918 5006 2048 5044 con-

423 5121 435 5133 .
469 5081 681 5136 ﬁdimus
705 5097 768 5136 ac
793 5097 888 5152 pro
909 5092 1056 5137 certo
1081 5082 1334 5137 habemus
1355 5081 1468 5137 fore
1488 5092 1544 5136 ut
1566 5091 1776 5138 nostros
1795 5096 1898 5136 non
1919 5096 2048 5136 con-

469 5185 697 5241 temnas,
729 5175 822 5231 sed
849 5176 1081 5245 quietem
1110 5191 1172 5230 ac
1203 5177 1660 5247 tranquillitatem,
1691 5176 1862 5246 quoad
1892 5186 2044 5244 pote-

467 5268 561 5331 ris,
591 5265 721 5335 ipsis
765 5265 1041 5321 audiendis
1089 5265 1363 5321 adhibeas.
1411 5265 1550 5320 Sane
1589 5266 1862 5319 muliebris
1888 5279 2046 5318 sexus

466 5359 752 5427 proclivior
767 5357 1154 5429 quodammodo
1173 5359 1240 5413 ad
1255 5359 1654 5430 concipiendum
1671 5357 1909 5412 dolorem
1931 5366 2042 5411 cst:

466 5458 522 5502 at
541 5463 659 5502 cum
684 5459 939 5519 prmterca
961 5450 1210 5519 juventus
1230 5449 1397 5515 adest,
1424 5459 1477 5504 et
1495 5449 1718 5502 viduitas
1740 5449 2044 5510 immatura,

467 5546 524 5592 et
548 5539 721 5592 nullus
747 5543 1073 5607 negotiorum
1102 5555 1245 5606 usus,
1272 5551 1327 5596 et
1351 5555 1598 5595 curarqu
1633 5554 1820 5607 magna
1851 5538 2040 5601 moles,

465 5637 626 5698 atque
653 5645 810 5684 omne
849 5631 1125 5700 pristinum
1154 5641 1363 5703 tempus
1390 5633 1441 5687 in
1467 5631 1671 5686 deliciis
1693 5672 1707 5696 ,
1739 5631 2000 5684 hilaritate
2023 5671 2038 5695 ,

465 5716 661 5774 divitiis
686 5720 1007 5793 insumptum
1033 5732 1132 5791 est,
1153 5723 1334 5781 multis
1355 5723 1591 5793 partibus
1612 5720 1781 5792 major
1801 5721 2040 5778 redditur

2185 1529 2496 1600 calamitas,
2523 1541 2614 1601 ut,
2646 1533 2747 1590 nisi
2777 1548 3062 1606 supernum
3092 1532 3228 1590 adsit
3253 1537 3524 1606 auxilium,
3555 1543 3768 1611 pericu.

2179 1617 2290 1674 lum
2316 1623 2386 1676 sit
2409 1635 2477 1677 ne
2496 1637 2526 1677 a
2552 1624 2926 1695 qualicumque
2953 1625 3188 1681 irruente
3211 1627 3529 1698 cogitatione
3549 1631 3770 1702 dejieia-

2180 1716 2304 1765 tur:
2335 1713 2475 1782 quod
2501 1713 2744 1784 equidem
2781 1717 2862 1770 vel
2896 1717 3215 1786 prmcipuutn
3253 1734 3317 1773 ac
3356 1723 3641 1777 maximum
3677 1726 3767 1778 di-

2180 1803 2316 1858 vina:
2340 1819 2466 1874 erga
2497 1815 2546 1860 te
2571 1821 2713 1861 cura:
2741 1807 2991 1862 indicium
3019 1811 3338 1865 censuerim.
3369 1811 3654 1884 Natnquod
3685 1825 3769 1871 tot

2182 1906 2402 1968 repente
2431 1900 2869 1954 concurrentibus
2897 1901 3050 1954 malis
3074 1916 3178 1954 non
3210 1910 3263 1958 te
3290 1904 3546 1973 agritudo
3568 1906 3765 1961 absor-

2148 1986 2360 2042 "buerit
2381 2030 2398 2054 ,
2437 2003 2537 2044 nec
2575 1989 2642 2043 de
2685 1989 2911 2044 naturali
2952 1990 3144 2044 mentis
3171 2000 3308 2046 statu
3339 1993 3413 2048 sis
3442 1995 3722 2050 deturbata
3753 2041 3768 2063 ,

2177 2093 2284 2132 non
2321 2078 2374 2133 id
2403 2077 2622 2134 humani
2648 2079 2872 2149 alicujus
2897 2078 3074 2134 auxilii
3100 2079 3218 2148 fuit,
3247 2083 3340 2137 sed
3365 2081 3768 2154 Omnipotentis

2177 2166 2320 2222 illius
2345 2183 2552 2234 manus,
2572 2169 2665 2224 sed
2694 2170 3054 2239 intelligentiae
3075 2171 3216 2225 illius
3237 2174 3386 2241 cujus
3413 2187 3521 2228 non
3543 2185 3625 2229 est
3652 2192 3769 2231 nu-

2139 2267 2146 2276 ‘
2178 2269 2358 2312 merus
2381 2298 2396 2321 ,
2426 2259 2522 2314 sed
2553 2258 2848 2329 prudentia:
2879 2259 3021 2313 illius
3046 2275 3164 2328 qua:
3196 2261 3497 2332 investigari
3516 2280 3628 2318 non
3659 2280 3768 2335 po-

2142 2364 2146 2372 '
2177 2355 2282 2403 test
2303 2390 2319 2415 ,
2347 2347 2439 2403 sed
2461 2348 2634 2404 Patris
2657 2349 3141 2404 misericordiarum
3166 2391 3182 2415 ,
3214 2366 3278 2407 ac
3319 2352 3413 2407 Dei
3449 2355 3608 2410 totius
3629 2373 3770 2411 eon-

2165 2441 2468 2496 'solationis.
2511 2439 2635 2512 Ipse
2674 2441 2838 2509 enim,
2863 2443 3034 2513 inquit
3061 2485 3076 2508 ,
3114 2444 3383 2499 verberavit
3409 2462 3502 2503 nos
3524 2489 3540 2512 ,
3576 2459 3624 2503 et
3651 2450 3770 2520 ipse

2173 2534 2370 2588 sanabit
2403 2549 2527 2598 uas;
2568 2533 2850 2604 percutiet,
2878 2543 2925 2588 et
2953 2535 3150 2588 curabit
3189 2545 3235 2589 et
3262 2545 3428 2593 annos
3463 2541 3620 2610 faciet
3663 2559 3766 2597 nos

2174 2621 2351 2692 (Osee
2395 2625 2453 2678 6.
2479 2623 2514 2676 2
2541 2626 2580 2694 ).

2261 2711 2436 2766 Viduis
2462 2714 2722 2770 Deus‘ttirt'
2749 2715 2978 2771 loco'est.
3007 2717 3368 2784 —-Quamdiu
3397 2723 3536 2778 enim
3579 2735 3765 2784 tecum

2172 2820 2275 2859 una
2309 2806 2518 2862 vivebat
2556 2807 2743 2863 beatus
2785 2809 2874 2864 ille
2903 2810 3002 2876 vir,
3027 2810 3280 2879 cupiebas
3302 2813 3515 2883 quidem
3548 2815 3766 2876 fructus

2170 2895 2408 2962 honoris,
2432 2911 2594 2960 curas,
2627 2898 2784 2953 studii
2810 2916 2824 2964 ;
2851 2901 3099 2969 eapiebas
3119 2911 3317 2971 autem,
3341 2907 3526 2974 quales
3551 2922 3616 2961 ex
3651 2909 3760 2964 ho.

2170 2988 2312 3042 mine
2341 3003 2532 3058 capere
2563 3003 2658 3058 par
2681 2998 2797 3044 erat
2826 3006 2843 3044 :
2871 2992 3120 3061 quoniam
3145 3008 3273 3048 vero
3299 2995 3445 3050 illum
3472 2997 3538 3052 ad
3567 3013 3627 3053 se
3655 3017 3760 3054 vo-

2168 3082 2306 3133 cavit
2339 3080 2475 3134 Deus
2499 3123 2514 3146 ,
2560 3082 2674 3150 ipse
2717 3097 2856 3136 nunc
2901 3083 3040 3138 illius
3079 3083 3197 3138 loco
3229 3099 3288 3140 se
3316 3087 3409 3141 tibi
3453 3090 3760 3147 substituit.

2133 3168 2352 3239 'Neque
2388 3170 2488 3223 hoc
2523 3186 2698 3225 meum
2727 3181 2808 3225 est
2835 3213 2851 3238 ,
2885 3172 2978 3227 sed
3020 3174 3159 3228 beati
3192 3177 3464 3245 prepheta:
3498 3180 3713 3234 Davidis
3744 3225 3763 3247 ,

2167 3262 2254 3328 qui
2282 3262 2350 3315 ita
2379 3261 2574 3330 inquit;
2597 3261 2860 3332 Pupilium
2886 3271 2932 3316 et
2947 3264 3150 3318 viduam
3172 3268 3406 3338 suscipiet
3423 3267 3592 3339 (Psal.
3623 3273 3761 3329 H5.

2135 3347 2137 3350 ⁴
2167 3350 2200 3404 9
2226 3352 2278 3419 );
2307 3361 2360 3406 et
2378 3352 2502 3405 alibi
2533 3352 2704 3420 ipsum
2729 3362 3105 3422 vocat'patrem
3127 3357 3447 3426 pupillorum
3477 3399 3493 3425 ,
3527 3371 3580 3414 et
3608 3362 3765 3431 judi—

2133 3456 2282 3494 'cem
2343 3441 2816 3512 viduarum(Psal.
2857 3443 3044 3514 67.6),
3082 3446 3406 3516 omninoque
3449 3448 3762 3509 hochomi-

2167 3549 2290 3586 nutu
2317 3549 2484 3602 genus
2515 3549 2720 3602 magna:
2751 3534 2847 3603 ipsi
2874 3550 3014 3588 cura:
3040 3550 3170 3590 esset
3188 3537 3412 3593 videbis.

2233 3625 2288 3678 2.
2327 3626 2589 3678 Caeterum
2621 3641 2688 3680 ne
2712 3627 3030 3722 hoeymen
3061 3629 3274 3684 assidue
3299 3643 3604 3701 usurpatum
3632 3640 3764 3691 ani-

2163 3729 2310 3767 mum
2337 3716 2431 3769 tibi
2459 3715 2693 3784 dejiciat,
2724 3731 2785 3770 ac
2813 3715 3075 3771 rationem
3103 3721 3374 3787 perturbet
3398 3727 3656 3790 reputanti
3692 3728 3758 3783 in

2163 3804 2280 3873 ipso
2299 3807 2470 3860 anatis
2496 3805 2626 3860 (lore
2652 3807 2776 3860 illud
2820 3817 2870 3862 te
2896 3809 3136 3879 subiisse,
3160 3809 3227 3863 de
3249 3812 3346 3864 hoe
3368 3812 3494 3866 mihi
3516 3816 3758 3882 primum

2161 3895 2527 3950 disserendum
2556 3897 2826 3965 proposui,
2848 3907 3006 3966 atque
3029 3900 3434 3966 ostendendum,
3459 3917 3564 3957 non
3592 3907 3751 3960 cala-

2162 3987 2359 4041 mitatis
2388 4004 2582 4043 nomen
2608 4004 2728 4044 esse
2758 4006 2952 4046 nomen
2973 3991 3264 4058 viduitatis,
3297 3996 3391 4050 sed
3419 3997 3653 4064 honoris,
3691 4013 3759 4058 ct

2162 4077 2381 4133 honoris
2401 4079 2614 4148 quidem
2641 4081 2874 4134 maximi.
2903 4081 3086 4152 Neque
3101 4085 3239 4137 enim
3269 4095 3320 4139 ιιι
3341 4087 3478 4140 mihi
3493 4090 3631 4158 vulgi
3653 4092 3752 4146 de-

2164 4178 2434 4238 pravatum
2462 4169 2764 4239 opinionem
2785 4171 2836 4224 in
2866 4173 3223 4228 testimonium
3245 4175 3453 4243 ail'eras,
3479 4181 3571 4233 sed
3597 4182 3750 4239 beati

2160 4260 2332 4327 Pauli,
2357 4263 2440 4316 vel
2459 4265 2631 4331 potius
2647 4262 2842 4320 Christi
2859 4265 3132 4320 decretum
3148 4279 3212 4321 ac
3237 4267 3428 4338 legem.
3442 4271 3572 4337 Qua:
3589 4275 3744 4330 enim

2129 4378 2131 4380 ·
2159 4352 2247 4407 ille
2268 4353 2600 4422 loquebatur,
2625 4353 2739 4408 iure
2759 4371 2856 4424 per
2883 4357 3050 4425 ipsum
3077 4359 3449 4426 pronuntiabat
3469 4362 3742 4432 Christus,

2156 4443 2605 4511 quemadmodum
2630 4455 2681 4500 et
2703 4445 2816 4514 ipse
2839 4444 2988 4509 dixit,
3005 4446 3087 4500 An
3115 4449 3506 4519 experimentum
3517 4457 3754 4522 ιιαατὶιὶε

2139 4535 2264 4601 ejus
2278 4535 2362 4604 qui
2377 4535 2430 4588 in
2446 4551 2524 4588 me
2537 4535 2754 4606 loquitur
2769 4535 2956 4591 Christi
2973 4535 3045 4605 (2.
3063 4535 3181 4591 Cor.
3204 4539 3289 4594 l5.
3305 4539 3389 4610 5)?
3412 4541 3548 4609 Quid
3576 4545 3748 4614 igitur

2155 4625 2364 4696 inquit?
2400 4625 2564 4680 Vidua
2587 4627 2800 4697 eligatur
2837 4644 2938 4682 non
2976 4629 3137 4682 atinas
3162 4632 3422 4701 sexaginta
3462 4649 3745 4704 annorum,

2154 4729 2208 4774 et
2234 4733 2435 4786 rursus,
2461 4719 2886 4774 Adolescentiores
2922 4729 3086 4773 autem
3107 4721 3284 4775 viduas
3302 4723 3465 4776 devita
3492 4726 3566 4793 (l.
3597 4725 3710 4780 Tim
3726 4766 3750 4782 .

2155 4811 2210 4866 5.
2251 4811 2305 4865 9.
2337 4811 2397 4865 il
2433 4811 2480 4882 ),
2507 4820 2734 4880 utroque
2765 4813 2864 4865 hoc
2888 4821 3154 4882 praecepto
3182 4813 3260 4868 rei
3288 4814 3441 4870 nobis
3467 4819 3742 4885 magnitu-

2154 4902 2331 4957 dinem
2363 4901 2622 4957 indicans.
2653 4901 2785 4957 Nam
2810 4901 2880 4958 de
2901 4905 3163 4975 episcopis
3183 4905 3396 4974 quidem
3419 4910 3744 4977 praecipiens

2156 4993 2339 5048 nullibi
2366 5008 2645 5047 numerum
2667 5009 2924 5048 annorum
2947 4995 3151 5060 statuit,
3180 4995 3264 5048 hic
3286 5005 3462 5050 autem
3489 5013 3742 5068 magnam

2152 5085 2368 5140 adhibet
2387 5085 2798 5139 accurationem.
2817 5084 2952 5152 Quid
2974 5087 3082 5140 ita?
3102 5085 3216 5140 Non
3239 5087 3380 5156 quod
3404 5088 3630 5144 viduitas
3652 5106 3750 5144 sa-

2150 5177 2388 5232 cerdotio
2404 5177 2573 5245 major
2587 5177 2674 5242 sit,
2689 5177 2780 5232 sed
2799 5178 3047 5244 quoniam
3066 5179 3321 5246 majorem
3339 5180 3466 5249 ipsa:
3483 5198 3638 5250 quam
3660 5185 3747 5240 illi

2149 5268 2383 5323 laborem
2399 5268 2680 5334 sustinent,
2700 5267 2877 5322 multis
2892 5269 3122 5338 undique
3138 5273 3362 5342 negotiis
3377 5273 3490 5326 illas
3507 5275 3747 5329 circurn-

2148 5358 2480 5414 venientibus
2498 5359 2720 5426 publicis
2735 5369 2789 5413 et
2811 5359 3044 5428 privatis.
3061 5360 3272 5416 Etenim
3289 5364 3740 5432 quemadmodum

2149 5449 2335 5504 civitas
2355 5449 2617 5505 mtenibus
2638 5463 2742 5502 non
2771 5450 3094 5504 circumdata
3123 5462 3266 5520 patet
3284 5453 3521 5521 exposita
3553 5458 3745 5509 omni-

2150 5540 2272 5606 bus,
2313 5539 2633 5609 quicumque
2661 5539 2890 5608 diripcrc
2912 5555 3030 5595 eam
3059 5541 3359 5596 voluerint:
3384 5545 3452 5597 ita
3479 5555 3533 5598 et
3555 5547 3740 5614 puella

2151 5645 2204 5683 tn
2235 5629 2488 5685 viduitate
2513 5639 2722 5684 mlatem
2748 5629 2944 5698 degens
2972 5631 3168 5686 multos
3199 5631 3357 5687 habet
3380 5634 3468 5703 qui
3499 5634 3745 5705 undique

2149 5721 2486 5790 insidientur,
2519 5736 2623 5777 non
2654 5721 2825 5778 solum
2853 5736 2947 5779 eos
2973 5724 3060 5794 qui
3092 5724 3331 5795 pecuniis
3370 5723 3745 5781 animum'ad-
