4016 6154
183 239 284 299 599

1509 239 1600 295 AD
1633 235 1919 296 VIDUAH.
1939 232 2306 290 JUNIOBEM.

2382 165 2417 174 .-

3523 217 3628 275 600

197 353 3594 391 ________________________________._._______—————

580 610 847 740 ΕΙΣ
925 595 1810 738 ΝΕΩΤΕΡΑΝ
1867 591 3031 738 XHPEYZAZAN“
3057 503 3218 730 [³⁵9

249 1109 319 1156 α’.
346 1101 472 1154 Ὀτι
505 1097 605 1168 μὲν
626 1093 870 1167 χαλεπὴν
890 1091 1078 1156 ἔλαϐες
1091 1090 1189 1164 τήν
1221 1088 1456 1160 πληγὴν,
1474 1088 1569 1142 καὶ
1584 1091 1642 1143 ἐν
1669 1091 1868 1164 καιρίῳ

178 1199 238 1254 τὺ
265 1197 521 1268 πεμφθὲν
551 1193 645 1248 καὶ
675 1190 880 1249 ἄνωθεν
915 1187 1079 1254 ἐδέξω
1107 1188 1168 1242 τὸ
1209 1187 1382 1258 βέλος,
1418 1186 1657 1252 ἅπαντες
1685 1188 1752 1242 ἄν
1781 1203 1866 1240 σοι

179 1293 682 1366 συνομολογήσαιεν
702 1329 718 1354 ,
752 1287 850 1342 καὶ
903 1286 1028 1340 ούδέ
1057 1285 1170 1338 τῶν
1201 1283 1408 1356 σφόδρα
1440 1283 1868 1354 φιλοσοφούντων

179 1393 355 1455 οὐδεὶς
384 1389 628 1461 ἀντερεϊ’
659 1383 784 1440 ἐπεὶ
801 1383 859 1439 δὲ
887 1384 1014 1447 τοὺς
1031 1381 1434 1453 πληττομένους
1448 1381 1547 1434 οὐκ
1565 1383 1645 1445 είς
1672 1382 1868 1448 πένθος

179 1492 274 1545 καὶ
301 1489 518 1557 δάκρυα
551 1483 642 1536 τὸν
678 1481 894 1536 ἅπαντα
925 1478 1115 1550 χρόνον
1139 1477 1450 1532 ἀναλίσκειν
1489 1477 1588 1542 δεῖ,
1613 1477 1750 1532 ἀλλά
1774 1479 1869 1533 καὶ

179 1588 276 1658 τῆς
301 1582 605 1656 θεραπείας
633 1578 743 1633 τῶν
766 1575 1095 1649 τραυμάτων
1111 1574 1310 1645 πολλὴν
1324 1574 1596 1628 ποιεῖσθαι
1621 1573 1718 1646 τὴν
1736 1574 1870 1647 πρό-

180 1681 500 1749 νοιαν,ῶστε
531 1677 606 1750 μὴ
623 1672 970 1747 παροφθέντα
996 1671 1025 1711 δ
1054 1669 1274 1742 μείζονα
1295 1674 1407 1734 τοῖς
1427 1671 1655 1742 δάκρυσι
1685 1687 1868 1742 παρα-

183 1784 335 1852 σχεῖν
380 1778 480 1850 τήν
538 1772 757 1844 πληγὴν
777 1809 792 1835 ,
850 1769 946 1822 καὶ
995 1766 1098 1839 τῆς
1153 1765 1345 1836 ὀδύνης
1361 1765 1720 1838 σφοδροτέραν
1771 1767 1868 1838 τὴν

183 1877 368 1947 φλόγα
398 1868 760 1944 ἐργάσασθαι,
784 1864 947 1920 καλὸν
962 1863 1059 1917 καὶ
1086 1863 1184 1934 τῆς
1198 1861 1285 1916 διὰ
1310 1862 1418 1915 τῶν
1441 1862 1615 1932 λόγων
1635 1863 1869 1933 ἀνασχέ-

183 1971 313 2024 σθαι
342 1966 766 2039 παρακλήσεως,
806 1960 899 2013 καὶ
930 1958 1058 2022 τοὺς
1096 1957 1355 2028 κρουνοὺς
1385 1956 1580 2028 μικρὸν
1605 1956 1871 2027 ἀνασχοῦ-

188 2086 288 2122 σαν
321 2067 432 2119 τῶν
461 2060 710 2133 δακρύων
743 2055 934 2129 χρόνον
993 2051 1124 2122 γοῦν
1179 2051 1383 2131 βραχὺν
1419 2053 1514 2106 καὶ
1544 2055 1658 2116 τοῖς
1695 2067 1871 2123 παρα-

190 2159 480 2235 μυθεῖσθαι
519 2175 578 2211 σε
626 2149 964 2225 ἐπιχειροῦσι
1011 2149 1314 2219 παρασχεῖν
1347 2147 1602 2218 σεαυτήν.
1631 2146 1730 2200 Διά
1758 2146 1869 2219 γάρ

185 2278 271 2314 τοι
327 2257 485 2310 τοῦτο
536 2253 634 2306 καὶ
680 2250 845 2322 ἡμεῖς
893 2246 954 2300 οὺ
997 2246 1129 2314 παρ’
1169 2243 1342 2315 αὐτὴν
1386 2242 1483 2296 τοῦ
1511 2243 1741 2307 πένθους
1770 2243 1870 2315 τὴν

187 2357 396 2429 ἀκμὴν,
427 2351 536 2406 οὐδ’
561 2351 680 2420 ἅμα
709 2345 789 2418 τῷ
817 2342 1204 2414 κατενεχθῆναι
1235 2341 1328 2394 τὸν
1355 2340 1598 2412 σκηπτὸν
1625 2339 1872 2412 ήνωχλήσ

187 2469 390 2526 σαμενο
439 2449 556 2504 ἀλλ’
581 2445 970 2516 ἀναμείναντες
1000 2439 1095 2493 τὸν
1147 2439 1205 2493 ἐν
1243 2437 1393 2510 μέσῳ
1421 2438 1632 2492 τουτονὶ
1657 2438 1868 2510 χρόνον,

186 2551 285 2606 καὶ
331 2544 791 2617 συγχωρήσαντες
833 2533 1213 2609 ἐμπλησθῆναι
1251 2551 1311 2588 σε
1338 2532 1446 2587 τῶν
1475 2531 1750 2605 ὀδυρμῶν,
1782 2533 1872 2586 ὅτε

188 2646 380 2701 λοιπὸν
407 2643 504 2696 καὶ
517 2637 804 2706 διαϐλέψαι
823 2633 1018 2706 μικρὸν
1043 2632 1152 2687 ἀπὸ
1169 2632 1268 2703 τῆς
1294 2629 1492 2702 ἀχλύος
1522 2629 1758 2700 ἐκείνης,
1778 2629 1874 2683 καὶ

188 2746 288 2808 τὰς
315 2741 486 2803 ἀκοάς
521 2734 848 2810 παρανοίξαι
872 2730 1156 2802 δεδύνησαι
1185 2731 1298 2793 τοῖς
1315 2745 1375 2782 σε
1403 2728 1738 2798 παρακαλεῖν
1755 2744 1874 2780 πει-

195 2839 484 2914 ρωμένοις,
508 2834 629 2887 τότε
653 2831 748 2885 καὶ⁵
770 2829 924 2885 αὐτοὶ
955 2827 1092 2900 μετά
1104 2827 1228 2891 τοὺς
1242 2824 1350 2880 τῶν
1371 2823 1766 2896 θεραπαινίδων
1786 2823 1874 2876 λό-

192 2953 326 3006 γους
354 2935 452 2988 καὶ
475 2930 548 2984 τά
577 2928 707 2999 παρ’
742 2924 949 2980 ἑαυτῶν
979 2921 1462 2996 προστεθείκαμεν.
1493 2921 1612 2974 Ἔτι
1639 2919 1736 2992 μὲν
1764 2919 1876 2992 γάρ

191 3033 288 3087 τοῦ
322 3026 592 3101 χειμῶνος
631 3023 785 3086 ὄντος
822 3018 1076 3094 σφοδροῦ,
1141 3017 1236 3072 καὶ
1282 3013 1478 3070 πολλοῦ
1518 3013 1614 3068 τοῦ
1644 3013 1876 3079 πένθους

193 3128 468 3190 πνέοντος,
494 3124 524 3177 ὁ
546 3118 882 3192 παρακαλῶν
915 3114 1252 3186 ἀποσχέσθαι
1273 3113 1374 3184 τῆς
1410 3111 1587 3183 λύπης
1618 3111 1778 3166 πλέον
1809 3112 1877 3168 ἂν

193 3221 485 3298 παρώξυνε
525 3219 663 3291 πρὸς
703 3215 804 3280 τὰς
837 3213 1104 3286 οἰμωγάς,
1136 3211 1230 3267 καὶ
1257 3211 1319 3264 τὸ
1346 3208 1644 3282 μισηθῆναι
1677 3207 1877 3281 κερδά-

193 3339 295 3387 νας
327 3321 490 3392 μόνον
520 3316 655 3387 ῦλην
685 3313 752 3368 ἂν
770 3310 970 3382 πολλὴν
998 3311 1112 3372 τοῖς
1141 3307 1404 3370 τοιούτοις
1430 3305 1609 3375 λόγοις
1635 3303 1879 3375 παρέσχε

192 3420 272 3491 τῷ
311 3417 447 3488 πυρὶ
478 3413 617 3486 μετά
635 3409 729 3464 τοῦ
756 3409 850 3462 καὶ
878 3404 1074 3478 ἐχθροῦ
1107 3404 1202 3459 καὶ
1230 3403 1456 3474 ἀνοήτου
1486 3399 1645 3467 δόξαν
1667 3399 1875 3454 λαϐεῖν’

193 3515 388 3587 ἐπειδὴ
410 3512 468 3566 δὲ
494 3509 679 3563 λοιπὸν
712 3505 916 3578 ἤρξατο
939 3503 1130 3574 λήγειν
1157 3502 1191 3572 ή
1224 3498 1383 3570 ζάλη,
1416 3497 1514 3550 καὶ
1535 3495 1598 3549 τὸ
1634 3496 1744 3550 τῶν
1782 3513 1881 3550 κυ-

197 3613 387 3684 μάτων
414 3607 605 3679 ἄγριον
649 3600 1042 3672 κατεστόρεσεν
1075 3599 1104 3651 ὁ
1126 3595 1281 3660 Θεὸς,
1333 3593 1572 3658 εὐκόλως
1598 3591 1694 3646 τοῦ
1718 3591 1879 3661 λόγου

194 3712 262 3766 τὰ
297 3708 446 3763 ἱστία
493 3702 909 3772 ἀναπετάσομεν
948 3709 996 3752 ε.
1039 3697 1130 3750 Ἐν
1159 3693 1458 3766 συμμέτρῳ
1489 3693 1588 3764 μὲν
1619 3691 1727 3764 γάρ
1769 3707 1882 3762 χει·-

205 3811 350 3883 μῶνι
393 3805 688 3876 δυνήσεται
727 3799 858 3862 ἴσως
888 3799 922 3870 ή
951 3795 1115 3867 τέχνη
1145 3795 1368 3865 ποιῆσαι
1395 3792 1460 3845 τὸ
1500 3791 1738 3870 ἐαυτῆςο.
1751 3791 1880 3871 ὅταν

195 3909 252 3962 δέ
280 3906 496 3976 ἄμαχος
583 3900 693 3952 τῶν
713 3893 1040 3966 πνευμάτων
1071 3894 1106 3964 ή
1137 3889 1433 3964 προσϐολὴ,
1459 3889 1556 3960 τῆς
1586 3887 1882 3960 ἐμπειρίας

196 4004 389 4074 θφελος
438 3997 614 4053 οὐδέν.
649 3993 748 4048 Διὰ
777 3993 950 4046 ταῦτα
997 3990 1176 4044 πάντα
1222 3988 1314 4042 τὸν
1347 3987 1656 4060 ἔμπροσθεν
1686 3986 1881 4058 χρόνον

201 4102 550 4171 σιγήσαντες,
581 4092 732 4166 μόλις
757 4091 853 4144 καὶ
882 4089 977 4144 νῦν
1008 4088 1445 4158 ἐπεχειρήσαμεν
1477 4083 1636 4156 ῥῆξαι
1669 4082 1877 4155 φωνήν,

198 4194 391 4265 ἐπειδὴ
445 4189 602 4262 παρά
626 4187 721 4242 τοῦ
759 4185 903 4240 θείου
939 4183 1251 4256 ἠκούσαμεν
1280 4181 1375 4237 τοῦ
1415 4182 1533 4248 σοῦ,
1581 4183 1664 4235 ὅτι
1691 4179 1880 4236 λοιπὸν

200 4290 305 4362 χρὴ
321 4288 576 4358 θαρρεῖν·
597 4281 821 4352 καὶγὰρ
859 4280 954 4334 καὶ
984 4278 1092 4333 τῶν
1120 4276 1513 4348 θεραπαινίδων
1539 4275 1639 4341 τὰς
1668 4277 1726 4329 ἐν
1744 4277 1879 4347 τιμῇ

200 4382 552 4453 κατατολμᾷν
568 4379 708 4449 ὑπὲρ
721 4377 926 4432 τούτων
954 4377 1198 4448 μακροὺς
1222 4375 1528 4430 ἀποτείνειν
1550 4373 1760 4443 λόγους,
1783 4373 1883 4437 τάς

197 4499 257 4535 τε
273 4480 479 4546 ἔξωθεν
498 4477 781 4547 γυναῖκας,
810 4473 906 4528 καὶ
941 4472 1042 4536 τὰς
1061 4471 1211 4540 γένει
1240 4469 1646 4543 προσηκούσας,
1670 4469 1766 4523 καὶ
1783 4468 1882 4533 τάς

198 4577 376 4638 ἄλλως
409 4590 528 4636 πως
558 4569 879 4642 ἐπιτηδείως
907 4569 1156 4640 ἐχούσας.
1185 4567 1311 4621 Ὀτι
1337 4566 1396 4620 δὲ
1430 4566 1555 4630 τοὺς
1584 4563 1714 4638 παρ’
1740 4563 1884 4618 ἐκεί-

199 4690 307 4725 νων
339 4667 606 4740 δεχομένη
638 4665 832 4735 λόγους
866 4664 967 4718 οὐκ
1000 4663 1288 4735 ἀτιμάσεις
1329 4662 1456 4727 τοὺς
1507 4659 1640 4734 παρ’
1695 4660 1877 4733 ἡμῶν,

199 4765 337 4820 ἀλλά
363 4766 457 4817 καὶ
485 4763 715 4834 ἡσυχίαν
758 4760 854 4814 καὶ¹
890 4759 1192 4832 ἀταραξίαν
1227 4757 1486 4831 παρέξεις
1512 4757 1694 4822 αὐτοῖς
1738 4755 1884 4810 κατά

196 4860 453 4930 δύναμιν,
508 4857 712 4927 σφόδρα
748 4853 1059 4926 θαρροῦμεν
1111 4853 1205 4908 καὶ
1250 4852 1718 4924 πεπιστεύκαμεν.
1769 4849 1882 4904 Καὶ

185 4935 374 5016 ’ἄλλως
398 4952 499 5023 μὲν
527 4945 620 5004 οὖν
646 4949 708 5002 τὸ
735 4950 1040 5019 γυναικεῖον
1064 4947 1223 5017 γένος
1260 4947 1720 5021 ἐπιῤῥεπέστερόν
1759 4945 1880 5011 πώς

189 5051 315 5104 ἐστι
344 5047 487 5119 πρὸς
522 5043 886 5117 συμπάθειανο
925 5045 1053 5098 ὅταν
1087 5044 1146 5098 δὲ
1175 5043 1268 5098 καὶ
1299 5044 1488 5116 νεότης
1527 5046 1730 5116 προσῇ,
1783 5042 1879 5096 καὶ

191 5145 396 5217 χηρεία
422 5143 620 5212 ἄωρος,
657 5142 752 5195 καὶ
788 5140 1128 5213 πραγμάτων
1153 5141 1402 5211 ἀπειρία,
1438 5141 1534 5195 καὶ
1577 5139 1878 5212 φροντίδων

1967 1091 2058 1145 τὸν
2084 1090 2392 1164 ἔμπροσθεν
2414 1090 2631 1144 ᾶπαντα
2663 1088 2964 1161 τετράφθαι
2993 1091 3204 1161 χρόνον,
3247 1089 3654 1146 πολλαπλάσιον

1968 1181 2175 1249 γίνεται
2206 1180 2268 1233 τὸ
2290 1177 2484 1241 δεινὸν,
2519 1177 2622 1231 κᾶν
2643 1178 2677 1248 ή
2714 1176 2874 1231 τοῦτο
2893 1177 3156 1234 παθοῦσα.
3180 1176 3256 1248 μὴ
3300 1178 3400 1250 τῆς
3434 1177 3648 1232 ἄνωθεν

1969 1270 2118 1342 [539]
2129 1269 2269 1342 τύχῃ
2287 1269 2480 1341 ῥοπῆς,
2499 1268 2634 1328 καὶὸ
2659 1265 2839 1337 τυχὼν
2867 1265 3038 1336 αὑτήν
3065 1265 3329 1337 λογισμὸς
3344 1265 3648 1320 καταλῦσαι

1967 1359 2317 1430 δυνήσεταιά,
2343 1360 2481 1432 ὅπερ
2508 1359 2726 1431 πρῶτον
2757 1357 2852 1413 καί⁵
2877 1355 3134 1428 μέγιστον
3161 1355 3260 1427 τῆς
3293 1354 3494 1424 πολλῆς
3521 1353 3649 1426 περὶ

1971 1447 2032 1502 σέ
2057 1447 2148 1502 τοῦ
2177 1447 2311 1501 Θεοῦ
2348 1447 2675 1518 κηδεμονίας
2693 1445 2913 1516 τίθεμαι
2937 1439 3076 1497 εἶναι
3103 1442 3424 1514 τεκμήριον.
3449 1441 3523 1494 Τὸ
3538 1440 3648 1511 γὰρ

1967 1535 2240 1590 τοσούτων
2272 1535 2682 1608 συνδραμόντων
2710 1532 2970 1602 ἐξαίφνης
3016 1530 3202 1585 κακῶν
3238 1529 3314 1602 μὴ
3344 1528 3651 1599 ἀποπνιγῆο

1968 1642 2056 1678 ναι
2081 1627 2150 1696 τῇ
2190 1623 2335 1696 λύπῃ
2361 1663 2377 1687 ,
2414 1623 2548 1694 μηδέ
2583 1622 2690 1676 τῶν
2731 1621 2873 1675 κατά
2914 1619 3075 1690 φύσιν
3103 1619 3362 1689 ἐκστῆναι
3414 1617 3648 1691 φρενῶν,

1969 1712 2068 1768 οὐκ
2089 1711 2438 1784 ἀνθρωπίνης
2468 1709 2610 1774 τινὸς
2643 1708 2893 1781 βοηθείας
2930 1703 3019 1780 ἦν,
3075 1707 3210 1760 ἀλλὰ
3235 1707 3336 1777 τῆς
3369 1706 3440 1761 τὰ
3471 1705 3651 1760 πάντα

1969 1799 2269 1871 δυναμένης
2293 1799 2493 1873 χειρὸς,
2525 1799 2626 1868 τῆς
2663 1797 2954 1860 συνέσεως,
2986 1791 3054 1868 ἦς
3082 1796 3182 1849 οὐκ
3209 1795 3358 1849 ἐστιν
3389 1792 3648 1866 ἀριθμὸς,

1969 1890 2068 1960 τῆς
2093 1890 2427 1960 φρονήσεως,
2449 1882 2516 1958 ἦς
2549 1888 2649 1940 οὐκ
2680 1885 2830 1940 ἐστιν
2854 1884 3152 1958 ἐξεύρεσις,
3185 1883 3279 1937 τοῦ
3299 1883 3513 1952 Πατρὺς
3541 1881 3653 1934 τῶν

1971 1977 2273 2047 οἰκτιρμῶν
2315 1977 2408 2029 καὶ
2441 1974 2577 2028 Θεοῦ
2631 1973 2816 2044 πάσης
2847 1973 3270 2043 παρακλήσεως.
3303 1970 3500 2037 Αὐτὸς
3541 1968 3652 2040 γὰρ

1970 2063 2266 2119 πέπαικεν
2297 2063 2475 2133 ἡμᾶς,
2536 2062 2693 2132 φησὶ,
2741 2063 2838 2116 καί
2889 2060 3120 2116 ἰάσεται
3153 2059 3332 2130 ἡμᾶς·
3379 2057 3652 2124 πατάξει,

1970 2153 2070 2207 καὶ
2089 2150 2352 2223 μοτώσει
2379 2148 2537 2220 ἡμᾶς
2565 2149 2665 2204 καί
2683 2148 2917 2219 ὑγιάσει
2941 2147 3118 2218 ἡμᾶς.

2045 2289 2191 2351 Ἕως
2235 2287 2333 2359 μὲν
2361 2286 2470 2358 γάρ
2518 2303 2601 2338 σοι
2664 2285 2828 2355 συνῆν
2859 2284 2888 2338 ὁ
2933 2283 3200 2354 μακάριος
3248 2283 3454 2346 ἐκεῖνος
3491 2282 3651 2354 ἀνὴρ.

1973 2377 2248 2440 ἀπέλαυες
2279 2387 2304 2415 ε
2371 2375 2468 2447 μὲν
2519 2373 2690 2444 τιμῆς
2744 2372 2839 2426 καὶ
2893 2371 3172 2443 φροντίδος
3238 2370 3333 2425 καὶ
3384 2371 3652 2442 σπουδῆς,

1973 2464 2245 2526 ἀπέλαυες
2281 2462 2338 2516 δὲ
2378 2463 2495 2527 οἵας
2523 2460 2674 2532 παρά
2702 2458 2990 2532 ἀνθρώπου
3045 2459 3340 2514 ἀπολαύειν
3377 2459 3524 2523 εἰκὸς
3563 2455 3650 2530 ἦν’

1974 2550 2245 2624 ἐπειδὴ,δέ
2295 2553 2499 2604 ἐκεῖνον
2540 2547 2699 2602 ἐλαὸε
2743 2547 2882 2618 πρὸς
2912 2547 3101 2624 ἐαυτὸν
3126 2548 3156 2599 ὁ
3181 2547 3332 2612 Θεὸς,
3363 2547 3480 2600 ἀντ’
3512 2548 3657 2601 ἐκεί⁴

1973 2656 2065 2693 νου
2119 2623 2200 2692 σοι
2253 2638 2477 2708 γέγονεν
2522 2636 2710 2701 αὐτός.
2759 2635 2868 2689 Καὶ
2914 2637 3016 2690 οὐκ
3066 2623 3199 2706 ἐμὸς
3239 2628 3394 2698 οὗτος
3421 2637 3449 2688 ό
3475 2635 3656 2704 λόγος,

1973 2725 2112 2780 ἀλλά
2137 2725 2231 2779 τοῦ
2267 2727 2539 2798 μακαρίου
2591 2725 2874 2797 προφήτου
2899 2725 3082 2779 Δαυῖδο
3117 2725 3251 2796 φησὶ
3275 2725 3405 2796 γάρ’
3443 2725 3658 2795 Ὀρφικ-

1973 2813 2087 2870 νὸν
2118 2814 2216 2869 καὶ
2270 2812 2465 2884 χήραν
2490 2813 2888 2884 ἀναλήψεται.
2926 2814 3036 2869 Καὶ
3077 2814 3310 2885 ἀλλαχοῦ
3338 2814 3356 2854 ί
3397 2815 3455 2869 δὲ
3496 2815 3658 2869 αὐτὸν

1975 2901 2191 2973 πατέρα
2247 2901 2406 2955 καλεῖ
2437 2901 2546 2954 τῶν
2591 2899 2864 2972 ὀρφανῶν,
2920 2902 3016 2956 καὶ
3060 2901 3252 2974 κριτὴν
3285 2901 3393 2955 τῶν
3449 2902 3654 2973 χηρῶνο

1974 2988 2117 3044 οὕτω
2146 2987 2346 3060 πολλὴν
2379 2988 2518 3061 ὑπὲρ
2550 2988 2739 3041 τούτου
2761 2987 2852 3041 τοῦ
2884 2987 3072 3058 γένους
3102 2989 3372 3062 πολλαχοῦ
3403 2990 3659 3062 ποιούμε-

1975 3093 2066 3133 νον
2089 3075 2251 3135 αὐ-τὺν
2283 3075 2404 3147 ὕψει
2431 3075 2530 3148 τήν
2555 3074 2812 3146 σπουδήν.

2051 3215 2118 3287 β’.
2145 3215 2264 3270 Ἵνα
2281 3214 2339 3270 δὲ
2359 3215 2434 3288 μή
2453 3213 2693 3286 συνεχῶς
2707 3211 2864 3268 τοῦτο
2880 3213 3173 3286 λεγόμενον
3183 3213 3244 3268 τδ
3259 3215 3432 3284 ίίνομσι
3449 3217 3658 3291 στρέφῃ

1979 3319 2074 3357 σου
2115 3302 2213 3374 τὴν
2240 3302 2438 3375 ψυχήν,
2469 3303 2564 3356 καὶ
2611 3303 2816 3374 συγχέῃ
2853 3319 2947 3356 σου
2977 3301 3070 3355 τὸν
3096 3301 3357 3372 λογισμὸν
3376 3344 3392 3369 ,
3421 3303 3480 3356 ἐν
3507 3303 3659 3376 αὐτῷ

1977 3391 2078 3463 τῆς
2096 3390 2314 3462 ἡλικίας
2346 3390 2426 3460 τῷ
2455 3389 2603 3445 άνθει
2637 3389 2884 3454 ἐπελθὸν,
2910 3390 3052 3461 ὑπὲρ
3081 3389 3272 3444 τούτου
3305 3391 3660 3462 διαλεχθῆναι

1982 3477 2241 3550 βούλομαι
2261 3478 2478 3551 πρῶτον
2505 3478 2601 3534 καὶ
2623 3478 2793 3544 δεῖξαι
2819 3479 2902 3534 ὅτι
2922 3479 2984 3533 ού
3012 3481 3318 3551 συμφορᾶς,
3332 3479 3472 3534 ἀλλά
3489 3483 3662 3552 τιμῆς

1980 3567 2128 3621 ἐστιν
2156 3567 2326 3637 δνομα
2363 3565 2448 3638 [τὸ
2478 3567 2578 3638 τῆς
2603 3567 2832 3638 χηρείας
2870 3566 3086 3639 ὄνομαῖ,
3123 3568 3217 3622 καὶ
3238 3569 3402 3640 τιμῆς
3430 3568 3530 3640 τῆς
3563 3586 3662 3640 με·

1979 3655 2192 3727 γίστης.
2237 3655 2332 3727 Μὴ
2359 3655 2468 3727 γάρ
2497 3672 2588 3726 μοι
2622 3655 2722 3726 τήν
2757 3655 2865 3709 τῶν
2902 3655 3112 3709 πολλῶν
3138 3655 3296 3722 δόξαν
3326 3657 3426 3728 τήν
3453 3657 3662 3712 πεπλα-

1979 3743 2221 3815 νημένην
2249 3746 2330 3809 είς
2361 3743 2664 3816 μαρτυρίαν
2685 3744 2922 3816 ἀγάγῃς,
2935 3743 3077 3799 ἀλλά
3097 3743 3192 3798 τοῦ
3225 3745 3496 3819 μακαρίου
3515 3745 3662 3801 Παύ-

1979 3829 2094 3896 λου,
2142 3831 2346 3902 μᾶλλον
2389 3831 2448 3886 δὲ
2476 3831 2572 3886 τοῦ
2615 3831 2853 3906 Χριστοῦ
2910 3833 3013 3905 τήν
3039 3831 3382 3906 νομοθεσίαν.
3436 3834 3504 3888 Ἀ
3548 3835 3660 3909 γάρ

1981 3921 2186 3986 ἐκεῖνος
2214 3919 2533 3990 ἐφθέγγετο,
2589 3919 2764 3974 ταῦτα
2790 3922 2819 3974 ὁ
2870 3920 3108 3992 Χριστὸς
3152 3921 3331 3976 ἐλάλει
3358 3921 3428 3976 δι’
3463 3923 3656 3990 αύτοῦ,

1981 4007 2164 4073 καθὼς
2186 4010 2280 4063 καὶ
2305 4008 2464 4071 αὐτὸς
2495 4007 2700 4077 ἔλεγεν,
2733 4009 2799 4062 El
2823 4009 2850 4049 ε
2889 4007 3146 4077 δοκιμὴν
3172 4007 3391 4078 ζητεῖτε
3433 4011 3541 4066 τοῦ
3588 4013 3662 4066 ἐν

1979 4094 2108 4165 ἐμοὶ
2136 4094 2476 4160 λαιοῦντος
2499 4091 2759 4162 Χριστοῦ
2789 4108 2808 4158 ;
2855 4093 2920 4146 Τί
2940 4091 3034 4148 οὖν
3066 4112 3199 4167 φησι
3227 4111 3242 4160 ;
3283 4095 3449 4166 Χήρα
3475 4115 3660 4152 κατα..

1980 4184 2246 4252 λεγέσθω
2267 4182 2353 4253 μὴ
2398 4182 2655 4236 ἔλαττον
2697 4180 2850 4236 ἐτῶν
2880 4181 3179 4250 ἑξήκοντα
3232 4185 3535 4254 γεγονυῖα·
3560 4187 3657 4242 καὶ

1983 4269 2164 4324 πάλιν·
2213 4269 2516 4336 Νεωτέρας
2547 4267 2616 4322 δὲ
2662 4267 2854 4337 χήρας
2890 4267 3200 4337 παραιτοῦ·
3232 4270 3303 4324 δι’
3332 4273 3660 4346 ἀμφοτέρων

1981 4355 2075 4410 τοῦ
2110 4356 2433 4428 πράγματος
2484 4357 2614 4426 ήμίν
2661 4357 2721 4408 τὸ
2749 4356 2978 4426 μέγεθος
3012 4357 3366 4429 παραστῆσαι
3399 4359 3660 4431 βουλόμε-

1981 4461 2090 4508 νος.
2131 4444 2241 4498 Καὶ
2285 4444 2414 4514 περὶ
2459 4444 2558 4514 μὲν
2603 4444 2916 4498 ἐπισκόπων
2948 4444 3365 4516 διαταττόμενος
3418 4448 3658 4521 οὐδαμοῦ

1980 4531 2195 4602 τίθησιν
2222 4531 2358 4585 ἐτῶν
2391 4531 2644 4604 ἀριθμὸν,
2698 4531 2933 4586 ἐνταῦθα
2960 4532 3018 4586 δὲ
3045 4533 3248 4605 πολλὴν
3281 4539 3517 4592 ποιεῖται
3559 4538 3661 4610 τὴν

1981 4619 2286 4690 ωρίὸειαν.
2319 4621 2384 4672 Τί
2407 4620 2635 4690 δήποτε;
2671 4619 2784 4691 Ούχ
2809 4620 2891 4676 ὅτι
2918 4623 2950 4692 ἠ
2977 4622 3172 4692 χηρεία
3203 4623 3406 4693 μείζων
3426 4627 3662 4696 ἱερωσύ-

1981 4724 2079 4778 νης
2107 4708 2274 4772 ἐστὶν,
2309 4707 2424 4762 ἀλλ’
2447 4709 2529 4762 ὅτι
2561 4707 2784 4778 μείζονα
2812 4702 2977 4764 αὗται
3015 4710 3177 4766 πόνον
3210 4710 3434 4765 ἐκείνων
3450 4711 3656 4784 έχουσι,

1983 4795 2326 4867 πραγμάτων
2375 4796 2547 4861 αὑτάς
2600 4796 2812 4850 πολλῶν
2845 4796 3177 4869 πολλαχόθεν
3227 4802 3656 4872 περιρρεόντων,

1981 4883 2254 4955 δημοσίων
2283 4885 2378 4939 καὶ
2407 4884 2709 4940 ἰδιωτικῶν.
2740 4885 3006 4958 Καθάπερ
3037 4886 3146 4959 γάρ
3175 4886 3328 4951 πόλις
3357 4887 3662 4959 ἀτείχιστος

1984 4974 2065 5036 εἰς
2099 4973 2261 5044 μέσον
2311 4973 2484 5028 ἅπασι
2515 4976 2626 5038 τοῖς
2659 4973 3003 5046 βουλομένοις
3034 4974 3303 5047 ἁρπάζειν
3350 4976 3657 5052 πρόκειται,

1982 5059 2126 5114 οὕτω
2157 5062 2252 5115 κα)⁸
2275 5061 2410 5134 κόρη
2440 5063 2636 5143 χηρείᾳ
2661 5062 2882 5127 συζῶσα
2913 5063 3143 5129 πολλοὺς
3176 5063 3290 5134 ἔχει
3318 5066 3660 5137 πανταχόθεν

1982 5149 2108 5213 τοὺς
2163 5148 2612 5214 ἐπιδουλεύοντας
2636 5191 2652 5216 ,
2707 5151 2768 5204 οὐ
2800 5153 2929 5216 τοὺς
2965 5143 3086 5205 τῶν
3127 5151 3427 5224 χρημάτων
3485 5155 3660 5226 αὐτῆς

191 5240 352 5312 δχλας
389 5237 580 5303 πολὺς,
612 5237 706 5291 καὶ
748 5235 808 5290 τὺ
835 5237 892 5289 ἐν
917 5239 1096 5309 τρυφῇ
1123 5237 1218 5290 καί
1248 5234 1486 5308 εὐθυμία
1515 5236 1612 5290 καὶ
1653 5233 1874 5306 πλούτῳ
1948 5235 2306 5311 ,οέφιεμένους
2340 5236 2520 5310 μόνον,
2560 5238 2697 5293 ἀλλά
2717 5238 2960 5304 καὶτοὺς
2985 5240 3084 5311 τὴν
3115 5239 3472 5312 σωφροσύνην
3491 5243 3660 5316 αὐτῆς

252 5435 275 5460 ⁸
295 5434 490 5486 Collala
513 5445 625 5482 cum
648 5431 820 5480 codice
836 5429 1120 5481 Colbertino
1135 5429 1229 5480 974
1247 5435 1429 5479 etcum
1450 5430 1570 5479 edit.
1593 5428 1743 5480 Savil.
1767 5429 1879 5480 Col-

188 5496 323 5548 berl.
371 5502 428 5546 et
474 5495 655 5544 Morel.
685 5493 884 5555 habent!
911 5492 1230 5555 χηρεύσασαν.
1277 5493 1493 5555 Savilius
1533 5494 1584 5541 in
1621 5497 1760 5555 lextu
1783 5509 1874 5554 χτ-

192 5560 446 5630 ρεύοςδσαν,
469 5551 1065 5630 ἰημαιεςβκιχῃρεύόασαν.
1090 5553 1244 5604 Paulo
1273 5561 1387 5616 post.
1419 5554 1613 5604 inilium
1633 5551 1712 5601 καὶ
1758 5551 1872 5604 aiile

191 5615 549 5696 ἄνωθενμεεει
565 5621 620 5667 in
643 5615 861 5696 ροιῧειίι.

244 5684 281 5778 ἶ
302 5679 860 5802 Ἥοῗέἵῖφέἓνῶπί
885 5735 1034 5787 Savil.
1061 5738 1445 5804 ἀναπετάσωμεν.

2050 5425 2333 5496 ειὸίολϐοῌτ.
2362 5429 2534 5481 Morel.
2563 5439 2617 5481 el
2637 5429 2789 5482 Savil.
2815 5433 2864 5482 in
2885 5444 3059 5496 marg.,
3085 5430 3232 5481 Savil.
3271 5433 3321 5482 in
3347 5437 3493 5483 textu
3509 5451 3666 5488 κατα-

1980 5488 2154 5538 κλύσαι
2178 5492 2447 5549 δυνήσεται.
2989 5488 3016 5496 ⁷
3046 5488 3054 5490 “
3667 5493 3683 5499 “

1981 5553 2354 5663 έλέυὲὲεὺῗένὶι.
2394 5552 2576 5611 melius
2616 5567 2763 5616 Quam
2798 5554 2971 5606 Morel.
2999 5564 3053 5607 et
3075 5553 3213 5608 Colb.
3242 5555 3328 5620 qui
3351 5553 3656 5618 habenam-

2051 5674 2070 5712 ί
2095 5676 2246 5724 Savil.
2269 5682 2323 5725 et
2345 5676 2480 5727 (ἴση).
2507 5677 2587 5730 καὶ
2610 5677 2770 5727 πάλιν.

2046 5739 2071 5778 ε
2101 5737 2251 5789 διινίι.
2279 5746 2332 5788 ει
2355 5738 2531 5790 Morel.
2554 5740 2771 5803 ei,Colb.
2799 5743 2848 5800 ή.
