4016 6154
349 238 448 300 σοι

345 354 652 429 διαφθεῖραι
686 352 1034 420 σπεύδοντας.
1074 354 1185 407 Καὶ
1220 354 1280 406 οὐ
1301 351 1505 416 ταύτας
1536 351 1717 422 μόνον,
1747 342 1885 405 ἀλλά
1926 347 2021 403 καὶ

345 450 542 526 ἑτέρας
590 454 727 527 πρὸς
762 454 825 508 τὸ
845 455 1030 506 πεσεῖν
1072 450 1244 520 αὐτὴν
1269 446 1526 519 ἀφορμὰς
1580 446 2024 519 προσγενομένας

346 550 674 622 εὑρήσομεν.
711 551 823 604 Καὶ
848 549 958 621 γὰρ
1005 547 1215 601 οἰκέται
1237 541 1727 615 καταφρονοῦντες,
1759 544 1854 597 καὶ
1882 545 2022 617 πρά-

350 644 534 718 γματα
566 645 931 718 ἀμελούμενα,
989 641 1084 699 καὶ
1108 643 1170 696 τὸ
1204 641 1402 714 μηκέτι
1429 645 1487 694 ἐν
1517 643 1586 713 τῇ
1621 636 2022 713 προτέρᾳεῖναι

345 745 501 814 τιμῇ,
531 742 626 796 καὶ
672 743 735 796 τὸ
762 741 862 807 τὰς
881 740 1150 813 ὁμήλικας
1174 736 1233 794 εὖ
1266 735 1613 810 πραττούσας
1638 738 1792 808 ὁρᾷν,
1824 736 2023 793 πολλά-

346 854 434 903 κις
460 839 517 893 δέ
539 840 632 894 καὶ
659 839 722 893 τὸ
750 839 964 912 τρυφῆς
992 834 1585 910 ἐπιθυμεῖν,δευτέροις
1609 833 1778 899 αὐτὰς
1803 835 2021 890 ἔπεισεν

342 937 601 1008 ὁμιλῆσαι
630 938 850 1008 γάμοις.

412 1032 536 1087 Εἰσὶ
577 1032 635 1086 δὲ
666 1033 723 1088 αἱ
756 1033 908 1105 νόμῳ
956 1033 1055 1103 μὲν
1100 1032 1278 1103 γάμου
1319 1032 1420 1086 οὐκ
1471 1031 1714 1086 ἐθέλουσι
1766 1031 2023 1102 συγγενέ-

341 1132 465 1185 σθαι
500 1132 615 1194 τοῖς
646 1131 908 1202 ἀνδράσι,
933 1129 1110 1201 λάθρα
1140 1128 1198 1183 δὲ
1226 1128 1321 1183 καὶ
1361 1128 1499 1200 μετά
1538 1127 1632 1183 τοῦ
1665 1128 2017 1201 κρύπτεσθαι.
2042 1170 2045 1175 .

340 1226 494 1301 [540]
528 1227 702 1282 Τοῦτο
745 1227 802 1281 δέ
830 1226 1094 1292 ποιοῦσιν,
1140 1224 1229 1278 ἴνα
1267 1223 1338 1279 τά
1369 1224 1622 1297 ἐγκώμια
1658 1225 1759 1297 τῆς
1797 1225 2023 1297 χηρείας

340 1324 742 1397 καρπώσωνται
767 1341 782 1358 ο
827 1322 1000 1387 οὕτως
1041 1322 1142 1376 οὐκ
1191 1321 1573 1387 ἐπονείδιστον,
1619 1322 1755 1376 ἀλλά
1809 1321 2021 1392 θαυμα-

342 1423 466 1477 στὸν
498 1423 594 1477 καὶ
632 1422 798 1495 τιμῆς
834 1421 983 1489 ἄξιον
1009 1421 1071 1475 τὸ
1104 1422 1336 1493 πρᾶγμα
1362 1419 1514 1492 παρά
1543 1419 1848 1492 ἀνθρώποις
1880 1415 2023 1473 εἶναι

339 1520 507 1585 δοκεῖ,
569 1520 630 1574 ού
660 1518 792 1591 παρ’
819 1520 951 1590 ἡμῖν
991 1517 1149 1589 μόνον
1182 1520 1295 1579 τοῖς
1335 1520 1567 1581 πιστοῖς,
1609 1517 1746 1571 ἀλλὰ
1786 1516 2021 1580 καὶτοῖς

339 1616 591 1679 ἀπίστοις
644 1615 848 1678 αὐτοῖς.
905 1614 1016 1681 Καὶ
1057 1611 1166 1684 γάρ
1202 1611 1315 1682 ἐγώ
1362 1630 1491 1667 ποτε
1528 1613 1648 1677 νέος
1680 1612 1760 1666 ἐτι
1800 1612 1897 1680 ὣν,
1929 1612 2022 1668 τὸν

346 1713 605 1785 σοφιστὴν
628 1714 721 1767 τὸν
749 1712 880 1784 ἐμὸν
922 1711 1165 1783 (πάντων
1207 1712 1265 1766 δὲ
1292 1712 1503 1786 ἀνδρῶν
1529 1713 2023 1784 δεισιδαιμονέστε-

343 1830 437 1885 ρος
460 1814 666 1877 ἐκεῖνος
697 1808 788 1883 ῆν)
816 1806 933 1864 οἶδα
972 1810 1066 1864 ἐπὶ
1108 1809 1319 1864 πολλῶν
1361 1810 1460 1883 τὴν
1517 1810 1730 1882 μητέρα
1756 1811 1855 1882 τὴν
1882 1811 2022 1882 ἐμὴν

353 1910 721 1983 θαυμάζοντα.
746 1909 867 1964 Τῶν
892 1908 1002 1979 γὰρ
1040 1907 1522 1980 παρακαθημένων
1555 1906 1705 1979 αὑτῷ
1754 1907 2024 1962 πυνθανό-

347 2023 505 2077 μενος
529 2014 571 2073 ⁸,
599 1999 689 2060 οἶα
717 2004 899 2073 εῖωθε,
927 2004 1014 2068 τίς
1031 2005 1148 2076 εῖην
1172 2002 1302 2073 ἐγὼ,
1334 2007 1424 2060 καὶ
1462 2004 1612 2068 τίνος
1643 2004 1910 2070 εἰπόντος,
1941 2006 2023 2059 ὅτι

345 2103 525 2175 χήρας
558 2102 839 2172 γυναικὸς,
890 2099 1160 2173 ἐμάνθανε
1220 2102 1350 2171 παρ’
1402 2099 1538 2170 ἐμοῦ
1578 2101 1679 2172 τήν
1716 2117 1778 2154 τε
1806 2101 2023 2172 ἡλικίαν

345 2201 445 2272 τῆς
481 2199 689 2271 μητρὸς
717 2198 812 2251 καὶ
841 2200 941 2268 τῆς
993 2197 1222 2269 χηρείας
1248 2197 1341 2251 τὸν
1386 2197 1595 2268 χρόνον·
1626 2197 1702 2262 ὡς
1734 2197 1792 2252 δὲ
1846 2194 2020 2265 εἶπον,

345 2296 430 2347 ὅτι
453 2293 591 2347 ἐτῶν
623 2292 1024 2366 τεσσαράκοντα
1050 2290 1305 2361 γεγονυῖα
1328 2291 1532 2346 εἴκοσιν
1555 2292 1669 2363 ἔχει
1702 2293 1909 2360 λοιπὸν,
1963 2294 2025 2361 ἐξ

346 2383 409 2444 οὗ
434 2388 526 2442 τὸν
565 2387 781 2459 πατέρα
812 2385 1055 2441 ἀπέϐαλε
1084 2386 1176 2441 τὸν
1204 2385 1336 2458 ἐμὸν
1356 2425 1372 2451 ,
1427 2386 1700 2458 ἐξεπλάγη
1720 2429 1736 2454 ,
1789 2387 1885 2442 καὶ
1924 2388 2021 2442 ἀν-

344 2486 539 2560 εϐόησε
568 2486 731 2559 μέγα,
744 2485 840 2540 καὶ
869 2484 1010 2557 πρὸς
1033 2483 1159 2548 τοὺς
1189 2482 1461 2553 παρόντας
1491 2482 1634 2538 ίδών·
1668 2483 1862 2548 Βαϐαῖ,
1894 2483 2021 2556 ἐφη,

344 2579 457 2638 οἲαι
480 2583 633 2656 παρὰ
656 2583 1002 2655 Χριστιανοῖς
1039 2580 1297 2650 γυναῖκές
1318 2581 1444 2634 εισι.
1491 2579 1760 2633 Τοσούτου
1782 2581 1843 2633 οὐ
1891 2582 2022 2652 παρ’

344 2684 479 2752 ἡμῖν
517 2680 698 2752 μόνον,
744 2678 881 2733 ἀλλὰ
918 2678 1014 2732 καὶ
1042 2676 1198 2749 παρά
1237 2678 1351 2741 τοῖς
1404 2674 1602 2740 ἔξωθεν
1628 2677 1658 2717 b
1688 2676 1749 2729 τὸ
1791 2678 2024 2749 πρᾶγμα

346 2773 609 2830 ἀπολαύει
636 2771 730 2827 τοῦ
764 2771 1041 2844 θαύματος
1061 2770 1273 2825 καὶτοῦ
1306 2769 1550 2824 ἐπαίνου.
1592 2770 1772 2843 ’Δπερ
1799 2771 2017 2825 ἅπαντα

349 2869 575 2925 συνιδὼν
600 2871 630 2924 ό
660 2869 930 2941 μακάριος
950 2866 1180 2932 Παῦλος,
1198 2865 1370 2936 ἔλεγε·
1389 2864 1556 2934 Χήρα
1582 2866 2020 2937 καταλεγέσθω,

350 2966 438 3037 μὴ
469 2968 725 3023 ἔλαττον
744 2964 895 3019 ἐτῶν
922 2964 1221 3033 ἑξήκοντα
1261 2962 1560 3034 γεγονυῖα.
1600 2963 1710 3016 Καὶ
1733 2962 1857 3016 οὐδὲ
1883 2961 2024 3034 μετά

345 3067 449 3138 τὴν
470 3065 740 3138 τοσαύτην
768 3064 877 3120 τῶν
913 3063 1120 3134 χρόνων
1148 3061 1456 3133 μαρτυρίαν
1489 3059 1714 3130 ἀφίησιν
1742 3058 1913 3129 αὐτὴν
1942 3060 2024 3122 είς

338 3164 438 3217 τὸν
470 3161 623 3231 ἅγιον
642 3159 831 3215 τοῦτον
861 3157 1102 3229 ταγῆναι
1129 3155 1310 3227 χορὸν,
1364 3154 1501 3207 ἀλλά
1526 3154 1622 3208 καὶ
1654 3152 1819 3225 ἐτερα
1848 3168 2021 3223 προσ-

345 3253 530 3322 τίθησι
589 3251 784 3321 λέγων,
824 3251 923 3304 Ἐν
945 3247 1143 3318 ἔργοις
1176 3244 1421 3315 ἀγαθοῖς
1447 3244 1932 3314 μαρτιιρουμένη.
1971 3246 2021 3297 εὶ

346 3347 882 3414 ἐτεκνοτρόφησεν,
933 3344 986 3396 εὶ
1013 3337 1473 3406 ἐξενοδόχησεν,
1508 3341 1562 3390 εὶ
1596 3337 1781 3407 ἁγίων
1832 3336 2023 3402 πόδας

346 3444 582 3510 ἔνιψεν,
635 3442 688 3494 εί
715 3435 1089 3507 θλιϐομένοις
1134 3431 1496 3501 ἐπήρκεσεν,
1547 3434 1602 3486 εὶ
1651 3432 1831 3486 παντὶ
1871 3431 2023 3501 ἔργῳ

347 3534 547 3610 ἁγαθῷ
592 3532 1072 3601 ἐπηκολούθησε.
1105 3529 1279 3582 Βαΰαὶ
1307 3529 1406 3599 τῆς
1453 3528 1775 3597 δοκιμασίας
1794 3528 1891 3581 καὶ
1924 3529 2023 3599 τῆς

350 3627 610 3702 βασάνου,
637 3629 771 3700 ὅσην
793 3627 947 3698 παρά
993 3625 1095 3696 τῆς
1128 3627 1304 3697 χήρας
1329 3627 1553 3679 ἀπαιτεῖ
1586 3623 1685 3695 τὴν
1707 3625 1908 3696 ἀρετὴν
1931 3625 2024 3678 καὶ

350 3720 466 3783 πῶς
490 3724 958 3796 ἀκριϐολογεῖταιί
988 3722 1089 3774 οὐκ
1117 3721 1183 3774 ἂν
1222 3720 1382 3774 τοῦτο
1406 3720 1658 3790 ποιή’σας,
1700 3721 1748 3772 εἰ
1776 3720 1850 3791 μὴ
1884 3720 2024 3790 πρᾶι

349 3832 381 3888 γ
392 3836 467 3891 μα
487 3819 667 3890 τίμιον
695 3818 790 3872 καὶ
829 3816 1027 3888 σεμνὸν
1050 3816 1271 3888 ἔμελλεν
1293 3810 1643 3886 ἐμπιστεύειν
1676 3813 1838 3885 αὐτῇ.
1887 3814 2018 3879 Καὶ,

348 3915 653 3985 Νεωτέρας
684 3911 772 3980 δὲ,
827 3914 984 3986 φησὶ,
1010 3911 1199 3984 χήρας
1247 3911 1557 3981 παραιτοῦ.
1610 3907 1744 3965 Εἶτα
1790 3913 1883 3965 καὶ
1923 3912 2023 3984 τὴν

351 4012 528 4068 αἰτίαν
556 4009 931 4082 προστίθησιν*
964 4009 1152 4064 ’Ὅταν
1178 4009 1288 4080 γὰρ
1327 4008 1894 4080 καταστρηνιάσωσι
1915 4007 2022 4062 τοῦ

350 4106 631 4179 Χριστοῦ,
664 4107 875 4179 ταμεῖν
933 4106 1202 4163 θέλουσι.
1250 4106 1348 4162 Διά
1386 4102 1574 4161 τούτου
1608 4106 1715 4177 γὰρ
1741 4106 1874 4178 ἡμῖν
1924 4103 2021 4159 τοῦ

352 4207 595 4279 ῥήματος
628 4204 946 4267 αἰνίττεται,
1004 4204 1088 4257 ὅτι
1116 4202 1174 4256 αί
1217 4202 1343 4266 τοὺς
1398 4201 1597 4273 ἄνδρας
1649 4200 2020 4254 ἀποϐαλοῦσαι

352 4305 467 4358 ἀντ’
518 4301 742 4356 ἐκείνων
771 4300 1131 4372 ἀρμόττονται
1182 4297 1261 4369 τῷ
1296 4297 1537 4368 Χριστῷ.
1570 4296 1712 4369 Ὀρα
1758 4295 1875 4359 πῶς
1909 4295 2021 4349 δει-

353 4399 485 4461 κνὺς
515 4409 538 4437 ο
566 4397 667 4468 τὴν
700 4396 963 4467 ἁρμονίαν
992 4397 1196 4465 ταύτην
1248 4394 1415 4465 ῥᾴονα
1439 4389 1607 4447 οὖσαν
1658 4392 1753 4446 καὶ
1779 4393 2017 4463 ἐπιεικῆ,

351 4490 512 4546 τοῦτο
538 4491 741 4562 τίθησι·
763 4490 909 4559 λέγω
935 4490 993 4543 δὲ
1025 4489 1107 4553 τὸ,
1121 4489 1309 4543 Ὅταν
1331 4489 1441 4558 γὰρ
1463 4486 2023 4556 καταστρηνιάσωσι

248 4660 255 4661 ί
324 4586 459 4645 ’τοῦ
492 4586 773 4657 Χριστοῦ,
806 4586 1017 4656 γαμεῖν
1040 4584 1308 4650 θέλουσι,
1341 4583 1591 4654 καθάπερ
1653 4583 1797 4646 τινὸς
1832 4583 2024 4655 ἀνδρὸς

353 4683 651 4748 ἐπιεικοῦς,
676 4683 771 4737 καί⁹
794 4682 855 4736 οὐ
884 4680 998 4752 μετ’
1027 4680 1275 4747 ἐξουσίας
1308 4679 1499 4742 αὐταῖς
1525 4676 1887 4748 κεχρημένου,
1906 4678 2021 4731 ἀλλ’

311 4796 315 4800 ‘
355 4782 553 4845 ἐῶντος
585 4781 643 4834 ἐν
672 4778 955 4850 ἐλευθερία
996 4777 1114 4847 ζῇν.
1150 4778 1257 4829 Καὶ
1307 4776 1429 4829 οὐδὲ
1481 4775 1641 4846 μέχρι
1688 4775 1893 4831 τούτων
1931 4778 2021 4831 τὸν

353 4874 511 4947 λόγον
535 4876 785 4947 ἔστησεν,
818 4874 952 4928 ἀλλὰ
979 4874 1070 4927 καὶ
1098 4871 1323 4943 ἑτέρωθι
1358 4871 1518 4925 πάλιν
1544 4871 1743 4943 πολλὴν
1764 4873 1903 4945 ὑπὲρ
1922 4875 2021 4928 αύ-

354 4972 455 5043 τῆς
482 4971 581 5044 τὴν
611 4970 865 5043 φροντίδα
902 4968 1192 5039 πεποίηται
1219 4966 1410 5036 λέγων·
1455 4969 1526 5022 ἸΙ
1554 4968 1623 5022 δὲ
1650 4971 2023 5027 σπαταλῶσα

357 5064 517 5131 ζῶσα
543 5068 847 5137 τέθνηκεν·
895 5068 934 5136 ἡ
980 5061 1048 5120 δὲ
1080 5061 1265 5129 ὄντως
1308 5063 1464 5135 χήρα
1511 5065 1608 5120 καὶ
1633 5067 2021 5137 μεμονωμένη

302 5210 305 5213 λ
356 5166 625 5236 ἤλπισεν
649 5165 749 5220 ἐπί
780 5166 887 5219 τόν
907 5163 1075 5227 Θεὸν,
1097 5161 1196 5215 καὶ
1243 5161 1566 5231 προσμένει
1592 5163 1721 5229 ταῖς
1768 5160 2023 5234 δεήσεσι

423 5324 450 5354 ⁸
476 5323 626 5373 Savil.
647 5321 1027 5384 πυνθανομένων,
1051 5316 1191 5369 Colb.
1211 5318 1572 5379 πυνθανόμενον,
1600 5318 1772 5369 More].
1795 5321 2022 5370 πυνθανό-

360 5401 561 5496 μζοὲἱε
582 5445 717 5496 Colb.
745 5450 799 5494 et
818 5443 967 5493 Savil.
988 5445 1148 5500 recte,
1183 5440 1354 5489 Morel.
1382 5452 1498 5489 vero
1518 5443 1630 5506 παρ’
1649 5445 1784 5505 ἡμῶν
1807 5461 1879 5506 μ.,
1902 5446 2025 5494 ἀλλὰ

359 5510 443 5558 καὶ
472 5509 583 5570 παρ’
602 5508 758 5570 αὐτῶν
782 5507 965 5570 ἐξωθενί

426 5575 448 5602 ε
472 5563 610 5619 Coib.
653 5574 705 5616 et
726 5569 874 5615 Savil.
900 5567 970 5630 τῷ
992 5564 1202 5630 Χριστιῖ).
1238 5563 1359 5630 Εἶτα
1397 5564 1594 5630 δεικνύς,
1619 5565 1792 5630 More].
1817 5567 1886 5629 τῷ
1910 5568 2026 5630 Χρι-

362 5634 480 5694 στῷ.
508 5631 760 5694 ’Ὀρσιπῶς
780 5627 1113 5694 δεικνύς-ἢτοι
1132 5627 1318 5694 _More|_._
1354 5631 1408 5694 εἰ.
1444 5628 1591 5675 Savil.
1632 5629 1680 5694 i_n
1704 5635 1839 5675 lexlu
1864 5627 2026 5693 ’ῥᾴονα

364 5686 528 5757 οὖσαν,
551 5686 634 5744 Sin
649 5693 697 5742 il.
724 5692 771 5742 iu
796 5701 947 5754 marg.
975 5691 1085 5754 ῥᾷον
1104 5688 1267 5750 οὖσαν,
1284 5686 1421 5737 Colb.
1444 5694 1592 5751 πρᾶον
1616 5688 1778 5737 οὖσαν.
1883 5686 1899 5741 ’,

1151 245 1210 302 S.
1248 243 1534 302 JOANNIS
1569 200 2055 301 CHRYSOSTOMI
2095 243 2422 301 ARCHIEP.
2458 241 3012 300 CONSTANTINOP.

2114 3360 2378 3422 ’συνετοὺς

2108 3456 2224 3509 καὶ
2261 3457 2340 3519 είς
2365 3455 2426 3508 τὸ
2463 3455 2626 3525 μηδὲν
2657 3454 2869 3525 ἔληγεν,
2894 3453 3002 3507 ἔδει
3025 3453 3369 3525 θορυϐεῖσθαι
3393 3454 3487 3507 καὶ
3503 3453 3715 3522 ἀλγεῖν·
3752 3454 3806 3510 εί

3682 243 3798 300 δοκι

2127 348 2226 406 καί
2248 347 2376 437 ταῖς
2405 349 2772 425 προσευχαῖς
2792 353 3016 424 ἡμέρας
3039 353 3137 409 καί
3172 357 3409 421 νυκτός.
3452 356 3562 410 Καὶ
3596 359 3817 429 [(0902--

2125 447 2261 513 θίοις
2274 450 2604 505 ἐπιστέλλων
2632 440 3216 524 φησί-Μακαριωτέρα
3238 449 3305 505 δέ
3332 454 3503 506 ἐστιν
3513 451 3621 506 ἐὰν
3639 457 3799 509 οὕτω

2116 550 2321 632 μείνῃ.
2351 544 2505 613 Εἶδες
2538 549 2638 602 ὅσα
2662 549 2762 620 τῆς
2790 549 3016 621 χηρείας
3066 550 3135 603 τὰ
3181 548 3453 619 ἐγκώμια,
3483 549 3579 602 καὶ⁵
3614 552 3796 607 ταῦτα

2124 646 2182 701 ἐν
2207 647 2270 716 τῇ
2296 645 2601 715 Καινῇ,δτε
2631 644 2734 712 καὶ⁸
2756 645 2819 699 τδ
2846 645 2954 716 τῆς.
2969 644 3266 719 παρθενίας
3298 645 3560 723 διέλαμψε
3593 647 3755 702 καλόν
3778 668 3792 715 ;

2122 739 2237 794 ἀλλ’
2269 741 2419 811 ὅμως
2442 741 2564 795 οὐδὲ
2590 740 2713 794 τότε
2742 739 2841 804 τάς
2875 741 3243 813 μαρμαρυγὰς
3275 743 3447 812 αὐτῆς
3479 744 3799 815 ἀποκρύψαι

2126 836 2344 908 ε’σχυσεν
2377 838 2411 907 ἡ
2432 836 2636 908 ταύτης
2666 836 2981 908 φαιδρότης,
3029 837 3165 892 ἀλλά
3194 837 3492 909 διαλάμπει
3529 840 3622 893 καὶ
3653 841 3806 897 οὕτω

2121 933 2220 1005 τὴν
2244 934 2450 988 οἰκείαν
2506 933 2704 1005 ἔχουσα
2753 935 2975 1006 ἀρετήν.
3024 934 3192 989 Ὅταν
3244 930 3338 990 οὖν
3371 938 3799 1010 μνημονεύωμεν

2127 1030 2329 1103 μεταξὺ
2360 1032 2608 1103 χηρείας,
2642 1031 2725 1104 μὴ
2755 1032 3074 1104 καταπέσῃς
3092 1071 3109 1097 ,
3162 1031 3299 1103 μηδέ
3320 1033 3522 1100 ὄνειδος
3549 1036 3611 1089 τὸ
3640 1034 3797 1111 [541]

2123 1132 2357 1201 πρᾶγμα
2388 1130 2592 1201 νόμιζε
2612 1133 2667 1184 εἰ
2689 1131 2798 1203 γὰρ
2829 1129 2988 1185 τοῦτο
3018 1128 3398 1200 ἐπονείδιστον,
3448 1133 3629 1205 πολλῷ
3658 1131 3798 1205 μᾶλα

2122 1228 2214 1282 λον
2235 1229 2271 1299 ἡ
2293 1227 2580 1301 παρθενία.
2632 1220 2773 1280 ⁶Αλλ’
2804 1227 2905 1281 οὐκ
2926 1226 3095 1294 ἔστιν,
3118 1222 3219 1282 ούκ
3253 1227 3389 1296 ἐστι,
3434 1231 3513 1302 μὴ
3562 1230 3793 1300 γένοιτο.

2128 1325 2301 1379 Ὅπου
2337 1324 2446 1397 γὰρ
2478 1324 2578 1390 τάς
2602 1324 2684 1378 ἔτι
2727 1324 3026 1396 περιόντων
3063 1322 3408 1397 ἀπεχομένας
3445 1327 3554 1381 τῶν
3585 1330 3804 1401 ἀνδρῶν

2125 1418 2474 1491 θαυμάζομεν
2503 1421 2740 1484 ἅπαντες
2763 1421 2857 1474 καὶ
2877 1420 3271 1491 ἀποδεχόμεθα,
3294 1421 3392 1486 τὰς
3412 1419 3506 1477 καί
3533 1422 3800 1479 ἀπελθόν-

2122 1535 2230 1573 των
2261 1518 2441 1573 αὐτῶν
2467 1518 2566 1591 τὴν
2618 1518 2787 1590 αὐτὴν
2818 1518 2947 1590 περὶ
2984 1518 3183 1582 αὐτοὺς
3225 1518 3677 1592 ἐπιδεικνυμένας
3702 1521 3797 1576 εὕ-

2122 1631 2290 1680 νοιαν,
2359 1614 2475 1678 πῶς
2503 1616 2603 1668 οὐκ
2637 1613 3029 1687 ἐκπλήττεσθαι
3061 1614 3142 1668 δεῖ
3186 1615 3281 1668 καὶ
3324 1616 3601 1682 ἐπαινεῖν;
3649 1617 3801 1684 Ἕως

2128 1710 2224 1781 μὲν
2253 1706 2369 1776 οὖν,
2395 1712 2537 1784 ὅπερ
2556 1711 2712 1781 ἐφην,
2756 1712 2922 1782 συνῆς
2957 1710 3036 1782 τῷ
3089 1712 3345 1783 μακαρίῳ
3369 1712 3650 1784 Θηρασίῳ,
3704 1716 3802 1769 καὶ

2122 1808 2285 1879 τιμῆς
2337 1809 2431 1862 καὶ
2459 1808 2710 1880 προνοίας
2741 1808 3054 1872 ἀπέλαυσας
3082 1807 3130 1874 (ι,
3173 1804 3291 1872 οἴας
3327 1809 3477 1881 παρὰ
3507 1809 3800 1882 ἀνθρώπου

2124 1903 2416 1958 ἀπολαύειν
2449 1905 2614 1969 εἰκός·
2651 1904 2745 1959 νῦν
2771 1904 2829 1957 δέ
2849 1906 2930 1970 είς
2968 1904 3066 1976 τὴν
3090 1904 3301 1960 ἐκείνου
3330 1905 3485 1971 τάξιν
3520 1906 3667 1978 ἔχεις
3708 1908 3805 1964 τὸν

2126 2002 2377 2057 ἁπάντων
2409 2001 2686 2074 Δεσπότην
2729 2002 2885 2068 Θεὸν,
2913 2002 2973 2065 ὃς
3019 2001 3114 2056 καὶ¹
3157 1996 3324 2056 πάλαι
3366 2018 3461 2055 σου
3515 2005 3804 2075 προεστὼς

2128 2097 2386 2168 μειζόνως
2415 2100 2508 2153 καὶ
2540 2101 2678 2171 μετά
2712 2100 2953 2164 πλείονος
2982 2100 3141 2154 τοῦτο
3180 2100 3393 2171 ποιήσει
3433 2101 3532 2172 τῆς
3560 2102 3805 2172 σπουδῆς

2123 2195 2240 2251 νῦν·
2262 2199 2354 2251 καὶ
2392 2199 2490 2270 τῆς
2516 2198 2714 2269 πολλῆς
2742 2198 2908 2252 αὑτοῦ
2942 2200 3205 2270 προνοίας
3228 2197 3290 2252 οὐ
3320 2198 3515 2269 μικρὸν
3534 2239 3549 2264 ,
3604 2198 3809 2271 ὥσπερ

2128 2294 2298 2367 ἐφθην
2329 2295 2527 2360 εἰπὼν,
2588 2295 2883 2366 τεκμήριον
2914 2293 3115 2361 ἔδειξεν
3154 2296 3285 2367 ἡμῖν
3315 2295 3440 2366 ἤδη,
3475 2297 3535 2349 ἐν
3556 2294 3805 2368 τοσαύτη

2124 2393 2337 2464 καμίνῳ
2368 2392 2658 2464 φροντίδων
2695 2392 2787 2445 καὶ
2818 2390 2993 2462 λύπης
3015 2391 3140 2463 ὑγιῆ
3169 2393 3263 2446 καὶ
3288 2391 3566 2461 ἀνέπαφὸν
3595 2409 3655 2446 σε
3679 2393 3804 2448 δια-

2124 2490 2382 2558 φυλάξας,
2413 2491 2507 2544 καὶ
2535 2488 2701 2561 μηδὲν
2725 2489 2883 2557 ἀφεὶς
2909 2488 3021 2542 τῶν
3044 2487 3357 2561 ἀϐουλήτων
3388 2488 3604 2542 παθεῖν.
3640 2489 3705 2543 '0
3743 2490 3804 2545 δέ

2122 2586 2180 2638 ἐν
2203 2585 2442 2655 τοσούτῳ
2466 2585 2611 2656 σάλῳ
2636 2584 2803 2656 μηδὲν
2840 2587 3199 2657 συγχωρήσας
3244 2584 3491 2654 γίνεσθαι
3513 2585 3805 2655 ναυάγιον,
3901 2621 3905 2625 ι

2125 2680 2304 2751 πολλῷ
2326 2681 2525 2753 μᾶλλον
2556 2683 2613 2734 ἐν
2648 2681 2858 2753 γαλήνῃ
2891 2683 3210 2753 διατηρήσει
3242 2680 3341 2753 τὴν
3376 2679 3474 2753 σὴν
3496 2681 3674 2755 ψυχὴν
3703 2684 3803 2738 καί

2125 2777 2332 2846 κούφην
2363 2779 2576 2848 ποιήσει
2596 2777 2694 2849 τὴν
2722 2778 2970 2850 χηρείαν,
2992 2777 3086 2831 καὶ
3105 2777 3175 2831 τὰ
3209 2778 3272 2831 ἐκ
3300 2771 3504 2849 ταύτης
3530 2774 3807 2834 δοκοῦντα

2125 2870 2263 2929 εἶναι
2286 2874 2340 2927 δε
2349 2874 2455 2928 ινά.
2542 2916 2545 2917 ν
2955 2880 2959 2883 ’

2192 2978 2261 3040 γ’.
2294 2973 2357 3026 El
2380 2972 2437 3026 δέ
2468 2989 2528 3026 σε
2552 2973 2612 3025 ού
2643 2971 2704 3025 τὸ
2732 2972 2831 3042 τῆς
2860 2971 3084 3042 χηρείας
3107 2969 3278 3041 ὄνομα
3310 2968 3546 3041 θορυϐεῖ,
3576 2969 3721 3025 ἀλλά
3744 2969 3808 3025 τὸ

2122 3065 2291 3141 ἄνδρα
2311 3067 2546 3122 τοιοῦτον
2558 3067 2869 3128 ἀποϐαλεῖν,
2888 3065 3230 3136 συνομολογῶ
3252 3066 3353 3136 μέν
3378 3082 3459 3119 σοι
3478 3065 3634 3134 κάγὼ
3656 3083 3804 3120 παν-

2121 3164 2288 3237 ταχοῦ
2310 3165 2414 3235 γῆς
2442 3163 2656 3234 ὀλίγους
2681 3162 3011 3232 γεγενῆσθαι
3031 3165 3305 3225 τοιούτους
3329 3162 3387 3214 ἐν
3419 3160 3646 3233 ἀνδράσι
3668 3161 3807 3232 βιω-

2121 3266 2294 3326 τικοῖς
2316 3261 2725 3332 φιλοστόργους,
2772 3261 3053 3324 ἐπιεικεῖς,
3111 3259 3420 3326 ταπεινοὺς,
3461 3258 3802 3324 ἀπλάστους,

2412 3370 2457 3425 ο,
2504 3358 2773 3421 εὐλαϐεῖς.
2810 3357 2949 3412 Ἀλλ’
2988 3358 3037 3410 εἰ
3078 3358 3176 3428 μὲν
3221 3356 3461 3411 διελύετο
3492 3357 3803 3423 παντελῶς,

2123 3552 2181 3605 δὲ
2209 3554 2289 3614 εἰς
2318 3551 2408 3605 τὸν
2442 3549 2616 3604 εὔδιον
2650 3549 2986 3604 κατέπλευσε
3045 3548 3238 3620 λιμένα
3256 3588 3271 3613 ,
3316 3549 3565 3621 καὶπρὸς
3591 3551 3684 3603 τὸν
3714 3551 3807 3604 δν-

2122 3665 2231 3712 τως
2261 3645 2427 3701 αὑτοῦ
2458 3645 2684 3718 βασιλέα
2706 3645 3137 3717 ἀποδεδήμηκεν,
3180 3647 3239 3699 οὐ
3275 3645 3490 3699 πενθεῖν
3516 3646 3656 3718 ὑπὲρ
3681 3646 3806 3702 τού-

2122 3762 2250 3808 των,
2274 3744 2411 3797 ἀλλά
2442 3745 2534 3796 καὶ
2559 3742 2769 3814 χαίρειν
2803 3743 2903 3797 δεῖ.
2954 3743 3028 3795 Οὐ
3078 3743 3188 3814 γὰρ
3219 3742 3447 3807 θάνατος
3495 3746 3524 3797 ό
3562 3744 3804 3809 θάνατος

2123 3838 2298 3907 οὗτος,
2329 3839 2446 3897 ἀλλ’
2480 3839 2758 3911 ἀποδημία
2785 3841 2879 3894 καὶ
2913 3839 3243 3912 μετάστασίς
3265 3858 3351 3903 τις
3378 3841 3486 3894 ἀπὸ
3517 3841 3625 3893 τῶν
3678 3860 3803 3912 χει-

2127 3941 2294 4013 ρόνων
2318 3940 2413 3993 ἐπὶ
2441 3938 2510 3993 τὰ
2546 3938 2757 4009 βελτίω,
2813 3937 2921 3991 ἀπὸ
2946 3939 3042 4008 τῆς
3074 3938 3176 4009 γῆς
3218 3937 3355 4009 πρὸς
3405 3937 3497 3991 τὸν
3538 3938 3801 4009 οὐρανὸν,

2123 4040 2231 4095 ἀπὸ
2270 4038 2380 4092 τῶν
2407 4035 2708 4108 ἀνθρώπων
2731 4034 2867 4106 πρὸς
2891 4034 3153 4103 ἀγγέλους
3189 4034 3282 4087 καὶ
3301 4034 3674 4106 ἀρχαγγέλους
3697 4038 3800 4091 καὶ

2123 4140 2215 4192 τὸν
2245 4135 2353 4191 τῶν
2392 4134 2636 4205 ἀγγέλων
2667 4135 2761 4187 καὶ
2791 4132 3146 4204 ἀρχαγγέλων
3194 4130 3492 4203 Δεσπότην.
3530 4133 3803 4188 Ἐνταῦθα

2128 4237 2230 4308 μὲν
2257 4236 2365 4307 γάρ
2392 4235 2487 4287 ἐπὶ
2513 4232 2612 4303 τῆς
2636 4231 2739 4301 γῆς
2773 4229 3198 4300 στρατευόμενον
3234 4227 3442 4298 βασιλεῖ
3480 4230 3573 4282 καὶ
3609 4231 3797 4283 κινδύ-

2124 4351 2246 4397 νους
2266 4328 2334 4402 ἦν
2362 4328 2687 4402 προσδοκᾷν,
2730 4326 2823 4380 καὶ
2872 4324 3070 4389 πολλὰς
3104 4325 3253 4394 παρὰ
3301 4325 3410 4377 τῶν
3453 4326 3799 4395 φθονούντων

2122 4431 2222 4495 τὰς
2267 4426 2576 4490 ἐπιϐουλάςο
2639 4426 2748 4495 ὅσῳ
2790 4422 2899 4494 γάρ
2960 4421 3110 4491 αὐτῷ
3150 4420 3219 4474 τὰ
3261 4420 3361 4491 τῆς
3392 4421 3798 4493 εὐδοκιμήσεως

2121 4525 2333 4597 ηὔξετο,
2353 4522 2590 4592 τοσούτῳ
2628 4521 2722 4574 καὶ
2758 4519 2827 4572 τά
2865 4517 3015 4589 παρά
3055 4517 3163 4570 τῶν
3190 4517 3399 4588 ἐχθρῶν
3437 4518 3797 4582 ἐπλεόναζεν·

2123 4625 2240 4676 ἐκεῖ
2268 4623 2325 4675 δὲ
2354 4619 2655 4675 ἀπελθόντα
2683 4618 2783 4671 οὐκ
2828 4614 2971 4668 ἐστιν
3020 4614 3352 4667 ὑποπτεῦσαι
3386 4614 3591 4668 τούτων
3616 4616 3789 4670 οὐδέν.

2126 4721 2287 4773 Ὥστε
2312 4718 2531 4788 ὅσῳπερ
2563 4716 2627 4768 ἂν
2655 4714 2856 4783 πενθῇς
2884 4713 2965 4765 ὅτι
2998 4710 3230 4782 χρηστὸν
3253 4712 3381 4765 ὄντα
3414 4713 3509 4765 καὶ
3535 4713 3797 4784 ἐνάρετον

2122 4816 2314 4872 ἐλαϐεν
2363 4816 2393 4868 ὁ
2435 4813 2587 4878 Θεὸς,
2617 4810 2855 4879 τοσούτῳ
2904 4808 3114 4881 χαίρειν
3156 4808 3237 4861 δεῖ
3290 4808 3371 4861 ότι
3411 4807 3553 4878 μετά
3588 4811 3797 4882 πολλῆς

2121 4916 2221 4985 τῆς
2249 4910 2545 4981 ἀσφαλείας
2585 4909 2680 4961 καὶ
2720 4906 2819 4978 τῆς
2846 4903 3004 4975 δόξης
3032 4904 3434 4975 ἀποδεδήμηκε,
3478 4905 3572 4958 καὶ
3602 4905 3704 4975 τῆς
3733 4907 3797 4959 ἐν

2122 5010 2201 5081 τῷ
2220 5008 2442 5077 παρόντι
2465 5005 2693 5076 κινδύνῳ
2711 5004 2951 5075 ταραχῆς
2974 5003 3326 5070 ἀπαλλαγεὶς,
3345 5003 3494 5057 ἐστὶν
3521 5004 3578 5054 ἐν
3599 5005 3797 5077 εἰρήνῃ

2123 5109 2219 5162 καὶ
2242 5105 2441 5176 ἡσυχίᾳ
2476 5103 2664 5174 πολλῇ.
2695 5101 2818 5165 Πῶς
2838 5100 2945 5171 γάρ
2975 5100 3074 5177 οὐκ
3105 5099 3303 5154 ἄτοπον
3323 5099 3414 5153 τὸν
3445 5101 3543 5170 μὲν
3562 5100 3798 5171 οὐρανὸν

2125 5203 2309 5273 πολλῷ
2333 5202 2525 5273 βελτίω
2545 5202 2641 5272 τῆς
2666 5200 2770 5269 γῆς
2795 5195 2930 5252 εἶναι
2952 5197 3256 5269 ὁμολογεῖν,
3291 5199 3417 5261 τοὺς
3437 5198 3493 5251 δὲ
3523 5199 3631 5252 ἀπὸ
3654 5197 3795 5253 ταύ-

2124 5319 2224 5374 της
2248 5302 2365 5354 ἐκεῖ
2397 5298 2765 5370 μεταστάντας
2790 5295 3003 5348 πενθεῖν
3025 5311 3039 5359 ;
3079 5295 3140 5346 Εἰ
3173 5295 3270 5364 μὲν
3291 5294 3400 5366 γὰρ
3418 5294 3523 5348 τῶν
3548 5294 3796 5365 αἰσχρῶς

2130 5399 2466 5452 Βεϐιωκότων
2505 5399 2598 5451 καὶ
2633 5395 2785 5467 παρὰ
2836 5395 2898 5448 τὸ
2952 5394 3032 5465 τῷ
3067 5393 3187 5464 Θεῷ
3215 5392 3403 5447 δοκοῦν
3430 5396 3459 5448 ὁ
3520 5396 3796 5465 μακάριος

2188 5633 2212 5669 «1
2238 5628 2371 5677 {'nlb.
2403 5637 2451 5675 οι
2473 5628 2623 5678 Savil.
2649 5629 2896 5684 ἀπέλαυες.
2920 5628 3101 5677 Mnrel.‘
3117 5626 3405 5682 ἀπέλαυσας.

2196 5702 2217 5729 ε
2241 5692 2319 5741 Sic
2339 5690 2476 5741 Colb.
2503 5698 2557 5739 el
2576 5693 2683 5739 Sav.
2699 5690 2752 5739 In
2768 5689 2884 5739 Mor.
2904 5692 3026 5743 haec.
3046 5685 3790 5758 ﬁn).d0100;,wvetoﬁ;,dc§un&
