4016 6154
448 247 548 303 601

445 367 710 428 lacerant,
741 358 835 416 sed
860 359 1020 415 etiam
1047 359 1135 431 qui
1157 359 1460 430 pudicitiam
1492 360 1655 431 ipsius
1683 361 1881 415 violare
1912 372 2028 415 stu-

445 448 596 505 dent.
625 448 808 520 Neque
831 465 960 504 vero
981 450 1075 505 has
1096 459 1293 505 tantum
1312 492 1328 517 ,
1354 451 1446 506 sed
1468 451 1628 506 etiam
1655 452 1786 506 alias
1815 452 2029 507 labendi

445 540 756 594 occasiones
795 540 850 593 in
888 539 1056 608 ipsam
1100 540 1371 596 incurrere
1409 541 1755 596 inveniem'us.
1803 541 1933 595 Nam
1976 550 2030 597 et

444 627 859 681 domesticorum
880 637 1229 697 contemptus,
1254 638 1306 684 et
1331 644 1412 684 res
1435 629 1707 700 neglectae,
1721 641 1774 685 et
1795 631 2028 699 pristinae

445 717 717 787 dignitatis
738 717 977 783 amissio,
1004 718 1281 787 arqualium
1308 721 1652 789 prosperitas,
1683 735 1826 789 smpe
1849 730 2026 775 autem

444 820 503 863 et
526 807 837 862 deliciarum
858 807 1117 879 cupiditas
1133 823 1197 863 eo
1218 809 1360 879 ipsas
1379 809 1734 874 adduxerunt,
1754 819 1808 864 ut
1834 825 2026 866 secun-

441 899 526 953 dis
551 914 610 953 se
634 898 832 966 nuptiis
857 897 1136 968 illigarent.

518 988 853 1058 Praeceptoris
868 988 1068 1059 gentilis
1084 987 1147 1041 de
1164 996 1322 1041 matre
1343 987 1405 1043 S.
1435 987 1693 1059 Chrysost.
1712 989 1965 1060 judicium
1980 991 2021 1043 ί.

442 1108 519 1120 —-
542 1079 653 1135 Nec
677 1094 806 1134 vero
830 1079 1021 1133 desunt
1047 1094 1165 1149 qua:
1191 1080 1423 1150 legitimo
1444 1081 1657 1150 quidem
1690 1083 2025 1139 matrimonio

441 1174 575 1227 viris
594 1172 891 1243 scjungere
916 1172 1134 1226 minimc
1156 1172 1334 1236 velint,
1360 1173 1452 1228 sed
1474 1173 1683 1228 occulte
1705 1175 1936 1228 etclam.
1967 1175 2022 1230 Id

440 1274 620 1321 autem
652 1274 933 1335 propterea
961 1263 1180 1330 faciunt,
1201 1273 1257 1319 ut
1273 1266 1511 1319 eucomia
1531 1266 1798 1320 viduitatis
1818 1266 2023 1322 lucren-

442 1366 533 1411 tur
563 1374 579 1412 :
609 1356 681 1410 ita
716 1371 822 1409 non
859 1354 1159 1425 ignominiae
1184 1397 1199 1419 ,
1230 1354 1323 1409 sed
1350 1354 1712 1409 admirationis
1737 1365 1895 1426 atque
1921 1358 2021 1412 ho-

440 1446 591 1501 noris
612 1445 765 1514 plena
789 1460 877 1500 res
894 1445 1009 1514 ipsa
1034 1445 1170 1513 apud
1190 1445 1430 1499 homines
1449 1454 1549 1510 est,
1573 1461 1677 1500 non
1707 1448 1866 1502 modo
1888 1448 2020 1505 lide-

436 1538 552 1602 les,
583 1552 764 1592 verum
801 1537 962 1590 etiam
1001 1535 1239 1590 inﬁdeles
1305 1536 1468 1605 ipsos.
1522 1536 1653 1592 Nam
1694 1550 1747 1593 et
1786 1555 1885 1610 ego
1924 1541 2021 1595 ali-

432 1626 651 1698 quando
674 1642 795 1682 cum
824 1641 998 1681 essem
1035 1626 1235 1696 junior,
1266 1626 1470 1681 doctori
1513 1643 1632 1682 meo
1664 1628 1814 1702 (erat
1840 1641 2016 1687 autem

435 1721 526 1775 ille
565 1720 802 1773 omnium
845 1718 1119 1773 hominum
1166 1719 1394 1774 maxime
1436 1720 2015 1791 superstitiosus)aui-

432 1809 693 1865 madverti
722 1819 943 1864 matrem
972 1824 1142 1864 meam
1182 1808 1236 1863 in
1277 1809 1455 1864 multis
1485 1825 1726 1880 magnam
1756 1814 2019 1869 excitasse

433 1901 862 1956 admirationem.

514 1991 791 2046 Viduarum
816 1989 1257 2061 dignitas.—Nam
1284 2003 1403 2044 cum
1430 2004 1542 2058 eos,
1575 1995 1663 2061 qui
1689 1992 1786 2046 sibi
1813 1993 2017 2048 asside-

430 2080 579 2143 baut,
599 2095 746 2135 more
769 2094 866 2134 suo
888 2080 1283 2150 interrogasset,
1305 2080 1424 2149 quis
1441 2094 1504 2135 ac
1525 2082 1676 2150 cujus
1696 2097 1794 2152 ego
1814 2097 2007 2147 essem,

428 2189 494 2227 ac
523 2188 835 2241 responsum
863 2180 1035 2238 esset,
1068 2187 1154 2227 me
1190 2172 1358 2226 vidum
1387 2173 1627 2228 mulieris
1652 2189 1769 2229 esse
1800 2174 1963 2229 tilium
1988 2215 2007 2240 ,

426 2264 499 2319 de
535 2278 623 2319 me
647 2264 892 2333 qumsivit
914 2271 1121 2318 aztatem
1152 2264 1335 2318 matris
1355 2305 1370 2330 ,
1400 2274 1455 2318 et
1482 2264 1750 2319 viduitatis
1777 2273 2006 2336 tempus.

423 2352 561 2409 Cum
591 2354 817 2424 primum
848 2369 976 2408 vero
1004 2353 1202 2408 audivit
1239 2354 1582 2425 quadraginta
1617 2371 1784 2411 annos
1825 2368 2005 2412 natam

422 2461 569 2511 esse,
598 2445 907 2515 vigesimum
928 2460 1054 2500 vero
1076 2445 1187 2515 jam
1216 2460 1416 2499 annum
1442 2446 1545 2514 agi,
1578 2461 1643 2500 ex
1669 2461 1773 2516 quo
1805 2455 2002 2515 patrem

424 2551 609 2590 meum
647 2535 921 2602 amiserit,
957 2535 1224 2604 obstupuit
1265 2535 1421 2604 plane
1445 2576 1460 2599 ,
1496 2542 1654 2604 atque
1689 2534 1753 2588 ad
1781 2550 1875 2591 eos
1912 2537 2001 2605 qui

420 2626 648 2681 aderant
664 2640 970 2691 conversus,
992 2624 1134 2678 clara
1159 2638 1289 2678 voce
1309 2624 1626 2680 exclamavit
1645 2642 1658 2679 :
1677 2623 1853 2695 Papae,
1874 2641 2004 2695 qua-

424 2719 508 2775 les
533 2719 785 2773 mulieres
812 2716 951 2787 apud
974 2717 1306 2772 Christianos
1330 2716 1487 2771 sunt!
1517 2716 1683 2770 Tanta
1708 2731 1811 2770 non
1843 2718 2000 2771 modo

421 2810 566 2880 apud
595 2824 711 2877 nos,
738 2808 832 2863 sed
854 2808 1010 2863 etiam
1030 2806 1167 2877 apud
1196 2806 1419 2877 gentiles
1435 2806 1701 2860 viduitatis
1720 2807 1833 2860 laus
1847 2816 1927 2860 est
1943 2815 1998 2861 et

426 2902 729 2957 admiratio.
748 2901 874 2970 Qua:
886 2888 1419 2955 ornttiaconsiderans
1438 2899 1616 2953 beatus
1630 2898 1824 2953 Paulus
1836 2898 1986 2964 dixit,

428 2994 595 3047 Vidua
620 2994 833 3064 eligatur
864 3009 963 3046 non
997 2992 1163 3044 minus
1190 2990 1447 3062 sexaginta
1471 3005 1717 3043 annorum
1740 2988 1759 3061 (
1784 2990 1835 3045 1.
1854 2987 1987 3044 Tim.

417 3081 474 3143 5.
501 3086 593 3156 9).
623 3085 806 3154 Neque
834 3099 961 3137 vero
990 3098 1053 3137 ex
1084 3083 1185 3136 hoc
1208 3081 1323 3135 solo
1343 3124 1356 3145 ,
1387 3081 1625 3149 quamvis
1653 3081 1798 3151 gravi
1826 3081 1996 3136 anatis

419 3172 755 3239 testimonio,
780 3175 1031 3229 continuo
1060 3173 1185 3227 sinit
1212 3181 1270 3227 ut
1296 3172 1346 3225 in
1376 3187 1584 3227 sacrum
1617 3173 1753 3226 hunc
1781 3172 1994 3241 adlega-

419 3277 508 3321 tur
538 3267 758 3322 chorum
783 3282 798 3332 ;
830 3265 924 3320 sed
954 3265 1056 3318 alia
1083 3265 1226 3318 addit
1257 3265 1325 3317 ita
1354 3264 1590 3318 scribens
1624 3279 1638 3317 :
1673 3261 1737 3316 In
1765 3264 1993 3332 aperibus

415 3354 559 3412 battis
588 3356 920 3411 testimonium
946 3356 1131 3409 habens
1153 3397 1168 3422 ,
1195 3356 1239 3408 si
1266 3356 1399 3422 filios
1425 3355 1653 3408 educavit
1669 3395 1683 3418 ,
1709 3355 1752 3408 si
1779 3355 1994 3424 hospitia

414 3434 620 3522 recepit,
644 3450 686 3503 si
705 3459 990 3503 sanctorum
1015 3448 1162 3517 pedes
1189 3448 1325 3512 lavit,
1349 3447 1393 3500 si
1413 3447 1778 3500 tribulationem
1798 3446 1996 3517 patien-

415 3543 550 3596 tibus
574 3542 986 3605 subministravit,
1010 3542 1054 3593 si
1076 3556 1221 3593 onme
1240 3555 1364 3611 Opus
1391 3537 1575 3592 bonum
1597 3539 1896 3608 subsequuta
1918 3547 1992 3592 est

419 3633 439 3703 (
470 3631 610 3686 Ibid.
640 3649 689 3686 υ.
724 3631 790 3687 10
811 3632 853 3698 ).
900 3630 943 3686 Ο
976 3629 1300 3701 diligentiam
1336 3637 1493 3700 atque
1517 3631 1906 3684 accurationem
1936 3629 1990 3683 in

415 3723 737 3794 probando!
781 3731 1032 3792 quantam
1073 3737 1102 3774 a
1138 3721 1293 3775 vidua
1334 3721 1555 3789 requirit
1598 3721 1847 3775 virtutem
1875 3760 1891 3785 ,
1932 3729 1987 3776 et

408 3829 573 3882 quam
599 3806 862 3868 subtiliter
880 3811 1055 3865 omnia
1076 3811 1439 3882 persequitur!
1467 3810 1601 3865 hanc
1627 3825 1755 3866 sane
1774 3826 1987 3881 operam

415 3921 524 3959 non
561 3914 885 3973 sumpturus,
914 3902 1016 3957 nisi
1058 3917 1247 3955 munus
1303 3902 1592 3956 honestatis
1635 3916 1697 3956 ac
1720 3903 1987 3972 dignitatis

412 3995 629 4065 plenum
658 3994 732 4048 illi
752 3992 1133 4048 commissurus
1150 3990 1353 4045 fuisset.
1375 3993 1441 4045 At
1461 4007 1586 4045 vero
1605 4006 1722 4045 cum
1745 3991 1985 4058 dixisset,

411 4084 843 4138 Adolescentiores
876 4094 1044 4136 autent
1078 4082 1256 4136 viduas
1294 4081 1458 4135 devita
1482 4122 1496 4145 ,
1536 4096 1747 4134 causam
1777 4097 1987 4151 quoque

408 4167 649 4244 adjnngit
673 4193 686 4228 :
708 4172 833 4227 Cum
852 4174 981 4227 enim
1003 4173 1271 4226 luxuriata:
1295 4172 1479 4240 fuerint
1498 4171 1549 4223 in
1569 4171 1785 4237 Christo,
1807 4172 1989 4226 nubere

411 4267 585 4319 volunt
613 4262 790 4334 (Ibid.
816 4280 863 4317 ι’.
892 4265 946 4317 Η
1066 4261 1159 4316 llis
1184 4262 1324 4315 enim
1355 4261 1528 4315 verbis
1557 4261 1685 4315 illud
1723 4262 1873 4316 nobis
1911 4262 1986 4315 si-

411 4357 661 4427 gniﬁcat,
694 4357 941 4411 mulieres
967 4371 1082 4426 qua:
1111 4358 1254 4408 viros
1283 4354 1575 4409 amiserunt
1599 4355 1650 4408 in
1677 4354 1882 4409 illorum
1910 4356 1990 4410 lo—

409 4465 533 4504 cum
563 4449 731 4519 aptari
758 4459 810 4504 et
834 4449 979 4519 jungi
1005 4446 1235 4502 Christo.
1259 4447 1372 4513 Quo
1394 4455 1567 4501 autem
1588 4447 1830 4518 ostendat
1852 4446 1988 4502 hanc

409 4540 835 4613 conjunctionem
865 4552 982 4593 esse
997 4552 1211 4592 suavem
1237 4552 1299 4591 ac
1321 4536 1518 4602 lenem,
1538 4537 1657 4591 vide
1670 4537 1795 4607 quid
1812 4537 1951 4592 dicat
1969 4555 1984 4593 :

412 4636 538 4689 Cum
572 4635 703 4686 enim
731 4631 1002 4686 luxuriatae
1027 4631 1211 4701 fuerint
1234 4630 1289 4683 in
1314 4629 1510 4684 Christo
1535 4671 1548 4695 ,
1573 4632 1754 4684 nubere
1779 4631 1987 4685 volunt:

405 4722 559 4794 quasi
590 4721 656 4776 de
681 4722 793 4775 viro
819 4720 1047 4789 quodam
1086 4720 1193 4774 leni
1231 4735 1293 4774 ac
1328 4720 1493 4788 probo
1520 4719 1770 4789 loquens,
1794 4721 1987 4790 quique

411 4829 519 4867 non
541 4813 645 4867 illis
659 4828 778 4866 cum
798 4812 1018 4881 imperio
1034 4821 1231 4877 utatur,
1249 4811 1341 4866 sed
1362 4812 1603 4868 libertate
1620 4813 1733 4866 illas
1751 4813 1846 4867 frui
1866 4829 1985 4883 pcr-

410 4907 607 4961 mittat.
636 4905 749 4961 Nec
776 4921 903 4959 vero
920 4907 1176 4959 hactenus
1205 4904 1496 4958 orationem
1521 4904 1826 4973 produxisse
1856 4906 1986 4958 satis

406 5000 632 5065 habuit;
674 4998 767 5054 sed
796 5008 851 5053 et
880 4998 1089 5052 aliunde
1115 5012 1299 5052 rursus
1335 5012 1540 5064 magna;
1577 4997 1675 5052 sibi
1700 4996 1815 5052 illas
1841 5013 1983 5052 cura:

402 5105 526 5146 csse
553 5089 872 5153 declarant,
900 5088 972 5142 ita
999 5087 1233 5141 scribens
1267 5104 1280 5139 :
1315 5085 1446 5139 Nam
1473 5102 1583 5153 qua:
1605 5087 1656 5140 in
1676 5087 1864 5140 deliciis
1888 5095 1980 5154 est,

402 5183 572 5235 rivens
598 5189 795 5234 mortua
822 5190 930 5232 est:
949 5194 1060 5248 qua
1082 5195 1247 5231 autem
1278 5194 1388 5231 vere
1406 5178 1555 5232 vidua
1579 5189 1651 5233 est
1676 5188 1722 5232 et
1738 5179 1980 5245 desolata,

400 5274 625 5343 speravit
654 5273 707 5325 in
737 5269 897 5324 Deum
921 5311 936 5337 ,
974 5278 1019 5322 et
1044 5271 1193 5323 instat
1218 5269 1636 5323 obsecrationibus
1664 5279 1709 5324 et
1740 5269 1984 5323 orationi-

396 5368 493 5420 bus
522 5375 670 5418 nocte
695 5378 758 5414 ac
783 5362 863 5413 die
888 5359 1058 5429 (Ibid.
1084 5376 1132 5414 υ.
1152 5360 1205 5415 6.
1228 5361 1260 5415 5
1281 5358 1318 5424 ).
1350 5360 1416 5414 Et
1440 5359 1506 5413 ad
1529 5358 1829 5414 Corinthios
1853 5361 1985 5413 scri-

398 5459 535 5511 bens
555 5454 753 5525 inquit,
776 5450 973 5504 Beatior
987 5463 1147 5505 autem
1167 5463 1279 5516 erit,
1295 5456 1335 5505 st
1356 5453 1427 5506 sic
1446 5451 1770 5521 permanserit
1786 5452 1802 5515 (
1812 5452 1830 5502 l
1846 5452 1983 5503 .t.‘or.

471 5588 486 5618 ί
523 5592 621 5635 ltac
642 5583 710 5634 de
734 5594 794 5631 rc
819 5580 927 5630 vide
948 5595 1092 5645 supra
1123 5583 1269 5633 Vitam
1292 5586 1609 5647 Chrysostomi
1634 5594 1663 5632 a
1680 5585 1816 5632 nobis
1846 5585 1987 5632 ador-

398 5654 586 5699 natam.

1696 250 1787 304 AD
1824 247 2085 306 VIDUAM
2122 251 2484 313 JUNIOREM.

3610 278 3713 335 602

2144 367 2194 421 7.
2223 368 2293 424 40
2314 370 2356 441 ).
2386 371 2546 428 Vides
2575 385 2769 456 quanta
2810 378 3077 436 viduitatis
3102 370 3340 441 encomia
3361 428 3374 452 ,
3403 401 3560 459 atque
3600 376 3719 451 han?

2138 461 2348 528 quidem
2379 463 2433 519 iu
2464 479 2599 519 tiova
2627 467 2743 538 lege
2765 510 2780 532 ,
2820 471 3031 539 quando
3064 473 3524 546 jam‘vtrgiuitatis
3550 483 3716 541 decus

2135 563 2474 642 summopere
2492 559 2745 613 emicuit?
2767 560 3138 620 Verumtamen
3166 581 3337 637 neque
3357 568 3513 639 hujus
3536 574 3713 642 splen-

2135 639 2234 734 dor
2259 643 2525 734 viduitatis
2555 648 2842 705 luminibus
2878 653 3107 709 officere.
3135 659 3304 725 potuit
3329 671 3348 725 ,'
3385 662 3479 716 sed
3507 639 3578 722 eti
3599 665 3712 734 ipsa

2134 730 2310 822 elucet
2343 733 2518 789 adhuc
2555 752 2703 792 suam
2734 739 2935 797 habens
2964 747 3233 805 virtutem.
3264 730 3711 822 Quotiescumque

2133 818 2293 888 igitur
2317 821 2754 882 interdicendum
2784 830 3049 886 viduitatis
3078 837 3397 892 mentionem
3424 818 3705 908 faciemus,

2133 924 2200 964 ne
2218 912 2398 967 animo
2423 915 2701 983 concidas,
2735 934 2835 975 nec
2856 936 2969 976 rem
2997 931 3203 994 turpem
3229 926 3508 986 existimes
3536 948 3549 985 :
3581 947 3703 987 nam

2131 1003 2174 1057 si
2204 1004 2429 1060 viduitas
2464 1009 2629 1077 turpis
2648 1050 2663 1074 ,
2703 1012 2870 1066 multo
2900 1015 3104 1084 turpior
3131 1017 3422 1087 virginitas.
3453 1020 3558 1077 Sed
3596 1039 3702 1078 non

2130 1092 2200 1146 ita
2241 1108 2300 1148 se
2339 1109 2426 1150 res
2470 1095 2662 1163 habet;
2694 1098 2848 1154 absit.
2873 1101 3097 1167 Quando
3123 1105 3264 1161 enim
3289 1123 3399 1175 eas,
3428 1125 3548 1180 qua:
3573 1114 3709 1168 viris

2129 1184 2303 1241 adhuc
2326 1191 2695 1258 superstitibus
2723 1194 3104 1250 continentiam
3133 1209 3366 1266 servant,
3397 1217 3582 1257 omnes
3607 1206 3708 1258 ad--

2129 1276 2384 1332 miramur
2417 1290 2472 1334 et
2509 1283 2976 1352 commendamus,
3007 1300 3102 1341 cur
3140 1303 3244 1343 non
3283 1305 3404 1357 eas,
3431 1309 3549 1363 qua:
3579 1307 3696 1365 post

2127 1368 2358 1423 virorqu
2381 1371 2582 1426 obitum
2603 1374 2843 1430 eamdem
2863 1376 2967 1431 illis
2985 1377 3406 1438 benevolentiam
3425 1397 3703 1455 praestant,

2126 1458 2372 1515 laudibus
2397 1469 2452 1516 et
2476 1462 2823 1520 admiratione
2860 1472 3279 1538 prosequamur?
3309 1472 3487 1529 Donec
3512 1474 3709 1547 igitur”

2124 1549 2567 1617 quemadmodum
2596 1552 2837 1615 dicebam
2866 1596 2882 1622 ,
2927 1570 3048 1612 cum
3070 1558 3244 1613 beato
3274 1559 3528 1618 Therasio
3554 1564 3694 1620 vive~

2123 1636 2217 1692 bas
2235 1680 2250 1702 ,
2280 1654 2401 1694 eum
2430 1642 2516 1697 ille
2548 1642 2638 1697 tibi
2669 1642 2926 1700 honorem
2952 1654 3267 1718 tuorumque
3292 1653 3714 1709 commodorum

2122 1729 2351 1785 studium
2369 1733 2626 1800 praestitit,
2649 1736 2943 1804 cujusmodi
2963 1752 2993 1792 a
3016 1739 3129 1793 viro
3145 1742 3499 1810 exspectanda
3518 1756 3710 1805 erant.,

2119 1821 2271 1876 Nunc
2319 1832 2496 1878 autem
2554 1826 2692 1880 illius
2744 1827 2861 1882 loco
2913 1829 3075 1885 habes
3122 1832 3400 1888 Dominum
3454 1839 3689 1894 omnium

2122 1912 2286 1967 Deum
2310 1955 2323 1978 ,
2356 1916 2445 1984 qui
2481 1931 2599 1970 cum
2642 1926 2798 1973 antea
2829 1919 2921 1973 tibi
2960 1921 3127 1989 affuit,
3158 1932 3266 1978 tum
3295 1941 3421 1982 vero
3457 1929 3508 1983 id
3551 1945 3690 1989 nunc

2119 2004 2287 2058 multo
2316 2004 2606 2074 impensius
2632 2022 2695 2062 ac
2723 2010 3039 2067 cumulatius
3082 2013 3257 2069 faciet.
3303 2017 3463 2087 Atqui
3508 2024 3687 2090 provi-

2115 2096 2307 2161 dentia:
2333 2099 2495 2169 ipsius
2520 2116 2624 2155 non
2648 2102 2944 2169 mininntm,
2967 2107 3408 2173 quemadmodum
3429 2114 3687 2169 anteadiv

2114 2187 2297 2243 cebam
2327 2232 2342 2253 ,
2388 2191 2638 2246 indicium
2685 2194 2793 2262 jam
2838 2195 2989 2250 nobis
3026 2197 3173 2252 dedit
3210 2200 3262 2253 in
3302 2200 3401 2256 hoc
3437 2218 3685 2262 curarum

2112 2289 2268 2349 atque
2294 2281 2495 2336 doloris
2525 2282 2771 2339 inccndio
2804 2287 3121 2342 incolumem
3168 2298 3218 2343 te
3262 2301 3518 2359 praestans
3539 2335 3556 2358 ,
3589 2311 3686 2350 nec

2111 2372 2425 2439 permittens
2454 2381 2509 2427 ut
2541 2373 2827 2445 quidquam
2858 2376 3037 2431 damni
3072 2382 3344 2447 patereris.
3372 2383 3468 2450 Qui
3504 2394 3684 2440 autem

2113 2472 2252 2517 tanta
2285 2466 2613 2535 tempestatis
2639 2467 2686 2520 vi
2718 2468 3055 2525 incumbente
3077 2472 3403 2543 naufragium
3435 2474 3547 2530 ﬁeri
3579 2479 3681 2531 mi~

2110 2555 2252 2609 nime
2282 2556 2553 2625 permisit,
2589 2558 2947 2629 multomagis
2974 2562 3256 2630 tranquillo
3287 2563 3395 2632 jam
3426 2566 3562 2621 mari
3585 2583 3680 2622 cu-
3702 2561 3726 2615 .’

2108 2644 2305 2700 stodiet
2340 2645 2570 2700 animam
2602 2655 2778 2713 tuam,
2823 2657 2878 2703 et
2918 2649 3087 2704 levem
3138 2651 3322 2706 reddet
3348 2654 3677 2724 viduitatem,

2106 2746 2265 2804 atque
2288 2749 2351 2789 ea
2379 2752 2497 2805 quae
2520 2751 2585 2791 ex
2615 2737 2726 2807 ipsa
2754 2739 2882 2793 oriri
2908 2740 3154 2795 videntur
3178 2742 3338 2796 mala.

2177 2825 2232 2880 3.
2264 2825 2490 2882 Therasii
2516 2828 2647 2882 laus.
2688 2859 2760 2870 —
2785 2831 2934 2898 Quod
2975 2832 3017 2887 si
3046 2848 3151 2887 non
3189 2834 3455 2890 viduitatis
3484 2852 3676 2893 nomen

2106 2924 2158 2970 te
2206 2916 2516 2984 discruciat,
2565 2919 2660 2974 sed
2708 2922 2828 2977 talis
2860 2922 2961 2977 viri
2987 2923 3213 2993 jactura,
3254 2941 3351 2997 ego
3390 2928 3547 2983 etiam
3585 2930 3677 2984 tibi

2104 3007 2263 3078 plane
2305 3008 2602 3074 assentior,
2645 3011 2697 3063 in
2740 3019 2854 3065 toto
2893 3020 3152 3068 terrarum
3200 3014 3331 3071 orbe
3368 3032 3564 3086 paucos
3610 3036 3677 3074 ex

2104 3099 2232 3154 viris
2269 3100 2613 3156 saecularibus
2649 3103 2913 3159 exstitisse
2941 3106 3039 3160 viri
3080 3107 3154 3161 tui
3181 3108 3383 3164 similes
3410 3119 3551 3165 tanta
3578 3112 3675 3166 hu-

2102 3191 2376 3255 manitate,
2390 3192 2672 3261 probitate,
2699 3193 2979 3260 modestia,
2997 3195 3317 3262 sinceritate,
3339 3200 3612 3268 prudentia
3631 3203 3671 3268 ⁸,

2105 3281 2300 3350 pietate
2318 3283 2592 3352 praeditos.
2616 3283 2832 3349 Verum,
2852 3285 2897 3339 si
2921 3286 3134 3356 quidem
3155 3289 3364 3358 penitus
3386 3291 3674 3348 iuteriisset

2102 3381 2263 3442 atque
2291 3373 2343 3428 iu
2388 3373 2610 3429 nihilum
2649 3376 2885 3457 abiisset,
2931 3381 3261 3434 manendum
3299 3397 3362 3438 ac
3388 3383 3671 3439 dolendum

2102 3472 2251 3529 erat;
2274 3466 2357 3520 sin
2386 3476 2562 3523 autem
2596 3467 2663 3523 ad
2689 3470 2922 3538 quietum
2964 3471 3334 3543 placidumque
3362 3474 3566 3531 delatus
3590 3489 3674 3532 est

2102 3564 2334 3626 portum,
2380 3567 2539 3629 atque
2578 3560 2643 3614 ad
2669 3575 2828 3614 suum
2869 3576 2996 3617 vere
3039 3563 3235 3634 Regem
3276 3564 3541 3634 profectus
3569 3577 3669 3629 est,

2101 3648 2277 3704 nullus
2304 3650 2390 3704 hic
2409 3650 2678 3722 lacrymis,
2700 3651 2794 3706 sed
2815 3652 3007 3707 laetitiae
3029 3654 3177 3710 locus
3199 3666 3299 3710 est.
3327 3656 3535 3712 Etenim
3558 3658 3674 3713 haec

2100 3754 2244 3793 mors
2273 3754 2376 3793 non
2404 3750 2486 3794 est
2510 3756 2672 3805 mors,
2697 3742 2789 3796 sed
2809 3743 3052 3812 migratio
3080 3756 3143 3798 ac
3171 3744 3421 3799 domicilii
3450 3749 3671 3801 mutatio

2098 3844 2129 3883 a
2155 3829 2505 3885 deterioribus
2537 3831 2604 3885 ad
2643 3831 2891 3897 meliora,
2921 3848 2952 3885 a
2987 3844 3123 3888 terra
3148 3834 3212 3888 ad
3238 3835 3444 3901 caelum,
3474 3836 3540 3890 ab
3571 3836 3671 3890 ho-

2100 3920 2330 3974 minibus
2358 3920 2421 3974 ad
2451 3922 2665 3991 angelos
2690 3932 2743 3976 et
2772 3921 3137 3993 archangelos,
3162 3934 3317 3993 atque
3343 3926 3475 3981 adeo
3499 3927 3670 3995 ipsum

2097 4010 2402 4080 angelorum
2464 4020 2516 4064 et
2562 4010 2998 4081 archangelorum
3047 4013 3348 4067 Dominum.
3400 4014 3530 4068 Nam
3585 4016 3696 4069 hic.

2098 4099 2307 4168 quidem
2353 4100 2476 4154 dum
2524 4101 2575 4154 in
2620 4102 2773 4156 terris
2821 4101 3127 4168 Imperatori
3172 4104 3453 4167 militabat,
3505 4105 3669 4157 multa

2098 4191 2622 4259 erantexspeclauda
2663 4192 3000 4257 discrimina,
3031 4194 3208 4246 multm
3250 4194 3316 4247 ab
3356 4195 3549 4248 invidis
3586 4198 3666 4247 in-

2096 4281 2264 4334 sidiai.
2304 4280 2419 4348 Quo
2466 4283 2606 4334 enim
2653 4283 2820 4343 magis
2861 4280 3004 4337 illius
3047 4282 3366 4338 existimatio
3402 4295 3455 4339 et
3503 4286 3666 4354 gloria

2097 4372 2414 4442 augebatur,
2443 4387 2509 4427 eo
2550 4373 2727 4441 plures
2772 4373 2820 4425 in
2868 4373 3036 4441 ipsum
3078 4374 3444 4428 excitabantur
3489 4377 3666 4429 iuimio

2097 4462 2254 4517 citiar.
2289 4462 2397 4516 Illic
2424 4473 2599 4517 autem
2631 4462 2864 4532 profecto
2890 4463 3018 4516 nihil
3043 4465 3301 4533 ejusmodi
3328 4466 3665 4521 metuendum

2097 4563 2196 4607 est.
2229 4553 2583 4621 Quamobrem
2619 4564 2872 4623 quantum
2913 4556 3078 4624 luges,
3111 4568 3213 4609 tam
3240 4558 3574 4612 commodum
3605 4574 3667 4613 ac

2098 4645 2291 4697 bonum
2310 4643 2516 4713 jussum
2548 4659 2665 4698 esse
2694 4644 2759 4698 ad
2783 4645 2946 4699 Deum
2972 4646 3068 4711 ire,
3098 4653 3296 4699 tantum
3321 4648 3485 4700 laetari
3511 4664 3667 4715 opor-

2097 4746 2171 4792 tet
2229 4736 2368 4807 quod
2397 4752 2583 4805 magna
2622 4750 2740 4789 cum
2769 4736 3053 4790 securitate
3078 4745 3132 4789 et
3169 4735 3331 4805 gloria
3364 4736 3662 4805 profectus,

2097 4839 2150 4883 et
2176 4845 2204 4881 a
2235 4828 2586 4898 periculorum
2624 4842 2743 4896 qme
2774 4826 2859 4879 hic
2902 4826 3245 4880 imminebant
3284 4827 3507 4881 tumultu
3534 4827 3667 4881 liber

2097 4920 2148 4975 iu
2177 4934 2304 4987 pace
2327 4930 2378 4973 ct
2407 4918 2583 4987 quiete
2620 4916 2781 4971 multa
2812 4917 2984 4987 degat.
3017 4917 3186 4983 Quam
3214 4919 3354 4971 enim
3378 4918 3664 4973 absurdum

2096 5018 2178 5064 est
2202 5008 2353 5064 fateri
2383 5008 2594 5078 quidem
2624 5008 2810 5063 caelum
2839 5016 2976 5061 terra
3017 5009 3172 5078 longe
3210 5008 3396 5062 melius
3426 5023 3543 5062 esse
3562 5049 3577 5074 ,
3604 5026 3667 5062 ac

2098 5110 2272 5155 tamen
2298 5099 2526 5170 eos,‘qui
2557 5099 2678 5153 hinc
2703 5114 2767 5154 eo
2795 5107 3179 5167 commcarunt,
3209 5100 3353 5154 luctu
3374 5101 3667 5168 prosequi?

2168 5192 2243 5244 De
2275 5191 2539 5262 proborum
2583 5192 2718 5245 obitu
2752 5189 3091 5262 gaudendum.
3119 5219 3192 5231 --
3220 5190 3350 5244 Nam
3394 5191 3438 5243 si
3482 5190 3666 5244 beatus

2095 5283 2195 5339 istc
2217 5300 2284 5338 ex
2313 5284 2521 5338 illorum
2552 5284 2820 5337 hominum
2851 5299 3069 5337 numero
3101 5282 3303 5346 fuisset,
3325 5282 3414 5351 qui
3444 5291 3666 5350 turpiter

2094 5392 2153 5430 ac
2189 5377 2293 5429 Deo
2320 5376 2537 5429 minime
2565 5375 2766 5443 probati
2796 5376 3063 5439 vixerunt,
3099 5373 3332 5442 profecto
3357 5358 3660 5426 non‘solum

2096 5477 2332 5520 mortuus
2352 5508 2366 5530 ,
2395 5467 2485 5519 sed
2517 5469 2676 5520 etiam
2707 5466 2886 5520 vivens
2916 5464 3042 5519 ﬂetu
3082 5463 3479 5535 prosequendos
3506 5473 3618 5518 crat
3653 5478 3666 5513 :

2161 5581 2173 5610 ι
2210 5581 2282 5627 sic
2319 5577 2446 5628 Colb.
2485 5585 2535 5626 et
2585 5578 2753 5640 Sa\'i|.;
2787 5581 2833 5628 iu
2869 5575 3030 5639 Morel,
3076 5583 3194 5638 tunc,
3219 5574 3510 5633 Situ'eriuitr,
3547 5588 3665 5631 pru-

2102 5642 2282 5697 dentia.
2307 5640 2500 5690 desunt.
