4016 6154
317 328 428 384 εθνδ

317 455 460 497 nunc
499 455 654 509 vero,
680 439 892 512 quando
917 449 973 496 et
1006 441 1121 512 ipse
1150 457 1286 497 unus
1330 457 1395 498 ex
1445 441 1542 496 Dei
1569 440 1755 496 amicis
1791 451 1895 507 est,

317 547 427 588 non
472 534 643 587 solum
691 533 921 598 viventi,
963 533 1058 588 sed
1100 533 1259 588 etiam
1297 547 1544 589 somnum
1581 549 1736 589 suum
1773 535 1900 590 dor-

317 625 504 682 mienti
527 625 899 696 gratulandum
926 633 1028 680 est.
1053 624 1260 679 Audisti
1284 640 1416 680 sane
1440 641 1504 680 ex
1535 625 1690 682 beato
1711 626 1894 694 Paulo,

316 716 615 772 faciendum
646 717 748 772 hoc
777 730 916 780 esse,
941 731 1062 771 cum
1091 715 1158 769 ita
1189 715 1414 781 diceret,
1446 716 1622 788 Longe
1646 717 1804 771 satius
1823 725 1898 772 est

315 808 544 874 dissolvi,
571 817 618 863 et
644 825 752 862 esse
777 826 889 862 cum
924 809 1121 863 Christo
1159 808 1412 879 (Philipp.
1443 809 1494 862 l.
1666 810 1736 862 At
1760 807 1897 862 forte

315 915 474 957 voces
516 901 659 956 illius
695 902 880 958 audire
924 903 1074 974 cupis
1116 889 1312 974 tuoque
1359 916 1482 973 erga
1521 901 1668 956 illum
1713 915 1896 955 amore

315 993 440 1064 frui,
469 1004 524 1050 et
548 996 988 1052 consuetudinem
1025 996 1254 1068 requiris
1281 1004 1336 1050 et
1370 995 1612 1065 gloriam,
1641 981 1895 1065 splendo-

312 1103 450 1154 rem,
477 1088 662 1156 decus,
689 1089 1030 1144 securitatem
1051 1128 1067 1154 ,
1093 1103 1214 1157 quae
1252 1087 1320 1142 ab
1345 1087 1436 1140 illo
1463 1086 1515 1140 in
1544 1094 1595 1140 te
1626 1084 1895 1139 redunda-

311 1181 456 1248 bant,
485 1191 645 1252 atque
667 1182 782 1236 haec
800 1180 977 1235 omnia
1004 1181 1225 1250 periisse
1250 1193 1391 1248 aegre
1417 1177 1545 1244 fers,
1568 1185 1623 1232 et
1641 1177 1793 1247 quasi
1819 1185 1898 1232 te-

313 1273 510 1328 nebras
536 1272 704 1328 menti
727 1281 830 1327 tua:
854 1271 1055 1326 offundi
1083 1270 1269 1326 sentis.
1294 1267 1490 1324 Verum
1520 1278 1664 1323 tuam
1683 1267 1894 1338 quidem

314 1378 441 1433 erga
486 1363 634 1417 illum
679 1361 968 1417 amicitiam
1012 1375 1165 1430 teque
1209 1359 1304 1414 tibi
1357 1373 1499 1414 nunc
1543 1366 1701 1429 atque
1737 1367 1894 1412 antea

311 1455 449 1510 tueri
479 1455 622 1510 licet.

381 1546 582 1602 Caritas
627 1555 677 1601 et
730 1563 890 1618 prope
914 1556 963 1601 et
1001 1545 1150 1617 longe
1195 1544 1382 1615 positos
1423 1531 1784 1616 complectitur.
1822 1574 1896 1618 -έ

310 1638 456 1696 Talis
481 1639 622 1695 enim
645 1649 728 1695 est
742 1639 980 1711 caritatis
1006 1638 1273 1709 potentia;
1292 1653 1399 1692 non
1416 1637 1586 1692 solum
1605 1645 1894 1707 praesentes

310 1746 376 1788 ac
421 1733 711 1803 proximos,
763 1732 959 1802 quique
986 1731 1056 1786 ob
1098 1729 1284 1785 oculos
1319 1737 1633 1798 versantur,
1666 1728 1762 1784 sed
1800 1743 1895 1784 eos

310 1823 472 1878 etiam
514 1822 604 1892 qui
645 1822 802 1892 longe
848 1821 1042 1876 absunt
1079 1819 1484 1893 complectitur,
1531 1817 1891 1888 conglutinat,

308 1913 622 1984 conjungit:
667 1927 731 1968 ac
773 1926 946 1982 neque
997 1909 1254 1980 temporis
1294 1909 1682 1979 longinquitas,
1720 1922 1894 1978 neque

307 2006 545 2061 locorum
584 2005 886 2067 intervalla,
923 2019 1096 2075 neque
1119 2001 1262 2058 aliud
1307 2001 1464 2072 hujus
1500 2000 1712 2072 generis
1739 1999 1894 2070 quid-

307 2112 466 2167 quam
494 2096 742 2166 frangere
767 2110 831 2150 ac
857 2095 1160 2150 discindere
1179 2093 1370 2148 anima:
1390 2092 1674 2147 amicitiam
1697 2098 1890 2161 potest.

305 2187 457 2255 Quod
486 2186 529 2241 si
561 2201 798 2256 pra:sens
827 2194 1147 2255 prtesentem
1183 2184 1380 2238 intueri
1406 2184 1556 2254 cupis
1582 2183 1715 2252 (non
1747 2182 1891 2236 enim

307 2296 395 2334 tne
418 2279 548 2348 fugit
576 2278 629 2332 id
660 2277 753 2332 tibi
803 2291 924 2333 esse
963 2277 1193 2350 maxime
1219 2276 1272 2330 in
1311 2275 1552 2346 optatis),
1578 2272 1786 2328 custodi
1813 2273 1891 2327 illi

304 2364 500 2419 lectum
528 2362 682 2417 alteri
711 2361 826 2416 viro
857 2361 1077 2416 minime
1105 2360 1369 2432 pervium,
1411 2358 1660 2415 incumbe
1689 2358 1742 2412 in
1771 2372 1891 2414 eam

304 2470 510 2519 curam,
533 2462 591 2507 ut
619 2453 804 2508 eadem
826 2453 879 2507 in
909 2461 960 2507 te
981 2460 1139 2522 atque
1161 2451 1214 2505 in
1246 2450 1340 2504 illo
1359 2450 1481 2504 vitae
1511 2448 1745 2519 probitas
1771 2448 1889 2504 elu-

303 2555 445 2610 ceat,
473 2561 535 2601 ac
559 2545 676 2601 sine
711 2544 874 2600 dubio
913 2543 980 2598 ad
1009 2543 1256 2599 eumdem
1294 2557 1416 2596 cum
1457 2541 1575 2611 ipso
1607 2539 1889 2611 pervenies

300 2638 561 2705 chorum,
600 2646 759 2706 atque
800 2650 904 2690 una
949 2649 1070 2690 cum
1116 2648 1182 2689 eo
1223 2633 1486 2688 habitabis
1513 2647 1618 2686 non
1657 2631 1890 2702 quinque

301 2745 492 2796 annos,
525 2726 973 2799 quemadmodum
1000 2725 1107 2792 hic,
1138 2740 1243 2780 non
1266 2725 1473 2796 viginti,
1502 2739 1610 2778 non
1635 2731 1876 2788 centum,

302 2838 408 2876 non
443 2821 609 2887 mille,
636 2827 729 2874 aut
754 2818 835 2874 bis
867 2817 1037 2882 mille,
1069 2824 1161 2872 aut
1181 2816 1366 2871 decem
1397 2815 1582 2880 millia,
1603 2823 1696 2868 aut
1721 2813 1887 2868 multo

300 2913 502 2984 plures,
534 2910 627 2965 sed
667 2909 870 2964 infinita
897 2908 1111 2964 saecula.
1157 2907 1424 2978 Regiones
1464 2904 1607 2961 enim
1652 2905 1769 2961 illas
1795 2920 1885 2960 re-

300 3007 443 3074 quiei
469 3005 748 3074 deputatas
776 3017 886 3057 non
924 3015 1195 3071 corporea:
1223 3000 1603 3070 cognationes,
1632 2997 1725 3052 sed
1765 2998 1887 3052 vitae

300 3095 596 3151 similitudo
621 3093 906 3150 obtinebit.
934 3092 1065 3148 Nam
1092 3092 1136 3168 si
1161 3090 1348 3146 eadem
1388 3100 1632 3159 suscepta
1671 3087 1886 3143 vivendi

301 3187 439 3242 ratio
467 3185 728 3241 Lazarum
771 3183 1000 3239 Abrahze
1046 3183 1283 3253 ignotum
1312 3180 1366 3236 in
1405 3184 1580 3235 sinum
1619 3179 1759 3235 illius
1784 3180 1882 3234 ad-

298 3279 449 3334 duxit
493 3278 791 3348 multosque
833 3276 958 3332 facit
994 3275 1063 3330 ab
1091 3275 1310 3330 Oriente
1349 3281 1403 3328 et
1427 3274 1716 3328 Occidente
1760 3287 1882 3328 cum

299 3369 392 3424 illo
419 3369 734 3424 recumbere
752 3407 768 3433 ,
811 3365 1052 3436 profecto
1079 3374 1131 3419 te
1156 3379 1369 3435 quoque
1393 3379 1494 3417 una
1530 3377 1652 3417 cum
1680 3366 1883 3433 optimo

297 3460 556 3516 Therasio
580 3459 726 3513 locus
751 3456 946 3528 quietis
974 3455 1231 3524 excipiet,
1259 3455 1303 3509 si
1333 3455 1574 3509 eamdem
1605 3466 1766 3524 atque
1791 3454 1884 3509 ille

297 3555 478 3610 colere
517 3551 751 3607 volueris
785 3550 980 3615 vitam,
1022 3557 1252 3618 tuncque
1293 3548 1466 3616 ipsum
1506 3563 1610 3602 non
1653 3563 1774 3601 cum
1817 3562 1882 3602 ea

297 3645 540 3714 corporis
582 3641 1011 3714 pulchritudine,
1039 3655 1142 3708 qua
1190 3640 1446 3709 praeditus
1491 3639 1658 3704 abiit,
1690 3639 1880 3694 iterum

299 3736 564 3806 recipies,
609 3733 704 3788 sed
741 3748 862 3787 cum
909 3732 1015 3786 alio
1056 3731 1284 3802 quodam
1325 3730 1642 3800 splendore,
1686 3746 1752 3786 ac
1793 3746 1884 3787 ve-

301 3836 530 3894 nustnte,
558 3841 677 3896 qua:
705 3825 850 3896 ipsos
875 3824 1006 3879 solis
1029 3823 1209 3877 radios
1246 3821 1451 3892 fulgore
1479 3821 1674 3875 vincat.

377 3919 582 3986 Quanta
597 3917 660 3971 sit
677 3920 853 3988 futura
863 3915 1026 3986 gloria
1037 3929 1304 3984 corporum
1323 3915 1376 3967 in
1397 3913 1569 3967 beatis.
1587 3942 1658 3952 —
1671 3912 1879 3968 Etenim

300 4013 404 4068 hoc
442 4010 656 4083 quidem
698 4023 926 4078 corpus,
961 4007 1122 4062 etiam
1167 4006 1213 4060 si
1237 4005 1303 4060 ad
1341 4020 1610 4060 summum
1645 4005 1880 4075 pulchri-

301 4105 498 4159 tudinis
521 4102 742 4175 gradum
773 4099 1109 4172 pervenerit,
1139 4098 1364 4153 mortale
1405 4106 1582 4152 tamen
1613 4105 1732 4162 est;
1762 4109 1882 4150 cor-

297 4211 427 4267 pora
456 4205 632 4250 autem
659 4209 866 4261 eorum,
896 4192 986 4263 qui
1027 4191 1136 4246 Deo
1165 4191 1505 4260 placuerunt,
1549 4197 1749 4243 tantam
1794 4187 1880 4242 in-

298 4290 466 4346 duent
491 4289 734 4359 gloriam,
765 4295 1017 4359 quautam
1047 4301 1114 4340 ne
1139 4284 1331 4340 intueri
1361 4283 1573 4353 quidem
1602 4281 1686 4336 his
1711 4282 1878 4338 oculis

297 4382 440 4436 licet.
487 4383 661 4450 Atque
708 4377 894 4432 harum
946 4377 1157 4449 quidem
1211 4391 1390 4432 rerum
1440 4375 1589 4445 signa
1637 4373 1880 4446 quaedam

295 4482 458 4544 atque
478 4473 703 4527 obscura
735 4473 954 4543 vestigia
999 4481 1052 4525 et
1080 4473 1135 4526 in
1171 4471 1364 4527 Vetere
1412 4480 1467 4526 et
1509 4472 1561 4525 in
1597 4471 1745 4526 Novo
1774 4471 1873 4525 Te-

296 4574 564 4622 stamento
589 4564 743 4619 nobis
771 4565 1003 4619 ostendit
1023 4564 1187 4619 Deus.
1209 4564 1341 4618 Nam
1359 4564 1464 4618 illic
1487 4563 1698 4633 quidem
1722 4565 1881 4619 Mosis

297 4659 464 4714 facies
491 4665 634 4712 tanta
663 4654 900 4726 fulgebat
927 4655 1115 4724 gloria,
1149 4664 1208 4708 ut
1231 4669 1350 4709 eam
1363 4653 1878 4709 oculilsraelitarum

297 4750 440 4806 ferre
489 4749 706 4804 minime
749 4753 995 4818 possent;
1043 4745 1096 4799 in
1137 4745 1284 4800 Novo
1313 4754 1488 4799 autem
1518 4747 1674 4814 longe
1712 4745 1881 4815 magis

297 4843 444 4898 fulsit
471 4841 668 4897 Christi
705 4839 887 4894 facies.
915 4839 1108 4906 Quer
1144 4837 1304 4908 igitur
1346 4853 1410 4892 ex
1454 4847 1539 4903 te,
1563 4838 1607 4892 si
1636 4839 1758 4908 quis
1785 4839 1878 4892 tibi

299 4933 565 5004 pollicitus
593 4939 738 4986 esset
766 4931 814 4984 ei
838 4945 899 4985 se
925 4928 1086 4985 totius
1113 4928 1259 4984 orbis
1287 4943 1508 4998 regnum
1535 4929 1875 4996 traditurum,

299 5025 394 5081 sed
421 5025 492 5080 oh
525 5026 660 5077 hanc
688 5037 904 5077 causam
943 5020 1192 5092 jussisset
1231 5019 1412 5090 viginti
1445 5021 1589 5091 ipsos
1626 5037 1796 5077 annos
1829 5031 1880 5078 te

296 5115 551 5172 secedere
571 5155 585 5180 ,
619 5123 777 5184 atque
815 5112 880 5167 iis
911 5113 1193 5166 transactis
1231 5110 1529 5167 diademate
1557 5126 1620 5168 ac
1647 5128 1880 5184 purpura

296 5219 544 5266 ornatum
583 5224 704 5263 eum
731 5206 824 5261 tibi
869 5204 1185 5260 traditurum
1228 5205 1594 5275 promisisset,
1636 5214 1796 5276 teque
1825 5209 1878 5261 in

203 5321 208 5328 ·
296 5300 486 5359 eodem
535 5307 695 5368 atque
743 5297 890 5351 illum
943 5294 1164 5350 honoris
1215 5295 1382 5366 gradu
1430 5296 1810 5352 collocaturum
1860 5314 1876 5352 :

298 5405 478 5447 nonne
504 5389 860 5445 secessionem
881 5387 1034 5441 istam
1056 5401 1210 5456 aequo
1237 5386 1416 5440 animo
1440 5397 1493 5442 et
1512 5403 1572 5442 ea
1599 5404 1700 5458 qua
1726 5388 1882 5444 decet

297 5483 623 5538 continentia
653 5480 900 5536 tulisses?
929 5494 1109 5535 nonne
1136 5493 1331 5534 munus
1357 5481 1666 5549 praeclarum
1687 5523 1704 5547 ,
1733 5497 1879 5537 rem-

299 5592 406 5645 que
450 5574 697 5629 omnibus
744 5574 884 5628 votis
929 5571 1214 5641 optandam
1266 5570 1561 5627 duxisses?
1610 5573 1880 5630 Patienter

300 5667 446 5721 feras.
473 5665 632 5736 igitur
664 5674 721 5722 et
745 5679 886 5718 nunc
925 5677 1031 5717 nou
1075 5661 1224 5732 regni
1253 5664 1481 5732 terreni,
1525 5663 1618 5719 sed
1649 5665 1880 5720 caelestis

300 5775 491 5831 causa;
523 5774 626 5814 non
674 5766 730 5815 ut
776 5764 925 5812 veste
974 5770 1168 5824 aurea,
1220 5755 1314 5812 scd
1345 5755 1745 5814 immortalitate
1791 5757 1875 5816 in-

672 5897 702 5911 .“
1079 5897 1124 5911 -υ
1139 5888 1218 5903 ις’.-
1238 5888 1388 5904 ’-εσσο-

1064 325 1120 383 S.
1159 326 1438 386 JOANNIS
1473 324 1950 386 CllRYSOSTOMI
1975 328 2293 386 ARCHIEP.
2332 330 2863 392 CONSTANTFNOP.

3475 345 3579 401 60h

2005 441 2190 498 datum
2215 445 2444 530 recipias
2461 437 2516 502 et
2538 447 2708 517 gloria
2732 491 2748 518 ,
2775 449 3030 521 quantum
3057 467 3171 520 eos,
3204 455 3310 525 qui
3334 445 3404 512 in
3430 460 3580 515 calls

2002 534 2220 606 degunt,
2245 538 2441 596 habere
2469 553 2887 600 consentaneum
2916 552 3020 600 est.
3050 545 3206 614 Quod
3232 548 3277 602 si
3303 549 3456 606 valde
3485 551 3580 606 tibi

2003 625 2334 684 intoleranda
2384 631 2596 688 videtur
2663 635 2918 705 temporis
2969 635 3329 708 diuturnitas,
3388 643 3580 697 verisi-

2001 718 2127 775 mile
2155 729 2239 776 est
2275 721 2424 777 illum
2455 725 2548 780 tibi
2597 727 2861 804 interdum
2898 729 2951 784 in
2985 731 3208 786 somniis
3249 719 3481 800 adstare,
3521 742 3578 791 et

2002 823 2124 880 qua:
2149 827 2500 874 consueverat
2528 805 2702 877 tecum
2739 821 2997 894 colquni,
3027 818 3082 880 et
3120 821 3354 897 optatam
3385 828 3579 886 faciem

2002 905 2306 976 ostendere.
2327 907 2383 964 ld
2397 917 2448 965 te
2462 910 2580 968 loco
2601 897 2945 992 epistularum
2972 917 3314 985 consoletur:
3340 922 3580 991 quinimo

2002 992 2054 1049 id
2079 994 2322 1067 epistolis
2347 1001 2542 1058 clarius
2587 1014 2688 1059 est.
2737 993 2808 1060 In”
2842 993 2948 1062 illis
2975 995 3116 1064 enim
3161 999 3342 1067 literas
3375 1023 3579 1068 tantum

2001 1101 2222 1144 cernere
2257 1091 2382 1146 licet
2411 1111 2424 1147 :
2457 1093 2543 1148 hic
2570 1110 2699 1150 vero
2722 1105 2791 1180 .et
2816 1091 3055 1153 formam.
3077 1079 3284 1168 vultus,
3317 1112 3371 1157 ct
3415 1105 3579 1158 risum

1999 1182 2367 1260 tranquillum,
2409 1195 2465 1240 et
2509 1187 2752 1256 figuram,
2792 1199 2846 1245 et
2879 1191 3167 1259 incessum,
3196 1202 3250 1249 et
3275 1184 3462 1249 sonum
3485 1212 3580 1250 an-

2001 1277 2138 1348 dire,
2165 1287 2220 1332 et
2245 1280 2470 1359 amicam
2503 1281 2646 1336 illam
2679 1299 2863 1338 vocem
2885 1300 3197 1354 agnoscere.

2069 1369 2124 1422 4.
2153 1367 2414 1439 Exemplis
2439 1360 2590 1426 variis
2633 1363 2952 1429 sweularium
2987 1362 3286 1449 dignitatum
3331 1380 3580 1433 instabili-

2001 1467 2152 1512 tatem
2188 1463 2385 1530 probat.
2411 1463 2763 1520 ——(I:eterum
2794 1468 3044 1536 quoniam
3095 1454 3394 1524 securitatis
3438 1489 3578 1540 pra:-

2000 1556 2147 1604 terea
2176 1552 2332 1618 ratio,
2349 1569 2477 1634 qua:
2507 1569 2572 1610 ex
2598 1555 2691 1610 illo
2723 1557 2814 1611 tibi
2853 1557 3072 1626 aderat,
3096 1567 3148 1614 te
3169 1560 3234 1614 ad
3261 1560 3442 1616 fletum
3473 1564 3577 1617 im-

1998 1639 2167 1708 pellit,
2192 1640 2418 1698 fortasse
2432 1643 2598 1725 etiam
2623 1660 2745 1716 spes
2773 1633 2898 1712 ilhc,
2924 1637 3185 1718 qute‘sese
3202 1641 3574 1719 ostendebant,

1999 1729 2216 1798 majoris
2243 1731 2516 1802 dignitatis
2554 1743 2610 1789 et
2651 1730 3013 1805 amplitudinis
3052 1740 3248 1808 (audivi
3287 1743 3427 1797 enim
3468 1745 3578 1798 cito

1997 1817 2229 1876 futurum
2256 1821 2442 1891 fuisse,
2473 1833 2530 1879 ut
2559 1825 2648 1880 ille
2686 1826 2752 1881 ad
2789 1814 3159 1897 praefectorum
3199 1831 3447 1886 thronum
3489 1848 3577 1888 as-

1998 1911 2288 1981 Cenderet,
2318 1913 2476 1984 idque
2505 1917 2773 1987 prtecipue
2798 1918 3035 1973 animum
3073 1929 3224 1984 tuum
3269 1917 3579 1980 excruciare

1995 2002 2147 2076 puto)
2168 2023 2182 2060 :
2205 2005 2323 2061 illos
2340 2006 2433 2061 tibi
2451 2017 2575 2062 ante
2599 1995 2789 2063 oculos
2801 2025 2955 2079 pone,
2981 1996 3068 2081 qui
3091 2028 3210 2067 cum
3231 2012 3296 2068 ad
3319 2015 3573 2082 majorem

1995 2110 2155 2164 quam
2175 2095 2264 2150 ille
2289 2093 2603 2166 dignitatem
2633 2101 2802 2153 evecti
2833 2086 3034 2170 essent,
3066 2097 3424 2158 miserrimum
3449 2085 3578 2160 vitaz.

1994 2185 2196 2242 exitum
2224 2187 2402 2252 sortiti
2437 2176 2580 2242 sunt.
2629 2188 2912 2244 Revocabo
2939 2183 3116 2246 autem
3155 2193 3246 2248 tibi
3291 2193 3342 2248 in
3371 2187 3575 2250 memo-

1991 2277 2136 2333 riam
2163 2293 2179 2334 :
2210 2269 2548 2334 Theoderum
2580 2275 2731 2335 illum
2764 2282 2780 2314 ⁸
2803 2296 2834 2337 e
2863 2267 3042 2338 Sicilia
3088 2269 3312 2340 fortasse
3346 2279 3571 2353 audisti;

1996 2383 2112 2428 erat
2136 2374 2283 2442 enim
2314 2375 2365 2430 in
2395 2377 2581 2450 primis
2608 2379 2949 2449 conspicuus.
2977 2380 3074 2436 Hic
3102 2391 3156 2436 et
3184 2369 3582 2454 pulchritudine.

1993 2473 2050 2520 et
2100 2466 2480 2548 magnitudine,
2503 2469 2747 2540 corporis
2787 2478 2843 2540 et
2879 2473 3191 2528 auctoritate
3227 2476 3363 2546 apud
3403 2475 3574 2548 lmpe-

1993 2564 2224 2611 ratorem
2255 2557 2506 2613 omnibus
2535 2561 2816 2628 praestans,
2852 2561 2944 2631 qui
2977 2577 3039 2617 ea
3066 2571 3274 2634 poterat
3301 2581 3420 2637 qua:
3451 2568 3575 2623 inti-

1991 2660 2200 2701 morum
2224 2647 2564 2714 familiarium
2585 2666 2765 2717 nemo,
2797 2667 3106 2723 prosperam
3141 2655 3284 2711 illam
3308 2635 3571 2716 fortunam

1993 2754 2098 2794 non
2129 2740 2406 2796 moderate
2436 2741 2577 2808 tulit,
2607 2742 2701 2797 sed
2729 2743 3010 2799 insidiatus
3046 2744 3354 2814 Imperatori
3383 2765 3447 2805 ac
3472 2747 3572 2807 de-

1990 2830 2306 2901 prehensus,
2322 2831 2433 2901 ipse
2445 2833 2657 2903 quidem
2675 2834 2826 2889 valde
2839 2835 3210 2892 miserabiliter
3221 2823 3581 2898 obtruncatus

1989 2928 2104 2996 est;
2131 2919 2296 2990 ipsius
2321 2933 2499 2977 autem
2528 2938 2681 2990 uxor,
2715 2939 2890 2994 neque
2913 2925 3248 2993 educatione,
3279 2945 3451 3001 neque
3473 2939 3570 3002 ge-

1989 3031 2147 3085 nere,
2187 3032 2360 3088 neque
2391 3018 2495 3072 ulla
2534 3017 2638 3074 alia
2675 3034 2735 3074 re
2777 3019 3038 3075 nobilitati
3083 3027 3187 3076 tuae
3224 3025 3567 3095 concedens,

1988 3108 2235 3162 omnibus
2255 3117 2474 3179 repente
2485 3111 2646 3165 rebus
2661 3111 2770 3166 suis
2781 3112 3003 3181 Spoliata
3021 3127 3084 3167 ac
3096 3112 3337 3170 libertate
3349 3116 3541 3172 amissa
3553 3159 3574 3188 ,

1987 3199 2328 3268 cubiculariis
2352 3201 2561 3257 ancillis
2580 3213 2951 3270 annnmerata,
2978 3219 3041 3258 ac
3066 3205 3210 3259 nulla
3238 3223 3345 3262 non
3374 3209 3569 3264 ancilla

1987 3275 2323 3360 miseriorem
2351 3292 2513 3346 vitam
2543 3307 2702 3363 agere
2725 3303 2908 3348 coacta
2946 3302 3046 3361 cst,
3076 3293 3178 3350 hoc
3212 3311 3318 3351 uno
3346 3307 3570 3354 cteteras

1987 3381 2337 3461 antecellens,
2382 3382 2523 3452 quod
2557 3392 2779 3454 propter
2809 3399 2916 3438 non
2957 3385 3371 3456 comparabilem
3419 3388 3567 3443 cala-

1986 3460 2187 3548 mitatis
2215 3460 2630 3554 magnitudinem
2660 3474 2925 3545 lacrymas
2962 3491 3146 3531 eorum
3176 3478 3413 3532 omnium
3433 3519 3448 3544 ,
3475 3481 3568 3550 qui

1989 3559 2159 3635 ipsam
2203 3566 2537 3635 aspicerent,
2562 3567 2828 3622 eliciebat.
2869 3566 3060 3622 Fertur
3091 3569 3250 3624 etiam
3281 3571 3567 3642 Artemisia

1984 3656 2102 3710 viro
2123 3656 2278 3710 valde.
2296 3657 2444 3711 claro
2467 3666 2651 3730 nupta,
2675 3658 2924 3728 quoniam
2948 3666 3002 3714 et
3022 3659 3110 3714 ille
3132 3662 3463 3732 tyrannidem
3484 3663 3566 3716 af-

1985 3745 2218 3814 fectavit,
2261 3748 2314 3801 in
2339 3747 2580 3803 eamdem
2620 3749 2867 3804 incidisse
2904 3759 3268 3822 paupertatem
3292 3795 3306 3818 ,
3333 3743 3397 3809 ac
3429 3770 3567 3824 pne-

1985 3846 2130 3894 terea
2157 3839 2324 3894 oculis
2345 3855 2468 3895 esse
2491 3839 2666 3912 capta.
2695 3843 2830 3901 Nam
2897 3844 3210 3918 magnitudo
3242 3847 3568 3918 aegritudinis

1985 3938 2040 3984 et
2067 3929 2420 4000 lacrymarum
2446 3930 2526 3984 vis
2553 3930 2752 3986 lumina
2779 3931 3032 3987 exstinxit
3059 3951 3072 3986 :
3105 3943 3159 3988 at
3183 3951 3324 3991 nunc
3342 3938 3557 4007 quidem

1985 4020 2289 4078 hominibus
2311 4032 2430 4092 eget
2457 4022 2545 4093 qui
2571 4021 2856 4090 deducant,
2883 4034 3040 4096 atque
3068 4027 3134 4082 ad
3162 4029 3362 4085 alienas
3386 4041 3566 4101 portas

1985 4111 2271 4177 adducant,
2301 4125 2359 4168 ut
2375 4114 2478 4169 hoc
2503 4115 2662 4170 modo
2683 4118 3040 4173 necessarium
3065 4119 3164 4175 sibi
3189 4121 3387 4177 victum
3413 4139 3566 4178 coin-

1987 4218 2178 4273 parare
2215 4213 2393 4274 queat.
2439 4205 2550 4260 Nec
2590 4221 2719 4261 vero
2757 4207 2874 4262 alia).
2915 4206 3130 4264 familiae
3156 4209 3346 4267 desunt
3383 4212 3565 4270 itidem

1985 4295 2207 4364 dejectae
2233 4309 2295 4350 ac
2321 4305 2602 4366 prostratae
2631 4312 2767 4367 quas
2791 4295 3290 4368 commemorarem,
3321 4304 3421 4359 nisi
3444 4320 3568 4376 pro-

1981 4385 2206 4444 bitatem
2259 4401 2322 4440 ac
2375 4385 2708 4456 prudentiam
2756 4398 2899 4443 tuam
2943 4390 3108 4459 probe
3148 4407 3397 4461 nossem,
3446 4411 3568 4466 qua:

1985 4477 2202 4532 minime
2222 4492 2287 4531 ex
2307 4477 2495 4532 alienis
2521 4478 2672 4534 malis
2697 4477 2982 4534 calamitati
3012 4488 3116 4536 tua:
3140 4483 3289 4553 cupis
3317 4485 3564 4540 solatium

1985 4567 2260 4623 adhibere.
2287 4567 2471 4638 Neque
2495 4584 2626 4623 vero
2651 4569 2764 4624 haec
2792 4570 3038 4640 exempla
3067 4571 3226 4625 aliam
3252 4571 3324 4626 ob
3349 4589 3565 4631 causam

1985 4659 2420 4726 commemoravi,
2451 4675 2610 4730 quam
2639 4671 2696 4713 ut
2728 4659 2988 4729 intelligas
3024 4677 3109 4716 res
3153 4662 3412 4734 humanas
3435 4665 3566 4722 nihil

1986 4763 2125 4815 esse,
2156 4764 2383 4820 vereque
2418 4764 2450 4804 a
2485 4749 2744 4820 propheta
2781 4766 2902 4806 esse
2936 4751 3166 4817 dictum,
3203 4751 3381 4808 Omnis
3402 4753 3569 4827 gloria

1986 4840 2236 4907 hominis,
2283 4851 2339 4894 ut
2367 4842 2466 4912 ﬂos
2499 4842 2620 4912 [mni
2645 4839 2796 4911 (Isai.
2837 4842 2927 4896 40.
2975 4841 3053 4913 6).
3090 4843 3207 4910 Quo
3233 4845 3375 4900 enim
3411 4847 3568 4904 altius

1986 4934 2228 4988 chhitur
2265 4941 2425 5003 atque
2465 4932 2680 4998 emicat,
2728 4933 3095 5008 eo’majorem
3143 4934 3284 5005 parit
3333 4937 3565 5003 ruinam,

1986 5042 2160 5096 neque
2206 5027 2267 5080 iis
2306 5026 2500 5085 solum,
2537 5026 2624 5094 qui
2651 5025 2748 5080 sub
2774 5026 2948 5080 alieno
2977 5026 3202 5095 imperio
3237 5028 3450 5095 vivunt,
3473 5030 3568 5086 sed

1987 5122 2146 5176 etiam
2178 5117 2590 5187 lmperatoribus
2619 5117 2768 5187 ipsis.
2791 5117 2973 5187 Neque
3000 5119 3140 5172 enim
3168 5117 3320 5173 facile
3344 5119 3463 5190 quis
3490 5120 3571 5174 in-

2050 5237 2066 5268 ί
2103 5236 2251 5298 Hujus
2275 5234 2531 5298 Theodori,
2553 5235 2638 5297 qui
2673 5233 2908 5298 affectata:
2932 5233 3195 5298 tyrannidis
3221 5247 3390 5296 poenas
3413 5234 3570 5298 dedit.

1985 5294 2336 5352 Valentiniano,
2361 5294 2588 5352 Valente;
2600 5305 2651 5346 et
2665 5297 2883 5344 Gratiano
2905 5294 3292 5357 lmperatoribus,
3311 5307 3435 5344 anno
3453 5297 3569 5357 37l,

1986 5357 2230 5408 historiam
2271 5359 2423 5407 habes
2443 5359 2569 5418 apud
2601 5359 2894 5418 Ammianum
2921 5355 3262 5418 Marcellinum,
3287 5357 3372 5406 lib.
3414 5355 3569 5415 xxtx,

1987 5422 2067 5468 ubi
2093 5418 2226 5469 illum
2248 5415 2504 5481 antiquitus
2525 5419 2658 5469 claro
2677 5431 2852 5481 genere
2864 5417 2914 5469 in
2928 5415 3092 5468 Galliis
3113 5415 3420 5481 natumdicit.
3439 5421 3570 5481 Quod

1987 5432 2067 5468 Ub]
2093 5432 2226 5469 mum
2248 5432 2504 5528 anupuuus
2525 5432 2658 5469 curro
2677 5432 2914 5481 generem
2928 5432 3092 5468 cauus
3113 5432 3570 5477 natumaicrt.Qu0:1

1985 5483 2028 5531 si
2052 5481 2186 5530 illum
2208 5495 2238 5530 e
2261 5484 2346 5530 sici
2374 5494 2411 5528 :a
2434 5481 2550 5530 dicit
2571 5494 2684 5530 esse
2718 5480 3110 5543 Chrysostomus,
3132 5480 3179 5529 id
3201 5479 3466 5543 intelligas,
3492 5479 3571 5528 vel

1985 5544 2114 5606 quod
2148 5545 2198 5611 in
2221 5543 2372 5611 sicilia
2406 5543 2554 5611 sedes
2586 5541 2828 5611 habuerit,
2872 5541 3324 5611 vel_1-rtefecturatn
3351 5541 3574 5611 aliquam

1987 5601 2219 5667 gesserit,
2244 5604 2331 5667 vel
2345 5603 2491 5666 quod,
2517 5611 2570 5652 ut
2591 5606 2814 5667 opinatur
2832 5601 3064 5667 Henricus
3087 5601 3323 5667 )‘alesius,
3350 5605 3402 5667 in,
3421 5601 3574 5667 sicilia

1987 5663 2129 5716 natus
2152 5679 2214 5714 ex
2233 5663 2397 5728 palliis
2417 5663 2654 5728 originem
2679 5665 2918 5713 habuerit.
2947 5665 3062 5713 vide
3086 5663 3241 5714 locum
3260 5665 3506 5728 Ammiani,
3525 5671 3573 5712 et

1987 5735 2148 5776 notam
2168 5725 2360 5775 Valesii.
2403 5725 2649 5776 artémisia
2673 5728 2792 5789 vero
2822 5739 3040 5787 sequens
3072 5727 3210 5789 cujus
3243 5739 3366 5776 uxor
3408 5727 3574 5785 fuerit,

1988 5789 2200 5842 nondum
2222 5789 2336 5838 satis
2359 5795 2668 5856 perspectum
2691 5787 2940 5838 habemus.
