4016 6154
207 316 314 373 eos

207 437 416 499 ἐκεῖνος
439 427 531 505 ἦν,
563 433 670 487 ἔδει
702 433 994 488 κόπτεσθαι
1026 436 1118 510 zeal
1151 424 1394 507 θρηνεῖν,
1441 435 1541 490 οὐκ
1573 438 1879 494 ἀπελθόντα

207 525 371 595 μόνον
387 561 405 586 ,
431 521 569 576 ἀλλά
591 521 688 574 zeal
726 520 904 586 ζῶντα
928 522 1153 575 ἐκεῖνον’
1179 521 1369 595 ἐπειδὴ
1401 521 1462 578 δὲ
1485 524 1593 578 τῶν
1616 524 1766 596 αὐτῷ
1797 527 1886 594 φί-

200 610 314 667 λων
333 610 432 666 zeal
456 605 610 673 οὗτος
637 604 720 674 εἷς
769 609 1062 679 ἐτύγχανεν
1089 608 1184 675 ῶν,
1220 607 1283 664 οὐ
1310 611 1472 675 ζῶντι
1523 611 1706 683 μόνον,
1749 611 1886 666 ἀλλά

204 698 303 752 zeal
318 695 636 766 κοιμηθέντι
661 688 981 766 συνήδεσθαι
1013 687 1137 768 χρή.
1174 697 1284 750 Kal
1305 697 1562 752 ὃτιτοῦτο
1586 701 1760 752 ποιεῖν
1782 699 1882 764 δεῖ,

200 784 298 838 τοῦ
345 781 618 853 μακαρίου
669 782 884 836 Παύλου
940 782 1158 846 πάντως
1203 777 1445 853 ηκουσας
1499 785 1774 852 λέγοντος·
1813 785 1884 840 Τὸ

200 871 512 927 ἀναλῦσαι
531 869 630 923 καί
645 869 767 923 σὺν
791 867 1022 938 Χριστῷ
1034 865 1188 924 εἶναι
1212 869 1422 935 πολλῷ
1432 870 1676 940 μᾶλλον
1693 870 1886 940 κρεῖσ·

203 973 346 1014 σον.
365 958 529 1010 Ἀλλά
561 958 824 1029 ῥημάτων
851 957 981 1020 ἴσως
1021 950 1208 1021 ποθεῖς
1237 955 1466 1011 ἀκοῦσαι
1505 957 1616 1012 τῶν
1645 958 1880 1024 ἐκείνου,

205 1043 362 1117 [342]
397 1046 494 1099 καὶ
521 1045 702 1115 φιλίας
732 1043 1038 1099 ἀπολαῦσαι
1078 1043 1176 1112 τῆς
1205 1044 1342 1114 πρὸς
1382 1045 1568 1112 αὐτὸν,
1627 1047 1724 1100 zeal
1753 1063 1881 1100 συν-

206 1133 400 1202 ήθειαν
427 1132 725 1204 ἐπιζητεῖς,
766 1133 861 1186 zeal
888 1131 1048 1197 δόξαν
1070 1125 1170 1202 τήν
1204 1131 1271 1186 δι’
1296 1129 1477 1198 αὐτὸν,
1513 1133 1607 1187 zeal
1630 1134 1882 1206 λαμπρό-

203 1236 349 1290 τητα
374 1221 470 1273 καὶ
515 1221 683 1292 τιμὴν
727 1219 821 1273 zeal
863 1218 1186 1288 ἀσφάλειαν,
1231 1220 1328 1273 zeal
1369 1213 1548 1276 ταῦτά
1598 1239 1657 1275 τε
1704 1217 1887 1277 πάντα

203 1297 413 1378 φροῦδα
439 1308 705 1378 γενόμενα
730 1301 950 1378 θορυϐεῖ
976 1306 1070 1359 zeal
1093 1309 1294 1360 σκοτοῖ.
1314 1308 1426 1379 Τὴν
1453 1308 1552 1380 μὲν
1580 1301 1672 1363 οὖν
1700 1308 1883 1380 φιλίαν

201 1394 301 1470 τήν
325 1393 464 1466 πρὸς
507 1397 713 1448 ἐκεῖνον
751 1390 926 1459 ἔξεστί
954 1410 1036 1446 σοι
1068 1393 1364 1462 φυλάττειν
1402 1396 1499 1449 zeal
1530 1395 1628 1450 νῦν
1657 1396 1879 1468 ὁμοίως,

200 1479 356 1533 ῶσπε
363 1498 393 1553 ρ
425 1481 519 1534 zeal
551 1471 836 1553 πρότερον.

271 1577 514 1648 Τοιαύτη
554 1579 666 1650 γάρ
696 1562 746 1650 η’
772 1577 874 1648 τῆς
904 1569 1126 1649 ἀγάπης
1151 1572 1398 1649 δύναμις·
1429 1577 1490 1631 οὐ
1522 1579 1649 1641 τούς
1681 1578 1882 1650 παρόν-

201 1685 303 1730 τας
351 1667 513 1736 μόνον
563 1667 656 1720 zeal
701 1665 926 1738 πλησίον
969 1667 1131 1730 δντας
1168 1666 1375 1736 ἡμῶν*
1408 1665 1505 1720 zeal
1550 1667 1879 1737 ὁρωμένους,

203 1745 344 1808 ἀλλά
377 1754 476 1808 zeal
526 1754 652 1818 τοὺς
705 1754 924 1824 μακράν
977 1742 1295 1822 ἀφεστῶτας
1342 1746 1737 1825 περιλαμϐάνει
1786 1753 1881 1807 zeal

202 1843 478 1914 συγκολλᾷ
527 1843 621 1895 zeal
678 1842 885 1895 συνδεῖ*
919 1842 1013 1895 καὶ
1062 1839 1186 1895 οὐτε
1235 1841 1425 1913 χρόνου
1484 1839 1705 1912 πλῆθος,
1757 1840 1880 1895 οὐτε

196 1933 336 1986 ὁδῶν
379 1933 674 2003 διάστημα,
719 1930 842 1984 οὐτε
896 1921 1024 2008 ἄλλο
1056 1930 1165 1984 τῶν
1210 1926 1466 1985 τοιούτων
1507 1930 1656 1984 οὐδὲν
1703 1930 1882 2002 ψυχῆς

198 2021 386 2091 φιλίαν
418 2020 672 2090 διακόψαι
719 2019 924 2074 δύναιτ’
979 2019 1044 2074 ἂν
1095 2020 1189 2074 zeal
1220 2013 1514 2089 διατεμεῖν.
1573 2015 1636 2072 Εί
1681 2017 1737 2072 δέ
1787 2016 1880 2072 zeal

198 2111 498 2182 πρόσωπον
544 2109 705 2162 αὐτὸν
749 2095 933 2179 βούλει
980 2108 1117 2190 πρὸς
1166 2109 1457 2180 πρόσωπον
1509 2102 1635 2162 [δεῖν
1689 2103 1881 2179 (τοῦτο

195 2199 312 2269 γάρ
359 2193 478 2250 οἶδα
531 2197 611 2250 ὅτι
671 2195 907 2268 μάλιστα
940 2195 1168 2266 ποθεῖς),
1214 2194 1538 2265 διαφύλαξον
1589 2193 1736 2266 αὐτῷ
1783 2193 1882 2266 τὴν

195 2285 361 2354 εὐνὴν
387 2283 664 2352 ἀνέπαφον
691 2281 884 2352 ἀνδρὸς
930 2274 1115 2350 ἐτέρου
1139 2320 1156 2344 ,
1195 2282 1290 2336 καὶ
1345 2277 1460 2352 βίον
1508 2280 1879 2348 ἐπιδείξασθαι

199 2371 506 2424 σπούδασον
537 2370 650 2422 ῑσον
673 2368 891 2440 ἐκείνῳ,
932 2370 1028 2422 zeal
1051 2369 1266 2432 πάντως
1298 2371 1378 2432 είς
1419 2368 1512 2423 τὸν
1551 2369 1716 2422 αὐτὸν
1771 2369 1882 2421 άπ-

195 2458 397 2531 ελεύσῃ
420 2457 580 2530 χορὸν
607 2458 637 2498 δ
665 2454 836 2527 αὐτῷ,
860 2457 920 2509 οὐ
942 2456 1102 2510 πέντε
1131 2455 1224 2528 ἐτη
1255 2457 1506 2528 καθάπερ
1528 2455 1734 2530 ἐνθάδε,
1760 2454 1881 2508 οὐδὲ

197 2547 374 2599 εἰκοσι
403 2545 500 2597 zeal
538 2543 751 2610 ἑκατὸν,
785 2543 908 2596 οὐδέ
933 2541 1080 2614 χίλια
1107 2545 1210 2596 zeal
1230 2543 1313 2606 δὶς
1348 2541 1606 2610 τοσαῦτα,
1633 2541 1754 2595 οὐδέ
1788 2541 1883 2613 μύ-

203 2651 296 2702 ρια
322 2633 420 2686 καὶ
442 2631 704 2694 πολλάκις
742 2630 996 2696 τοσαῦτα,
1021 2623 1158 2683 ἀλλά
1179 2630 1306 2694 τούς
1340 2630 1604 2702 ἀπείρους
1634 2630 1728 2683 zeal
1756 2629 1882 2682 ate-

200 2721 493 2791 λευτήτους
509 2718 712 2781 αἰῶνας
743 2717 891 2789 αὐτῷ
915 2707 1475 2790 συνόικήσὸυσα.Τούς
1499 2717 1606 2788 γάρ
1628 2717 1728 2787 τῆς
1748 2717 1881 2770 ἀνα-

200 2807 455 2872 παύσεως
483 2805 686 2870 τόπους
705 2806 944 2868 ἐκείνους
973 2816 996 2843 ο
1025 2804 1126 2875 οὐχ
1171 2799 1226 2858 αί
1263 2804 1575 2874 συγγένειαι
1604 2806 1660 2857 αἱ
1696 2815 1881 2874 σωμα-

201 2896 372 2963 τικαὶ,
405 2895 521 2950 ἀλλ’
543 2894 576 2965 ἡ
599 2895 710 2948 τῶν
738 2893 868 2964 βίων
900 2892 1082 2964 ἰσότης
1135 2891 1492 2964 κληρονομεῖν
1520 2892 1785 2961 πέφυκεν.
1816 2879 1881 2946 El

201 2986 311 3056 γάρ
332 2985 427 3038 zeal
454 2983 548 3036 τὸν
575 2983 826 3053 Λάζαρον
863 2981 1082 3056 ἀγνῶτα
1109 2977 1238 3033 ὄντα
1267 2979 1348 3050 τῷ
1376 2975 1635 3052 Ἀϐραάμ
1655 2981 1734 3044 είς
1754 2980 1883 3043 τούς

201 3076 398 3138 αὐτοὺς
417 3071 566 3144 αὐτῷ
593 3071 825 3133 κόλπους
853 3069 1048 3141 ήγαγε,
1087 3069 1182 3122 zeal
1208 3067 1441 3131 πολλοὺς
1470 3067 1579 3120 ἀπὸ
1608 3065 1882 3121 ἀνατολῶν

202 3162 298 3216 zeal
320 3160 545 3232 δυσμῶν
577 3157 696 3230 μετ’
719 3158 926 3211 ἐκείνου
976 3155 1332 3226 ἀνακλιθῆναι
1367 3155 1782 3225 παρασκευάζει
1821 3154 1883 3208 τὸ

201 3250 302 3321 τῆς
331 3248 610 3310 πολιτείας
629 3244 1066 3317 ἀπαράλλακτον,
1092 3243 1188 3297 zeal
1222 3243 1280 3296 σὲ
1309 3241 1447 3313 μετὰ
1467 3241 1561 3295 τοῦ
1583 3242 1751 3296 καλοῦ
1779 3243 1883 3313 θη-

205 3338 392 3409 ρασίου
447 3337 477 3389 ὁ
517 3329 618 3406 τῆς
647 3333 882 3397 ἀνέσεως
915 3332 1192 3397 ἐκδέξεται
1223 3330 1409 3394 τόπος,
1463 3329 1530 3383 ἂν
1555 3329 1749 3402 ἐκείνῳ
1789 3331 1881 3385 τὸν

204 3426 317 3496 βίον
351 3425 514 3498 θέλῃς
558 3421 930 3486 ἐπιδείξασθαι
958 3421 1049 3474 τὸν
1087 3420 1270 3473 αὐτόν·
1299 3418 1394 3470 zeal
1422 3419 1545 3471 τότε
1567 3419 1729 3472 αὐτὸν
1781 3419 1882 3472 οὐκ

200 3516 262 3567 ἐν
306 3512 485 3582 τούτῳ
533 3511 613 3581 τῷ
672 3509 858 3564 κάλλει
893 3509 987 3562 τοῦ
1034 3507 1306 3578 σώματος,
1345 3507 1482 3578 ὅπερ
1537 3505 1675 3576 ἔχων
1702 3506 1881 3577 ἀπῆλ-

201 3603 315 3668 θεν,
373 3600 633 3672 ἀπολήψῃ
676 3598 858 3661 πάλιν,
911 3595 1024 3650 ἀλλ’
1074 3583 1133 3648 ἐν
1173 3594 1335 3666 ἑτέρᾳ
1385 3595 1491 3647 τινὶ
1546 3595 1879 3666 μαρμαρυγῇ

201 3691 296 3744 καὶ
345 3689 668 3761 φαιδρότητι
704 3685 904 3757 μᾶλλον
951 3684 1060 3737 τῶν
1090 3672 1330 3754 ήλιακῶν
1360 3681 1599 3736 ἀκτίνων
1629 3680 1883 3753 ἀπολαμε-

201 3778 406 3850 πούσῃ.
1028 3848 1029 3851 η

274 3876 452 3930 Τοῦτο
467 3875 577 3945 γάρ
599 3872 661 3926 τὸ
686 3864 862 3944 σῶμα,
889 3863 992 3923 κᾶν
1017 3867 1074 3921 ἐν
1091 3865 1220 3937 ’ύψει
1233 3865 1403 3939 τρέχῃ
1425 3857 1624 3936 πολλῷ,
1643 3863 1883 3937 φθαρτὸν

200 3966 349 4034 ὅμως
393 3959 531 4014 ἐστί’
573 3959 644 4012 τά
673 3957 732 4011 δὲ
757 3955 985 4028 σώματα
1009 3953 1118 4007 τῶν
1166 3949 1618 4024 εὐηρεστηκότων
1649 3949 1728 4021 τῷ
1759 3949 1882 4022 Θεῷ

201 4051 472 4120 τοσαύτην
492 4046 765 4102 ἐνδύσεται
786 4041 962 4109 δόξαν,
992 4042 1124 4112 ὅσην
1138 4041 1258 4093 οὐδὲ
1282 4040 1410 4094 ίδεῖν
1439 4038 1518 4093 ἔνι
1543 4038 1754 4102 τούτοις
1769 4039 1882 4103 τοῖς

201 4137 524 4207 ὀφθαλμοῖς.
562 4134 671 4188 Kal
691 4131 894 4206 τούτων
924 4121 1054 4202 ήμῖν
1084 4127 1289 4208 σημεῖά
1309 4121 1430 4181 τινα
1463 4123 1558 4180 zeal
1586 4125 1707 4200 ίχνη
1735 4127 1882 4198 ἀμυ-

200 4226 303 4299 δρὰ
330 4226 430 4279 καὶ
457 4224 518 4276 ἐν
669 4213 881 4291 Παλαιᾷ
926 4219 1021 4272 zeal
1061 4219 1119 4270 ἐν
1150 4218 1216 4287 τῇ
1257 4209 1436 4286 Καινῇ
1475 4213 1694 4286 δοθῆναι
1737 4232 1882 4285 παρ-

203 4311 505 4366 εσκεύασεν
527 4308 556 4362 ό
581 4307 734 4372 Θεός.
753 4307 900 4359 Ἐκεῖ
927 4304 1025 4375 μὲν
1049 4304 1159 4372 γάρ
1183 4301 1244 4354 τὸ
1270 4301 1561 4372 πρόσωπον
1592 4300 1689 4354 τοῦ
1723 4301 1882 4355 Maii}-

207 4399 346 4463 σέως
371 4396 612 4466 τοσαύτη
651 4391 1033 4463 κατελάμπετο
1080 4388 1208 4460 δόξῃ
1260 4388 1384 4442 τότε
1399 4428 1416 4454 ,
1467 4387 1544 4452 ὡς
1587 4387 1882 4462 ἀπρόσιτον

206 4483 346 4541 εἶναι
390 4486 507 4547 τοῖς
535 4483 646 4537 τῶν
669 4471 1017 4551 Ἰσραηλιτῶν
1047 4475 1365 4546 ὀφθαλμοῖς·
1402 4476 1473 4552 ἐν’
1508 4475 1568 4529 δὲ
1595 4477 1662 4548 τῇ
1698 4477 1878 4548 Καινῇ

209 4574 398 4628 τούτου
428 4569 611 4641 πολλῷ
664 4568 829 4622 πλέον
881 4563 1156 4635 ἐξέλαμψε
1199 4562 1262 4616 τὺ
1297 4561 1391 4616 τοῦ
1446 4561 1706 4634 Χριστοῦ.
1742 4563 1881 4618 Είπέ

206 4662 318 4734 γάρ
357 4678 470 4733 μοι,
495 4659 543 4713 εί
567 4648 791 4729 βασιλέα
815 4672 901 4718 τις
923 4652 1085 4707 αὐτὸν
1116 4649 1482 4722 ἐπηγγέλλετο
1511 4650 1691 4721 πάσης
1723 4652 1883 4734 παγῇ-

209 4765 300 4803 σαι
322 4748 426 4818 τῆς
462 4747 586 4817 γῆς,
617 4740 737 4798 εἶτα
767 4743 903 4797 ἐτῶν
929 4742 1100 4795 εῐκοσι
1128 4738 1318 4810 χρόνον
1345 4737 1649 4807 ἀποστῆναί
1675 4755 1736 4790 σε
1761 4737 1887 4791 ἐκέ.

206 4836 400 4889 λευσεν
430 4835 572 4904 ὑπὲρ
599 4831 810 4895 τούτου,
841 4830 936 4883 καὶ
967 4826 1105 4900 μετά
1131 4823 1306 4878 ταύτά
1347 4840 1430 4876 σοι
1473 4822 1611 4893 μετά
1637 4822 1732 4876 τοῦ
1760 4824 1882 4878 δια-

204 4924 267 4997 δή
278 4940 450 4994 ματος
473 4921 570 4975 zeal
595 4920 696 4990 τῆς
721 4915 1033 4988 άλουργίδος
1078 4910 1379 4997 ἀποδώσειν
1419 4908 1584 4997 αὐτὸν
1608 4911 1883 4997 ἐπηγγέλ-

203 4995 350 5082 λετο,
386 5009 483 5062 zeal
512 5006 676 5060 πάλιν
707 5006 788 5068 εἰς
840 5001 939 5073 τὴν
967 5001 996 5041 ά
1037 4998 1207 5070 αὐτὴν
1248 4996 1432 5060 τάξειν
1469 4996 1663 5067 ἐκείνῳ
1689 4995 1877 5070 τιμὴν,

201 5094 316 5170 ἆρα
346 5097 452 5150 οὐκ
478 5095 544 5149 ἀν
570 5087 662 5148 τὸν
697 5090 975 5165 χωρισμὸν
1009 5087 1201 5160 πράως
1226 5084 1456 5155 ἐνέγκῃς
1485 5084 1580 5137 καὶ
1611 5085 1749 5154 μετά
1771 5102 1882 5138 σω-

201 5195 484 5268 φροσύνης
509 5193 610 5264 τῆς
634 5189 1050 5263 προσηκούσηςς
1085 5183 1196 5260 ἆρα
1234 5182 1337 5237 οὐκ
1377 5180 1444 5235 ἂν
1471 5182 1775 5252 ήσμένισας
1804 5185 1884 5256 τῷ

256 5423 286 5515 ἓ
480 5413 771 5515 ηξέὲυῐηίιια
794 5411 1038 5515 Βανὶιῖθι
1062 5408 1200 5462 Coll).
1225 5407 1407 5472 χρόνων
1427 5409 1623 5468 πλῆθος.

260 5485 285 5515 ⁵
305 5485 462 5534 Savil.
482 5485 666 5544 χῶρον.
971 5505 980 5516 ι
1173 5533 1185 5544 ,
1755 5531 1765 5542 ο
1834 5529 1845 5542 ,

260 5551 281 5577 ε
313 5545 452 5595 Cnlb.
484 5551 542 5592 eL
562 5540 715 5616 ξανξι.
737 5537 787 5586 in
813 5540 955 5584 textu
977 5533 1150 5588 τόπους
1167 5531 1550 5592 εκείνης,Μοι·ε].
1579 5538 1633 5582 ει
1657 5531 1806 5582 Savzl.
1832 5542 1883 5578 In

196 5620 347 5668 marg.
370 5616 552 5658 τοπους
575 5616 802 5673 εκεινουςζ
845 5659 856 5671 ‘
1079 5656 1090 5668 ’
1334 5655 1349 5672 ‘
1436 5655 1446 5667 ν
1693 5652 1705 5665 ‘

256 5669 283 5707 δ
321 5669 478 5717 Savil.
502 5673 560 5714 el
579 5661 722 5712 (ἴση).
740 5675 893 5726 *αὐτον
919 5655 1248 5726 έπηγγελλετο,
1271 5655 1626 5726 καιιπριλινκείς
1654 5669 1760 5726 ςιην,
1785 5654 1883 5726 Ptin-

196 5733 292 5778 rel.
313 5715 474 5779 αὐτόν
494 5728 647 5784 ἔλεγε.
674 5722 759 5784 καῖ
791 5715 1125 5784 πάλιν-τούτω
1142 5718 1212 5784 ¹εἰς
1229 5717 1341 5784 τήν.“
1359 5715 1482 5784 Ιιιςτε
1515 5715 1687 5766 more],
1714 5722 1767 5766 ει
1793 5716 1883 5765 Sa-

194 5777 287 5842 ηιέ
300 5777 568 5854 ἦσμέννσας
585 5777 667 5848 ’τῲ
692 5783 855 5843 δώρῳ,
874 5777 1007 5830 Colb.
1027 5779 1286 5840 ἠσμένισας
1297 5777 1352 5826 τὸ
1373 5778 1541 5840 δῶρον.

1536 327 1630 381 AD
1669 318 1940 382 VIDUAM
1977 319 2342 386 JUNIOREM.

3543 336 3668 394 σοι·

1986 430 2164 510 δώρῳ,
2196 442 2294 494 zeal
2323 444 2555 514 πρᾶγμα
2604 444 2770 516 εὐχῆς
2794 441 2944 514 ἄξιον
2989 445 3130 503 εῖναι
3159 449 3448 521 ἐνόμῑσάςς
3479 447 3670 507 τοῦτο

1984 538 2162 622 τοίνυν
2195 535 2428 609 ἀνάσχου
2458 541 2551 595 zeal
2586 540 2702 605 νῦν,
2734 541 2831 613 οὐχ
2866 543 3007 616 ὑπὲρ
3040 544 3315 616 βασιλείας
3347 547 3450 618 τῆς
3493 549 3550 600 ἐν
3577 548 3646 619 τῇ

1985 635 2076 702 γῇ,
2111 632 2225 686 ἀλλ’
2251 635 2391 708 ὐπέρ
2409 635 2509 707 τῆς
2538 637 2597 690 ἐν
2641 630 2906 708 οὐρανοῖς·
2936 641 3036 712 οὐχ
3059 641 3145 693 ἵνα
3178 641 3390 712 ἱμάτιον
3414 639 3650 713 χρυσοῦν

1985 727 2252 808 φοροῦντα
2282 730 2578 802 ἀπολάϐῃς,
2638 731 2752 785 ἀλλ’
2802 734 2890 786 ἵνα
2941 734 3239 790 ἀθανασίαν
3272 748 3296 776 ο
3329 737 3423 791 zeal
3470 736 3647 802 δόξαν,

1983 815 2114 904 δ’σην
2156 822 2282 884 τούς
2309 823 2368 875 ἐν
2399 823 2648 893 οὐρανοῖς
2690 824 3158 898 διάγονταςέχειν
3202 820 3548 902 είκός’[543];
3584 830 3649 884 El

1983 909 2040 966 δέ
2070 915 2273 987 σφόδρα
2303 916 2589 988 ἀφορήτως
2637 917 2782 988 ἔχεις
2813 921 2960 993 πρὸς
2975 923 3038 976 τὸ
3055 923 3148 977 τοῦ
3182 925 3375 996 χρόνου
3417 923 3648 996 μακρὸν,

1984 1009 2128 1094 εἰκὸς
2153 1010 2313 1064 αὐτὸν
2342 1013 2435 1066 zeal
2483 1013 2552 1067 δι’
2574 1015 2866 1087 ὀνειράτων
2895 1017 3182 1092 ἐπιστῆναί
3241 1021 3324 1074 σοί
3352 1037 3506 1086 ποτε,
3554 1018 3660 1074 zeal

1981 1105 2410 1176 διαλέγεσθαιτά
2445 1110 2503 1163 ἐν
2536 1101 2813 1186 συνηθείᾳ,
2847 1115 2940 1169 zeal
2959 1105 3152 1183 δείξειν
3183 1116 3305 1187 ὄψιν
3337 1117 3435 1188 τήν
3455 1103 3653 1170 ποθουο

1986 1203 2172 1275 μένην⁴
2200 1204 2359 1259 τοῦτό
2386 1223 2467 1260 σοι
2491 1209 2611 1263 ἀντὶ
2628 1211 2736 1264 τῶν
2779 1211 3078 1266 ἐπιστολῶν
3105 1212 3243 1268 ἔστω
3279 1213 3650 1285 παραμύθιον,

1985 1299 2183 1370 μᾶλλον
2207 1300 2265 1353 δὲ
2285 1300 2446 1354 τοῦτο
2487 1304 2584 1358 zeal
2627 1305 2924 1360 ἐπιστολῶν
2963 1310 3302 1382 τρανότερον.
3354 1310 3501 1363 Ἐκεῖ
3549 1307 3651 1378 μὲν

1981 1394 2089 1467 γάρ
2111 1397 2414 1468 γράμματα
2455 1400 2616 1469 μόνον
2636 1400 2784 1455 ἐστιν
2815 1403 2964 1469 ἰδεῖν,
3005 1405 3241 1460 ἐνταῦθα
3268 1405 3326 1458 δέ
3356 1406 3452 1460 zeal
3476 1404 3658 1458 τύπον

1981 1491 2155 1561 ὄψεως
2179 1493 2274 1547 zeal
2304 1494 2514 1563 γέλωτα
2534 1498 2782 1572 προσηνῆ
2817 1499 2912 1553 zeal
2945 1501 3131 1573 σχῆμα
3161 1500 3259 1555 zeal
3298 1500 3525 1571 βάδισιν,
3555 1499 3657 1553 zeal

1980 1589 2120 1661 ἠχῆς
2140 1591 2392 1658 ἀκούσαι,
2424 1594 2519 1646 zeal
2550 1594 2732 1667 φωνὴν
2758 1597 3058 1666 ἐπιγνῶναι
3087 1596 3189 1670 τὴν
3223 1597 3507 1667 φιλτάτην.

2051 1737 2113 1790 δ’.
2156 1738 2371 1812 Ἐπειδὴ
2400 1740 2572 1796 δὲκαὶ
2595 1742 2733 1814 ὑπὲρ
2759 1743 3057 1813 ἀσφαλείας
3073 1745 3312 1816 θρηνεῖς,
3338 1744 3406 1817 ἢν
3423 1743 3489 1797 δι’
3505 1743 3650 1797 ἐκεῖ·

1981 1849 2069 1887 νον
2100 1833 2266 1888 πάλαι
2292 1836 2576 1908 ἐκέκτησο,
2610 1839 2739 1902 ῖσως
2765 1839 2824 1893 δέ
2847 1841 2943 1894 zeal
2975 1841 3062 1895 διὰ
3093 1841 3154 1894 τὸ
3192 1840 3412 1911 μείζους
3451 1839 3651 1912 ἐμφαί-

1980 1939 2092 1982 νειν
2124 1927 2344 1994 ἐλπίδας
2379 1933 3052 2008 εὐδοκιμῆσεωςμαϊγάρ
3079 1937 3278 2007 ἢκουον
3317 1936 3520 2001 εὐθέως
3557 1936 3652 1990 ἐπὶ

1980 2025 2071 2080 τόν
2100 2011 2209 2080 τῶν
2233 2027 2493 2099 ὑπάρχων
2533 2022 2721 2098 θρόνον
2761 2029 2916 2100 ἥξειν
2945 2033 3132 2095 αὐτὸν,
3165 2033 3197 2086 δ
3244 2032 3486 2104 μάλιστα
3512 2033 3652 2087 πάνι

1979 2140 2106 2189 των,
2137 2118 2312 2195 οἶμαι,
2365 2125 2658 2198 συστρέφει
2694 2133 2789 2180 σου
2817 2126 2918 2198 τήν
2944 2127 3123 2202 ψυχὴν
3168 2129 3264 2182 zeal
3294 2131 3529 2199 συγχεῖ),
3560 2130 3651 2181 ἐνε-

1979 2219 2170 2291 νόησον
2197 2220 2324 2285 τοὺς
2354 2222 2446 2274 ἐπὶ
2480 2223 2728 2292 μείζονος
2758 2217 3080 2296 ἀξιώματος
3104 2223 3270 2288 ὄντας
3296 2226 3528 2291 ἐκείνου,
3555 2216 3652 2279 zeal

1977 2316 2070 2370 τὸν
2095 2311 2207 2387 βίον
2249 2317 2455 2391 σφόδρα
2487 2319 2739 2382 ἐλεεινῶς
2789 2319 3286 2393 καταστρέψαντας.
3326 2321 3653 2392 ’Δναμνήσῶ

1978 2399 2036 2466 δέ
2071 2429 2163 2466 σε·
2197 2413 2472 2486 Θεόδωρον
2515 2411 2644 2480 ἴσως
2696 2415 2914 2479 ἀκούεις
2952 2415 3046 2470 τὸν
3091 2416 3198 2470 ἀπὸ
3238 2416 3518 2481 Σικελίας·
3557 2417 3653 2472 zeal

1979 2510 2088 2580 γάρ
2105 2508 2214 2563 τῶν
2243 2509 2449 2582 σφόδρα
2478 2511 2764 2584 ἐπισήμων
2791 2510 3084 2583 ἐτύγχανεν
3103 2510 3198 2566 ὧν·
3223 2505 3378 2576 οὗτος
3401 2505 3495 2566 zeal
3521 2503 3655 2566 κάλ-

1979 2605 2059 2660 λει
2080 2607 2173 2661 zeal
2203 2608 2423 2678 μεγέθει
2445 2601 2696 2679 σώματος
2722 2609 2817 2662 zeal
2864 2607 3147 2680 παρρησία
3175 2607 3242 2680 τῇ
3281 2609 3417 2682 πρὸς
3445 2610 3535 2662 τὸν
3559 2590 3656 2679 βα-

1981 2703 2134 2760 σιλέα
2179 2706 2397 2760 πάντων
2443 2703 2684 2775 κρατῶν,
2713 2684 2823 2758 καῖ’
2859 2704 3157 2777 δυνάμενος
3191 2707 3295 2760 ὅσα
3341 2695 3450 2759 τῶν
3503 2705 3654 2760 ἔνδον

1982 2801 2364 2872 στρεφομένων
2413 2801 2612 2868 οὐδεὶς,
2641 2802 2744 2856 οὐκ
2771 2803 2970 2874 ήνεγκε
3001 2802 3102 2876 τὴν
3123 2803 3430 2874 εὐπραγίαν
3461 2803 3654 2874 πράως

1980 2896 2228 2969 ἐκείνην,
2281 2897 2410 2952 ἀλλ’
2461 2897 2858 2962 ἐπιϐουλεύσας
2894 2898 3105 2968 βασιλεῖ
3135 2898 3231 2954 zeal
3281 2899 3462 2964 άλούς,
3495 2899 3655 2962 αὐτὸς

1985 2990 2083 3062 μὲν
2107 2992 2398 3066 ἀπετμήθη
2439 2994 2642 3066 σφόδρα
2670 2995 2942 3061 ἐλεεινῶς,
2981 2998 3016 3067 ἡ
3049 2995 3107 3050 δέ
3134 2995 3328 3049 τούτου
3351 2995 3510 3068 γυνὴ,
3560 2997 3656 3049 zeal

1980 3085 2289 3158 ἀνατροφῆς
2317 3088 2411 3142 καὶ
2457 3086 2652 3157 γένους
2685 3089 2782 3142 zeal
2807 3089 2920 3144 τῶν
2971 3088 3147 3146 ἄλλων
3169 3091 3440 3147 ,ἁπάντων
3501 3091 3654 3145 οὐδὲν

1980 3182 2197 3236 ἔλαττον
2228 3181 2428 3253 ἐχουσα
2460 3184 2560 3254 τῆς
2607 3176 2890 3254 εὐγενείας
2949 3176 3049 3257 τῆς
3077 3187 3197 3256 σῆς,
3229 3187 3446 3242 πάντων
3500 3189 3654 3257 ἄφνω

1981 3279 2328 3350 γυμνωθεῖσα
2351 3279 2461 3334 τῶν
2493 3281 2665 3352 αὐτῆς
2696 3281 2790 3335 zeal
2824 3281 2924 3354 τῆς
2953 3282 3266 3356 ἐλευθερίας
3299 3283 3466 3353 αὐτῆς
3489 3283 3655 3336 ἐκπε-

1983 3375 2152 3430 σοῦσα
2180 3378 2298 3439 ταῖς
2325 3373 2623 3448 ταμιακαῖς
2670 3375 2874 3448 ἐρίθοις
2900 3376 3312 3448 ἐγκατελέγετο,
3349 3378 3444 3432 zeal
3473 3378 3654 3449 πάσης

1982 3470 2359 3543 θεραπαινίδος
2381 3475 2724 3547 οἰκτρότερον
2755 3474 2855 3546 ζῇν
2883 3474 3226 3546 ὴναγκάξετο
3251 3475 3385 3546 βίον,
3401 3472 3654 3529 τοσοῦτον

1982 3567 2180 3640 ἔχουσα
2206 3567 2316 3624 τῶν
2356 3569 2532 3624 ἀλλων
2579 3570 2762 3636 πλέον,
2792 3571 2916 3625 ὅσον
2942 3571 3030 3625 διά
3061 3571 3161 3644 τήν
3211 3572 3514 3645 ὑπερϐολὴν
3552 3572 3653 3643 τῆς

1984 3665 2267 3736 συμφορᾶς
2292 3664 2586 3736 ἐδακρύετο
2608 3667 2760 3736 παρά
2777 3667 2887 3720 τῶν
2906 3666 3159 3739 ὁρώντων
3177 3669 3433 3723 ἁπάντων
3456 3670 3651 3740 αὐτήν.

1981 3761 2213 3829 Λέγεται
2240 3761 2298 3816 δέ
2330 3763 2422 3816 zeal
2446 3763 2764 3834 Ἀρτεμισία
2795 3763 2988 3836 ἀνδρὸς
3018 3766 3223 3838 σφόδρα
3249 3767 3539 3838 εὐδοκίμου
3562 3777 3656 3836 γε-

1980 3857 2179 3929 νομένη
2214 3859 2374 3930 γυνὴ,
2401 3859 2590 3932 ἐπειδὴ
2637 3862 2889 3925 κάκεῖνος
2935 3863 3250 3934 τυραννίδος
3281 3864 3650 3935 ἐπεθύμησεν,

1980 3953 2153 4019 οὕτως
2177 3957 2258 4020 είς
2278 3955 2483 4027 ταύτην
2506 3955 2605 4028 τὴν
2634 3957 2824 4012 πενίαν
2835 3957 3010 4013 ἐλθεῖν
3038 3960 3132 4014 zeal
3159 3961 3258 4031 τὴν
3283 3963 3550 4034 πήρωσιν.
3578 3961 3653 4016 Τό

1980 4068 2044 4104 τε
2073 4052 2182 4124 γάρ
2237 4053 2466 4124 μέγεθος
2512 4053 2612 4124 τῆς
2644 4054 2906 4124 ἀθυμίας,
2956 4054 3017 4108 τό
3057 4073 3118 4110 τε
3177 4057 3381 4128 πλῆθος
3416 4057 3526 4113 τῶν
3558 4059 3652 4114 δα-

1982 4147 2165 4220 κρύων
2186 4146 2406 4202 ἔσϐεσεν
2417 4149 2554 4220 αὐτῇ
2579 4150 2705 4214 τοὺς
2733 4150 3064 4222 ὀφθαλμούς·
3094 4152 3190 4206 καὶ
3219 4153 3314 4207 νῦν
3353 4154 3463 4208 τῶν
3489 4172 3652 4227 χειρ-

1981 4263 2171 4318 αγωγη
2179 4246 2376 4300 σόντων
2412 4246 2580 4301 δεῖται
2638 4250 2732 4302 zeal
2777 4249 2915 4321 πρὸς
2942 4249 3042 4313 τὰς
3071 4249 3274 4322 ἐτέρων
3301 4251 3539 4315 ἀξόντων
3558 4251 3653 4305 θύ-

1987 4360 2103 4415 ρας,
2138 4343 2225 4397 ῐνα
2249 4345 2346 4416 τῆς
2374 4345 2678 4414 ἀναγκαίας
2709 4345 2882 4411 οὕτως
2901 4347 3158 4417 εὐπορεῖν
3177 4345 3277 4419 ἔχῃ
3296 4349 3522 4420 τροφῆς.
3539 4349 3654 4403 Kal

1983 4436 2185 4504 πολλάς
2211 4439 2276 4494 ἂν
2310 4439 2504 4513 ἐτέρας
2542 4436 2688 4513 εἶχον
2715 4441 2895 4507 οἰκίας
2911 4443 3091 4497 εἰπεῖν
3127 4442 3270 4497 οὕτω
3309 4445 3652 4517 κατενεχθεί-

1985 4541 2105 4602 σας,
2143 4538 2192 4591 εἰ
2225 4536 2300 4609 μὴ
2330 4538 2431 4609 τήν
2451 4530 2511 4590 τε
2543 4528 2830 4592 εὐλάϐειαν
2881 4537 2977 4592 zeal
3013 4539 3112 4612 τὴν
3151 4540 3366 4595 σύνεσιν
3398 4541 3497 4612 τῆς
3549 4540 3653 4611 σῆς

1981 4631 2298 4706 ἠπιστάμην
2318 4634 2514 4707 ψυχῆς,
2559 4635 2660 4690 οὐκ
2684 4635 2748 4688 ἐκ
2775 4635 2884 4690 τῶν
2918 4633 3212 4709 ἀλλοτρίων
3233 4637 3418 4692 κακῶν
3437 4635 3538 4709 τῆς
3568 4639 3651 4690 ol-

1983 4725 2138 4796 κείας
2187 4726 2470 4804 συμφορᾶς
2505 4729 2860 4804 παραμυθίαν
2913 4727 3248 4806 βουλομένην
3284 4732 3484 4806 εὑρεῖν.
3540 4729 3652 4788 Kal

1982 4829 2186 4883 τούτων
2216 4830 2292 4895 δὲ,
2310 4822 2384 4883 ὧν
2415 4830 2712 4902 ἐμνήσθην,
2745 4829 2811 4885 δι’
2833 4830 2986 4884 οὐδὲν
3013 4821 3199 4902 ἕτερον
3233 4831 3508 4904 ἐμνήσθην
3529 4819 3647 4897 νῦν,

1982 4925 2097 4982 ἀλλ’
2130 4926 2217 4981 ἴνα
2243 4926 2420 4998 μάθῃς
2461 4927 2543 4980 ὅτι
2575 4926 2645 4980 τά
2662 4926 2978 5000 ἀνθρώπινα
3014 4927 3166 4982 οὐδέν
3185 4929 3299 4982 ἐστι
3326 4927 3647 5000 πράγματα,

1983 5025 2104 5080 ἀλλ’
2126 5025 2360 5096 άληθῶς,
2389 5024 2465 5090 ῶς
2486 5025 2515 5078 ὁ
2543 5026 2828 5096 προφήτης
2856 5025 3012 5096 φησὶ,
3044 5025 3222 5080 Πᾶσα
3258 5025 3410 5090 δόξα
3435 5025 3652 5094 ἀνθρώ-

1983 5121 2102 5179 που
2119 5123 2198 5190 ὡς
2223 5123 2408 5189 ἄνθος
2431 5124 2669 5193 χόρτου.
2689 5123 2838 5195 Ὅσῳ
2861 5123 2970 5194 γάρ
2997 5124 3065 5177 ἂν
3080 5122 3293 5195 ἐπαρθῇ
3315 5123 3410 5176 zeal
3436 5121 3646 5196 Mm,

1981 5221 2217 5290 τοσούτῳ
2249 5220 2470 5291 μείζονα
2500 5219 2598 5290 τὴν
2636 5219 2845 5275 πτῶσιν
2871 5219 3184 5291 ἐργάζεται,
3210 5219 3270 5272 σύ
3315 5217 3384 5273 τά
3411 5218 3522 5274 τῶν
3550 5219 3657 5291 ἀρ-

1981 5317 2225 5388 χομένων
2273 5317 2451 5387 μόνον,
2490 5315 2624 5368 ἀλλά
2658 5315 2752 5368 zeal
2777 5315 2845 5369 τά
2869 5316 2978 5370 τῶν
3031 5316 3420 5386 βασιλευόντων
3445 5316 3647 5374 αὐτῶν.

1983 5413 2117 5465 Οὐδὲ
2146 5413 2255 5485 γάρ
2308 5413 2375 5467 ἂν
2401 5411 2551 5483 εὖροι
2595 5429 2681 5476 τις
2731 5412 2910 5466 οἰκίαν
2947 5413 3218 5486 ἰδιωτικὴν
3241 5413 3510 5469 τοσούτων
3546 5416 3645 5486 ἐμ-

1985 5506 2374 5578 πεπλησμένην
2405 5505 2719 5578 συμφορῶν,
2777 5506 2918 5561 ὅσων
2967 5506 3038 5562 τά
3078 5507 3324 5580 βασίλεια
3353 5508 3516 5581 γέμει
3541 5507 3652 5564 τῶν

2050 5712 2073 5738 ε
2120 5711 2200 5778 εἰς
2261 5711 2426 5772 (ῖυῖδά
2464 5711 2637 5764 Morel,
2692 5713 2980 5778 ἀφθαρσίαν,

2050 5715 2073 5738 ε
2120 5715 2200 5782 εἰς
2261 5715 2426 5772 (2011).;
2464 5715 2637 5764 Morel,
2692 5715 2980 5778 ἀφθαρσίαν,
3050 5715 3198 5767 5ἔινὶὶ.
3257 5717 3515 5783 ἀφθαρσίαν
3567 5717 3662 5766 καὶ

1985 5773 2263 5822 ἀθανασιαν.
