4016 6154
380 262 489 329 695

379 376 586 432 κακῶν.
610 377 720 433 Καὶ
745 377 851 449 γὰρ
877 378 1127 449 ὀρφανίαι
1159 380 1349 452 ἄωροι,
1372 384 1466 434 καὶ
1497 384 1731 453 χηρεῖαι,
1760 382 1855 434 καὶ
1882 381 2044 435 θάναο

381 476 462 517 τοι
488 463 636 535 [544]
660 465 843 534 βίαιοι,
875 469 969 520 καὶ
989 468 1097 521 τῶν
1129 469 1188 522 ἐν
1216 471 1333 532 ταῖς
1362 469 1690 539 τραγῳδίαις
1723 469 2046 541 παρανομώ-

380 564 528 622 τεροι
548 550 726 623 πολλῷ
776 555 869 606 καὶ
903 552 1214 627 πικρότεροι
1250 554 1483 627 μάλιστα
1512 558 1593 618 είς
1618 556 1822 628 ταύτην
1871 570 2044 610 κατα-

383 639 683 707 σκήπτουσι
709 641 807 711 τὴν
835 642 1030 713 ἀρχήν.

453 757 567 813 Καὶ
608 760 695 815 ἵνα
742 761 811 816 :6
866 762 1070 818 παλαιά
1124 764 1385 836 ἀφῶμεν,
1448 767 1556 819 τῶν
1615 764 2047 835 βασιλευσάντων

381 845 477 898 ἐπὶ
541 849 640 917 τῆς
698 851 889 916 γενεᾶς
934 851 1034 920 τῆς
1080 852 1355 923 ἡμετέρας
1379 893 1395 916 ,
1455 853 1608 906 ἐννέα
1669 851 2045 923 γεγενημένων

381 932 654 997 ἀπάντων,
684 934 777 988 δύο
814 937 962 1005 μόνοι
992 939 1153 1009 κοινῷ
1200 939 1412 1010 θανάτῳ
1449 940 1540 994 τὸν
1572 939 1685 1011 βίον
1724 939 2043 993 κατέλυσανδ

380 1017 490 1071 τῶν
518 1019 574 1072 δὲ
626 1020 799 1076 ἄλλων
839 1025 867 1076 6
913 1025 1011 1094 μὲν
1048 1025 1151 1078 ὑπὸ
1203 1028 1485 1098 τυράννου,
1514 1030 1542 1080 6
1590 1025 1647 1080 66
1679 1028 1738 1079 ἐν
1790 1026 2042 1097 πολέμῳ,

380 1106 411 1158 6
455 1106 512 1158 66
563 1107 666 1161 ὑπὸ
718 1109 825 1163 τῶν
876 1110 1025 1166 ἔνδον
1083 1114 1453 1182 φυλαττόντων
1508 1114 1669 1169 αὑτὸν
1731 1113 2046 1167 ἐπιϐουλευ⁸

380 1191 515 1257 θεῖς,
574 1196 603 1248 6
649 1195 707 1249 δὲ
771 1198 863 1251 ὑπ’
914 1198 1076 1253 αὐτοῦ
1134 1200 1230 1254 τοῦ
1277 1203 1768 1273 χειροτονήσαντος,
1814 1202 1908 1254 καὶ
1945 1200 2045 1270 τὴν

381 1277 674 1351 ἁλουργίδα
708 1285 1019 1356 περιθέντος
1047 1289 1215 1359 αὐτῷ·
1249 1292 1305 1343 αἱ
1341 1290 1396 1344 δέ
1429 1290 1636 1354 τούτοις
1661 1291 2045 1359 συνοικήσασαι

381 1371 656 1434 γυναῖκες,
680 1373 734 1424 αί
765 1374 881 1443 μὲν,
908 1374 984 1438 ὥς
1008 1393 1159 1445 φασι,
1201 1378 1514 1449 φαρμάκοις
1560 1378 1848 1442 ἀπέθανον,
1874 1377 1931 1429 αί
1987 1376 2047 1429 66

382 1453 490 1507 ὑπὸ
517 1456 615 1526 τῆς
647 1457 885 1529 ἀθυμίας
910 1463 1103 1534 αὑτῆς.
1144 1465 1265 1518 Τῶν
1302 1466 1358 1519 δὲ
1413 1466 1491 1519 ἔτι
1526 1465 1830 1537 περιουσῶν
1856 1468 1890 1535 ὴ
1949 1464 2047 1535 μὲν

382 1542 551 1595 παῖδα
578 1543 778 1614 ἔχουσα
803 1549 1038 1618 ὀρφανὸν
1083 1552 1276 1623 τρέμει
1303 1554 1397 1607 καὶ
1421 1554 1625 1607 δέδοικε
1654 1554 1728 1624 μή
1761 1570 1845 1616 τις
1883 1552 2046 1605 αὐτὸν

382 1627 491 1681 τῶν
524 1632 867 1700 κρατούντων
887 1637 1037 1708 φόϐῳ
1063 1638 1171 1692 τῶν
1207 1639 1507 1709 μελλόντων
1536 1640 1721 1711 ἀνέλῃο
1756 1642 1790 1710 ή
1814 1641 1870 1693 δὲ
1894 1639 2047 1709 μόλις

382 1715 594 1771 πολλῶν
622 1719 917 1789 δεηθέντων
949 1726 1056 1781 ἀπὸ
1078 1727 1179 1797 τῆς
1199 1728 1491 1800 ὑπερορίας
1520 1728 1838 1800 ἐπανῆλθεν,
1873 1728 1953 1790 είς
1980 1729 2046 1797 ἢν

382 1802 552 1875 αὐτὴν
583 1808 612 1859 6
638 1810 854 1878 κρατῶν
884 1811 1106 1878 ἐξέϐαλε
1137 1816 1420 1885 πρότερον.
1450 1816 1570 1869 Τῶν
1595 1816 1654 1869 66
1684 1817 1796 1878 τοῖς
1822 1814 1916 1870 νῦν
1948 1815 2046 1885 βα-

384 1890 654 1948 σιλεύουσι
711 1900 1125 1979 συνοικουσῶνὴ
1157 1901 1255 1971 μὲν
1308 1903 1419 1956 ἀπὸ
1444 1902 1554 1956 τῶν
1603 1904 1888 1974 προτέρων
1910 1904 2047 1957 ἀνα-

382 1979 665 2035 πνεύσασα
716 1986 1009 2058 συμφορῶν
1063 1988 1519 2061 ἀναμεμιγμένην
1575 1989 1687 2060 ἔχει
1728 1990 1928 2062 πολλὴν
1975 1993 2045 2061 τῇ

380 2065 541 2138 ἡδονῇ
575 2070 673 2139 τὴν
695 2071 883 2143 ὀδύνην
913 2075 1001 2130 διὰ
1028 2074 1089 2129 τὺ
1114 2077 1316 2148 σφόδρα
1344 2078 1426 2131 ἔτι
1452 2078 1570 2132 νέον
1599 2074 1739 2132 εἷναι
1775 2079 1870 2132 καὶ
1893 2077 2051 2132 ἀπει-

386 2169 479 2223 ρον
511 2157 602 2210 τὸν
635 2159 955 2229 κρατοῦντα’,
995 2163 1090 2216 καὶ
1120 2163 1348 2226 πολλοὺς
1398 2165 1725 2235 πολλαχόθεν
1750 2165 1894 2235 ἔχειν
1923 2167 2049 2228 τοὺς

375 2242 849 2321 ἐπιϐουλεύοντας·
882 2249 992 2319 ἡδὲ
1023 2249 1362 2320 ἀποτέθνηκε
1386 2251 1465 2321 τῷ
1490 2252 1623 2315 δέει,
1682 2254 1778 2306 καὶ
1808 2251 1918 2306 τῶν
1946 2269 2050 2305 κα-

383 2329 617 2384 ταδίκων
645 2332 971 2405 ἀθλιώτερον
1008 2336 1073 2409 ζῇ
1104 2337 1192 2391 διά
1227 2338 1290 2392 :6
1323 2339 1413 2392 τὸν
1466 2339 1634 2411 ἀνδρα
1662 2339 1852 2409 αὑτῆς,
1896 2339 1956 2404 ἐξ
1985 2330 2047 2392 οὗ

382 2415 447 2468 :6
472 2416 703 2490 διάδημα
736 2421 1027 2493 ἀνεδήσατο
1067 2425 1223 2496 μέχρι
1260 2427 1359 2497 τῆς
1391 2427 1654 2498 σήμερον,
1706 2428 1764 2481 ἐν
1792 2426 2049 2499 πολέμοις

384 2503 676 2574 διατρίϐειν
702 2509 794 2561 καὶ
812 2510 1033 2580 μάχαις,
1070 2513 1287 2567 καὶτῶν
1315 2514 1608 2587 συμφορῶν
1631 2514 1794 2569 πλέον
1825 2515 1928 2569 ὑπὸ
1948 2515 2049 2586 τῆς

385 2590 646 2663 αἰσχύνης
672 2595 1055 2652 ἀναλίσκεσθαι
1084 2601 1179 2654 καὶ
1210 2602 1324 2664 τοῖς
1344 2602 1495 2672 παρά
1524 2602 1741 2656 πάντων
1766 2600 2047 2658 ὀνείδεσιν.

392 2677 458 2731 ὐ
486 2679 595 2750 γάρ
626 2683 893 2751 μηδέποτε
913 2686 1127 2754 γέγονε,
1157 2688 1356 2760 συνέϐη
1390 2689 1515 2755 νῦν,
1571 2691 1665 2743 καὶ
1715 2690 1813 2762 τὴν
1871 2690 2050 2744 αὑτῶν

386 2766 618 2834 ἀφέντες
645 2771 692 2822 οἱ
720 2770 983 2844 βάρϐαροι
1009 2774 1191 2847 χώραν
1212 2788 1239 2817 ι
1263 2776 1491 2849 μυρίους
1519 2778 1765 2843 σταδίους
1792 2781 1891 2850 τῆς
1921 2781 2052 2849 ἡμε-

385 2850 550 2923 τέρας
572 2854 663 2907 καὶ
695 2856 953 2923 πολλάκις
973 2861 1257 2927 τοσούτους
1281 2864 1608 2935 ἐπέδραμον,
1633 2866 1727 2920 καὶ
1751 2865 1850 2928 τὰς
1869 2864 2052 2937 χώρας

387 2940 850 3011 κατακαύσαντες,
888 2948 980 3001 καὶ
1006 2947 1105 3012 τάς
1136 2950 1318 3014 πόλεις
1350 2951 1592 3017 ἑλόντες,
1652 2953 1751 3006 οὐκ
1778 2952 2052 3007 ἐθέλουσιν

388 3025 748 3099 ὑποστρέφειν
779 3031 958 3087 οἴκαδε
988 3035 1168 3102 πάλιν,
1190 3036 1305 3091 ἀλλ’
1356 3037 1544 3110 ὥσπερ
1570 3039 1885 3111 χορεύοντες
1916 3040 2053 3110 μᾶλ-

388 3112 533 3186 λονῆ
566 3118 942 3189 πολεμοῦντες,
987 3123 1129 3178 οὕτω
1182 3126 1523 3196 καταγελῶσι
1578 3129 1705 3190 τοὺς
1753 3128 2053 3199 ἡμετέρους

387 3200 651 3269 ἅπαντας·
682 3208 776 3261 καί
820 3227 941 3264 τινα
968 3212 1077 3267 τῶν
1102 3215 1233 3285 παρ’
1257 3215 1484 3279 ἐκείνοις
1539 3213 1800 3285 βασιλέων
1825 3216 1987 3285 φασὶν
2021 3213 2052 3256 δ

386 3291 560 3345 εἰπεῖν
582 3296 663 3348 ὅτι
691 3295 790 3366 τῆς
813 3299 1194 3370 ἀναισχυντίας
1220 3302 1574 3374 ἐκπλήττοιτο
1602 3305 1728 3367 τοὺς
1751 3303 2053 3375 ἡμετέρους
2100 3332 2104 3336 -

390 3383 758 3451 στρατιώτας,
838 3387 887 3440 οῖ
943 3388 1141 3458 μᾶλλον
1191 3389 1479 3461 προϐάτων
1549 3392 2052 3462 κατασφαττόμενοι

389 3468 762 3538 προσδοκῶσιν
783 3472 862 3527 ἔτι
889 3478 1066 3546 νικᾷν,
1098 3476 1192 3531 καὶ
1228 3479 1327 3532 οὐκ
1361 3478 1634 3533 ἐθέλουσιν
1664 3481 1922 3551 ἐκστῆναι
1952 3479 2052 3551 τῆς

389 3555 619 3610 ἐαυτῶνο
649 3559 810 3624 αὐτὸς
834 3561 933 3632 μὲν
958 3563 1066 3635 γὰρ
1086 3563 1291 3634 ἔφασκε
1321 3565 1414 3619 καλ⁴
1436 3566 1598 3638 κόρον
1624 3567 1902 3637 εἰληφέναι
1926 3568 2055 3621 πολ-

389 3642 546 3708 λάκις
567 3649 922 3703 κατακόπτων
959 3652 1173 3716 αὐτούς.
1202 3654 1368 3707 Ποίαν
1405 3651 1497 3708 οὖν
1530 3654 1631 3708 οἴει
1666 3657 1872 3710 καὶτὸν
1902 3655 2054 3726 βασι-

389 3729 507 3795 λέα,
535 3733 628 3786 καὶ
653 3736 754 3806 τήν
783 3736 971 3792 τούτου
991 3743 1224 3809 γυναῖκα
1249 3742 1420 3797 ταῦτα
1452 3743 1755 3798 ἀκούουσαν
1780 3745 1848 3797 τὰ
1875 3742 2055 3817 ῥήμα-

387 3833 480 3885 τα,
512 3817 658 3889 ἔχειν
675 3820 883 3895 ψυχήνς

462 3947 527 3996 ε’.
550 3943 765 4015 Ἐπειδὴ
787 3946 844 3999 66
863 3948 1138 4020 ἐμνήσθην
1156 3949 1250 4003 τοῦ
1276 3951 1511 4024 πολέμου
1535 3953 1744 4019 τούτου,
1768 3955 1933 4026 ἐσμός
1962 3972 2053 4026 μοι

388 4028 559 4094 πολὺς
593 4032 775 4103 χηρῶν
819 4035 1144 4115 ἐπέδραμεν,
1174 4040 1231 4093 αἳ
1272 4040 1436 4095 πάλαι
1468 4052 1491 4079 α
1519 4043 1617 4110 μὲν
1651 4043 1853 4112 σφόδρα
1886 4043 2053 4114 ἔλαμ-

392 4135 493 4173 πον
516 4120 625 4173 ἀπὸ
655 4121 755 4193 τῆς
784 4123 891 4177 τῶν
918 4125 1124 4196 ἀνδρῶν
1159 4129 1345 4199 τιμῆς,
1399 4130 1495 4184 νῦν
1530 4130 1587 4183 66
1611 4130 1823 4203 ἀθρόως
1846 4131 2054 4185 ἅπασαι

392 4207 635 4281 πενθήρη
656 4212 750 4265 καὶ
777 4212 1032 4283 μέλαιναν
1056 4218 1410 4289 περιθέμεναι
1446 4220 1639 4292 στολὴν
1673 4221 1928 4293 θρηνοῦσι
1961 4223 2054 4276 τὸν

391 4293 610 4350 ἅπαντα
644 4300 852 4368 χρόνον.
884 4303 1017 4356 Οὐδὲ
1038 4303 1147 4374 γὰρ
1182 4305 1341 4359 τοῦτο
1369 4307 1558 4372 αὐταῖς
1601 4308 1864 4379 ὑπῆρξεν,
1919 4311 2053 4382 ὅπερ

389 4385 458 4453 τῇ
487 4385 645 4456 τιμίᾳ
677 4404 768 4441 σου
798 4390 1029 4462 κεφαλῇ.
1086 4394 1157 4448 Σὺ
1190 4395 1290 4465 μὲν
1341 4396 1471 4468 γὰρ,
1519 4391 1564 4450 ὧ
1614 4395 1910 4468 θαυμασία,
1961 4400 2056 4452 καὶ

392 4469 642 4539 κείμενον
669 4475 761 4527 ἐπὶ
805 4479 903 4547 τῆς
948 4479 1137 4552 κλίνης
1192 4478 1331 4544 εἶδες
1360 4483 1446 4537 τὸν
1484 4482 1647 4537 καλὸν
1675 4487 1877 4538 ἐκεῖνον
1899 4524 1913 4548 ,
1962 4487 2057 4540 καὶ

390 4557 627 4629 ἐσχάτης
646 4560 884 4630 ῆκουσας
912 4567 1115 4636 φωνῆς,
1146 4569 1241 4622 καὶ
1266 4569 1388 4622 τίνα
1411 4572 1517 4643 χρὴ
1547 4569 1750 4642 πρᾶξαι
1780 4573 1920 4643 ὑπὲρ
1947 4573 2056 4629 τῶν

394 4648 736 4718 πραγμάτων
761 4651 860 4721 τῆς
894 4653 1073 4717 οἰκίας
1103 4655 1305 4723 ἔμαθες
1335 4658 1782 4729 ἐπισκήπτοντος,
1826 4662 1920 4714 καὶ
1969 4661 2058 4715 διά

393 4732 504 4787 τῶν
530 4734 802 4808 διαθηκῶν
823 4738 1038 4794 ἃπασαν
1061 4743 1174 4806 τοῖς
1202 4743 1555 4809 πλεονέκταις
1575 4748 1669 4800 καλ⁸
1697 4748 2059 4816 συκοφάνταις
2098 4760 2105 4767 °

395 4823 832 4893 ἀποτειχίζοντος
869 4827 1072 4897 ἔφοδον.
1126 4830 1236 4884 Καὶ
1265 4832 1327 4885 οὑ
1359 4831 1517 4885 τοῦτο
1548 4834 1728 4904 μόνον,
1774 4835 1913 4889 ἀλλά
1966 4837 2059 4891 καὶ

395 4910 576 4982 νεκρῷ
599 4911 679 4965 ἐτι
705 4915 941 4987 κειμένῳ
974 4916 1231 4982 πολλάκις
1255 4919 1539 4986 ἐπέπεσες,
1573 4921 1667 4975 καὶ
1694 4922 2061 4995 κατεφίλησας

391 4999 725 5070 ὀφθαλμοὺς,
744 5003 839 5056 καὶ
868 5005 1213 5077 περιεχύθης,
1239 5008 1333 5060 καὶ
1362 5006 1664 5073 ἐκώκυσας,
1693 5012 1787 5064 καὶ
1806 5022 2060 5084 προπεμ-

393 5088 597 5159 φθέντα
628 5089 768 5157 εἶδες
795 5093 933 5164 μετά
959 5095 1160 5166 πολλῆς
1184 5095 1284 5165 τῆς
1318 5097 1482 5167 τιμῆς
1510 5095 1684 5168 [5451,
1720 5100 1906 5154 καὶτὰ
1924 5100 2061 5170 πρὸς

392 5180 495 5251 τὴν
521 5180 697 5253 ταφὴν
721 5182 897 5236 πάντα
947 5183 1207 5254 ἔπραξας,
1246 5183 1321 5247 ὡς
1354 5184 1627 5255 προσῆκον
1656 5181 1743 5255 ἦν,
1800 5188 1894 5240 καὶ
1923 5190 2061 5260 πρὸς

393 5268 489 5323 τὸν
512 5269 682 5339 τάφον
716 5271 975 5336 πολλάκις
1010 5272 1281 5343 ἐρχομένη
1319 5275 1409 5326 τὸν
1464 5274 1673 5328 ἐκείνου
1710 5277 2060 5348 παραμυθίαν

449 5514 477 5593 ξ
507 5522 586 5593 ξιτ
610 5524 747 5593 (ξομ).
771 5526 983 5593 ειξιινῇί.
1010 5526 1062 5593 In
1090 5526 1261 5593 Morel.
1290 5532 1448 5593 χώραν
1466 5530 1627 5580 deest.

458 5583 489 5652 Ρ
510 5583 749 5652 §ic__CoIb.
771 5588 984 5652 e_lSavil.
1005 5589 1261 5652 Αιωοτει.
1290 5583 1444 5652 ξηὰίν,

450 5650 473 5678 ο
500 5646 647 5720 ,βοιίξ
669 5650 731 5720 αἳ.
746 5649 915 5720 πάλαι,
940 5662 1051 5720 Qua?
1077 5651 1223 5720 Ιιξοιξο
1250 5643 1498 5720 ﬂigi-stare
1546 5655 1752 5706 videtur.
1803 5643 1974 5705 Mor'cL
2007 5662 2059 5705 et

394 5709 551 5761 Savil.
575 5710 627 5758 αἲ
650 5710 840 5770 πολλαί,
862 5717 918 5761 el
938 5712 1003 5760 ita
1027 5710 1153 5775 legit
1177 5709 1413 5765 Nobilius.

1155 260 1215 316 S.
1251 258 1533 317 JOANNIS
1571 258 2055 317 CHRYSOSTOMI
2096 259 2415 316 ARGIHEP.
2456 259 3000 318 CONSTANTINOP.
3625 309 3635 323 η
3692 271 3784 329 606

2152 384 2295 456 ἔχεις
2332 384 2430 457 τῆς
2460 385 2648 459 ὀδύνης
2677 389 2738 444 οὗ
2795 383 3015 457 μικράν.
3055 375 3223 436 Δῦται
3247 381 3305 435 66
3335 365 3788 439 τούτων’ἀπάντων

2151 469 2499 544 ἐστέρηνται,
2537 471 2886 544 ἐκπέμψασαι
2916 471 3014 541 μὲν
3056 472 3135 534 εἰς
3165 468 3404 539 πόλεμον
3452 467 3650 521 ᾶπασαι
3673 472 3788 534 τοὺς

2151 559 2358 613 ἑαυτῶν
2382 561 2597 633 ἄνδρας,
2625 560 2699 624 ὡς
2727 559 2889 614 πάλιν
2918 557 3112 620 αὑτοὺς
3140 555 3561 626 ἀποληψόμεναι.
3592 556 3706 608 ἀντὶ
3736 557 3790 609 66

2150 647 2372 700 ἐκείνων
2391 645 2486 718 τήν
2515 647 2716 718 πικράν
2744 649 2843 719 τῆς
2869 645 3124 715 τελευτῆς
3154 641 3330 698 αὐτῶν
3364 640 3613 710 ἀγγελίαν
3646 643 3793 713 στρέ-

2151 750 2338 801 φονται
2359 732 2668 804 δεξάμεναι.
2693 732 2828 787 Οὐδὲ
2854 732 2964 803 γάρ
2986 733 3054 785 τὰ
3082 729 3310 802 σώματά
3328 747 3411 794 τις
3440 729 3612 782 αὐτῶν
3646 729 3797 799 κομί-

2151 819 2258 883 ζων
2287 821 2588 891 ἐπανῆλθεν
2612 822 2822 885 αὑταῖς,
2865 820 3002 875 ἀλλά
3028 821 3248 890 ῥήματα
3293 818 3450 888 μόνον
3476 816 3568 868 τόν
3604 816 3796 885 τρόπον

2149 904 2478 978 διηγούμενα
2499 909 2600 979 τῆς
2622 909 2897 979 τελευτῆς.
2933 907 3053 960 Είσὶ
3095 907 3152 960 δέ
3180 905 3236 958 αἳ
3261 905 3382 959 οὑδέ
3411 902 3614 971 ταύτης
3641 900 3796 970 ἠξιώ-

2151 991 2321 1063 θησαν
2346 992 2446 1064 τῆς
2465 994 2786 1065 διηγήσεως,
2816 994 2936 1048 οὐδὲ
2965 994 3109 1058 ὅπως
3134 992 3434 1047 κατέπεσον
3468 989 3653 1060 μαθεῖν
3681 988 3799 1057 ἠδυ-

2150 1068 2410 1150 νήθησαν,
2439 1083 2498 1134 ἐν
2530 1081 2709 1155 πολλῷ
2747 1079 2826 1153 τῷ
2864 1080 3058 1153 πλήθει
3091 1081 3189 1150 τῆς
3238 1077 3512 1151 συμϐολῆς
3560 1091 3797 1143 καταχω-

2152 1163 2382 1221 σθέντων
2408 1167 2607 1223 αὑτῶν.
2846 1182 2847 1185 ‘

2220 1289 2331 1342 Καὶ
2374 1289 2426 1342 τί
2460 1289 2789 1361 θαυμαστὸν,
2834 1291 2884 1344 εί
2922 1289 3032 1344 τῶν
3065 1287 3383 1362 στρατηγῶν
3415 1284 3585 1346 οὑτως
3615 1281 3802 1335 ἀπέθα-

2151 1389 2239 1425 νον
2270 1374 2321 1426 οἱ
2345 1374 2548 1441 πολλοὶ,
2573 1376 2706 1430 ὅπου
2745 1394 2809 1445 γε
2840 1377 2932 1429 καὶ
2976 1376 3136 1438 αὑτὸς
3168 1376 3196 1427 6
3228 1372 3477 1444 βασιλεὺς
3505 1371 3585 1433 εἰς
3621 1369 3801 1439 κώμην

2150 1459 2271 1514 τινά
2322 1461 2673 1532 ἀπολειφθεὶς
2738 1466 2854 1534 μετ’
2906 1463 3103 1531 ὀλίγων
3162 1457 3506 1537 στρατιωτῶν
3580 1454 3800 1519 ἐξελθεῖν

2155 1548 2252 1617 μὲν
2307 1551 2401 1603 καὶ
2456 1552 2772 1622 ἀντιστῆναι
2818 1554 2929 1615 τοῖς
2983 1549 3297 1604 ἐπελθοῦσιν
3364 1548 3464 1601 οὑκ
3525 1544 3808 1614 ἐτόλμησε,

2155 1636 2331 1703 μένων
2361 1637 2418 1689 δέ
2445 1636 2589 1691 ἔνδον
2627 1637 2739 1709 πῦρ
2777 1638 3088 1708 ἐξαψάντων
3115 1636 3338 1690 ἐκείνων
3368 1630 3801 1703 ωγκατεφλέχθη

2150 1725 2263 1785 τοῖς
2298 1723 2444 1776 ένδον
2472 1724 2674 1778 ἀπασιν
2713 1726 2813 1779 οὑκ
2859 1726 3082 1797 ἀνδράσι
3117 1726 3296 1795 μόνον,
3333 1720 3468 1775 ἀλλά
3495 1721 3593 1774 καὶ
3630 1720 3801 1780 ἵπποις

2153 1811 2245 1863 καὶ
2271 1811 2446 1874 δοκοῖς
2473 1813 2568 1865 καὶ
2607 1812 2827 1882 τοίχοις,
2862 1814 2957 1866 καὶ
2989 1812 3169 1866 πάντα
3216 1811 3313 1881 μία
3348 1809 3376 1849 ἀ
3403 1808 3595 1878 γέγονε
3632 1806 3802 1869 κόνις;

2152 1899 2263 1952 Καὶ
2324 1899 2527 1971 ταύτην
2585 1901 2636 1952 οἱ
2697 1900 2834 1971 μετὰ
2901 1899 2995 1953 τοῦ
3043 1897 3305 1968 βασιλέως
3365 1894 3689 1955 ἀπελθόντες
3733 1894 3807 1954 εἰς

2152 1985 2384 2057 πόλεμον
2413 1988 2533 2041 ἀντὶ
2556 1987 2649 2041 τοῦ
2671 1986 2933 2057 βασιλέως
2959 1985 3259 2056 ἐπανῆλθον
3285 1986 3352 2055 τῇ
3381 1982 3602 2052 γυναικὶ
3632 1981 3809 2051 φέρον-

2151 2089 2244 2136 τες
2269 2073 2368 2145 τὴν
2409 2074 2616 2145 φωνήν.
2650 2074 2815 2128 Οὐδὲν
2856 2072 2986 2145 γὰρ,
3023 2073 3174 2126 οὐδὲν
3201 2069 3312 2123 τῶν
3338 2071 3394 2123 ἐν
3429 2070 3495 2139 τῇ
3532 2068 3704 2137 σκηνῇ
3726 2080 3807 2132 γι-

2153 2159 2394 2231 νομένων
2440 2163 2534 2214 καὶ
2584 2163 2683 2233 τῆς
2711 2161 2819 2214 τῶν
2858 2159 3090 2232 ἐαρινῶν
3135 2159 3344 2213 ἀνθέων
3376 2167 3399 2195 ο
3425 2153 3577 2225 ὥρας
3627 2151 3697 2204 :6
3720 2149 3809 2204 τοῦ

2153 2246 2357 2318 κόσμου
2391 2246 2618 2319 λαμπρά
2644 2248 2937 2318 διενήνοχε.
2987 2244 3212 2320 Πρῶτον
3238 2244 3336 2311 μὲν
3364 2242 3472 2312 γὰρ
3499 2241 3632 2310 πρὶν
3658 2239 3691 2308 ἢ
3717 2254 3814 2305 φα’

2154 2339 2308 2409 νῆναι
2335 2339 2652 2408 ἀφίπταται·
2682 2339 2873 2393 ἔπειτα
2900 2338 2979 2404 66,
3019 2335 3124 2392 κᾶν
3156 2336 3349 2408 μικρὸν
3376 2336 3671 2405 ἀναμεῖναι
3693 2331 3816 2385 ἀνά·

2157 2442 2351 2496 σχηται
2388 2426 2599 2498 χρόνον,
2649 2426 2848 2490 εὐθέως
2898 2423 3178 2494 εὔφθαρτα
3211 2425 3441 2493 γίνεται.
3476 2421 3542 2475 Τί
3599 2421 3702 2491 γὰρ
3724 2420 3815 2488 τῆς

2156 2513 2308 2585 παρά
2328 2514 2436 2567 τῶν
2469 2513 2678 2568 πολλῶν
2696 2513 2862 2585 τιμῆς
2883 2513 2978 2567 καὶ
3009 2512 3169 2583 δόξης
3195 2510 3547 2582 οὑδαμινέστε
3557 2526 3649 2579 ρον
3670 2508 3817 2573 ςτίνα

2142 2601 2268 2673 ,ἔχει
2296 2603 2386 2656 τὸν
2415 2601 2646 2673 καρπὸν,
2679 2601 2839 2655 ποίαν
2863 2601 2960 2671 τὴν
2981 2600 3162 2670 ὄνησιν
3186 2616 3200 2665 ;
3232 2601 3312 2663 είς
3341 2601 3493 2651 ποῖον
3520 2596 3679 2658 τέλος
3698 2595 3820 2666 χρή·

2158 2707 2316 2760 σιμον
2352 2691 2569 2761 ἀπαντᾷ
2592 2706 2606 2754 ;
2670 2690 2780 2743 Καὶ
2800 2687 2913 2743 εῐόε
2935 2688 3091 2742 τοῦτο
3121 2687 3279 2759 μόνον
3306 2682 3374 2758 ἦν
3395 2685 3456 2738 τὸ
3483 2685 3539 2738 δε
3550 2686 3681 2738 ινόν·
3706 2683 3820 2735 νυνὶ⁵

2138 2777 2234 2842 δὲ,
2251 2777 2387 2849 πρὸς
2406 2777 2483 2849 τῷ
2515 2778 2680 2849 μηδὲν
2694 2777 2837 2850 ἔχειν
2862 2777 2970 2832 ἀπὸ
2994 2775 3090 2830 τοῦ
3115 2774 3414 2848 κερδαίνειν
3443 2772 3633 2836 καλὸν,
3654 2768 3823 2854 πολλά

2155 2864 2375 2936 λυπηρά
2408 2867 2503 2921 καὶ
2556 2866 2821 2938 ἐπιϐλαϐἦ
2874 2866 3061 2937 φέρειν
3118 2861 3485 2930 ἀναγκάζεται
3528 2855 3822 2928 συνεχῶςό

2155 2954 2255 3023 τὴν
2293 2952 2681 3025 χαλεπωτάτην
2700 2952 2904 3025 ταύτην
2929 2952 3208 3006 δέσποιναν
3231 2949 3391 3021 ἔχων.
3423 2948 3697 3001 Δέσποινα
3718 2946 3824 3015 γάρ

2157 3042 2273 3094 ἐστι
2300 3041 2408 3095 τῶν
2442 3041 2672 3111 ἐχόντων
2704 3040 2894 3111 αὐτὴν,
2930 3039 3026 3091 καὶ
3081 3039 3299 3109 ὅσῳπερ
3330 3035 3397 3090 ἂν
3455 3032 3822 3102 κολακεύηται

2157 3127 2311 3200 παρά
2331 3127 2437 3181 τῶν
2465 3127 2935 3198 δούλων,τοσούτῳ
2962 3125 3123 3179 πλέον
3143 3126 3354 3196 αἴρεται
3383 3120 3502 3175 κατ’
3527 3120 3714 3175 αὐτῶν
3736 3116 3826 3172 καὶ

2160 3212 2538 3283 σκληροτέροις
2566 3211 2761 3275 αὐτοὺς
2786 3210 3091 3266 κατατείνει
3125 3211 3237 3272 τοῖς
3278 3207 3646 3276 ἐπιτάγμασι·
3700 3204 3829 3265 τοὺς

2156 3299 2213 3353 δέ
2229 3299 2583 3361 διαπτύοντας
2616 3297 2783 3369 αὐτὴν
2827 3299 2921 3352 καὶ
2949 3296 3303 3369 παρορῶντας
3331 3293 3450 3348 οὑδέ
3471 3292 3618 3363 αὑτὴ
3644 3290 3833 3344 λοιπὸν

2158 3389 2468 3462 ἀμύνασθαι
2524 3387 2725 3442 δύναιτ’
2757 3387 2842 3441 ἀν’
2878 3385 3020 3440 οὕτω
3070 3382 3165 3439 καὶ
3194 3384 3454 3455 τυράννου
3482 3382 3577 3434 καὶ
3637 3380 3830 3452 θηρίου

2159 3477 2359 3541 παντός
2385 3479 2499 3529 ἐστι
2529 3474 2896 3546 χαλεπωτέρα.
2942 3474 3000 3527 Ὀ
3035 3475 3133 3544 μὲν
3183 3472 3292 3543 γὰρ
3320 3470 3580 3541 τύραννος
3627 3469 3724 3522 καὶ
3764 3465 3833 3518 :6

2159 3564 2319 3636 θηρία
2333 3563 2738 3618 τιθασσεύονται
2766 3562 2854 3615 διά
2875 3561 3110 3625 θωπείας
3139 3559 3395 3622 πολλάκις
3419 3555 3610 3627 ¹,αὓτη
3640 3553 3832 3607 δέτότε

2162 3654 2397 3725 μάλιστα
2416 3651 2708 3723 ἀγριαίνει,
2738 3652 2865 3705 ὅταν
2913 3651 3049 3720 αὑτῇ
3080 3648 3313 3720 μάλιστα
3349 3644 3695 3716 πειθώμεθα,
3729 3640 3833 3694 κᾶν

2158 3742 2296 3813 εὕρῃ
2323 3742 2414 3795 τὸν
2437 3741 2799 3811 ἀκουσόμενον
2816 3740 2909 3793 καὶ
2934 3740 3013 3801 είς
3038 3737 3215 3791 πάντα
3229 3736 3461 3800 εἴξοντα,
3496 3733 3655 3787 οὐδέν
3683 3734 3836 3784 ἐστιν

2157 3832 2187 3885 ὃ
2218 3834 2561 3903 παραιτεῖται
2613 3828 2863 3896 ἐπιτάξαι
2894 3826 3097 3881 λοιπόν.
3133 3827 3285 3895 Ἔχει
3322 3823 3379 3877 66
3407 3823 3501 3876 καὶ
3532 3820 3834 3892 σύμμαχον

2159 3920 2373 3992 ἑτέραν,
2393 3921 2459 3990 ἢν
2491 3920 2591 3972 οὑκ
2618 3920 2682 3974 ἀν
2723 3935 2806 3981 τις
2834 3916 3068 3988 ἁμάρτοι
3099 3912 3378 3982 θυγατέρα
3404 3909 3573 3978 αὐτῆς
3606 3922 3839 3978 προσει-

2158 4007 2299 4062 πών.
2335 4008 2503 4060 Ὅταν
2547 4007 2656 4078 γάρ
2677 4007 2771 4062 καὶ
2794 4003 2931 4074 αὕτη
2969 4004 3235 4075 τραφεῖσα
3263 4001 3359 4052 καὶ
3389 3996 3695 4065 αὐξηθεῖσα
3733 4009 3838 4046 κα-

2159 4094 2265 4158 λῶς
2303 4094 2501 4165 ριζωθῇ
2527 4093 2653 4166 παρ’
2679 4090 2962 4164 ήμῖν,τότε
2982 4091 3153 4143 τίκτει
3176 4088 3272 4160 τὴν
3297 4087 3572 4149 ἀπόνοιαν,
3588 4083 3839 4155 πρᾶγμα

2161 4183 2258 4254 οὐχ
2279 4178 2439 4255 ἦττον
2459 4183 2625 4253 αὑτῆς
2643 4180 2937 4253 δυνάμενον
2962 4175 3406 4248 κατακρημνίσαι
3428 4173 3527 4244 τὴν
3553 4171 3670 4224 τῶν
3687 4169 3841 4239 ἐχόν-

2159 4288 2267 4325 των
2298 4272 2495 4342 ψυχήν.

2233 4401 2308 4460 ς’.
2324 4392 2509 4448 Ταῦτα
2532 4389 2625 4447 οὖν
2655 4392 2892 4465 θρηνεῖς,
2909 4387 3030 4445 είπέ
3048 4405 3159 4460 μοι,
3183 4388 3264 4440 ὅτι
3288 4403 3346 4439 σε
3367 4386 3397 4438 6
3411 4383 3540 4447 Θεὸς
3560 4381 3664 4451 τῆς
3687 4378 3842 4433 οὕτω

2162 4483 2549 4555 χαλεπωτάτης
2595 4481 2837 4543 δουλείας
2883 4477 3211 4549 ἀπήλλαξεν,
3255 4475 3339 4529 ὅτι
3378 4475 3498 4536 ταῖς
3545 4470 3841 4538 λοιμικαῖς

2160 4572 2384 4636 ταύταις
2407 4572 2582 4634 νόσοις
2611 4572 2791 4624 πᾶσαν
2824 4567 3164 4637 ἀπετείχισεν
3185 4564 3397 4635 ἔφοδονς
3436 4559 3587 4634 [546]
3614 4558 3846 4619 Ζῶντος

2168 4659 2263 4730 μέν
2293 4660 2400 4731 γάρ
2427 4676 2510 4712 σοι
2530 4655 2624 4710 τοῦ
2651 4655 2844 4728 ἀνδρὸς
2889 4655 3042 4710 οὑπω
3086 4652 3395 4708 ἐπαύσαντο
3427 4648 3677 4717 συνεχῶς
3710 4649 3841 4700 ἐπι-

2164 4746 2409 4818 πηδῶσαι
2433 4745 2461 4785 ³
2493 4748 2606 4810 τοῖς
2649 4745 2751 4816 τῆς
2775 4743 2953 4815 ψυχῆς
2987 4743 3284 4813 λογισμοῖς,
3318 4738 3756 4809 τελευτήσαντος
3785 4735 3848 4788 δὲ

2163 4836 2262 4890 οὑκ
2290 4835 2470 4908 ἔχουσι
2517 4837 2681 4890 πόθεν
2733 4835 3098 4890 ἐπιλάϐωνται
3141 4836 3242 4903 τῆς
3279 4830 3517 4892 διανοίας
3572 4829 3676 4897 τῆς
3708 4827 3845 4896 σῆς.

2165 4924 2333 4978 Τοῦτο
2359 4920 2452 4979 οὖν
2470 4925 2551 4978 δεῖ
2580 4923 2988 4996 κατορθωθῆναι
3039 4920 3243 4985 λοιπὸν,
3273 4921 3334 4973 :6
3379 4918 3454 4989 μὴ
3477 4917 3706 4988 θρηνεῖν
3740 4917 3852 4969 αὺ-

2162 5012 2272 5067 τῶν
2322 5011 2420 5083 τὴν
2450 5010 2813 5083 ἀναχώρησιν,
2857 5010 2990 5081 μηδέ
3041 5009 3139 5082 τὴν
3176 5005 3488 5061 δεσποτείαν
3550 5002 3854 5071 ἐπιζητεῖν

2163 5099 2263 5170 τὴν
2310 5098 2530 5169 πικράν.
2573 5098 2746 5151 Ὅπου
2796 5097 2906 5168 γὰρ
2956 5096 3024 5152 ἂν
3057 5089 3216 5150 αὗται
3259 5092 3534 5148 πνεύσωσι
3572 5089 3853 5159 σφοδρὸν,

2166 5193 2341 5246 πάντα
2373 5194 2436 5244 ἐκ
2463 5189 2675 5261 βάθρων
2696 5188 2998 5259 ἀνέτρεψαν
3025 5188 3119 5241 καὶ
3148 5185 3519 5240 κατέσπασανο
3540 5180 3632 5235 καὶ
3656 5179 3855 5233 καθά-

2225 5467 2252 5552 :l
2276 5444 2608 5552 §i0LSa}'il..e:
2630 5464 2764 5516 Colb.
2789 5461 2991 5527 optime,
3011 5465 3061 5513 in
3087 5462 3254 5512 Morel.
3291 5460 3375 5523 μία
3393 5461 3553 5508 deest.

2235 5532 2244 5552 Ι
2444 5530 2458 5544 η
2530 5530 2549 5539 -

2436 5530 2660 5638 ἓῖοὲῗνίι.
2684 5588 2761 5636 διὰ
2784 5586 3026 5652 θεραπείας
3056 5585 3298 5644 πολλάκις,
3322 5583 3493 5633 Morel.
3522 5581 3599 5629 διὰ
3620 5579 3861 5638 θωπείας

2165 5654 2452 5763 ποέλῖιῖιδὲι.
2477 5712 2783 5772 ἐπιπηδήσαι,
2802 5710 2951 5761 Savil.
2975 5714 3026 5758 et
3043 5708 3175 5762 Colb.
3207 5708 3518 5766 ἐπιπηδῶσαι.
