4016 6154
356 293 465 348 605

360 408 543 462 veniat
572 405 833 475 privatam
860 400 1079 457 domum
1095 412 1248 470 atque
1266 395 1516 453 refertam
1542 390 1954 455 calamitatibus,

362 512 428 555 ae
456 497 621 569 regia:
671 496 828 551 malis
854 491 1173 549 redundant.
1214 490 1345 545 Nam
1381 495 1437 543 et
1463 485 1771 556 orphanirc,
1802 493 1855 537 et
1885 483 1963 536 vi~

363 590 599 646 duitates
627 576 950 649 immaturae,
980 593 1035 639 et
1060 596 1223 638 neces
1254 581 1536 643 violentae,
1566 589 1725 645 atque
1762 575 1828 629 iis
1848 575 1964 643 qui-

362 678 514 747 dem,
552 695 675 751 qua:
701 679 754 732 in
785 675 1058 746 tragmdiis
1091 682 1391 735 narrantur,
1421 670 1590 724 multo
1630 667 1966 721 scelestiores

363 782 424 830 et
466 771 777 827 acerbiores
826 768 883 823 in
932 767 1037 822 hoc
1079 766 1253 836 ipsum
1302 763 1569 833 praecipue
1615 758 1813 815 cadunt
1861 757 1964 810 itit-

366 864 601 935 perium.

444 955 821 1023 Imperatorum
867 950 1008 1005 illius
1046 950 1140 1005 arvi
1166 948 1393 1002 maxima
1431 960 1553 1015 pars
1589 942 1807 996 violenta
1846 953 1969 993 nece

367 1045 558 1101 sublati
583 1053 723 1098 sunt.
750 1072 822 1083 —
843 1045 1047 1112 Atque.
1081 1049 1137 1094 ut
1180 1048 1364 1094 vetera
1395 1036 1703 1091 omittamus
1726 1073 1741 1098 ,
1790 1047 1857 1086 ex
1902 1029 1968 1084 iis

370 1138 641 1202 Omnibus,
670 1135 762 1205 qui
783 1146 903 1189 aevo
926 1142 1110 1188 nostro
1132 1132 1149 1163 ‘
1173 1131 1504 1200 imperarunt
1532 1125 1769 1198 (fuerunt
1787 1131 1967 1176 autem

374 1227 594 1300 novem)
626 1228 734 1282 duo
759 1226 862 1281 soli
902 1222 1171 1280 communi
1211 1231 1383 1275 morte
1410 1219 1570 1272 vitam
1610 1216 1920 1271 clauserunt
1951 1229 1964 1265 :

372 1320 707 1393 reliquorum
736 1327 914 1374 autem
945 1314 1274 1385 hic'quidem
1301 1328 1330 1365 a
1359 1322 1605 1383 tyranno,
1635 1308 1723 1362 ille
1747 1319 1878 1361 vero
1915 1304 1970 1358 in

373 1411 544 1479 bello,
593 1411 731 1466 alius
768 1406 1188 1465 domesticorum
1232 1403 1511 1460 custodum
1559 1399 1785 1464 insidiis,
1834 1396 1971 1451 alius

372 1515 559 1560 autem
588 1502 657 1557 ab
687 1501 779 1557 illo
806 1501 942 1570 ipso,
974 1498 1063 1568 qui
1093 1510 1347 1552 coronam
1383 1508 1449 1549 ac
1477 1507 1764 1563 purpuram
1792 1490 1968 1560 impo-

373 1603 596 1661 suerat,
642 1591 955 1647 interfectus
1000 1587 1284 1653 occubuit;
1338 1600 1539 1641 uxores
1585 1597 1714 1640 vero
1758 1582 1971 1638 illorum

370 1685 594 1755 partim,
621 1692 679 1739 ut
704 1682 899 1749 ferunt,
920 1695 1128 1736 veneno
1148 1678 1480 1743 interierunt,
1505 1677 1696 1747 partim
1718 1688 1970 1730 maerore.

375 1778 576 1831 Earum
595 1789 744 1839 vero,
766 1788 884 1843 qua:
900 1771 1073 1825 adhuc
1084 1768 1395 1840 superstites
1406 1776 1552 1833 sunt,
1573 1768 1739 1821 altera
1756 1764 1972 1833 quidem

376 1866 548 1919 tilium
562 1864 768 1920 habens
790 1863 1049 1933 pupillum
1071 1860 1248 1915 tremit
1262 1874 1325 1913 ac
1345 1858 1551 1924 metuit,
1572 1871 1640 1912 ne
1651 1855 1772 1927 quis
1786 1869 1973 1910 eorum

376 1956 469 2026 qui
493 1970 673 2009 rerum
695 1955 1003 2025 potiuntur,
1034 1962 1181 2006 metu
1206 1949 1510 2004 futurorum
1549 1962 1671 2002 eum
1704 1944 1772 2001 de
1797 1945 1976 2000 medio

378 2046 553 2108 tollat,
572 2046 736 2099 altera
752 2057 883 2100 vero
908 2043 994 2097 vix
1028 2044 1315 2096 multorum
1344 2039 1595 2111 precibus
1605 2039 1672 2093 ab
1687 2037 1876 2092 exsilio
1891 2052 1978 2090 re-

377 2134 499 2199 diit,
524 2150 630 2204 quo
648 2144 805 2188 antea
821 2132 890 2189 ab
911 2148 996 2199 eo,
1019 2132 1108 2202 qui
1126 2146 1302 2186 rerum
1321 2129 1641 2200 potiebatur,
1657 2129 1820 2181 missa
1837 2135 1973 2181 erat.

378 2224 531 2291 Quod
555 2224 622 2278 ad
633 2232 1004 2278 corumautem
1019 2220 1534 2291 quinuncimperant
1563 2231 1781 2281 uxores,
1808 2216 1976 2270 altera

377 2333 447 2371 ex
482 2316 720 2385 pristinis
741 2312 1135 2372 calamitatibus
1153 2311 1423 2381 respirans
1441 2308 1698 2379 voluptati
1726 2323 1974 2378 magnum

384 2408 549 2463 habet
571 2407 815 2462 dolorem
843 2404 1130 2461 admistum
1153 2445 1168 2470 ,
1198 2418 1264 2458 eo
1287 2401 1429 2472 quod
1454 2402 1543 2472 qui
1574 2416 1755 2456 rerum
1776 2401 1977 2470 potitur

383 2501 547 2556 nimis
590 2498 801 2569 juvenis
835 2513 900 2553 ac
940 2498 1251 2567 inexpertus
1293 2494 1394 2561 sit,
1441 2493 1746 2563 multosque
1786 2493 1979 2549 habeat

381 2592 620 2663 undique
669 2591 1015 2656 insidiantes;
1066 2589 1238 2644 altera
1270 2602 1401 2643 vero
1441 2586 1634 2641 timore
1676 2586 1977 2641 exanimata

361 2688 479 2754 “Iis,
509 2689 600 2759 qni
626 2687 803 2756 capite
828 2684 1062 2739 damnati
1092 2691 1236 2749 sunt,
1265 2681 1600 2736 miseriorem
1626 2679 1787 2734 vitam
1809 2677 1974 2745 ducit,

366 2795 454 2835 eo
482 2778 624 2849 quod
656 2778 739 2832 vir
763 2777 931 2846 ipsius
957 2775 1025 2829 ab
1049 2789 1116 2829 eo
1150 2782 1407 2843 tempore,
1437 2786 1546 2842 quo
1583 2769 1828 2826 diadema
1861 2783 1981 2823 sus-

382 2870 550 2939 cepit,
579 2882 748 2937 usque
783 2866 849 2921 ad
880 2864 1199 2919 hodiernum
1233 2861 1376 2917 diem
1416 2862 1473 2916 in
1499 2860 1640 2915 bello
1683 2867 1738 2915 et
1776 2858 1978 2929 przeliis

384 2968 669 3025 versetur,
698 2955 1126 3025 verecundiaque
1162 2963 1218 3009 et
1243 2953 1484 3024 probris,
1523 2951 1716 3022 quibus
1745 2950 1979 3021 undique

386 3049 644 3114 afficitur,
670 3050 838 3118 magis
859 3061 1015 3118 quam
1040 3062 1106 3100 ex
1131 3044 1521 3100 calamitatibus
1546 3043 1802 3097 tabescat.
1821 3041 1977 3109 Quod

385 3144 534 3198 enim
576 3153 733 3198 antea
770 3154 1083 3210 numquam,
1113 3139 1475 3203 nunc‘evenit,
1511 3146 1568 3192 ut
1608 3136 1820 3191 barbari
1853 3151 1979 3205 pro-

388 3235 565 3306 priam
593 3234 958 3303 relinquentes
986 3231 1279 3301 regionem,
1306 3228 1471 3283 inulta
1499 3229 1792 3283 stadiorum
1817 3227 1980 3281 millia

386 3324 628 3396 regionis
675 3329 874 3378 nostra:
916 3320 1313 3391 percurrerint,
1338 3328 1396 3374 et
1424 3319 1566 3389 agris
1615 3316 1848 3373 incensis
1885 3331 1981 3371 ca-

386 3417 605 3487 ptisque
627 3413 849 3470 urbibus
868 3412 1085 3468 domum
1109 3410 1365 3466 redeundi
1385 3424 1596 3465 omnem
1609 3410 1982 3480 cogitationem

364 3507 722 3577 ‘abjccerint;
750 3520 815 3560 ac
840 3503 1060 3575 perinde
1098 3502 1250 3573 quasi
1293 3501 1518 3558 choreas
1557 3500 1845 3568 ducerent,
1874 3514 1982 3555 non

394 3599 596 3654 bellum
619 3608 886 3668 gererent,
912 3596 981 3650 ita
1009 3607 1224 3650 nostros
1241 3610 1429 3650 omnes
1448 3594 1701 3660 irrident;
1728 3602 1782 3650 et
1797 3608 1985 3664 quem-

392 3691 520 3746 dam
549 3705 619 3745 ex
642 3690 854 3744 illorum
884 3687 1101 3760 regibus
1126 3687 1327 3744 dixisse
1360 3687 1554 3753 ferunt,
1583 3688 1765 3743 mirari
1794 3703 1854 3744 se
1877 3689 1981 3743 im-

397 3782 708 3853 pudentiam
740 3789 1044 3836 nostrorum
1072 3778 1321 3844 milltum,
1341 3779 1569 3850 quicum
1594 3779 1799 3835 facilius
1826 3794 1985 3849 quam

336 3886 343 3892 '
394 3887 529 3928 oves
549 3873 757 3927 soleant
774 3872 1025 3943 jugulari,
1052 3870 1227 3926 adhuc
1245 3871 1520 3925 victoriam
1549 3879 1789 3941 sperent,
1812 3886 1985 3941 neque

393 3979 467 4019 ex
524 3979 622 4018 sua
654 3963 875 4034 regione
904 3964 1067 4018 velint
1107 3961 1388 4018 excedere.
1437 3962 1569 4017 Nam
1613 3962 1729 4032 ipse
1770 3962 1986 4032 quidem

392 4053 556 4119 dixit,
582 4067 703 4108 sese
737 4053 843 4108 illis
865 4053 1135 4109 medendis
1154 4053 1400 4108 satietate
1424 4067 1567 4123 saepe
1594 4062 1804 4124 captum
1843 4067 1984 4108 esse.

393 4144 520 4210 Quo
563 4144 722 4215 igitur
746 4145 925 4198 animo
952 4156 1007 4199 et
1044 4143 1424 4214 Imperatorem
1463 4154 1518 4199 et
1561 4145 1727 4215 ipsius
1766 4160 1987 4201 uxorem

358 4254 361 4255 '
403 4235 512 4290 ista
542 4235 704 4289 verba
732 4234 1034 4290 audientem
1056 4236 1330 4290 existimas
1351 4235 1510 4292 esse?

473 4328 532 4383 5.
574 4327 644 4382 Et
663 4320 912 4398 quoniam
940 4329 1097 4399 hujus
1120 4328 1247 4384 belli
1276 4331 1474 4384 mentio
1504 4330 1709 4395 incidit,
1738 4345 1987 4400 magnum

400 4418 538 4475 mihi
568 4417 846 4472 viduarum
869 4424 1058 4488 agmen
1099 4419 1353 4485 occurrit,
1378 4434 1600 4489 quarum
1627 4421 1746 4475 alia:
1770 4421 1897 4476 olim
1924 4436 1991 4477 ex

401 4510 642 4565 virorum
672 4508 886 4579 quidem
915 4509 1168 4578 dignitate
1194 4509 1479 4579 plurimum
1506 4510 1807 4581 Splendoris
1835 4527 1987 4569 acce-

406 4611 623 4673 perunt,
676 4615 819 4654 nunc
872 4615 1001 4654 vero
1026 4609 1247 4669 repente
1271 4614 1460 4656 omnes
1485 4601 1633 4671 nigra
1661 4616 1724 4655 ac
1752 4602 1992 4658 luctuosa

402 4693 546 4747 Stola
570 4690 780 4745 amicta:
800 4705 962 4744 omne
984 4698 1192 4759 tempus
1218 4691 1270 4745 in
1296 4691 1545 4764 lacrymis
1565 4691 1787 4747 ducunt.
1808 4692 1994 4764 Neque

401 4782 512 4837 illis
539 4781 644 4836 hoc
668 4781 850 4836 datum
876 4790 981 4849 est,
1022 4781 1164 4851 quod
1228 4781 1492 4838 honorato
1537 4793 1629 4839 tuo
1675 4787 1855 4856 capiti.
1912 4787 1993 4843 Tu

403 4873 572 4938 enim,
599 4887 632 4926 ο
651 4870 1059 4937 admirabilis,et
1088 4873 1140 4926 in
1164 4873 1357 4928 lectulo
1373 4873 1642 4943 jacentem
1672 4876 1848 4931 vidisti
1891 4878 1992 4933 ho-

402 4972 621 5020 nestum
644 4963 813 5029 illum,
831 4972 897 5020 et.
907 4977 1209 5034 supremam
1227 4964 1416 5019 audisti
1441 4980 1645 5034 vocem,
1663 4982 1783 5023 cum
1805 4968 1996 5038 quibus

404 5056 586 5110 modis
610 5070 701 5108 res
730 5056 1040 5109 domestica:
1067 5055 1502 5112 administranda:
1527 5068 1708 5113 essent
1738 5068 1789 5115 te
1836 5060 1996 5115 doce-

352 5256 357 5261 '
403 5239 696 5310 copbantis
721 5237 923 5292 aditum
947 5238 1269 5293 Obstrueret.
1287 5238 1438 5295 Adde
1463 5240 1613 5309 illud,
1637 5245 1777 5312 quod
1798 5244 1996 5312 jacenti

406 5339 631 5385 mortuo
657 5345 804 5399 sazpe
834 5328 1141 5395 incubuisti,
1166 5338 1223 5384 et
1241 5331 1475 5385 suaviata
1506 5347 1565 5387 es
1596 5334 1778 5389 oculos
1807 5344 1996 5390 etam-

362 5460 370 5468 -
402 5424 562 5492 plexa
596 5435 656 5475 es
675 5434 740 5475 ac
776 5420 978 5483 luxisti,
1035 5419 1516 5493 bonestissimoque
1561 5423 1750 5479 funere
1798 5427 1994 5481 elatum

407 5516 594 5571 vidisti
620 5533 635 5570 :
666 5513 919 5569 omnibus
959 5528 1079 5583 qua:
1099 5511 1323 5568 decebat
1346 5531 1471 5585 erga
1496 5516 1641 5571 illum
1665 5517 1855 5574 ofﬁciis
1884 5519 2000 5574 fun-

410 5694 418 5702 ‘
471 5626 995 5741 ’κυῡῖιωροι-θιοτὶὺυε
1017 5625 1093 5676 hic
1116 5629 1392 5679 memoratis
1414 5629 1524 5680 vide
1551 5643 1635 5695 ea,
1659 5645 1768 5696 quae
1790 5633 1998 5687 diximus

410 5705 458 5741 in
522 5702 603 5740 om
627 5705 676 5739 ο.

384 5720 391 5728 ι
404 5705 458 5742 tn
480 5702 676 5741 ιιῡιιιω.

1607 276 1698 330 AD
1735 271 1998 331 VIDUAM
2034 268 2395 331 JUNIOREM.

3543 271 3648 329 606

2066 398 2150 443 cta
2178 404 2260 456 es,
2275 399 2328 445 et
2344 390 2485 460 juSta
2510 389 2833 460 persolvisti,
2861 398 2913 446 et
2938 388 3004 445 ad
3024 388 3364 460 sepulchrum
3389 406 3534 459 sazpe
3555 407 3649 444 ac-

2068 480 2265 534 cedens
2287 497 2393 535 non
2425 481 2703 541 minimum
2726 481 2890 536 habes
2916 482 2990 535 tui
3010 481 3214 537 doloris
3236 480 3508 536 solatium.
3540 480 3653 536 Illas

2067 584 2198 625 vero
2223 570 2474 626 omnibus
2490 570 2794 640 hujusmodi
2821 572 3027 627 solatiis
3055 581 3181 626 sunt
3200 571 3496 639 destitutae,
3526 586 3651 627 cum

2067 678 2256 718 omnes
2279 663 2492 735 quidem
2522 665 2588 719 ad
2615 664 2809 719 bellum
2839 664 3110 720 misissent
3149 665 3292 719 viros
3339 680 3466 719 suos
3517 673 3653 718 tam-

2068 769 2227 824 quam
2253 770 2440 810 rursus
2463 756 2608 825 ipsos
2624 765 2939 827 recepturae,
2968 764 3024 810 at
3047 771 3145 825 pro
3171 756 3278 811 illis
3307 755 3509 811 tristem
3534 755 3657 809 illo-

2069 861 2186 900 rum
2215 846 2404 901 mortis
2418 847 2721 916 acceperint
2749 846 3015 902 nuntium.
3040 846 3156 902 Non
3195 847 3343 901 enim—
3371 847 3653 917 quisquam

2068 951 2296 1007 corpora
2325 939 2564 1008 ipsorum
2594 939 2843 1005 atterens,
2869 940 2964 995 sed
2994 941 3159 996 verba
3203 949 3406 995 tantum
3459 945 3654 995 mortis

2069 1042 2238 1098 genus
2258 1031 2551 1096 narrantia,
2586 1031 2651 1085 ad
2683 1031 2825 1100 ipsas
2843 1032 3020 1086 rediit.
3048 1032 3247 1087 Verum
3272 1040 3396 1086 sunt
3419 1046 3537 1102 quae
3562 1046 3658 1085 ne-

2071 1135 2176 1188 que
2209 1119 2309 1175 hac
2329 1121 2443 1190 ipsa
2467 1123 2773 1178 narratione
2797 1123 2973 1193 dignae
2999 1123 3198 1179 fuerint
3228 1124 3444 1190 habitaz,
3474 1138 3652 1193 neque

2071 1212 2340 1281 quomodo
2366 1212 2439 1268 illi
2459 1213 2751 1270 ceciderint
2776 1214 2957 1271 doceri
2988 1219 3277 1286 potuerint,
3305 1232 3427 1271 cum
3457 1218 3510 1270 in
3538 1234 3658 1271 ma-

2071 1317 2177 1372 gno
2206 1318 2468 1359 caesorum
2495 1321 2725 1361 numero
2745 1307 2965 1378 reliquis
2988 1317 3173 1363 essent
3194 1309 3515 1363 coaeervati.

2162 1393 2388 1449 Valentis
2409 1398 2667 1451 interitum
2689 1398 2854 1451 innuit
2887 1415 2920 1452 a
2959 1396 3138 1453 Gothis
3175 1399 3436 1454 combusti.
3461 1399 3658 1455 —Ec~

2073 1490 2201 1562 quid
2228 1504 2358 1545 vero
2397 1491 2613 1557 mirum,
2672 1491 2717 1546 si
2765 1491 2917 1546 multi
2967 1507 3035 1546 ex
3086 1491 3308 1547 ducibus
3360 1494 3461 1547 hoc
3502 1492 3662 1547 modo

2076 1581 2413 1645 interierunt,
2444 1580 2658 1651 quando
2681 1590 2735 1636 et
2760 1581 3059 1651 Imperator
3079 1582 3194 1652 ipse
3219 1583 3272 1636 in
3296 1584 3413 1637 vico
3427 1583 3659 1653 quodam

2079 1688 2200 1728 cum
2225 1674 2407 1743 paucis
2432 1673 2689 1728 militibus
2713 1673 3003 1728 conclusus
3027 1674 3175 1729 exire
3201 1673 3414 1745 quidem
3440 1683 3495 1729 et
3543 1688 3665 1729 sese

2079 1763 2454 1818 invadentibus
2491 1778 2765 1834 opponere
2793 1764 3011 1819 minime
3054 1780 3215 1831 ausus
3243 1775 3344 1831 est,
3395 1765 3487 1819 sed
3521 1766 3665 1819 intus

2079 1871 2302 1910 manens
2325 1870 2553 1911 accenso
2578 1856 2768 1910 abillis
2794 1857 2914 1926 igne
2942 1872 3045 1912 una
3096 1872 3219 1912 cum
3274 1858 3338 1912 iis
3389 1860 3662 1926 omnibus,

2079 1959 2215 2015 quos
2246 1959 2426 2000 secum
2457 1946 2702 2014 habebat,
2726 1947 3039 2002 combustus
3060 1958 3140 2003 est
3159 1964 3174 2014 ;
3195 1964 3292 2004 nec
3312 1950 3436 2004 viris
3466 1951 3661 2014 solum,

2080 2035 2176 2090 sed
2205 2037 2365 2090 etiam
2389 2038 2563 2106 equis,
2591 2047 2645 2091 et
2668 2038 2924 2106 trabibus,
2973 2049 3027 2094 et
3048 2040 3236 2106 muris,
3266 2048 3319 2095 et
3339 2043 3587 2096 omnibus
3614 2043 3665 2099 in

2080 2143 2243 2181 unum
2288 2139 2448 2198 atque
2500 2130 2749 2184 eumdem
2797 2131 3031 2185 cinerem
3085 2132 3441 2187 abeuntibus?
3507 2144 3666 2204 atque

2080 2217 2223 2272 hunc
2251 2219 2492 2273 nuntium
2521 2220 2577 2286 ii,
2633 2220 2724 2290 qui
2751 2237 2852 2275 una
2877 2236 2997 2276 cum
3025 2223 3346 2293 lmperatore
3367 2226 3434 2280 ad
3466 2227 3664 2281 bellum

2080 2308 2302 2380 profecti
2330 2309 2560 2378 fuerant,
2592 2311 2709 2367 loco
2743 2311 3084 2383 Imperatoris
3111 2314 3276 2385 ipsius
3318 2316 3385 2370 ad
3437 2333 3660 2373 uxorem

2081 2409 2421 2471 reportantes
2470 2402 2765 2459 redierunt.
2810 2403 2952 2460 Nihil
2998 2407 3163 2472 enim,
3194 2406 3342 2471 nihil
3389 2406 3546 2478 plane
3580 2424 3666 2476 ea,

2081 2509 2202 2563 quae
2224 2495 2277 2549 in
2303 2494 2503 2550 mundo
2524 2496 2801 2567 Splendida
2828 2505 2972 2566 sunt,
3011 2498 3083 2552 ab
3109 2498 3195 2565 iis,
3239 2515 3359 2570 qua:
3405 2500 3459 2554 in
3507 2515 3666 2559 scena

2083 2596 2361 2657 geruntur,
2408 2596 2570 2657 atque
2592 2603 2624 2642 a
2655 2603 2942 2643 vernorum
2989 2589 3184 2645 florum
3212 2600 3491 2646 venustate
3513 2591 3668 2647 diffe-

2084 2683 2231 2729 runt.
2267 2676 2503 2731 Primum
2532 2676 2677 2731 enim
2701 2686 2986 2748 antequam
3008 2688 3301 2749 appareant
3324 2692 3665 2746 evanescunt,

2083 2765 2300 2833 deinde,
2348 2767 2513 2822 etiam
2557 2768 2603 2823 si
2647 2769 2920 2839 paululum
2961 2771 3217 2841 temporis
3254 2781 3524 2837 maneant,
3563 2773 3670 2827 cito

2083 2866 2261 2914 tamen
2290 2859 2356 2912 ad
2383 2859 2661 2915 interitum
2705 2870 3015 2932 properant.
3058 2861 3197 2930 Quid
3239 2863 3381 2917 enim
3422 2862 3627 2917 honore
3651 2904 3668 2928 ,

2084 2952 2178 3022 qui
2224 2966 2256 3006 a
2292 2952 2452 3022 vulgo
2480 2952 2791 3021 exhibetur,
2835 2963 2891 3010 et
2930 2956 3100 3024 gloria
3139 2957 3332 3011 exilius
3372 2972 3436 3011 ac
3475 2957 3671 3012 vilius?

2085 3058 2246 3113 quem
2284 3042 2548 3110 fructum,
2595 3057 2752 3114 quam
2800 3046 3084 3101 utilitatem
3127 3046 3395 3102 afferunt?
3438 3063 3670 3118 quonam

2082 3134 2227 3189 bono
2253 3134 2398 3190 exitu
2423 3134 2859 3189 concluduntur?

2156 3223 2348 3279 Gloria:
2376 3226 2614 3280 humana:
2637 3225 2978 3280 conditionem
3003 3227 3228 3296 exponit.
3258 3252 3331 3267 --
3355 3227 3530 3297 Atqtte
3565 3228 3670 3282 uti-

2089 3331 2212 3370 nam
2243 3315 2378 3370 nihil
2414 3316 2559 3372 aliud
2604 3317 2852 3372 subesset
2893 3318 3018 3373 mali
3049 3335 3062 3370 :
3105 3332 3249 3373 nunc
3285 3334 3412 3374 vero
3455 3329 3672 3388 prazter-

2087 3422 2247 3477 quam
2294 3408 2438 3477 quod
2489 3408 2620 3462 nihil
2668 3423 2796 3464 vere
2824 3409 2947 3464 boni
2998 3409 3123 3464 inde
3151 3411 3434 3479 provenit,
3480 3412 3673 3465 multas

2085 3499 2246 3555 etiam
2269 3499 2562 3564 molestias,
2583 3500 2749 3554 multa
2766 3500 2958 3554 damna
2976 3501 3190 3556 assidue
3213 3503 3258 3556 is
3283 3500 3427 3557 ferre
3442 3503 3671 3572 cogitur,

2086 3590 2258 3660 quise
2288 3590 2413 3645 huic
2463 3591 2825 3647 acerbissima:
2871 3592 3104 3647 dominae
3149 3593 3394 3662 subjecit.
3452 3593 3674 3647 Domina

2088 3682 2232 3738 enim
2253 3691 2335 3737 est
2354 3698 2561 3748 eorum,
2596 3683 2685 3752 qui
2713 3684 2881 3751 ipsam
2906 3683 3262 3749 admiserunt,
3289 3694 3344 3738 et
3369 3700 3475 3754 quo
3506 3683 3678 3753 majo-

2090 3776 2240 3832 ribus
2268 3775 2536 3831 blanditiis
2564 3785 2619 3831 et
2644 3777 3097 3831 assentationibns
3117 3778 3310 3832 colitur
3334 3792 3364 3831 a
3394 3778 3582 3841 servis,
3610 3792 3677 3830 eo

2090 3868 2260 3938 magis
2287 3883 2409 3924 sese
2428 3878 2615 3925 contra
2639 3870 2788 3940 ipsos
2811 3870 2990 3939 erigit,
3021 3879 3076 3924 et
3095 3870 3398 3925 durioribus
3420 3872 3563 3940 ipsos
3587 3887 3676 3924 ur-

2090 3970 2179 4031 get
2198 3961 2459 4015 mandatis
2487 3980 2501 4028 ;
2528 3977 2623 4016 eos
2640 3977 2790 4027 vero,
2849 3965 2939 4032 qui
2971 3963 3144 4032 ipsam
3173 3963 3424 4030 rejiciunt
3472 3978 3539 4017 ac
3582 3963 3675 4016 de-

2099 4055 2353 4123 spiciunt,
2406 4055 2706 4110 nullatenus
2731 4055 2913 4110 ulcisci
2945 4064 3118 4124 potest
3151 4074 3163 4110 :
3193 4057 3263 4109 ita
3289 4064 3343 4109 et
3369 4066 3594 4127 tyranno
3622 4056 3678 4110 et

2094 4143 2207 4200 fera
2230 4145 2465 4214 qualibet
2486 4146 2742 4200 immitior
2766 4155 2867 4199 est.
2897 4145 3029 4200 Nam
3068 4154 3325 4217 tyrannus
3362 4146 3576 4215 quidem
3623 4156 3679 4201 et

2092 4236 2221 4291 ferat
2250 4236 2520 4293 blanditiis
2557 4252 2701 4308 saepe
2726 4239 3046 4303 mitescunt;
3080 4238 3196 4293 hmc
3214 4247 3389 4292 autem
3417 4248 3542 4293 tunc
3566 4256 3679 4293 ma-

2060 4348 2065 4353 ’
2094 4329 2237 4383 xime
2258 4329 2535 4395 efferatur,
2563 4330 2779 4399 quando
2808 4330 2857 4384 ei
2887 4331 3119 4385 maxime
3162 4331 3674 4398 auseultaverimns,

2095 4435 2160 4474 ac
2183 4419 2228 4474 si
2254 4419 2400 4475 dicto
2423 4421 2730 4476 audientem
2753 4421 2988 4476 inveniat
3015 4430 3177 4491 atque
3197 4422 3262 4475 ad
3288 4423 3466 4476 omnia
3515 4423 3679 4477 obse-

2096 4521 2369 4579 quentem.
2398 4511 2524 4565 nihil
2556 4520 2638 4566 est
2668 4523 2924 4581 praetcrea
2955 4512 3096 4583 quod
3128 4514 3392 4583 imperare
3441 4516 3675 4568 omittat.

2099 4602 2269 4658 Ilabet
2304 4620 2432 4659 vero
2471 4613 2526 4659 et
2567 4606 2788 4659 alteram
2818 4605 2940 4659 belli
2971 4606 3194 4672 sociam,
3221 4622 3379 4676 quam
3406 4622 3512 4661 non
3539 4609 3679 4662 male

2058 4730 2067 4735 -
2100 4692 2328 4749 fortasse
2371 4695 2490 4764 quis
2516 4695 2683 4764 ipsius
2722 4697 2880 4750 tiliam
2927 4696 3223 4767 appellarit.
3261 4696 3484 4764 Quando
3534 4698 3676 4751 enim

2060 4830 2069 4843 .
2100 4785 2212 4856 ipsa
2243 4787 2405 4856 probe
2431 4802 2461 4841 a
2505 4789 2660 4842 nobis
2702 4788 2925 4844 educata
2964 4797 3019 4843 et
3060 4799 3212 4844 aucta
3235 4789 3442 4845 radices
3487 4791 3675 4858 egerit,

2102 4885 2225 4932 tunc
2244 4880 2599 4948 arrogantiam
2630 4881 2786 4948 parit,
2809 4896 2921 4933 rem
2947 4895 3070 4949 quae
3113 4880 3280 4934 nihilo
3316 4881 3491 4933 minus
3520 4884 3677 4948 quam

2101 4979 2272 5024 mater
2290 4971 2547 5037 animum,
2592 4986 2750 5041 quem
2779 4972 3002 5041 ceperit,
3040 4971 3365 5042 praecipitem
3397 4986 3556 5041 agere
3589 4987 3681 5041 po-

2056 5098 2063 5101 -
2101 5070 2226 5118 test.

402 5154 511 5209 ret,
541 5153 598 5200 et
626 5153 949 5200 testamento
976 5160 1190 5200 omnem
1212 5146 1370 5201 alieni
1396 5150 1771 5217 appetentibus
1812 5167 1877 5206 ac
1901 5167 1995 5223 sy-
2064 5202 2071 5209 .

2175 5154 2229 5209 6.
2270 5152 2679 5226 IIocigitur,dic
2700 5155 2852 5221 mihi,
2881 5156 3052 5226 luges,
3084 5156 3226 5225 quod
3254 5157 3323 5211 ab
3350 5157 3452 5212 hac
3501 5157 3681 5212 duris-

2103 5247 2235 5300 sima
2260 5245 2472 5299 domina
2505 5247 2644 5301 Dens
2696 5257 2748 5300 te
2794 5247 3075 5302 liberavit?
3119 5249 3259 5318 qllutl
3299 5246 3550 5303 omnibus
3602 5249 3682 5303 his

2104 5335 2372 5405 pestiferis
2426 5336 2622 5389 morbis
2670 5350 2882 5390 omnem
2929 5338 3166 5406 obsepsit
3220 5338 3402 5392 viam?
3462 5337 3683 5393 Vivente

2060 5452 2066 5459 ι
2109 5425 2252 5478 enim
2274 5425 2449 5479 adhuc
2476 5426 2565 5479 tibi
2594 5426 2708 5481 viro
2731 5427 2929 5481 nullum
2954 5428 3005 5481 in
3046 5440 3279 5483 mentem
3327 5439 3468 5484 tuam
3520 5430 3683 5484 insol-

2108 5516 2250 5571 tandi
2276 5518 2431 5569 finem
2456 5515 2738 5580 fecissent;
2764 5526 2973 5573 mortuo
2992 5528 3168 5573 autem
3196 5536 3300 5574 non
3329 5520 3523 5575 habent
3545 5520 3684 5575 unde

2059 5637 2067 5647 ο
2105 5606 2157 5660 in
2188 5606 2535 5674 cogitationes
2572 5616 2687 5661 tuas
2715 5608 2966 5679 impetum
3017 5609 3229 5664 faciant.
3271 5612 3381 5667 Iloc
3407 5612 3566 5681 igitur
3590 5610 3681 5667 tibi

2111 5695 2332 5766 posthac
2359 5695 2650 5753 curandum
2676 5714 2737 5754 ac
2766 5699 3124 5769 praestandum
3159 5712 3256 5770 est,
3289 5713 3345 5758 ut
3371 5717 3441 5758 ne
3469 5702 3681 5757 illarum
