4016 6154
368 287 476 345 607

367 403 669 458 discessum
690 398 1095 469 lugeas,>neque
1118 396 1370 450 acerbum
1425 393 1585 448 illum
1618 391 1952 446 dominatum

370 498 611 560 expetas.
638 487 771 543 Nam
793 485 897 542 ubi
929 486 1035 541 illa:
1082 484 1448 540 vehementius
1493 483 1733 553 spirant,»
1769 482 1951 536 omnia

371 582 606 637 funditus
632 588 880 636 evertunt
909 592 971 633 ac
1002 584 1346 647 prosternunt
1371 591 1385 629 :
1417 584 1474 630 et
1500 572 1951 645 quemadmodum

370 675 707 739 meretrices,
733 687 869 727 cum
894 670 1209 741 plerumque
1241 676 1642 738 suapte'natura
1684 665 1954 722 deformes

369 768 481 822 sint
502 782 565 821 ac
578 764 862 835 squalidae,
894 762 1233 817 frictionibus
1255 768 1310 815 et
1336 758 1471 814 fucis
1494 758 1736 813 incautos
1750 765 1807 812 et
1820 758 1953 812 sim-

371 856 809 927 plieesjuvenum
834 853 1045 907 animos
1080 852 1407 921 illaqueant‘,
1462 857 1517 904 et
1569 855 1849 918 postquam
1900 847 1953 902 in

369 962 522 1001 suam
550 946 808 1000 ditionem
837 943 1157 1013 receperint,
1190 941 1360 996 servis
1384 939 1636 995 omnibus
1672 947 1953 993 contume-

371 1037 559 1093 liosius
579 1044 806 1092 tractant
834 1051 848 1089 :
883 1036 954 1090 ita
978 1031 1354 1103 etbujusmodi
1378 1030 1707 1095 affectiones,
1735 1028 1956 1084 ambitio

373 1136 429 1181 et
452 1127 778 1196 arrogantia,
807 1126 994 1197 quavis
1014 1124 1101 1181 lue
1125 1124 1408 1179 hominum
1430 1122 1638 1177 animos
1672 1120 1853 1191 magis.
1875 1119 1957 1174 in-

368 1218 613 1287 quinant.

442 1305 663 1361 Gentiles
688 1305 1425 1377 quidivitiascontempseruut.
1457 1333 1529 1345 —
1560 1302 1697 1358 Hinc
1721 1311 1778 1358 et
1804 1300 1957 1356 multi

367 1398 584 1454 divitias
610 1412 859 1471 magnum
896 1399 1094 1454 bonum
1131 1397 1436 1453 duxerunt:
1466 1410 1630 1467 quare
1657 1393 1745 1465 qui
1786 1392 1957 1448 ambi-

370 1491 571 1546 tionem
601 1490 851 1560 ejecerit,
872 1506 1046 1560 neque
1069 1506 1101 1545 a
1125 1489 1325 1544 divitiis
1352 1488 1512 1543 etiam
1533 1487 1792 1557 capietur.
1821 1485 1954 1540 Nam

368 1584 563 1653 quibus
586 1582 734 1638 licuit
759 1583 830 1637 ob
858 1590 1221 1652 paupertatem
1266 1580 1523 1649 consequi
1552 1593 1796 1648 magnam
1837 1577 1957 1648 glo-

348 1674 543 1740 ’riam,
581 1673 614 1728 ii
638 1674 898 1728 ditescere
945 1673 1165 1727 minime
1208 1671 1520 1737 voluerunt,
1570 1670 1665 1725 sed
1711 1684 1957 1740 magnam

368 1766 486 1819 auri
511 1766 616 1820 vim
633 1766 732 1820 sibi
761 1765 997 1820 oblatam
1019 1772 1478 1832 contempserunt.
1501 1763 1670 1833 Atque
1684 1761 1784 1816 hos
1802 1762 1957 1815 mini-

368 1873 456 1913 me
482 1873 544 1913 ex
570 1873 656 1913 me
680 1872 1004 1928 cognoscere
1030 1872 1249 1911 necesse
1270 1856 1432 1911 habes
1456 1873 1470 1908 :
1498 1856 1610 1924 ipsa
1631 1855 1771 1909 enim
1802 1855 1957 1925 longe

369 1948 562 2003 melius
581 1962 739 2017 quam
760 1963 858 2018 ego
875 1948 1014 2002 nosti
1037 1946 1481 2015 Epaminondam,
1511 1946 1807 2012 Socratem,
1828 1946 1957 1999 Ari-

367 2041 585 2107 stidein,
620 2041 928 2111 Diogenem,
966 2040 1179 2095 Cratem
1199 2080 1214 2104 ,
1244 2039 1341 2109 qui
1380 2055 1509 2094 suos
1533 2054 1691 2109 agros
1719 2039 1771 2092 in
1794 2053 1953 2107 peco-

367 2146 488 2188 rum
522 2142 727 2202 pastum
748 2132 978 2201 reliquit.
1006 2130 1138 2185 Nam
1160 2130 1247 2184 alii
1269 2130 1481 2200 quidem
1503 2170 1518 2195 ,
1543 2144 1662 2183 cum
1682 2144 1787 2182 non
1812 2137 1957 2184 esset

368 2223 423 2279 in
462 2233 709 2293 promptu
740 2222 1026 2288 ditescere,
1049 2222 1376 2274 exorientem
1407 2219 1507 2273 sibi
1544 2234 1609 2273 ex
1646 2228 1957 2287 paupertate

367 2315 591 2384 gloriam
634 2312 1155 2376 animadvertentes,
1187 2310 1342 2365 facile
1381 2310 1433 2364 in
1481 2324 1599 2365 eam
1645 2324 1703 2365 se
1750 2300 1963 2381 partem"

368 2406 667 2473 dederunt;
695 2405 781 2461 hic
822 2412 999 2460 autem
1039 2413 1214 2469 etea,
1246 2418 1365 2474 quis
1407 2401 1670 2467 habebat,
1698 2402 1957 2472 proiecit:

367 2498 505 2555 adeo
529 2512 715 2554 omnes
738 2498 900 2568 hujus
926 2498 1052 2552 ferae
1083 2495 1275 2551 bellum
1298 2494 1399 2550 sibi
1425 2493 1765 2565 acquirendae
1804 2493 1958 2563 cupi-

367 2591 536 2648 ditate
560 2591 913 2647 insaniebant.
937 2589 1017 2645 Ne
1053 2588 1214 2659 igitur
1257 2603 1545 2659 queramur
1567 2588 1733 2643 Deum
1758 2602 1826 2643 ex
1856 2586 1959 2643 hac

369 2684 510 2754 turpi
552 2698 651 2738 nos
678 2682 961 2754 tyrannide
980 2690 1037 2737 et
1061 2680 1282 2736 ridicula
1311 2688 1365 2735 et
1394 2679 1680 2734 multorum
1727 2677 1957 2749 probro-

366 2789 488 2829 rum
519 2775 678 2844 plena
704 2774 990 2829 exemisse.
1013 2772 1218 2829 Nomen
1248 2772 1392 2829 enim
1412 2771 1587 2827 solum
1615 2770 1954 2841 splendidum

367 2872 484 2932 est,
516 2880 605 2921 res
644 2874 827 2920 autem
854 2866 965 2935 ipsa
994 2865 1150 2937 longe
1170 2865 1305 2919 alios
1334 2875 1495 2935 atque
1514 2863 1802 2934 appellatio
1839 2864 1955 2934 ipsa

367 2955 704 3026 polliceatur,
749 2964 1018 3011 amatores
1054 2970 1181 3011 suos
1221 2954 1435 3022 reddit,
1476 2968 1541 3009 ac
1564 2962 1841 3017 nominest
1866 2952 1956 3024 qui

364 3047 552 3118 gloria:
596 3062 755 3103 causa
803 3048 1073 3119 quidpiam
1118 3051 1366 3118 agente'm
1414 3061 1524 3103 non
1564 3045 1801 3102 irrideat.
1862 3046 1957 3102 llle

365 3139 509 3194 enim
551 3140 696 3194 solus
743 3139 1137 3210 suspiciendum
1167 3154 1229 3195 se
1260 3138 1529 3209 praebere,
1556 3147 1610 3195 ct
1635 3139 1803 3210 gloria
1850 3139 1956 3194 cir-

365 3231 656 3287 cumfluere
680 3233 895 3303 poterit,
926 3232 1018 3303 qui
1042 3247 1109 3287 eo
1134 3233 1354 3286 minime
1376 3239 1583 3301 spectat
1615 3248 1628 3284 :
1656 3230 1749 3301 qui
1773 3241 1955 3287 autem

366 3338 619 3394 magnum
655 3322 906 3393 quiddam
937 3331 1089 3393 putat
1121 3322 1350 3392 gloriam
1374 3338 1407 3376 a
1453 3322 1633 3377 multis
1680 3323 1950 3391 delatam,

365 3421 528 3483 atque
554 3413 698 3468 illius
718 3412 1112 3482 consequendte
1135 3426 1294 3467 causa
1315 3413 1493 3467 omnia
1514 3412 1640 3468 facit
1658 3422 1714 3469 et
1732 3415 1950 3484 patitur,

368 3506 416 3560 is
460 3506 793 3574 potissimum
834 3505 902 3559 ab
937 3519 998 3559 ea
1044 3504 1205 3575 longe
1251 3503 1449 3568 aberit,
1490 3505 1714 3575 ejusque
1759 3520 1953 3575 expers

363 3596 506 3661 erit;
534 3611 710 3649 rerum
732 3610 859 3651 vero
881 3595 1068 3665 gloria:
1095 3596 1489 3650 adversantium
1517 3597 1750 3652 maxime
1778 3597 1947 3665 parti-

362 3701 509 3756 ceps,
536 3687 797 3741 irrisionis
813 3728 829 3752 ,
860 3687 1278 3751 criminationis,
1312 3686 1717 3743 maledictorum
1737 3727 1753 3751 ,
1775 3687 1945 3743 offen-

366 3780 564 3844 sionis,
598 3779 728 3833 odii.
760 3779 943 3850 Neque
972 3780 1025 3833 in
1052 3780 1186 3834 viris
1214 3790 1417 3834 tantum
1447 3781 1497 3835 id
1522 3797 1618 3836 usu
1647 3782 1824 3848 venit,
1855 3783 1950 3839 sed

362 3873 524 3927 etiam
556 3873 607 3927 in
636 3874 789 3930 vobis
813 3874 1125 3929 mulieribus
1142 3915 1158 3940 ,
1181 3887 1341 3945 atque
1365 3877 1535 3932 multo
1563 3878 1751 3948 magis.

451 3965 592 4019 Vana
616 3968 781 4039 gloria
808 3984 887 4022 res
914 3967 1110 4022 odiosa.
1147 3989 1222 4009 --
1256 3968 1389 4024 Nam
1423 3985 1542 4040 quae
1587 3979 1642 4026 et
1684 3971 1851 4041 ﬁgura
1897 3980 1952 4028 et

365 4058 579 4113 incessu
624 4069 678 4115 et
724 4059 921 4114 vestitu
964 4060 1260 4130 simplicem
1315 4061 1599 4131 quamdam
1654 4061 1946 4117 bonitatem

362 4166 475 4221 przn
514 4167 574 4206 se
613 4151 751 4219 fert,
782 4160 837 4207 et
876 4167 905 4205 a
932 4155 1146 4208 nemine
1194 4152 1450 4208 honorem
1490 4163 1803 4223 aucupatur,
1829 4169 1948 4210 eam

362 4258 552 4299 omnes
577 4243 930 4311 admirantur,
972 4245 1300 4315 suspiciunt,
1342 4244 1669 4316 pradicant,
1702 4246 1949 4302 omnibus

361 4332 520 4388 benis
559 4335 828 4390 ominibus
872 4346 1265 4408 prosequuntur
1300 4354 1313 4391 :
1357 4352 1508 4392 vana:
1545 4347 1723 4394 autem
1763 4339 1947 4409 gloriae

362 4424 610 4495 cupidam
672 4435 1002 4493 aversantur,
1055 4428 1320 4496 oderunt,
1367 4436 1423 4484 et
1483 4428 1645 4485 veluti
1715 4427 1947 4485 belluam

362 4515 649 4587 quamdam
669 4526 935 4586 agrestem
973 4519 1209 4589 fugiunt,
1233 4528 1517 4577 sexcentas
1544 4520 1598 4575 in
1624 4520 1770 4576 illam
1789 4536 1946 4577 exse-

360 4610 632 4666 crationcs
666 4620 723 4666 et
762 4611 1112 4668 contumelias
1149 4613 1517 4682 conjicientes.
1548 4612 1660 4670 Nec
1684 4629 1811 4670 vero
1859 4614 1945 4670 his

358 4702 641 4759 dumtaxat
666 4703 824 4759 malis
852 4715 951 4759 nos
981 4706 1239 4774 eripimus
1272 4704 1544 4775 vulgarem
1568 4706 1791 4776 gloriam
1810 4722 1943 4763 con-

361 4803 695 4864 temnentes,
720 4795 817 4851 sed
850 4804 907 4851 et
939 4810 1037 4863 ea,
1059 4811 1180 4866 quae
1217 4796 1456 4851 omnium
1499 4797 1729 4853 maxima
1784 4806 1942 4869 sunt,

360 4885 651 4953 lucramur,
678 4887 807 4942 dum
839 4896 1035 4957 praeter
1070 4903 1133 4943 ea
1177 4903 1296 4959 quae
1332 4888 1473 4945 dicta
1523 4898 1647 4945 sunt
1688 4892 1943 4961 paulatim

359 4978 635 5034 erudimur
652 4978 937 5049 respirare,
969 4988 1025 5035 et
1042 4980 1281 5050 aspirare
1304 4980 1371 5035 ad
1400 4980 1611 5047 caelum,
1640 4990 1696 5038 et
1728 4991 1943 5041 terrena

357 5070 536 5125 omnia
580 5069 864 5140 dispicere.
895 5069 1026 5125 Nam
1061 5071 1151 5141 qui
1171 5070 1350 5127 delato
1396 5072 1465 5128 ab
1507 5071 1813 5130 hominibus
1847 5076 1944 5131 ho-

358 5177 491 5219 nore
515 5163 735 5220 minime
760 5178 918 5235 egere
958 5178 1020 5220 se
1063 5171 1245 5235 putat,
1275 5165 1530 5236 quidquid
1573 5166 1698 5222 boni
1740 5166 1937 5237 faciet,

356 5270 548 5326 magna
592 5272 713 5313 cum
769 5256 1055 5313 securitate
1098 5256 1288 5324 faciet,
1318 5274 1490 5328 neque
1522 5269 1616 5313 aut
1658 5259 1935 5327 adversis,

354 5356 451 5402 aut
474 5349 722 5403 secundis
751 5348 910 5419 hujus
952 5348 1074 5403 vita:
1100 5349 1262 5405 rebus
1298 5348 1589 5420 quidquam
1617 5350 1939 5408 incommodi

354 5439 569 5494 sentiet.
593 5440 774 5510 Neque
797 5440 941 5495 enim
968 5448 1061 5495 aut
1085 5440 1329 5497 adversa:
1354 5441 1502 5496 illum
1524 5441 1756 5511 dejicere
1779 5452 1939 5513 atque

353 5530 584 5586 obruere
629 5541 884 5602 possunt,
934 5542 1028 5587 aut
1074 5533 1322 5589 secundm
1357 5534 1543 5588 inflare
1584 5547 1649 5588 ac
1678 5534 1937 5589 tumidum

352 5622 609 5690 reddere,
640 5622 734 5678 sed
772 5623 824 5677 in
858 5624 1018 5679 rebus
1044 5627 1275 5682 maxime
1302 5625 1516 5681 caducis
1540 5639 1604 5679 ac
1633 5624 1789 5680 fluxis
1824 5626 1936 5695 ipse

351 5716 526 5773 omnis
550 5717 856 5773 mutationis
884 5730 1076 5789 expers
1100 5730 1298 5778 manet.
1330 5720 1481 5789 Quod
1508 5719 1753 5777 celeriter
1798 5729 1852 5775 ct
1882 5720 1932 5775 in

1075 280 1135 339 S.
1171 279 1449 338 JOANNIS
1484 276 1961 335 CHRYSOSTOMI
1996 277 2315 336 ARCHIEP.
2356 279 2890 339 CONSTANTINOP.

3534 286 3640 344 608

2060 398 2153 445 tuo
2201 391 2366 461 ipsius
2411 394 2591 450 animo
2642 405 2956 450 eventurum
3012 408 3205 465 spero,
3254 395 3641 467 confestimque

2061 486 2288 537 terrenis
2316 485 2561 540 omnibus
2584 487 2840 555 abjcctis,
2864 486 3133 541 cazlestcm
3162 495 3213 541 te
3248 487 3401 541 nobis
3429 489 3640 542 vivendi

2056 574 2314 631 rationem
2378 588 2912 647 reprzesentaturam,
2976 579 3198 649 gloriam
3265 594 3428 645 vero,
3482 596 3640 649 quam

2054 680 2194 719 nunc
2210 664 2383 721 defles
2402 708 2417 734 ,
2446 669 2601 737 paulo
2634 678 2754 738 post
2783 669 3055 724 irrisuram
3075 709 3092 735 ,
3123 678 3175 724 et
3217 685 3404 724 vanam
3431 685 3494 725 ac
3522 669 3643 724 futiv

2055 755 2159 810 lcm
2206 755 2355 812 illius
2383 773 2668 828 personam
2710 760 3004 816 illusuram.
3039 760 3190 829 Quod
3240 761 3285 815 si
3327 761 3641 830 pristinam,

2055 865 2156 919 qua
2186 865 2281 920 per
2309 851 2455 906 illum
2499 852 2814 922 potiebaris,
2860 854 3199 909 securitatem
3239 853 3542 915 desideres,
3586 864 3642 908 et

2057 938 2315 995 bonorum
2344 940 2671 1009 custodiam,
2698 958 2796 998 nec
2825 952 3007 1013 patere
3036 943 3169 998 velis
3197 958 3381 998 eorum
3405 942 3639 1007 insidiis,

2056 1030 2147 1098 qui
2181 1031 2374 1087 alienis
2408 1032 2795 1088 calamitatibus
2837 1035 3129 1100 insultant,
3164 1033 3317 1087 Jacta
3360 1050 3509 1103 super
3536 1032 3642 1087 Do-

2057 1120 2248 1174 minum
2260 1133 2610 1177 curamvtuam
2628 1166 2646 1192 ,
2677 1134 2724 1179 et
2744 1125 2852 1195 ipse
2879 1135 2927 1180 te
2954 1125 3167 1179 enutriet
3198 1123 3370 1197 (Psal.
3404 1125 3496 1178 54.
3522 1124 3639 1191 23).

2058 1208 2303 1281 Inspicite
2352 1214 2531 1279 enim,
2573 1215 2776 1285 inquit,
2813 1217 2867 1271 in
2914 1218 3145 1288 antiquas
3184 1217 3562 1287 generationes,
3596 1226 3643 1271 et

2057 1302 2217 1356 videte
2241 1304 2287 1358 si
2308 1306 2420 1370 quis
2458 1308 2677 1374 speravit
2718 1308 2771 1362 in
2809 1307 3030 1363 Domino
3047 1351 3063 1374 ,
3090 1317 3137 1362 et
3164 1309 3408 1378 confusus
3433 1318 3505 1363 est
3524 1351 3538 1373 ,
3564 1309 3643 1362 vel

2057 1395 2101 1447 si
2124 1395 2234 1465 quis
2262 1396 2507 1451 invocavit
2530 1399 2705 1465 illum,
2733 1409 2780 1454 et
2805 1401 3064 1471 despectus
3083 1410 3155 1456 est
3181 1442 3197 1467 ,
3229 1401 3306 1455 vel
3325 1405 3370 1454 si
3400 1402 3510 1471 quis
3543 1411 3641 1454 διες

2058 1485 2120 1538 tit
2169 1486 2223 1539 in
2267 1487 2519 1543 mandatis
2565 1491 2673 1561 ejus
2696 1530 2712 1555 ,
2740 1500 2786 1543 et
2814 1492 3080 1544 derelictus
3126 1500 3196 1545 est
3224 1489 3410 1552 (Eccli.
3437 1492 3492 1544 2.
3526 1492 3639 1561 10).

2055 1575 2188 1631 Nam
2219 1578 2305 1649 qui
2328 1593 2462 1634 onus
2488 1587 2595 1635 tam
2614 1581 2964 1636 intolerabilis
2988 1582 3303 1637 Calamitatis
3330 1582 3495 1636 levius
3521 1581 3642 1636 red-

2057 1666 2224 1733 didit,
2246 1677 2301 1723 et
2330 1669 2382 1723 in
2414 1673 2664 1739 praesenti
2695 1673 3074 1742 tranquillitate
3096 1682 3150 1728 te
3175 1673 3487 1739 collocavit,
3520 1674 3562 1727 is
3587 1683 3642 1728 et

2056 1776 2178 1830 qua:
2222 1761 2501 1819 imminent
2546 1765 2893 1834 propulsabit.
2936 1765 3065 1819 Nam
3115 1765 3214 1820 hac
3253 1765 3464 1834 quidem
3492 1766 3641 1833 plaga

2057 1854 2254 1909 nullam
2282 1863 2336 1910 te
2360 1871 2608 1925 umquam
2628 1856 2923 1926 graviorem
2945 1872 3100 1925 posse
3124 1856 3375 1925 accipere
3397 1856 3638 1925 profecto

2057 1946 2213 2001 nobis
2238 1946 2565 2001 assentieris.
2591 1946 2812 2014 Quando
2839 1948 2996 2016 igitur
3022 1963 3254 2016 prmsens
3277 1949 3472 2002 malum
3503 1948 3642 2003 adeo

2056 2036 2266 2094 fortiter
2292 2054 2356 2094 ac
2383 2055 2643 2109 generose
2669 2041 2868 2108 tulisti,
2900 2041 3061 2111 idque
3088 2057 3211 2097 cum
3248 2051 3300 2097 te
3342 2058 3469 2097 usus
3509 2058 3646 2097 non-

2056 2130 2183 2184 dum
2232 2130 2533 2200 docuisset,
2576 2134 2745 2186 multo
2774 2134 2940 2201 magis
2992 2150 3058 2188 ex
3103 2135 3196 2201 iis,
3241 2150 3361 2204 quae
3399 2136 3643 2191 accidere

2057 2229 2312 2288 possunt,
2355 2223 2403 2276 si
2427 2222 2553 2293 quid
2583 2232 2774 2292 praeter
2801 2225 3124 2279 voluntatem
3167 2236 3402 2280 nostram
3433 2226 3642 2282 accide-

2057 2309 2162 2375 rit,
2189 2310 2330 2380 quod
2379 2313 2521 2367 Deus
2567 2328 2731 2369 omen
2766 2324 3004 2379 avertat,
3052 2315 3207 2371 facile
3248 2316 3408 2372 feres.
3440 2317 3642 2372 Caelum

2057 2418 2259 2472 (μίξει-θ,
2278 2412 2333 2458 ct
2359 2405 2537 2459 omnia
2568 2421 2918 2475 quaecumque
2938 2407 3004 2462 ad
3030 2408 3189 2462 vitam
3218 2409 3326 2464 illic
3349 2409 3641 2479 timendam

2056 2496 2393 2565 conducunt,
2434 2513 2499 2554 ac
2539 2499 2670 2553 nihil
2701 2515 2887 2554 eorum
2932 2516 3049 2570 qua:
3093 2500 3180 2555 hic
3211 2501 3339 2555 fiant
3368 2500 3562 2556 lmdcre
3589 2511 3644 2557 te

2058 2588 2289 2657 poterit,
2319 2605 2388 2645 ne
2414 2590 2527 2660 ipse
2547 2590 2758 2660 quidem
2784 2592 3121 2646 tenebrarum
3150 2593 3456 2662 imperator,
3489 2592 3643 2647 dmu-

2059 2679 2218 2734 modo
2262 2695 2333 2735 ne
2379 2682 2534 2737 nobis
2571 2683 2669 2752 ipsi
2700 2698 3006 2739 noceamus.
3034 2683 3164 2737 Nam
3192 2694 3246 2739 et
3266 2684 3310 2738 si
3339 2684 3456 2754 quis
3487 2684 3645 2738 bonis

2054 2772 2281 2841 spoliet,
2311 2780 2366 2828 et
2388 2775 2432 2828 si
2463 2789 2658 2843 corpus
2695 2776 2973 2842 concidat,
3017 2777 3148 2831 nihil
3178 2776 3368 2833 horum
3414 2777 3481 2833 ad
3506 2793 3640 2845 nos,

2057 2860 2219 2916 modo
2243 2862 2452 2918 animus
2481 2864 2634 2920 nobis
2652 2865 2930 2920 incolumis
2956 2874 3186 2921 maneat.

2129 2952 2182 3006 7.
2223 2951 2465 3008 Pecunia:
2504 2954 2559 3008 in
2596 2955 2776 3010 calum
2803 2956 3059 3010 mittenda:
3081 2957 3351 3026 quomodo.
3389 2987 3465 2999 —
3513 2959 3641 3015 Om-

2057 3043 2185 3099 nino
2205 3055 2383 3100 autem
2426 3046 2471 3103 si
2508 3046 2590 3103 vis
2618 3049 2871 3118 pecunias
2914 3048 2981 3104 ab
3030 3048 3178 3104 omni
3219 3051 3457 3119 periculo
3502 3061 3643 3108 tutas

2054 3136 2325 3193 custodire
2349 3149 2405 3193 et
2426 3139 2771 3209 amplificare,
2794 3155 2892 3209 ego
2914 3154 3044 3195 sane
3068 3148 3122 3195 et
3141 3141 3356 3196 modum
3385 3150 3439 3196 et
3467 3142 3640 3197 locum

2053 3231 2432 3287 demonstrabo
2451 3274 2467 3299 ,
2496 3247 2603 3303 quo
2643 3232 2773 3286 nulli
2803 3247 3011 3299 eorum,
3042 3233 3132 3303 qui
3163 3233 3401 3288 insidiari
3436 3233 3639 3300 solent,

2053 3320 2133 3376 fas
2161 3330 2245 3377 est
2274 3322 2497 3378 irruere.
2523 3322 2655 3391 Quis
2685 3322 2844 3393 igitur
2884 3324 3034 3378 locus
3057 3325 3177 3379 est?
3206 3324 3408 3378 Caelum
3444 3341 3458 3377 :
3490 3324 3641 3379 mitte

2054 3411 2176 3467 illas
2216 3412 2285 3467 ad
2313 3415 2569 3484 optimum
2596 3414 2743 3468 illum
2787 3414 2990 3479 virum,
3015 3430 3079 3470 ac
3109 3430 3287 3484 neque
3328 3415 3433 3481 fur,
3466 3431 3642 3487 neque

2054 3503 2352 3571 insidiator,
2381 3520 2558 3573 neque
2596 3505 2702 3559 ulla
2727 3506 2829 3560 alia
2861 3506 3027 3575 pestis
3058 3506 3314 3574 impetum
3357 3505 3535 3561 facere
3582 3506 3637 3561 in

2053 3592 2175 3648 illas
2220 3594 2432 3663 poterit.
2464 3594 2521 3649 Si
2576 3593 2650 3650 ibi
2684 3594 2789 3651 has
2837 3596 2978 3665 ipsus
3032 3598 3285 3667 pecunias
3330 3596 3637 3665 dcfoderis,

2052 3700 2301 3757 magnum
2327 3702 2395 3741 ex
2419 3686 2503 3741 bis
2526 3687 2729 3742 lucrum
2760 3689 3078 3758 reportabis.
3106 3688 3298 3744 Omnia
3325 3690 3464 3745 enim
3488 3706 3636 3759 qua:-

2051 3792 2282 3848 cumque
2305 3793 2334 3833 a
2361 3779 2516 3834 nobis
2543 3778 2597 3833 in
2635 3778 2779 3835 caelis
2814 3790 3085 3845 seruntur,
3116 3780 3272 3850 longe
3291 3779 3545 3850 majorem
3573 3794 3637 3835 ac

2052 3869 2328 3925 meliorem
2372 3877 2692 3940 proventum
2745 3869 2969 3935 habent,
3000 3885 3064 3926 ac
3092 3871 3247 3940 plane
3286 3870 3473 3939 talem,
3506 3886 3639 3941 qua-
3724 3938 3741 3950 φ

2051 3958 2157 4014 lem
2206 3970 2623 4015 consentaneum
2669 3969 2843 4016 estex
2879 3962 2976 4029 iis,
3008 3977 3127 4032 qua:
3156 3962 3208 4016 in
3234 3962 3378 4017 caelis
3424 3962 3635 4017 radices

2051 4059 2294 4121 egerunt.
2326 4050 2477 4117 Quod
2504 4053 2547 4107 si
2588 4052 2689 4107 hoc
2718 4051 2909 4108 feceris
2932 4092 2949 4119 ,
2982 4052 3105 4109 vide
3145 4054 3391 4124 qualibus
3445 4054 3636 4108 frueris

2050 4143 2243 4199 bonis:
2277 4143 2504 4213 primum
2550 4144 2764 4214 quidem
2802 4145 3126 4214 sempiterna
3155 4146 3260 4199 vita
3307 4153 3362 4200 et
3405 4146 3469 4199 iis
3514 4160 3637 4216 qua:

2051 4234 2312 4305 promissa
2338 4244 2463 4290 sunt
2486 4235 2827 4307 diligentibus
2849 4236 3014 4291 Deum
3034 4277 3049 4303 ,
3081 4251 3198 4306 qua:
3235 4251 3409 4305 neque
3447 4235 3634 4291 oculus

2049 4326 2214 4391 vidit,
2262 4341 2435 4397 neque
2478 4327 2624 4382 auris
2666 4326 2901 4393 audivit,
2950 4340 3121 4396 neque
3168 4326 3222 4380 in
3268 4341 3362 4381 cor
3400 4326 3632 4382 hominis

2048 4419 2435 4476 ascenderunt:
2465 4418 2658 4475 deinde
2686 4417 3071 4474 consuetudine
3090 4418 3279 4487 Optimi
3310 4418 3413 4473 viri
3456 4418 3533 4473 tui
3579 4419 3631 4473 in

2046 4526 2207 4567 omne
2232 4526 2404 4567 aevum
2430 4526 2446 4565 :
2477 4518 2749 4580 postremo
2772 4523 2803 4563 a
2827 4510 2997 4572 curis,
3022 4509 3323 4573 timoribus,
3358 4508 3631 4577 periculis,

2047 4603 2273 4669 insidiis,
2352 4602 2660 4666 simultate,
2712 4599 2855 4665 odio,
2908 4614 3028 4670 qua:
3079 4598 3217 4655 hanc
3263 4608 3533 4665 exercent,
3581 4608 3635 4655 te

2046 4696 2217 4766 ipsam
2258 4694 2531 4751 liberabis.
2584 4692 2850 4763 Quamdiu
2894 4692 3036 4747 enim
3085 4691 3337 4762 pecunias
3382 4689 3522 4760 apud
3576 4696 3632 4745 te

2046 4787 2321 4856 retinebis,
2366 4794 2525 4843 erunt
2567 4786 2791 4841 fortasse
2817 4782 3000 4854 aliqui,
3033 4781 3121 4853 qui
3152 4780 3424 4836 fraudibus
3464 4779 3632 4834 inter-

2048 4891 2291 4939 vertaut:
2319 4882 2402 4937 sin
2432 4889 2610 4936 autem
2636 4878 2705 4934 ad
2734 4878 2923 4934 ctelum
2954 4874 3314 4931 transmiseris
3339 4914 3354 4938 ,
3382 4872 3634 4943 periculis

2047 4990 2269 5031 vacuam
2290 5014 2305 5039 ,
2330 4982 2496 5027 tutam
2517 5012 2532 5037 ,
2555 4985 2619 5025 ac
2642 4967 3036 5040 tranquillitatis
3064 4965 3429 5039 plenissimam
3472 4963 3632 5017 vitam

2006 5108 2007 5111 η
2047 5070 2194 5125 vives
2216 5109 2232 5133 ,
2262 5068 2459 5138 quippe
2480 5082 2601 5137 quas
2621 5063 2940 5121 sufficientia
2971 5077 3074 5118 una
3099 5076 3221 5117 cum
3245 5061 3444 5131 pietate
3489 5058 3635 5113 frue-

2045 5164 2142 5219 ris.
2172 5162 2375 5232 Magna:
2399 5161 2541 5216 enim
2567 5157 2851 5215 dementias
2874 5164 2978 5221 est,
2999 5155 3044 5211 si
3070 5154 3182 5226 agri
3206 5153 3421 5224 quidem
3443 5166 3632 5207 emcn-

2041 5256 2095 5310 di
2118 5254 2259 5322 sint,
2285 5252 2595 5309 feraciorem
2650 5260 2847 5306 terram
2881 5247 3111 5313 sectari;
3136 5260 3259 5299 cum
3286 5258 3417 5299 vero
3444 5242 3633 5298 cmlum

2041 5357 2200 5404 terra:
2244 5347 2365 5403 loco
2439 5347 2511 5402 sit
2556 5343 2921 5414 propositum,
2976 5355 3098 5396 cum
3154 5339 3227 5395 ibi
3281 5336 3437 5392 liceat
3482 5351 3629 5405 pra:-

2040 5440 2187 5495 dium
2236 5438 2338 5493 sibi
2380 5450 2725 5506 comparare,
2779 5442 2937 5488 terra;
2988 5431 3165 5501 potius
3215 5428 3513 5493 inhaerere,
3542 5441 3632 5481 se-

2040 5546 2146 5603 que
2172 5530 2465 5595 molestiis,
2491 5543 2613 5600 quae
2634 5542 2701 5582 ex
2726 5526 2827 5581 hac
2853 5539 2997 5595 saepe
3018 5521 3285 5585 incidunt,
3313 5531 3585 5588 exponere
3610 5534 3627 5573 :

2045 5638 2187 5694 smpe
2222 5622 2363 5678 enim
2395 5633 2633 5677 nostram
2683 5617 2971 5674 frustratur
2993 5629 3165 5685 spem.
3196 5613 3456 5679 Quoniam
3501 5625 3634 5665 vero

2040 5717 2166 5774 illud
2219 5718 2449 5788 graviter
2494 5713 2731 5786 percellit
2776 5710 3114 5782 concutitque
3164 5708 3399 5763 animum
3452 5714 3629 5773 tuum,
