4016 6154
328 316 432 386 6‘09

278 476 281 479 ν
326 447 423 501 zeal
460 446 664 518 σφόδρα
693 447 829 521 δήλη
868 441 937 521 ἦν
966 448 1103 522 αὕτη
1139 453 1172 521 ἡ
1216 451 1389 523 ἐλπὶς,
1426 450 1541 504 ἀλλ’
1584 450 1734 521 ὅμως
1779 450 1991 521 ἀνθρώ-

327 552 446 588 πων
478 534 632 597 ἐλπὶς
657 531 747 606 ἦν,
787 537 1046 601 πολλάκις
1076 536 1455 591 διαπίπτουσα·
1493 539 1587 591 zeal
1620 538 1791 590 πολλᾶ
1826 541 1883 591 ἐν
1913 538 1992 609 τῷ

327 620 429 691 βίῳ
454 622 678 675 τοιαῦτα
704 622 917 694 ὁρῶμεν
947 625 1226 694 γινόμενα,
1259 627 1355 679 zeal
1385 626 1494 678 τῶν
1524 626 1730 694 σφόδρα
1763 627 1994 697 προσδο-

324 708 603 778 κηθέντων
626 709 926 763 ἀτελέστων
961 713 1281 781 μεινάντων,
1309 712 1379 765 τά
1405 712 1461 765 δέ
1499 714 1621 784 μηδ’
1649 714 1728 776 εἰς
1753 713 1876 766 νοῦν
1901 714 1991 766 ἐλ-

327 794 486 847 θόντα
501 797 630 866 ἡμῖν
653 799 731 860 εἰς
761 797 911 861 τέλος
927 798 1117 870 ἐξῆλθε
1136 800 1416 862 πολλάκις,
1438 802 1532 853 καὶ
1553 800 1711 852 τοῦτο
1744 802 1849 853 κάν
1868 795 1991 864 ταῖς

325 880 540 950 ἀρχαῖς,
569 883 671 937 κάν
703 887 821 948 ταῖς
853 886 1172 956 βασιλείαις,
1190 892 1293 946 κάν
1327 891 1441 950 ταῖς
1473 887 1874 958 κληρονομίαις.
1897 888 1991 940 zeal

324 969 437 1030 τοῖς
450 969 647 1040 γάμοις
668 983 718 1036 ιι,
735 973 829 1026 καὶ
852 974 1126 1044 πανταχοῦ
1148 974 1440 1045 συμϐαῖνον
1467 975 1681 1047 ὁρῶμεν
1705 975 1811 1028 ἀεί.
1828 975 1990 1027 Ὥστε

327 1053 486 1108 εἰκαὶ
520 1057 724 1129 σφόδρα
738 1061 901 1128 ἐγγὺς
927 1057 994 1132 ἦν
1023 1062 1285 1133 ὁκαιρὸς,
1307 1061 1443 1116 ἀλλά
1470 1061 1688 1125 πολλὰ,
1725 1062 1864 1115 κατά
1890 1063 1990 1133 τὴν

326 1142 644 1213 παροιμίαν,
668 1146 896 1213 μεταξὺ
923 1149 1173 1214 κύλικος
1201 1148 1297 1201 καί
1330 1149 1564 1218 χείλεος
1582 1148 1769 1215 ἄκρου
1794 1147 1984 1202 πέλει.

326 1228 437 1282 Kal
466 1232 498 1299 ἡ
544 1231 733 1303 Γραφὴ
764 1233 822 1286 δέ
855 1250 1049 1306 φησιν·
1118 1236 1261 1289 Ἀπὸ
1292 1237 1545 1302 πρωΐθεν
1572 1234 1684 1301 ἓως
1726 1233 1989 1303 ἑσπέρας

319 1316 677 1382 μεταϐάλλει
708 1322 929 1389 καιρός.
974 1320 1129 1375 Οὕτω
1160 1324 1255 1376 zeal
1281 1321 1533 1392 βασιλεὺς
1570 1323 1599 1374 ὁ
1645 1322 1888 1393 σήμερον
1912 1321 1988 1374 ὢν

320 1402 510 1472 αὔριον
542 1405 788 1478 τελευτᾷ.
834 1410 945 1462 Kal
976 1409 1139 1463 πάλιν
1166 1411 1227 1462 τὸ
1269 1409 1399 1481 παρ’
1446 1410 1667 1472 ἐλπίδας
1708 1409 1988 1479 ἐμφαίνων

319 1491 455 1558 ἡμῖν
475 1491 634 1556 αὐτὸς
667 1488 821 1559 οὗτος
851 1498 880 1548 ὁ
904 1497 1067 1566 σοφός
1091 1514 1255 1567 φησι·
1284 1498 1512 1552 Πολλοί
1541 1499 1818 1565 τύραννοι
1847 1496 1987 1550 ἐκά-

321 1578 500 1630 θισαν
534 1579 632 1633 ἐπὶ
654 1580 935 1650 ἐδάφους,
968 1588 1001 1638 ό
1042 1584 1112 1637 δὲ
1134 1587 1548 1654 ἀνυπονόητος
1583 1586 1838 1655 ἐφόρεσε
1859 1583 1989 1637 διά·-

320 1662 499 1731 δημα.
536 1668 644 1720 Kal
673 1670 735 1721 ού
764 1669 984 1734 πάντως
1027 1673 1184 1741 δῆλον
1224 1668 1292 1743 ἦν
1324 1674 1408 1726 ὄτι
1440 1674 1613 1742 ζήσας
1651 1675 1739 1726 ἐπ’
1772 1672 1987 1742 ἐκείνην

318 1750 440 1819 ἥξει
471 1752 569 1823 τὴν
599 1756 801 1827 ἀρχήν·
832 1757 894 1810 τὸ
921 1758 1029 1829 γὰρ
1051 1759 1145 1812 τοῦ
1173 1760 1455 1830 μέλλοντος
1483 1761 1678 1832 ἄδηλον
1704 1762 1799 1814 zeal
1819 1761 1987 1830 ’ἐτερα

321 1838 645 1894 ὑποπτεύειν
671 1847 929 1915 παρεῖχεν
964 1848 1115 1916 ἡμῖν,
1146 1849 1317 1900 Πόθεν
1358 1848 1467 1919 γὰρ
1498 1849 1654 1919 δῆλον
1687 1849 1768 1900 ὅτι
1814 1845 1988 1916 ζήσας

321 1927 408 1979 ἐπ’
442 1928 656 1999 ἐκείνην
696 1931 815 2001 ἡξει
853 1932 950 2002 τὴν
981 1935 1186 2005 ἀρχήν;
1234 1936 1315 1988 ὅτι
1364 1937 1485 2005 οὐχὶ
1523 1936 1617 1988 zeal
1661 1935 1729 1989 τὰ
1763 1934 1986 1988 ἐναντία

318 2013 561 2079 ἐξέϐαινε
581 2059 595 2083 ,
631 2018 726 2071 zeal
756 2019 858 2089 τῆς
886 2019 1052 2092 οὔσης
1084 2021 1341 2087 ἐξέπιπτε
1376 2023 1541 2093 τιμῆς
1581 2023 1723 2092 νόσῳ
1758 2022 1989 2092 παραδο-

318 2100 453 2166 θεὶς,
486 2104 580 2158 zeal
614 2104 793 2176 φθόνῳ
843 2108 935 2160 zeal
980 2108 1251 2179 βασκανίᾳ
1297 2109 1406 2162 τῶν
1446 2109 1785 2180 βουλομένων
1823 2110 1986 2163 αὐτὸν

276 2210 281 2215 ·
317 2193 779 2263 παρευημερῆσαι
810 2193 1044 2266 βληθεὶς,
1081 2195 1114 2266 ἢ
1157 2197 1251 2249 zeal
1299 2196 1483 2266 ἔτερόν
1520 2213 1573 2248 τι
1608 2196 1796 2249 παθὼν
1824 2197 1986 2266 χαλε-

317 2277 452 2341 πόν;
493 2278 687 2348 Θῶμεν
728 2280 819 2345 δὲ,
868 2283 916 2334 εἰ
958 2281 1170 2351 βούλει,
1197 2284 1292 2336 zeal
1320 2283 1478 2353 δῆλον
1510 2279 1650 2337 εἶναι
1685 2283 1873 2352 σαφῶς
1902 2285 1986 2338 ὅτι

272 2394 279 2399 -
317 2365 536 2428 πάντως
576 2365 907 2431 ἐπιϐιώσας,
949 2369 1154 2439 ταύτης
1197 2369 1419 2440 ἔμελλεν
1458 2370 1839 2440 ἐπιτυγχάνειν
1887 2372 1986 2442 τῆς

319 2452 562 2522 κορυφῆς
581 2470 595 2483 ·
626 2454 736 2524 ὅσῳ
756 2454 865 2527 γάρ
888 2456 921 2526 ἡ
944 2454 1070 2521 ἀξία
1098 2456 1319 2527 μείζων,
1348 2457 1585 2528 τοσούτῳ
1609 2459 1705 2510 zeal
1731 2457 1984 2528 μείζονας

314 2536 461 2608 ἔχειν
494 2538 705 2611 ἀνάγκη
734 2535 861 2605 τοὺς
889 2542 1163 2606 κινδύνους
1192 2539 1261 2613 ἦν
1296 2543 1390 2597 zeal
1421 2545 1708 2615 φροντίδας
1737 2545 1830 2598 zeal
1865 2546 1986 2599 ἐπι-

317 2622 534 2689 ϐουλάς.
581 2627 732 2697 Μηδὲ
771 2628 944 2686 ταῦτα
977 2629 1147 2696 ἔστω,
1187 2630 1302 2684 ἀλλ’
1358 2631 1655 2696 ἀκινδύνως
1702 2632 1795 2685 zeal
1844 2632 1984 2703 μετά

319 2712 523 2782 πολλῆς
548 2716 648 2785 τῆς
676 2716 906 2785 ἡσυχίας
940 2720 1115 2771 ἐκεῖνο
1153 2717 1444 2771 διαπλείτω
1474 2718 1535 2771 τὸ
1570 2718 1808 2788 πέλαγος
1828 2736 1842 2748 ·
1889 2721 1985 2775 zeal

318 2799 372 2851 τί
395 2799 456 2854 τὸ
480 2801 675 2871 πέρας,
704 2802 824 2854 εἰπέ
858 2820 948 2873 μοι
975 2822 988 2868 ;
1023 2806 1084 2858 οὐ
1111 2805 1268 2859 τοῦτο
1290 2807 1428 2875 ὅπερ
1449 2806 1544 2859 νῦν
1564 2848 1577 2871 ,
1607 2807 1808 2877 μᾶλλον
1830 2808 1890 2860 δὲ
1918 2809 1980 2861 οὐ

318 2885 495 2950 τοῦτο,
524 2888 638 2941 ἀλλ’
685 2889 871 2959 ἓτερον
909 2890 1040 2954 ἴσως
1082 2892 1242 2963 ἀηδὲς
1280 2895 1374 2946 zeal
1414 2894 1708 2948 ἀπευκτὸν.
1758 2895 1983 2966 Πρῶτον

322 2975 420 3045 μὲν
552 2975 881 3049 βραδύτερον
933 2979 1060 3033 ἰδεῖν
1086 2981 1179 3033 τὸν
1225 2981 1478 3051 οὐρανὸν,
1521 2983 1615 3035 zeal
1656 2981 1722 3036 τὰ
1763 2984 1824 3034 ἐν
1871 2985 1985 3047 τοῖς

379 3114 403 3141 ⁸
426 3112 562 3183 ῼοιί).
592 3115 680 3163 κάν
698 3115 996 3183 τοῖς-γάμοις.
1039 3116 1166 3183 Ipfra
1187 3124 1301 3183 post
1336 3118 1486 3183 ᾆκρου
1515 3118 1736 3170 Colbert.
1769 3120 1989 3183 eLSavi-

270 3176 275 3179 ’
321 3172 415 3244 ιὐε
436 3175 484 3222 in
515 3182 653 3243 [ειμι
678 3189 773 3244 ηριι
798 3172 983 3244 ιιρῇοηί
1001 3181 1154 3241 πέλει,
1181 3172 1313 3243 (quod
1339 3172 1528 3244 legitur
1554 3183 1605 3230 in
1640 3186 1782 3231 textu
1808 3180 1982 3231 Morel.

323 3244 373 3285 el
396 3235 447 3282 in
468 3235 687 3299 margine
711 3238 897 3289 Savilii.

1105 327 1164 385 S.
1201 330 1490 391 JOANNIS
1526 326 2012 392 CHRYSOSTOMI
2053 331 2376 388 ARCIIIEP.
2412 321 2966 389 ICONSTANTINOP.

3660 334 3768 393 810

2094 450 2364 520 οὐρανοῖς,
2398 451 2535 520 ὅπερ
2566 449 2830 521 οὒ’μικρὰ
2856 449 3058 520 ζημίας
3083 450 3197 513 τοῖς
3232 449 3375 521 ὑπὲρ
3402 450 3509 503 τῶν
3540 452 3770 521 μελλᾶν-

2091 554 2201 592 των
2244 538 2665 592 πεπιστευκόσιν
2713 538 2860 591 ἐστίν
2886 553 2902 569 ·
2938 537 3131 591 ἔπειτα
3181 539 3239 591 δὲ
3263 577 3279 600 ,
3327 541 3377 591 εἰ
3415 539 3508 592 καὶ
3556 540 3768 610 σφόδρα

2094 623 2239 676 ἐΰξου
2276 623 2548 694 καθαρῶς,
2579 622 2692 676 ἀλλ’
2719 623 2866 692 ὅμως
2899 622 2959 676 τδ
2990 623 3165 693 μῆκος
3193 622 3288 675 τοῦ
3325 622 3440 692 βίου
3471 624 3568 676 καὶ
3591 626 3625 694 ὴ
3659 627 3770 694 τῆς

2091 711 2266 782 ἀρχῆς
2286 712 2500 782 ἐκείνης
2519 711 2729 780 ἀνάγκη
2748 711 2850 763 ούκ
2872 710 2938 763 ἂν
2971 710 3185 780 ἀφῆκεν
3208 709 3363 781 [549]
3391 710 3565 773 οὕτως
3590 709 3767 765 ἀπελ-

2052 868 2061 875 ὶ
2091 796 2206 849 θεῖν
2232 796 2472 867 καθαρὸν
2498 796 2685 868 ὥσπερ
2714 795 2834 850 νῦν.
2880 795 3112 865 ’Ἄδηλον
3146 796 3204 849 δὲ
3234 798 3283 849 εί
3313 796 3409 848 zeal
3444 797 3647 861 πολλάς
3674 798 3770 851 δε-

2093 881 2322 952 ξάμενος
2352 883 2654 954 μεταϐολὰς
2687 884 2782 939 zeal
2808 882 2946 954 πρὸς
2977 882 3253 955 ρᾳθυμίαν
3277 882 3574 947 ἀποκλίνας
3596 885 3765 955 ἐσχά-

2089 986 2188 1040 την
2226 970 2534 1024 ἀπέπνευσε
2556 971 2607 1026 ι’.
2655 971 2772 1025 Νῦν
2813 971 2909 1040 μὲν
2936 971 3045 1041 γὰρ
3086 968 3419 1041 θαρροῦμεν,
3452 971 3534 1024 ὃτι
3573 973 3638 1041 τῇ
3665 970 3766 1024 τοῦ

2089 1055 2225 1109 Θεοῦ
2268 1056 2449 1129 χάριτι
2491 1057 2628 1129 πρὸς
2659 1057 2719 1111 τὸ
2750 1057 2852 1127 τῆς
2877 1055 3239 1119 ἀναπαύσεως
3281 1057 3502 1127 ἀπέπτη
3536 1056 3761 1127 χωρίον,

2087 1142 2175 1197 διὰ
2201 1143 2261 1197 τὸ
2292 1144 2456 1215 μηδὲν
2502 1143 2653 1213 αὑτῷ
2683 1144 3047 1214 τετολμῆσθαι
3083 1142 3192 1201 τῶν
3226 1144 3628 1199 ἀποκλειόντων
3664 1144 3767 1213 τῆς

2091 1229 2364 1299 βασιλείας
2391 1230 2501 1287 τῶν
2526 1231 2795 1302 οὐρανῶν·
2828 1233 2950 1285 τότε
2979 1231 3037 1284 δὲ
3061 1231 3229 1285 πολὺν
3260 1232 3454 1304 χρόνον
3481 1231 3766 1301 δημοσίοις

2040 1356 2048 1359 -
2087 1317 2408 1388 πράγμασιν
2454 1318 2802 1389 ἐνδιατρίψας
2840 1328 2889 1383 ιε,
2936 1317 3066 1381 ἴσως
3110 1317 3176 1372 ἂν
3219 1318 3317 1376 zeal
3370 1317 3544 1389 ῥύπον
3592 1317 3765 1371 πολὺν

2089 1405 2507 1477 προσετρίψατο.
2551 1405 2626 1458 Τὸ
2664 1408 2773 1476 γὰρ
2808 1407 2867 1458 ἐν
2907 1404 3057 1474 μέσῳ
3088 1405 3454 1475 στρεφόμενον
3482 1404 3763 1459 τοσούτων

2090 1495 2275 1548 κακῶν
2318 1495 2660 1567 κατορθῶσαι
2719 1496 2816 1565 μὲν
2862 1495 2973 1547 τῶν
3031 1493 3233 1565 σφόδρα
3297 1493 3540 1547 σπανίων
3586 1495 3759 1555 ἐστὶν,

2091 1583 2354 1653 ἁμαρτεῖν
2397 1583 2454 1636 δέ
2482 1583 2578 1636 zeal
2620 1582 2822 1637 ἄκοντα
2862 1583 2956 1637 zeal
2996 1581 3221 1646 ἑκόντα,
3253 1580 3362 1634 τῶν
3404 1581 3633 1635 εἰκότων
3662 1581 3762 1641 zeal

2097 1670 2500 1740 συμϐαινόντων
2531 1671 2638 1724 ἀεί.
2697 1670 2857 1725 ’Λλλά
2889 1669 2985 1724 νῦν
3016 1669 3209 1724 τούτου
3254 1669 3350 1721 τοῦ
3388 1669 3542 1731 δέους
3577 1667 3761 1737 ἀπηλ-

2094 1758 2366 1829 λάγμεθα,
2410 1760 2506 1814 zeal
2547 1760 2755 1830 σφόδρα
2808 1758 3153 1828 πεπείσμεθα
3200 1758 3282 1810 ὅτι
3339 1758 3398 1809 ἐν
3449 1757 3636 1828 ἐκείνῃ
3689 1758 3760 1827 τῇ

2093 1846 2279 1918 ἡμέρᾳ
2309 1846 2445 1918 μετά
2483 1846 2681 1918 πολλῆς
2713 1845 2832 1918 ἥξει
2875 1847 2974 1917 τῆς
3014 1844 3371 1915 φαιδρότητος
3394 1883 3409 1908 ,
3457 1844 3626 1910 ἐγγὺς
3660 1842 3761 1904 τοῦ

2096 1933 2357 2003 βασιλέως
2384 1935 2745 2005 ἀπολάμπων,
2779 1934 2872 1987 zeal
2916 1935 3034 2003 μετ’
3057 1931 3304 2000 ἀγγέλων
3349 1929 3764 2000 προηγούμενος

2092 2019 2186 2074 τοῦ
2216 2021 2476 2092 Χριστοῦ,
2515 2023 2612 2076 zeal
2644 2021 2743 2092 τὴν
2771 2021 3009 2092 ἀρῥητον
3043 2020 3201 2086 δόξαν
3230 2018 3626 2088 ἠμφιεσμένος,
3657 2018 3760 2070 zeal

2093 2108 2328 2179 κρίνοντι
2370 2109 2656 2181 παρεστὼς
2699 2108 2778 2179 τῷ
2818 2107 3066 2178 βασιλεῖ,
3115 2107 3209 2160 zeal
3253 2104 3323 2158 τὰ
3351 2105 3542 2176 πρῶτα
3574 2104 3766 2158 διακο-

2092 2195 2347 2266 νούμενος
2372 2195 2537 2266 αὐτῷ.
2572 2195 2664 2248 Διὸ
2688 2196 2816 2258 τοὺς
2842 2195 3074 2266 θρήνους
3120 2194 3318 2261 ἀφεῖσα
3344 2193 3438 2245 zeal
3465 2192 3564 2255 τὰς
3588 2193 3767 2262 οἰμω-

2091 2282 2195 2350 γάς
2223 2282 2347 2353 ἔχου
2372 2283 2473 2353 τῆς
2497 2283 2667 2354 αὐτῆς
2689 2281 2984 2345 πολιτείας,
3016 2280 3213 2352 μᾶλλον
3239 2280 3297 2335 δέ
3318 2280 3413 2333 zeal
3436 2278 3767 2349 ἀκριϐεστέ-

2095 2384 2212 2438 ρας,
2247 2369 2334 2421 ἴνα
2372 2369 2507 2439 πρὸς
2536 2368 2632 2440 τὴν
2669 2367 2792 2440 ἴσην
2818 2366 2968 2437 αὐτῷ
2998 2366 3255 2436 φθάσασα
3284 2365 3506 2436 ἀρετὴν,
3534 2364 3632 2435 τὴν
3657 2366 3758 2417 αὐ-

2089 2455 2188 2524 τὴν
2217 2455 2409 2526 ἐκείνῳ
2452 2456 2787 2526 κατοικήσῃς
2824 2454 3051 2527 σκηνὴν,
3088 2454 3182 2507 zeal
3229 2452 3566 2523 συναφθῆναι
3593 2451 3764 2511 πάλιν

2091 2542 2238 2612 αὐτῷ
2270 2542 2505 2614 δυνηθῇς
2542 2545 2622 2606 είς
2647 2543 2773 2607 τοὺς
2813 2540 3115 2604 ἀθανάτους
3153 2540 3356 2602 αἰῶνας
3384 2539 3627 2601 ἐκείνους
3646 2579 3662 2599 ,
3695 2539 3763 2591 ού

2089 2629 2288 2699 ταύτην
2323 2629 2423 2701 τὴν
2464 2631 2558 2684 τοῦ
2600 2632 2782 2702 γάμου
2829 2629 3145 2698 συνάφειαν,
3194 2627 3308 2682 ἀλλ’
3351 2627 3543 2697 ἑτέραν
3574 2626 3764 2695 πολλῲ

2092 2716 2354 2787 βελτίονα.
2389 2716 2539 2788 Λῦτη
2582 2718 2681 2788 μὲν
2706 2717 2816 2788 γάρ
2855 2717 3125 2787 σωμάτων
3170 2715 3286 2769 ἐστὶ
3332 2713 3619 2785 συμπλοκὴ
3655 2715 3761 2784 μό-

2089 2820 2197 2856 νον·
2229 2804 2350 2857 τότε
2394 2805 2452 2857 δὲ
2497 2804 2677 2874 ψυχῆς
2706 2804 2856 2857 ἔσται
2904 2804 3040 2873 πρὸς
3084 2803 3262 2873 ψυχὴν
3299 2802 3493 2866 ἒνωσις
3537 2801 3770 2873 ἀκριϐε-

2093 2891 2278 2962 στέρα,
2301 2891 2396 2945 zeal
2421 2890 2580 2961 ἡδίων
2605 2889 2784 2960 πολλῷ
2809 2892 2903 2944 zeal
2936 2889 3180 2961 βελτίων.
3326 2910 3329 2919 λ

2153 3060 2182 3098 δ
2202 3061 2373 3140 Illae-el.
2398 3063 2916 3140 ἐσχάξηνηάπέπνευσε,
2939 3061 3093 3139 βαιῷ.
3122 3064 3172 3111 in
3215 3066 3356 3112 texlu
3378 3067 3433 3113 et
3451 3063 3589 3115 Culb.
3615 3064 3765 3128 ἐσχά-

2090 3140 2186 3248 τωὲ
2205 3125 3159 3248 ῧῗῗνὲῖῗῗῗράξῇἷιῗὶἐ¹¹εν¹¹ἐὲηῗ⁸ὲιέιῖ⁷ςὲῗψτέἒὶ
3202 3184 3418 3235 Savilius
3443 3191 3499 3234 el
3534 3184 3763 3239 Colbere.

2091 3245 2361 3309 πράγμασιν
2384 3245 2694 3310 ἐνδιατρίψας.

386 3443 3630 3479 μ-ῃ--ι-ικ-η--υ-α--ηι-Μ

1164 3620 1300 3674 ΤΟΥ
1330 3621 1561 3679 ΑΥΤΟΥ
1598 3622 1776 3679 ΠΡΟΣ
1812 3621 1954 3679 ΤΗΝ
1991 3624 2234 3681 ΑΥΤΗΝ
2266 3624 2429 3678 ΠΕΡΙ
2468 3625 2934 3683 ΜΟΝΑΝΔΡΙΑΣ.

391 3940 461 3989 α’.
490 3934 563 3987 Τὸ
585 3936 683 4006 μὲν
705 3936 803 4000 τὰς
817 3935 1078 4008 ἀπείρους
1095 3935 1308 4007 ὁμιλίας
1319 3936 1523 4007 ἀνδρῶν
1546 3938 1641 3991 καὶ
1664 3936 1866 3991 ὠδίνων
1892 3939 1986 3991 zeal

322 4022 427 4075 τῶν
477 4022 653 4076 ἀλλων
699 4022 973 4086 ἁπάντων,
1017 4022 1160 4094 άπερ
1199 4024 1590 4095 ἐπισυρόμενος
1618 4026 1648 4076 ὁ
1680 4023 1858 4094 γάμος
1900 4026 1984 4087 εἰς

322 4108 418 4173 τὰς
446 4110 553 4163 τῶν
579 4109 879 4182 ἀνθρώπων
898 4110 1205 4183 εἰσέρχεται
1233 4112 1429 4176 οἰκίας,
1463 4111 1663 4183 ἄνδρας
1696 4113 1981 4183 ἐπιζητεῖν

319 4196 631 4267 θαυμαστὸν
667 4199 838 4252 οὐδέν·
872 4200 966 4253 zeal
993 4199 1101 4270 γὰρ
1133 4199 1224 4252 τὸν
1268 4200 1502 4269 πόλεμον
1543 4201 1778 4271 πρᾶγμα
1809 4200 1983 4265 οὕτως

318 4284 574 4339 ἐπίπονον
617 4287 727 4348 τοῖς
761 4285 1008 4356 ἀπείροις
1038 4285 1240 4354 γλυκὺν
1278 4286 1312 4355 ἡ
1341 4285 1610 4357 παροιμία
1644 4281 1784 4339 εἶναί
1811 4303 1978 4357 φησι·

319 4371 378 4421 τὸ
404 4370 461 4421 δὲ
489 4370 586 4432 τὰς
628 4371 796 4441 μυρία
830 4371 1202 4442 ἀνασχομένας
1225 4384 1251 4412 ι
1281 4372 1446 4435 κακὰ,
1484 4373 1742 4438 πολλάκις
1777 4373 1834 4426 δὲ
1879 4373 1986 4427 ὑπὸ

318 4454 417 4522 τῆς
442 4454 552 4506 τῶν
580 4456 918 4526 πραγμάτων
942 4458 1189 4529 ἀνάγκης
1205 4458 1646 4525 ἀναπεισθείσας,
1679 4460 1982 4530 μακαρίσαι

323 4541 421 4609 μὲν
468 4540 565 4604 τὰς
612 4540 1039 4612 ἀπηλλαγμένας
1071 4544 1180 4596 τῶν
1223 4545 1320 4597 τοῦ
1364 4546 1569 4615 κόσμου
1610 4547 1976 4617 πραγμάτων,

321 4628 629 4699 ἐπαρᾶσθαι
660 4628 717 4681 δέ
747 4629 1003 4700 μυριάκις
1031 4631 1273 4695 ἑαυταῖς,
1311 4633 1407 4685 zeal
1449 4635 1573 4697 ταῖς
1602 4650 1984 4704 προμνηστευ-
2024 4680 2027 4683 λ

318 4715 518 4786 τρίαις.
554 4717 650 4770 zeal
692 4719 757 4797 τῇ
794 4717 979 4788 ἡμέρᾳ
1014 4717 1133 4771 καθ’
1160 4719 1227 4789 ἢν
1268 4720 1325 4773 αἰ
1355 4720 1627 4784 παστάδες
1670 4721 1980 4787 ὲπλέκοντο,

277 4819 285 4827 '
317 4802 523 4865 ταύτας
544 4802 602 4855 δὲ
627 4802 764 4873 μετά
792 4803 1061 4875 τοσαύτην
1081 4806 1519 4876 ἀποδυσπέτησιν
1557 4809 1719 4863 πάλιν
1747 4808 1853 4862 τῶν
1882 4810 1981 4862 αὐ-

319 4888 426 4942 τῶν
456 4889 798 4959 πραγμάτων
833 4889 1144 4960 ἐπιθυμεῖν,
1177 4891 1333 4945 τοῦτό
1368 4895 1483 4945 ἐστι
1536 4893 1598 4947 τὸ
1639 4894 1872 4965 μάλιστά
1915 4914 1984 4966 με

319 4975 618 5045 ἐκπλῆττον
640 4976 733 5028 zeal
756 4976 942 5030 ποιοῦν
964 4977 1208 5047 ἀπορεῖν,
1233 4980 1326 5031 zeal
1349 4979 1450 5050 τὴν
1470 4979 1651 5034 αἰτίαν
1679 4981 1979 5053 ἐπιζητεῖν,

318 5062 385 5115 δι’
415 5063 483 5133 ἢν
504 5063 572 5117 τὰ
597 5063 927 5135 πράγματα,
957 5064 994 5118 ἀ
1025 5065 1292 5137 πρότερον
1313 5068 1562 5139 ἐνόμιζον
1583 5065 1976 5140 εῖναι-φευκτὰ,

319 5152 408 5205 ὅτε
428 5148 568 5224 ἦσαν
593 5152 653 5207 ἐν
683 5153 890 5215 αὐτοῖς,
910 5151 1081 5205 ταῦτα
1105 5153 1222 5217 νῦν,
1251 5155 1342 5207 ὅτε
1363 5155 1539 5208 αὐτῶν
1560 5157 1977 5228 ἀπηλλάγησαν,

316 5240 395 5305 ὡς
428 5240 651 5294 ποθεινὰ
682 5240 842 5294 πάλιν
878 5239 1116 5294 διώκειν.
1147 5241 1257 5294 Kal
1301 5243 1527 5313 μυρίους
1557 5244 1671 5298 ἀνω
1707 5246 1802 5300 zeal
1829 5248 1980 5301 κάτω

320 5327 564 5399 στρέφων
592 5330 722 5398 παρ’
755 5326 977 5398 ἐμαυτῷ
1007 5327 1296 5399 λογισμοὺς
1329 5331 1481 5401 μόλις
1516 5332 1667 5395 ποτὲ,
1705 5333 1781 5396 ὡς
1809 5336 1978 5404 ἐμαυ-

316 5418 409 5473 τὸν
438 5415 627 5479 πείθω,
656 5415 754 5486 τὴν
774 5415 954 5469 αἰτίαν
976 5415 1072 5469 τοῦ
1098 5418 1421 5487 πράγματος
1453 5418 1736 5491 ηὕρισκον·
1773 5422 1974 5490 μᾶλλον

316 5506 375 5562 δὲ
402 5506 462 5558 οὐ
498 5504 597 5574 μία
626 5505 710 5566 τίς
737 5506 882 5558 ἐστιν
909 5507 1076 5565 αἰτία,
1107 5506 1225 5561 οὐδὲ
1252 5507 1343 5561 δύο
1376 5509 1556 5578 μόνον,
1584 5508 1720 5570 ἀλλά
1744 5512 1837 5564 zeal
1860 5513 1980 5564 τού-

317 5610 426 5647 των
455 5591 688 5653 πλείους.
724 5592 790 5646 Δί
822 5592 918 5663 μὲν
949 5592 1056 5665 γὰρ
1089 5594 1193 5649 ὑπὸ
1229 5594 1322 5649 τοῦ
1364 5595 1557 5649 πολλοῦ
1612 5598 1804 5667 χρόνου
1837 5599 1977 5673 λήθῃ

380 5729 399 5748 ⁸
417 5735 554 5788 Colb.
573 5737 743 5800 ἀνεχομ
752 5739 868 5796 ένας.

1997 3811 2065 3825 ~

2086 3935 2424 4006 παραδοῦσαι
2453 3937 2522 3991 τά
2554 3937 2826 4010 πρότερα,
2857 3937 2953 3992 zeal
2992 3938 3062 3994 τά
3093 3939 3151 3993 ἐν
3193 3940 3350 4011 χερσὶ
3383 3940 3761 4013 μνημονεύου-

2087 4040 2179 4078 σαι
2209 4024 2389 4095 μόνον,
2427 4024 2676 4096 ἔρχονται
2712 4026 2810 4096 μὲν
2859 4028 2952 4080 ἐπὶ
2997 4026 3090 4082 τὸν
3126 4029 3306 4099 γάμον
3345 4029 3423 4092 ὡς
3456 4031 3556 4083 ἐπὶ
3596 4029 3754 4084 λύσιν

2082 4110 2190 4164 τῶν
2216 4112 2315 4181 τῆς
2342 4112 2570 4183 χηρείας
2591 4112 2799 4179 κακῶν,
2826 4112 3140 4185 εὑρίσκουσι
3173 4115 3231 4168 δὲ
3259 4116 3423 4184 ἕτερα
3455 4115 3635 4186 πολλῷ
3656 4134 3763 4185 χα-

2084 4197 2366 4270 λεπώτερα
2394 4199 2452 4251 ἐν
2481 4197 2663 4269 αὐτῷ,
2689 4199 2765 4263 ὡς
2797 4198 2949 4272 [350]
2980 4201 3143 4255 πάλιν
3174 4202 3274 4266 τὰς
3315 4202 3488 4266 αὐτὰς
3533 4203 3765 4271 ἀφιέναι

2085 4292 2269 4361 φωνὰς
2300 4292 2478 4364 ἇσπερ
2510 4292 2605 4346 zeal
2633 4294 2917 4365 πρότερον.
2967 4296 3162 4350 Ἀλλαι
3215 4297 3274 4350 δὲ
3308 4297 3471 4351 πάλιν
3519 4297 3656 4367 πρὸς
3683 4298 3765 4351 τὰ

2095 4386 2177 4441 τοῦ
2216 4387 2419 4459 κόσμου
2467 4390 2747 4458 κεχηνυῖαι
2795 4390 3127 4460 πράγματα,
3176 4393 3273 4446 zeal
3313 4394 3414 4462 τῆς
3460 4391 3621 4461 δόξης
3655 4392 3761 4446 τοῦ

2086 4483 2350 4555 παρόντος
2388 4483 2797 4556 ὲκκρεμάμεναι
2848 4483 2989 4555 βίου,
3020 4486 3115 4539 zeal
3146 4486 3244 4556 τὴν
3282 4487 3509 4557 χηρείαν
3545 4488 3765 4541 ἐπονεί-

2083 4579 2260 4633 διστον
2294 4580 2524 4650 πρᾶγμα
2553 4575 2691 4632 εἶναι
2728 4580 3073 4650 νομίζουσαι,
3126 4582 3410 4653 αἱροῦνται
3445 4583 3544 4646 τὰς
3572 4584 3630 4636 ἐν

2083 4673 2246 4745 γάμῳ
2274 4675 2679 4747 ταλαιπωρίας,
2715 4677 2857 4746 ὑπὲρ
2881 4677 2979 4747 τῆς
3011 4676 3168 4746 δόξης
3190 4678 3289 4749 τῆς
3323 4680 3485 4750 κενῆς
3514 4679 3608 4733 zeal
3655 4677 3759 4735 τοῦ

2082 4770 2250 4840 τύφου
2275 4770 2370 4825 τοῦ
2393 4770 2667 4843 περιττοῦ.
2690 4771 2812 4826 Εἰσὶ
2837 4772 2895 4826 δέ
2922 4773 2979 4827 αἳ
3005 4773 3210 4826 τούτων
3241 4775 3341 4845 μὲν
3365 4774 3561 4837 οὐδενὶ,
3585 4752 3763 4851 ἀκρα-

2085 4866 2177 4938 σίᾳ
2204 4867 2260 4921 δὲ
2287 4867 2423 4939 μόνῃ
2455 4866 2844 4939 κρατούμεναι,
2901 4868 2994 4921 ἐπὶ
3040 4868 3112 4922 τὰ
3151 4870 3396 4942 πρότερα
3448 4868 3609 4923 πάλιν
3656 4848 3761 4925 ἐπ-

2082 4964 2420 5035 ανέρχονται,
2451 4964 2546 5018 zeal
2567 4964 2665 5035 τὴν
2690 4963 2857 5028 ὅντως
2897 4964 3075 5020 αἰτίαν
3106 4964 3402 5037 πειρῶνται
3444 4967 3563 5029 ταῖς
3601 4954 3761 5037 εἰρη-

2087 5061 2276 5132 μέναις
2306 5046 2689 5132 ἀποκρύπτειν
2726 5063 3083 5134 προφάσεσιν.
3126 5063 3488 5117 Αἰτιάσασθαι
3523 5063 3623 5134 μὲν
3657 5060 3758 5120 οὖν

2087 5159 2256 5222 αὑτὰς
2300 5158 2396 5213 zeal
2428 5159 2790 5215 καταδικάσαι
2833 5161 2976 5232 ὑπὲρ
3018 5159 3114 5214 τοῦ
3160 5162 3340 5231 γάμου
3386 5160 3575 5215 τούτου
3626 5161 3758 5223 οὔτε

2084 5258 2246 5321 αὐτὸς
2276 5256 2479 5328 τολμῶ,
2506 5256 2632 5312 οὔτε
2661 5258 2807 5328 ἀλλῳ
2836 5259 3109 5331 παραινῶ·
3151 5260 3339 5332 ἐπειδὴ
3373 5260 3509 5332 μηδὲ
3535 5260 3616 5331 τῷ
3645 5278 3756 5332 μα-

2085 5355 2260 5426 καρίῳ
2301 5353 2497 5425 Παύλῳ
2534 5354 2695 5408 τοῦτο
2721 5355 2901 5419 δοκεῖ,
2936 5356 3137 5427 μᾶλλον
3166 5356 3224 5410 δὲ
3250 5357 3328 5427 τῷ
3366 5356 3758 5431 Πνεύματιπτῷ

2081 5450 2241 5520 ἁγίῳ.
2277 5450 2460 5505 Εἰπὼν
2490 5450 2619 5523 γὰρ,
2648 5450 2817 5520 Γυνὴ
2844 5450 3073 5506 δέδεται
3103 5454 3265 5522 νόμῳ
3295 5454 3387 5522 ἐφ’
3421 5454 3575 5508 ὅσον
3613 5455 3759 5524 κρό-

2084 5565 2196 5601 νον
2221 5545 2290 5616 ζῇ
2309 5551 2341 5602 ό
2370 5547 2525 5615 ἀνὴρ
2553 5547 2763 5617 αὐτῆς·
2790 5548 2899 5602 ἐὰν
2929 5548 2998 5602 δὲ
3019 5548 3275 5617 κοιμηθῇ
3298 5553 3338 5602 ὀ
3361 5548 3519 5618 ἀνὴρ
3540 5550 3754 5621 αὐτῆς.

2087 5643 2371 5714 ἐλευθέρα
2398 5645 2569 5699 ἐστίν
2595 5637 2644 5711 ᾧ
2671 5645 2829 5699 θέλει
2855 5643 3201 5715 γαμηθῆναι,
3228 5646 3421 5714 μόνον
3440 5646 3510 5699 ὲν
3536 5649 3756 5718 Κιιρίφ·

2091 5742 2182 5794 zeal
2218 5744 2576 5814 συγχωρήσας
2606 5744 2672 5812 τῇ
2703 5742 2847 5813 χήρᾳ
2879 5745 2925 5795 εί
2956 5743 3196 5813 βούλοιτο
3220 5741 3537 5815 γαμηθῆναι
3568 5746 3756 5813 πάλιν,

2476 6031 2509 6042 Α
