4016 6154
267 411 375 465 609

267 504 417 572 quod
447 519 592 575 sarpe
619 505 849 574 sperasti
878 502 1008 568 fore
1028 511 1086 557 ιιι
1127 502 1173 557 is
1200 503 1266 557 ad
1291 492 1663 573 prmiectornm
1691 504 1864 574 digni-

275 606 442 652 tatem
469 594 810 657 eveheretur,
844 594 1067 665 ideoque
1093 593 1455 664 magistratum
1491 593 1565 648 illi
1595 593 1860 664 quodam-

274 687 441 742 modo
466 694 710 758 ereptum
732 684 901 747 doles,
925 686 1152 755 primum
1179 686 1306 740 illud
1332 685 1544 757 quidem
1576 688 1655 740 fac
1685 694 1858 739 tecum

278 777 515 847 cogites,
544 777 669 831 licet
704 776 862 831 valde
899 775 1173 845 explorata
1223 787 1370 831 esset
1409 776 1523 832 hate
1551 790 1674 844 Spes
1694 818 1707 839 ,
1735 786 1872 829 atta—

279 883 402 921 men
455 869 740 920 humanam
792 864 955 920 fuisse
997 881 1145 934 spem
1172 907 1186 929 ,
1217 881 1336 935 qua:
1382 882 1525 936 saepe
1578 866 1763 920 fallere
1804 866 1873 919 sit

279 958 440 1012 solita
473 973 489 1011 :
521 971 585 1010 ac
612 956 778 1010 multa
813 955 1111 1026 hujusmodi
1143 955 1194 1009 in
1225 956 1325 1010 hac
1350 956 1452 1009 vita
1485 954 1718 1024 quotidie
1748 969 1873 1010 eve-

283 1048 402 1101 nire
442 1047 744 1101 cernimus:
801 1057 888 1110 ut,
930 1061 1050 1100 cum
1095 1062 1193 1110 ea,
1224 1063 1343 1116 qua:
1374 1046 1527 1101 valde
1572 1061 1869 1116 sperantur,

285 1140 510 1193 minime
537 1139 735 1193 exitum
764 1139 1063 1206 inveniant,
1096 1154 1157 1193 ea
1182 1180 1196 1202 ,
1224 1153 1342 1208 qua:
1371 1154 1541 1209 neque
1563 1140 1614 1193 in
1642 1149 1874 1195 mentem

285 1238 588 1295 venerunt,
619 1231 687 1285 ad
742 1232 899 1285 tinem
952 1247 1320 1301 smpenumero
1349 1232 1737 1301 perducantur:
1765 1233 1877 1288 sive

287 1322 358 1379 ad
379 1324 603 1392 imperia
629 1364 644 1388 ,
678 1323 792 1378 sive
817 1323 883 1377 ad
913 1339 1070 1393 regna
1090 1366 1104 1389 ,
1139 1326 1252 1379 sive
1276 1324 1341 1379 ad
1364 1325 1703 1383 ltmreditzttes
1720 1366 1737 1391 ,
1762 1326 1875 1382 sive

287 1413 358 1467 ad
383 1414 746 1478 matrimonia,
771 1414 884 1467 sive
927 1413 1031 1468 alio
1058 1414 1293 1468 animum
1345 1415 1700 1471 intendamus.
1733 1417 1879 1485 Quo-

289 1505 435 1559 circa
484 1504 731 1573 quamvis
758 1520 921 1574 prope
945 1505 1160 1560 adesset
1187 1516 1396 1575 tempus
1424 1548 1438 1573 ,
1471 1515 1667 1572 tamen,
1726 1518 1783 1562 ut
1826 1509 1877 1562 in

291 1597 584 1668 proverbio
623 1610 726 1664 est,
777 1595 944 1652 Multa
982 1607 1100 1651 sunt
1142 1598 1272 1651 inter
1303 1599 1511 1652 calicem
1548 1602 1593 1653 et
1629 1617 1882 1655 canonum

294 1689 488 1743 labinm
515 1687 612 1760 ta).
648 1690 725 1743 Ac
766 1703 895 1742 sane
946 1684 1214 1758 Scriptura
1260 1690 1371 1758 ipsa
1416 1689 1620 1759 inquit:
1649 1691 1694 1743 Α
1738 1708 1884 1745 mane

291 1796 460 1849 usque
485 1780 553 1833 ad
578 1796 835 1850 vesperam
873 1781 1166 1834 immutatur
1189 1790 1383 1850 tempus
1413 1779 1598 1853 (Ereti.
1629 1780 1715 1835 18.
1746 1779 1836 1850 26)
1867 1799 1881 1835 :

294 1872 378 1927 sic
428 1880 485 1926 et
524 1887 652 1936 rex,
682 1872 773 1941 qni
805 1871 963 1926 hodie
1015 1881 1114 1937 est,
1145 1886 1262 1926 cras
1304 1873 1547 1926 moritur.
1577 1877 1653 1927 Ac
1697 1889 1882 1927 rursus

297 1979 463 2032 quam
498 1963 684 2016 incerti
715 1978 896 2017 rerum
927 1963 1099 2017 exitus
1125 1963 1249 2027 sint,
1280 1963 1434 2017 nobis
1475 1962 1752 2019 declarans
1802 1962 1889 2018 hic

300 2054 421 2125 ipse
440 2055 662 2123 Sapiens
688 2055 895 2124 inquit,
925 2053 1079 2108 Multi
1099 2055 1301 2125 tyranni
1328 2054 1559 2108 sederunt
1583 2055 1635 2108 in
1662 2054 1818 2118 solio,
1842 2064 1890 2109 et

300 2146 681 2217 iumspicabilis
732 2146 949 2216 portavit
1002 2146 1235 2199 diadema
1279 2144 1474 2219 (Eccli.
1509 2147 1595 2201 11.
1621 2147 1655 2202 5
1772 2145 1887 2201 Nan
1966 2136 1975 2139 ’

306 2238 475 2309 igitur
500 2236 987 2307 exploratissimum
1031 2245 1168 2302 erat,
1191 2237 1235 2291 si
1258 2238 1495 2302 vixisset,
1524 2237 1590 2291 ad
1640 2252 1759 2290 eum
1814 2237 1894 2291 di-

307 2328 531 2400 gnitatis
575 2329 794 2399 gradum
834 2338 1232 2397 perventurum.
1264 2329 1396 2385 Nam
1444 2331 1675 2385 incertus
1728 2326 1894 2384 futuri

305 2429 561 2480 eventus.
587 2428 749 2488 atque
776 2421 880 2474 alia
910 2421 1069 2475 etiam
1096 2429 1271 2487 erant,
1300 2436 1418 2491 qurc
1443 2421 1595 2476 nobis
1624 2420 1891 2491 suspicio-

312 2526 442 2563 nem
505 2510 807 2579 injicerent.
866 2511 1018 2567 Unde
1065 2513 1209 2567 enim
1262 2513 1597 2567 manifestum
1644 2522 1797 2580 erat,
1847 2512 1895 2567 si

308 2603 573 2666 vixisset,
619 2602 689 2656 ad
742 2604 1108 2674 magistratum
1161 2604 1309 2658 illum
1355 2612 1594 2659 evectum
1625 2606 1722 2671 iri,
1780 2605 1896 2659 nul-

309 2690 478 2762 laque
503 2691 724 2747 adversa
753 2702 1004 2749 eventura
1042 2709 1161 2751 esse
1186 2712 1200 2749 :
1223 2694 1369 2749 verbi
1397 2696 1563 2765 gratia
1584 2734 1600 2760 ,
1633 2705 1690 2749 ιιι
1713 2696 1900 2752 morbo

312 2791 596 2852 correptus
620 2825 634 2849 ,
663 2791 753 2837 aut
800 2783 993 2838 invidia
1034 2799 1096 2837 ac
1145 2783 1510 2839 malevolentia
1556 2799 1738 2839 eorum
1765 2826 1780 2851 ,
1810 2780 1899 2855 qui

315 2874 729 2945 prosperitatem
760 2873 900 2928 illius
950 2888 1056 2928 non
1086 2873 1324 2939 ferrent,
1356 2877 1752 2931 circumventus
1779 2916 1794 2937 ,
1820 2875 1902 2928 vel

314 2970 494 3037 aliqua
522 2968 624 3022 alia
664 2968 968 3022 calamitate
994 2967 1234 3035 affectus,
1269 2971 1514 3039 prtesenti
1541 2972 1698 3024 etiam
1727 2970 1902 3041 digni-

317 3071 429 3112 tate
456 3058 793 3127 privaretur?
823 3059 928 3113 Sed
979 3074 1239 3129 ponamus
1258 3061 1589 3131 exploratum
1644 3060 1825 3127 fuisse,
1858 3061 1902 3116 si

319 3150 523 3203 diutius
550 3149 809 3216 vixisset,
832 3150 897 3203 ad
930 3150 1058 3204 illud
1108 3150 1373 3221 fastigium
1406 3162 1809 3221 perventurum:
1840 3161 1897 3205 at

322 3253 508 3305 certe,
539 3252 736 3311 quanto
789 3243 960 3312 major
981 3243 1228 3313 dignitas,
1262 3253 1406 3297 tanto
1430 3243 1721 3315 majoribus
1769 3240 1910 3314 peri-

326 3338 487 3403 eulis,
544 3341 707 3407 curis,
756 3339 961 3395 insidiis
1013 3343 1317 3398 necessario
1363 3342 1596 3396 suberat.
1642 3340 1906 3397 Caeterum

396 3539 472 3602 (α)
506 3538 752 3602 Adagium.

1407 409 1496 465 DE
1518 404 1657 465 NON
1699 409 2040 467 lTERANDO
2076 410 2425 469 CONJUCIO.

3454 414 3559 471 M0

1972 503 2148 557 absint
2175 513 2227 559 et
2275 505 2393 569 ista,
2421 519 2484 561 ac
2503 504 2620 561 sine
2648 505 2889 575 periculo
2931 519 3243 576 summaque
3268 520 3390 561 cum
3415 517 3559 560 iraa-

1972 595 2232 665 quillitate
2282 594 2408 648 illud
2462 595 2721 667 navigarit
2770 596 3019 665 pelagus:
3051 596 3234 666 ecquis
3279 596 3419 660 linis,
3473 595 3560 653 dio

1973 686 2125 752 mihi,
2156 688 2445 741 manebat?
2470 704 2536 741 an
2582 703 2688 743 non
2743 687 2881 742 idem
2908 688 2997 757 qui
3031 702 3170 741 nunc
3190 687 3214 740 ?
3237 697 3331 741 aut
3382 687 3562 754 potius

1976 794 2082 831 non
2132 778 2294 844 idem,
2328 779 2421 833 sed
2476 779 2613 833 alius
2643 780 2888 843 fortasse,
2945 780 3109 835 tristis
3167 778 3443 845 nimirum,
3499 794 3561 832 ac

1979 870 2117 923 votis
2170 871 2418 924 onmibus
2465 869 3050 940 fugiendus?Primum
3101 870 3312 940 quidem
3359 868 3563 924 tardius

1978 959 2199 1014 vidisset
2226 961 2414 1014 etulum
2437 969 2491 1015 et
2514 976 2577 1015 ea
2605 976 2724 1032 qua:
2757 962 2809 1015 in
2848 961 2993 1016 caelis
3019 969 3163 1028 sunt,
3194 959 3332 1030 quod
3368 960 3433 1014 iis
3474 958 3561 1029 qui

1979 1066 2066 1104 res
2097 1049 2303 1105 futuras
2334 1050 2436 1106 ﬁde
2472 1060 2527 1105 et
2561 1066 2655 1121 spe
2695 1060 3084 1122 praeceperunt,
3132 1067 3237 1106 non
3286 1050 3562 1120 minimum

1979 1139 2231 1195 damnum
2257 1150 2358 1196 est.
2390 1141 2611 1209 Deinde,
2643 1142 2980 1212 quantumvis
3032 1156 3164 1212 pure
3214 1141 3455 1203 vixisset,
3484 1148 3566 1211 at—

1983 1243 2157 1289 tamen
2189 1234 2309 1289 vita:
2346 1219 2617 1305 loiigitudo
2641 1249 2704 1288 ac
2734 1234 3024 1289 necessitas
3051 1232 3291 1304 quredam
3321 1234 3375 1286 in
3418 1231 3563 1289 illutn

1981 1326 2344 1394 magistratum
2376 1324 2655 1380 incurrens
2681 1340 2785 1378 non
2811 1340 2963 1395 teque
2984 1324 3254 1393 integrum
3283 1332 3337 1377 et
3366 1337 3562 1390 purum

1982 1415 2128 1470 abre
2155 1414 2276 1469 hinc
2304 1415 2690 1486 permisissent,
2719 1424 2877 1485 atque
2897 1416 2996 1470 hoc
3019 1425 3275 1483 tempore.
3303 1413 3566 1468 incertum

1984 1522 2196 1577 quotiue
2215 1517 2268 1561 et
2293 1505 2422 1561 illud
2443 1548 2457 1571 ,
2480 1522 2546 1560 an
2575 1505 2711 1561 forte
2733 1506 2912 1563 multis
2938 1506 3111 1560 modis
3141 1504 3479 1567 immutatus,
3506 1515 3570 1555 ac

1987 1599 2323 1670 negligentia:
2369 1599 2581 1654 deditus
2624 1608 2922 1655 extremum
2988 1595 3256 1652 emisisset
3324 1594 3568 1655 halitum.

1987 1690 2119 1745 Nam
2141 1705 2282 1745 nunc
2307 1690 2521 1760 quidem
2551 1689 2871 1744 confidimus
2904 1687 2993 1742 Dei
3022 1686 3192 1759 gratia
3241 1685 3389 1739 illum
3444 1698 3573 1738 evo-

1989 1783 2127 1837 lasse
2156 1782 2222 1836 ad
2256 1782 2427 1836 locum
2467 1781 2661 1850 quietis
2683 1822 2697 1846 ,
2731 1779 2873 1849 quod
2904 1778 3099 1831 nullam
3123 1776 3275 1831 exiis
3300 1774 3473 1843 culpis
3518 1772 3574 1843 in

1991 1888 2050 1929 se
2076 1872 2383 1939 admiserit,
2412 1888 2530 1943 qua:
2559 1886 2590 1925 a
2620 1886 2785 1940 regno
2821 1870 3074 1924 caelorum
3102 1866 3419 1922 excludunt:
3452 1873 3577 1918 tunc
3612 1862 3623 1879 '

1993 1980 2121 2021 vero
2174 1965 2383 2035 publica
2424 1962 2633 2032 negotia
2682 1962 2996 2031 plerumque
3045 1967 3278 2012 tractans
3351 1955 3578 2023 fortasse

1994 2057 2186 2112 multas
2240 2056 2307 2111 ad
2350 2071 2409 2110 se
2463 2057 2769 2109 attraxisset
2816 2052 3021 2107 sordes.
3050 2050 3183 2104 Nam
3226 2057 3305 2103 tot
3341 2046 3578 2115 undique

1997 2150 2151 2205 malis
2176 2146 2642 2203 circumstantibus
2662 2154 2863 2199 rectum
2906 2152 3086 2196 tenere
3132 2153 3345 2194 cursum
3397 2150 3577 2190 rarum

1998 2239 2283 2296 admodum
2315 2247 2429 2301 est;
2462 2250 2684 2309 peccare
2728 2244 2905 2288 autem
2934 2240 2989 2286 et
3037 2245 3130 2300 per
3170 2225 3579 2297 imprudentiam

1997 2339 2050 2386 et
2075 2338 2261 2400 sponte
2281 2371 2296 2394 ,
2323 2327 2479 2382 valde
2510 2326 2756 2380 usitatum
2782 2338 2845 2377 ac
2868 2320 3253 2394 quotidianum.
3279 2318 3428 2372 Nunc
3451 2330 3581 2369 vero

1997 2436 2028 2475 a
2060 2420 2250 2475 timore
2286 2419 2388 2473 isto
2410 2418 2566 2487 longe
2590 2415 2875 2479 absumus,
2905 2427 2969 2466 ac
2990 2423 3310 2481 magnopere
3356 2405 3579 2463 conlidi-

2002 2527 2123 2568 mus
2142 2553 2157 2577 ,
2190 2518 2472 2564 venturum
2504 2507 2556 2561 in
2583 2504 2774 2560 dieiila
2801 2503 3015 2572 plenum
3038 2499 3213 2570 gaudii
3242 2507 3297 2553 et
3334 2494 3585 2565 splendo-

2001 2606 2076 2660 ris
2099 2601 2404 2675 proximum
2461 2597 2610 2667 Regi,
2642 2605 2802 2665 atque
2828 2609 2929 2648 una
2960 2607 3078 2647 cum
3110 2589 3312 2661 angelis
3339 2602 3584 2656 praeeun-

2006 2709 2115 2753 tem
2145 2692 2359 2749 Christo
2379 2733 2393 2756 ,
2422 2688 2590 2759 gloria
2617 2686 2869 2740 amictum
2912 2682 3161 2737 inelTabiii
3180 2721 3196 2748 ,
3229 2688 3283 2734 et
3327 2677 3586 2753 iudicanti

2004 2788 2133 2857 Regi
2165 2786 2526 2848 aSsistt-ntem,
2576 2787 2630 2834 et
2675 2779 2729 2833 in
2777 2773 3231 2846 przestantissimis
3278 2770 3587 2825 muneribus
3662 2812 3665 2815 .

2007 2880 2418 2934 ministrantem.
2446 2869 2801 2938 Quamobrem
2831 2867 2995 2921 misso
3014 2864 3123 2934 jam
3155 2861 3279 2917 ﬂetu
3307 2870 3360 2916 et
3387 2858 3591 2930 ejulatu

2007 2970 2250 3027 eamdem
2278 2964 2488 3021 vivendi
2538 2961 2822 3024 rationem,
2871 2957 2978 3012 imo
3007 2954 3390 3010 accuratiorem
3444 2938 3588 3011 tene,

2011 3074 2068 3120 ut
2092 3060 2333 3119 eamdem
2365 3066 2523 3125 atque
2544 3053 2634 3108 ille
2663 3051 2853 3120 adepta
2874 3049 3145 3112 virtutem,
3180 3047 3233 3099 in
3257 3044 3395 3099 idem
3426 3044 3590 3098 etiam

2013 3171 2135 3211 cum
2166 3152 2259 3209 illo
2287 3144 2688 3208 tabernaculum
2719 3140 3014 3208 recipiaris,
3044 3152 3106 3192 ac
3130 3151 3312 3191 rursus
3338 3132 3592 3205 conjungi

2011 3260 2135 3304 cum
2185 3242 2280 3299 illo
2309 3252 2474 3310 queas
2504 3237 2555 3291 iu
2598 3232 2923 3302 sempiterna
2953 3229 3040 3282 illa
3089 3224 3307 3291 smcula,
3334 3238 3439 3277 non
3492 3221 3596 3275 hoc

2012 3336 2337 3393 matrimonii
2369 3349 2527 3398 nexu,
2581 3330 2675 3385 sed
2715 3329 2819 3383 alio
2863 3323 3089 3396 quodam
3140 3321 3294 3390 longe
3342 3315 3585 3372 meliore.

2014 3434 2110 3489 liic
2156 3432 2297 3486 enim
2335 3441 2557 3497 corpora
2595 3433 2799 3479 tantum
2842 3417 3074 3487 copulat,
3108 3414 3197 3468 ille
3227 3426 3352 3466 vero
3375 3407 3592 3481 justior,

2015 3525 2180 3581 multo
2205 3519 2489 3593 jucundior
2514 3517 2803 3584 meliorque
2823 3511 3054 3565 animam
3082 3507 3273 3563 anima:
3296 3502 3490 3573 jungit.
3548 3558 3551 3567 l

1133 3654 3571 3702 MM

894 3764 1247 3826 EIUSDEM
1290 3766 1395 3825 AD
1441 3764 1784 3825 EAMDEM
1826 3763 1931 3823 DE
1973 3759 2136 3823 NON
2181 3748 2591 3847 ITERANDQ
2633 3740 3044 3809 CONJUGIO.

1848 3879 2110 3970 έθξθοσθῖῶ

415 4045 469 4096 1.
514 4042 782 4106 Mulieres,
814 4057 933 4111 qua:
955 4042 1187 4096 virorum
1219 4041 1656 4096 consuetudinem
1679 4081 1695 4107 ,
1741 4045 1921 4110 partus

336 4133 580 4198 dolores,
610 4142 664 4186 et
687 4143 880 4187 cietera
909 4133 1084 4187 omnia
1115 4148 1233 4202 quae
1259 4147 1436 4188 secum
1486 4132 1701 4186 trahens
1741 4129 1924 4184 matri-

342 4225 584 4278 monium
631 4225 684 4277 in
723 4224 995 4277 hominum
1042 4224 1229 4278 domos
1274 4222 1586 4292 ingreditur,
1636 4234 1923 4289 numquam

341 4332 444 4370 usu
490 4325 873 4386 cognoverunt,
902 4316 966 4369 ad
1007 4315 1150 4369 viros
1186 4316 1421 4369 animum
1466 4314 1753 4383 appellere,
1795 4309 1925 4364 nihil

344 4425 478 4465 sane
519 4409 819 4463 mirandum
846 4418 929 4463 est
957 4427 970 4463 :
1003 4424 1124 4462 nam
1149 4418 1202 4462 et
1228 4408 1443 4470 bellum,
1472 4421 1585 4461 rem
1615 4404 1748 4459 adeo
1778 4402 1929 4455 labo-

346 4503 573 4565 riosam,
614 4500 900 4567 inexpertis
934 4499 1095 4553 dulce
1141 4513 1263 4552 esse
1310 4498 1361 4551 in
1412 4495 1690 4566 proverbio
1733 4502 1835 4548 est.
1864 4492 1933 4545 At

344 4590 625 4644 sexcentis
667 4588 825 4642 malis
865 4587 1098 4652 aiIectas,
1126 4587 1422 4656 quibusque
1453 4586 1583 4639 dura
1611 4585 1724 4653 ipsa
1754 4596 1933 4635 rerum

348 4680 591 4735 conditio
616 4679 898 4748 persuasit.
921 4694 1017 4733 eas
1059 4679 1270 4748 quidem
1293 4718 1308 4744 ,
1341 4693 1459 4746 qua:
1506 4676 1692 4730 soluta:
1720 4688 1749 4727 a
1777 4671 1936 4726 rebus

353 4771 520 4840 hujus
568 4770 750 4824 mundi
792 4770 953 4823 vitam
982 4778 1221 4839 agerent,
1251 4768 1432 4821 beatas
1461 4765 1767 4835 praedicare,
1799 4761 1940 4829 seip-
1988 4786 1993 4793 -

354 4877 449 4917 sas
472 4869 676 4924 autem,
702 4871 761 4916 et
787 4859 1071 4929 pronubas,
1096 4869 1151 4915 et
1171 4859 1316 4914 diem
1340 4873 1447 4927 quo
1471 4858 1523 4911 in
1546 4854 1939 4909 matrimonium

354 4962 483 5007 sunt
501 4952 796 5015 collocatae,
819 4950 1010 5004 millies
1033 4949 1318 5016 exsecrari,
1339 4962 1430 5003 eas
1446 4948 1585 5015 ipsas
1599 4955 1718 5013 post
1739 4952 1943 4999 tantum

356 5043 557 5098 fastidii
603 5057 791 5097 rursus
826 5040 1136 5096 earumdem
1180 5055 1355 5094 rerum
1384 5037 1649 5092 desiderio
1672 5035 1810 5103 capi,
1844 5033 1945 5087 hoc

355 5145 468 5202 est,
493 5134 638 5205 quod
679 5148 767 5187 me
816 5131 1199 5203 propemodum
1238 5127 1590 5198 obstupefacit
1616 5142 1679 5180 ac
1703 5124 1948 5179 dubitare
1990 5132 1995 5137 ‘

359 5230 529 5296 cogit.
559 5236 614 5279 et
641 5239 884 5294 quaerere
909 5222 1098 5292 ecquid
1123 5235 1298 5276 causzn
1322 5221 1392 5274 sit
1429 5218 1773 5288 quamobrem
1816 5229 1947 5284 quas
1987 5249 1991 5253 -

362 5335 453 5373 res
477 5328 660 5377 antea,
683 5329 806 5369 cum
835 5314 886 5367 in
920 5314 983 5367 iis
1009 5319 1365 5372 versarentur,
1393 5307 1663 5377 fugiendas
1682 5306 1951 5361 existima-

362 5408 629 5472 hant,lias
658 5420 952 5468 nnnc,cum
980 5404 1137 5465 abiis
1164 5402 1342 5456 liberal:
1360 5408 1503 5463 sunt,
1519 5408 1783 5467 tamquam
1800 5410 1955 5466 expe-

302 5556 307 5561 ,
365 5500 556 5556 teudas
578 5505 986 5567 persequantur.
1003 5495 1080 5549 Ac
1100 5494 1260 5549 multa
1277 5492 1489 5562 quidem
1507 5490 1685 5546 animo
1713 5503 1949 5554 versans,

371 5592 456 5646 ιιι
485 5589 731 5648 tandem.
762 5597 815 5643 ut
844 5594 994 5653 puto,
1022 5583 1087 5638 ad
1114 5585 1279 5652 ipsam
1310 5585 1388 5638 rei
1415 5596 1629 5637 causam
1660 5579 1955 5649 indaganda
1998 5622 2003 5627 .

374 5682 613 5754 perveni.
640 5685 814 5748 Atque
842 5677 1147 5749 canuitth
1165 5692 1269 5730 non
1292 5690 1394 5730 una
1412 5683 1517 5739 est,
1542 5682 1633 5728 aut
1661 5670 1954 5736 altera;sed
1994 5694 1997 5701 ·

376 5776 531 5843 piane
555 5770 966 5851 ιιιιιιιπλῖειιίίιιι
983 5768 1121 5829 enim
1143 5769 1212 5825 ob
1240 5766 1491 5837 temporis
1517 5765 1955 5838 longinquitatem

2029 4035 2265 4103 priorum
2309 4029 2505 4089 obiit-.13,
2542 4033 2597 4080 et
2622 4037 2683 4079 ea
2715 4028 2916 4076 tantum
2955 4030 3075 4087 qua:
3120 4014 3171 4068 in
3198 4011 3441 4067 manibus
3484 4020 3609 4062 sunt

2030 4099 2352 4187 recolentes,
2397 4119 2619 4173 veniunt
2651 4113 2865 4186 quidem
2905 4109 2971 4163 ad
3011 4105 3427 4169 matrimonium,
3456 4099 3609 4170 quasi

2032 4214 2098 4269 ad
2126 4214 2177 4269 id
2202 4212 2339 4283 quod
2366 4201 2541 4265 omnia
2580 4204 2849 4261 viduitatis
2869 4197 3205 4256 incommoda
3232 4194 3489 4264 depellat;
3516 4190 3611 4246 sed

2035 4308 2137 4363 alia
2179 4303 2418 4375 quaedam
2464 4300 2534 4354 ibi
2585 4298 2743 4366 longe
2786 4293 3028 4364 graviora
3074 4284 3404 4342 invenientes
3429 4295 3612 4338 rursus

2037 4399 2251 4456 easdem
2299 4408 2430 4464 quas
2475 4398 2668 4453 antea,
2719 4400 2879 4440 voces
2928 4380 3178 4436 emittunt
3205 4393 3219 4433 :
3248 4379 3438 4446 partim
3484 4387 3615 4428 vero

2041 4487 2323 4544 mundanis
2346 4484 2506 4538 rebus
2532 4492 2718 4534 rursus
2741 4475 3008 4530 inhiantes
3027 4471 3356 4541 gloriamque
3383 4478 3618 4534 praiseu-

2047 4583 2113 4635 tis
2147 4580 2268 4632 vitae
2295 4564 2617 4630 adnuit-antes
2641 4582 2694 4625 ct
2723 4569 3034 4623 viduitatem
3059 4578 3170 4617 rem
3194 4558 3472 4616 dedecoris
3500 4556 3616 4627 pie-

2045 4688 2165 4728 nam
2196 4670 2463 4742 putantes,
2496 4646 2851 4735 hujus’inanis
2888 4658 3070 4729 gloria:
3096 4663 3151 4710 et
3181 4651 3404 4707 tumoris
3456 4663 3617 4703 causa

2045 4740 2257 4821 easdem
2308 4766 2563 4830 appetunt
2607 4751 2927 4809 matrimonii
2997 4748 3260 4802 miserias.
3329 4740 3437 4795 Nec
3491 4752 3620 4792 vero

2047 4856 2240 4910 desunt
2281 4826 2397 4920 quin
2462 4863 2568 4901 non
2607 4839 2910 4913 ltujusmodi
2956 4837 3131 4893 causis
3174 4832 3418 4888 adductzn
3444 4870 3459 4893 ,
3516 4826 3612 4881 sed

2049 4943 2149 5000 soli
2207 4918 2629 5009 intemperantia:
2688 4933 2975 4994 cedentes,
3029 4936 3215 4982 rursus
3267 4921 3335 4976 ad
3393 4918 3622 5009 priorem

2050 5039 2174 5092 vita:
2214 5008 2473 5089 rationem
2517 5027 2770 5091 redeunt,
2800 5037 2861 5076 ac
2887 5033 3065 5075 veram
3102 5029 3317 5069 causam
3361 5008 3628 5064 occultare

2053 5128 2139 5193 iis,
2168 5140 2299 5197 quas
2326 5123 2561 5177 diximus
2581 5160 2594 5181 ,
2628 5111 2981 5186 pra-texendis
3010 5118 3288 5163 comatur.
3322 5098 3477 5170 Atqui
3502 5099 3629 5152 istas

2055 5193 2305 5275 accusare
2340 5214 2502 5283 atque
2547 5203 2844 5277 hujnsmodi
2886 5196 3206 5254 matrimonii
3251 5193 3463 5247 nomine
3496 5202 3625 5242 con-

2055 5311 2321 5366 demnare
2354 5279 2523 5372 neque
2563 5298 2675 5368 ipSe
2716 5293 2907 5355 ausim,
2952 5301 3125 5355 neque
3163 5282 3317 5339 alteri
3343 5289 3400 5375 ut
3441 5279 3629 5371 audeat

2058 5396 2425 5459 auetor'sim,
2466 5376 3086 5460 quandoquidem‘alitcr
3121 5377 3292 5430 visqu
3343 5371 3426 5427 est
3477 5371 3636 5424 beato

2061 5491 2245 5551 PaUlo,
2267 5487 2352 5540 vel
2372 5483 2545 5554 potius
2566 5471 2909 5549 Spiritui‘ipsi
2936 5478 3142 5523 saneto.
3171 5464 3301 5520 Nam
3320 5468 3449 5517 cum
3479 5460 3646 5554 dixis-

2061 5593 2162 5643 set,
2198 5579 2381 5633 Mulier
2391 5572 2609 5643 mitigata
2636 5577 2707 5621 est
2732 5565 2829 5634 legi
2844 5606 2859 5628 ,
2881 5569 3067 5632 quanto
3092 5567 3315 5628 tempore
3331 5556 3406 5609 uir
3429 5554 3537 5626 ejus
3560 5553 3636 5605 ri-

2063 5677 2131 5727 rit
2160 5688 2177 5725 :
2202 5669 2333 5738 quod
2352 5661 2676 5721 sivwrntierit
2702 5654 2931 5727 vincjus,
2952 5651 3108 5705 libera
3130 5658 3203 5703 est
3221 5646 3300 5703 cui
3314 5646 3437 5700 relit
3463 5644 3633 5701 nubet.

2050 5735 2257 5830 tantum
2285 5760 2335 5813 in
2365 5754 2581 5817 ﬂamina
2607 5752 2681 5823 (ι.
2711 5746 2904 5809 (ἴοι-,7.
2935 5742 3052 5811 59);
3082 5751 3235 5809 atque
3264 5738 3338 5793 ita
3367 5735 3534 5789 vidua:
3549 5746 3647 5803 po-
