4016 6154
472 308 567 364 οη

474 430 720 477 testatem
746 419 960 477 fecisset
970 435 1153 476 rursus
1174 420 1219 476 si
1237 422 1361 475 velit
1379 421 1631 485 nubendi,
1645 422 2047 492 addidissetque

473 512 678 567 Beatior
700 521 864 565 autem
881 521 973 577 est,
996 512 1042 566 si
1065 513 1136 565 sic
1146 513 1482 582 permanserit
1516 513 1718 581 (LCor.
1770 513 1825 568 7.
1847 511 1959 585 40):
1985 528 2054 577 ne

474 607 591 675 quis
616 614 822 675 putaret
842 605 1126 669 humanum
1150 618 1269 669 esse
1282 614 1625 676 prmceptum,
1644 604 1758 660 haec
1775 604 2014 675 adjunxit
2033 620 2049 658 :

474 692 610 749 Puto
639 698 825 761 autem,
846 696 980 764 quod
1005 705 1050 749 et
1073 712 1163 766 ego
1193 695 1442 763 Spiritum
1467 694 1564 753 Dei
1602 696 1810 749 habeam
1839 694 1887 767 (1
1896 695 2049 767 bid.),

474 788 632 858 plane
674 790 960 855 ostendens
1001 789 1201 861 Spiritu
1234 791 1468 864 dictante
1509 789 1581 857 ita
1626 788 1729 845 sibi
1765 803 1886 844 esse
1926 802 2056 844 con-

472 880 691 947 scripta.

543 970 799 1025 Secunda
837 971 1028 1047 nuptiae
1068 987 1169 1025 non
1206 970 1495 1043 culpanda.
1522 999 1593 1011 -—
1616 970 1694 1025 Ne
1716 969 1836 1041 quis
1872 968 2053 1039 igitur,

472 1074 592 1139 qua:
626 1060 786 1119 modo
818 1059 1058 1117 dicturus
1104 1075 1244 1125 sum,
1280 1060 1333 1114 in
1376 1076 1496 1116 eam
1538 1068 1740 1131 partem
1789 1052 2052 1129 aecipiat,

472 1150 626 1221 quasi
666 1166 778 1218 eas,
812 1167 945 1221 quas
1002 1151 1345 1207 matrimonio
1383 1166 1442 1207 se
1477 1151 1726 1221 jungunt,
1767 1148 2056 1219 reprelien-
2086 1164 2104 1185 ο

474 1240 599 1296 dam
624 1256 687 1296 ac
726 1242 995 1297 criminer.
1039 1242 1270 1327 Summa:
1303 1243 1445 1299 enim
1484 1242 1800 1313 arrogantiae
1823 1254 1886 1296 ac
1911 1240 2058 1295 furo-

474 1331 550 1386 ris
588 1331 763 1401 fuerit,
803 1348 935 1403 quas
973 1349 1078 1388 non
1119 1334 1395 1405 castigavit
1437 1334 1623 1389 beatus
1651 1333 1763 1401 ille,
1802 1332 1898 1390 sed
1940 1332 2060 1403 qui-

477 1421 577 1478 bus
602 1424 858 1493 pepercit,
887 1424 984 1478 has
1012 1416 1198 1481 conti-a
1224 1441 1256 1481 a
1274 1424 1427 1481 nobis
1466 1424 1659 1497 acerbe
1687 1423 2058 1493 condemnari,

478 1513 638 1585 idque
664 1529 784 1583 cum
813 1516 1085 1571 sexcentis
1111 1531 1208 1571 nos
1236 1515 1546 1572 criminibus
1586 1530 1911 1586 premamur.
1962 1513 2062 1567 Et-

476 1606 620 1660 enim
637 1606 726 1676 qui
749 1606 831 1660 vel
852 1606 1184 1676 ajudicando
1203 1606 1491 1674 abstinere,
1514 1622 1583 1662 ne
1602 1606 1791 1662 eadem
1812 1618 2061 1677 mensura

478 1696 533 1752 in
582 1713 679 1752 nos
720 1697 976 1767 judicium
1024 1708 1362 1764 exerceatur,
1405 1707 1565 1769 atque
1592 1698 1645 1752 in
1668 1697 1896 1751 aliorum
1941 1708 2065 1765 pec-

477 1797 596 1842 cata
621 1788 838 1851 minime
881 1789 1226 1845 vehementes
1267 1803 1386 1843 esse
1428 1788 1634 1858 judices
1671 1786 1940 1858 jubemur,
1967 1781 2063 1839 sed

478 1878 707 1943 leneset
726 1881 792 1935 ad
819 1882 1029 1955 veniam
1057 1881 1285 1937 dandam
1315 1881 1533 1948 faciles;
1564 1882 1610 1935 si
1637 1895 1748 1953 rem
1770 1895 1889 1950 qua:
1915 1887 2064 1933 extra

477 1970 688 2040 culpam
706 1970 774 2025 sit
792 1970 1138 2031 criminemur
1148 1980 1202 2027 et
1214 1970 1654 2039 condemnemus,
1675 1968 1943 2040 quomodo
1955 1982 2064 2023 non

480 2077 697 2118 omnem
719 2064 873 2119 nobis
908 2063 1119 2118 veniam
1149 2064 1518 2133 praecidemus,
1550 2078 1617 2119 ex
1645 2074 1829 2117 nostro
1858 2062 1909 2116 in
1938 2077 2063 2132 pro-

480 2155 685 2208 ximum
727 2154 867 2210 facto
889 2155 943 2208 in
969 2168 1088 2210 eam
1117 2155 1437 2209 sententiam
1461 2154 1779 2209 inducentes
1803 2151 2060 2221 judicem,

481 2253 544 2299 ut
567 2246 619 2299 in
641 2260 738 2300 nos
766 2246 1000 2300 vicissim
1021 2261 1079 2301 se
1097 2243 1655 2321 pnebeatduriorem?
1670 2242 1786 2313 Non
1825 2243 1984 2312 igitur
2009 2250 2067 2301 ut

483 2335 602 2395 illas
646 2350 893 2391 accusem
917 2351 981 2392 ac
999 2352 1250 2409 pungam,
1281 2335 1395 2393 huc,
1412 2336 1653 2407 oratione
1679 2334 1886 2389 delatus
1912 2348 2027 2407 sum
2046 2349 2066 2387 :

482 2424 627 2495 quod
669 2426 811 2499 enim
838 2427 893 2481 in
919 2426 1145 2481 Domino
1189 2426 1306 2481 ﬁeri
1334 2433 1529 2496 potest,
1562 2426 1614 2479 in
1644 2423 1694 2479 id
1723 2424 1917 2496 cadere
1958 2424 2067 2478 cri-

482 2529 609 2569 men
636 2515 782 2569 nullo
806 2516 965 2571 modo
989 2524 1201 2587 potest:
1230 2514 1451 2585 Tantum
1470 2557 1485 2582 ,
1510 2515 1714 2585 inquit,
1742 2513 1795 2567 in
1818 2512 2062 2589 Domino.

450 2666 453 2667 ν
485 2604 692 2666 νει-μω,
710 2606 1156 2676 quemadmodum
1186 2621 1307 2662 cum
1332 2606 1401 2662 de
1419 2606 1720 2678 virginitate
1747 2605 1910 2661 verba
1936 2604 2069 2661 faci-

483 2712 625 2765 mus,
678 2714 785 2753 non
821 2706 879 2754 ut
914 2698 984 2754 de
1018 2699 1349 2775 matrimonii
1388 2698 1645 2770 dignitate
1687 2697 2064 2764 detrahamus,

483 2789 629 2849 illam
656 2789 899 2846 laudibus
923 2791 1225 2845 extollimus
1252 2807 1275 2859 :7
1300 2792 1373 2846 ita
1398 2805 1519 2845 cum
1541 2789 1610 2847 de
1645 2790 1903 2857 viduitate
1943 2789 2065 2845 dis-

488 2888 738 2951 putamus
760 2921 777 2947 ,
841 2896 945 2935 non
972 2881 1185 2955 quidem
1221 2896 1320 2936 ceu
1354 2880 1615 2937 secundas
1641 2881 1853 2953 nuptias
1881 2880 1936 2935 in
1972 2895 2068 2937 ea-

484 2986 604 3025 rum
631 2986 808 3026 rerum
837 2986 1080 3040 numero,
1094 2972 1293 3050 quibus
1336 2970 1676 3027 interdictum
1705 2971 1794 3036 sit,
1835 2971 2070 3027 colloce-

485 3076 627 3128 mus,
679 3062 963 3127 mulieres,
1011 3071 1069 3117 ut
1114 3062 1279 3119 semel
1326 3062 1572 3139 nupsisse
1612 3070 1878 3121 contentae
1919 3059 2065 3129 sint,

483 3152 830 3209 cohortamur
865 3169 880 3217 ;
922 3153 1019 3208 sed
1056 3152 1295 3225 fatemur
1346 3152 1562 3227 quidem
1621 3150 1870 3207 secundis
1905 3151 2067 3205 etiam

486 3239 658 3311 legem
685 3256 790 3296 non
817 3242 1026 3309 violari,
1072 3250 1439 3305 verumtamen
1484 3255 1619 3295 unas
1664 3240 1869 3296 iteratis
1910 3240 2071 3311 longe

488 3341 746 3401 praestare
775 3345 880 3385 non
902 3332 1235 3409 dubitamus.
1253 3330 1434 3400 Itaque
1454 3331 1507 3385 in
1529 3330 1629 3386 hac
1648 3331 2072 3401 comparatione,

485 3436 608 3475 cum
638 3436 799 3476 unum
824 3421 978 3477 alteri
999 3431 1249 3491 prmstare
1275 3420 1523 3487 dicimus,
1555 3437 1714 3478 nemo
1743 3421 1848 3478 hoc
1868 3424 2065 3493 ipsum,

487 3511 629 3581 quod
656 3511 961 3567 inferiorem
986 3511 1159 3566 locum
1185 3520 1370 3567 tenere
1393 3513 1642 3579 dicimus,
1669 3510 1857 3568 vitium
1897 3520 2066 3582 putet.

473 3599 776 3655 .Nonenim
808 3600 900 3655 illa
938 3603 1082 3658 inter
1103 3616 1163 3657 se
1186 3601 1308 3656 ideo
1345 3603 1690 3671 conferimus,
1737 3611 1798 3658 ut
1834 3604 2072 3673 ipsorum

489 3692 715 3746 alterum
742 3693 795 3747 in
822 3692 1079 3749 malorum
1122 3694 1364 3751 ordinem
1408 3695 1713 3764 rejiciatur;
1743 3694 1839 3751 sed
1880 3710 2074 3769 conce-

490 3780 679 3836 dentes
708 3782 760 3837 id
790 3782 892 3851 legi
933 3793 1347 3840 consentaneum
1373 3799 1511 3848 esse.
1532 3793 1823 3854 nostroque
1852 3784 2074 3841 arbitrio

492 3872 833 3942 permissum,
861 3872 1087 3929 alterum
1118 3883 1293 3930 tamen
1318 3890 1430 3947 pra:
1459 3875 1562 3931 hoc
1588 3876 1744 3946 longe
1785 3877 1953 3947 pluris
1994 3875 2075 3932 fa-

452 3966 691 4035 ._cimus,
738 3968 1015 4038 magisque
1068 3968 1410 4039 suspicimus.
1457 3968 1596 4034 Quid
1651 3969 1767 4024 ita?
1812 3968 2074 4036 Quoniam

492 4057 717 4133 multum
758 4058 981 4125 interest
1014 4059 1262 4131 eamdem
1300 4060 1579 4115 mulierem
1616 4060 1775 4115 unius
1811 4059 1912 4115 viri
1948 4074 2075 4127 esse

492 4162 746 4216 uxorem,
777 4148 1111 4219 acduorum.
1137 4149 1270 4213 Nam
1295 4151 1382 4221 cui
1408 4151 1556 4221 prior
1594 4150 1725 4206 satis
1768 4159 1871 4218 est,
1918 4150 2077 4221 plane

444 4304 447 4307 λ
472 4239 850 4313 ,ostenditneq
860 4254 925 4296 ue
950 4239 1018 4296 ad
1040 4240 1191 4297 illum
1218 4241 1394 4312 ipsum
1410 4256 1469 4298 se
1483 4240 1850 4313 adjuncturam
1880 4241 2066 4308 fuisse,

492 4331 683 4389 siretn
708 4346 807 4387 usu
833 4331 949 4401 ipso
974 4331 1142 4403 probe
1175 4332 1415 4397 novisset
1438 4350 1452 4386 :
1475 4348 1595 4404 qua:
1629 4341 1809 4388 autem
1846 4331 2074 4388 alterum

474 4433 749 4489 lsponsum
770 4421 825 4475 in
850 4423 1043 4492 prioris
1085 4423 1260 4480 cubile
1301 4422 1525 4491 inducit,
1554 4438 1809 4495 magnum
1828 4478 1831 4483 ⁴
1850 4421 2077 4493 egregiae

492 4524 625 4581 erga
650 4511 906 4571 mundum
931 4514 1179 4577 amicitiae
1205 4524 1364 4586 atque
1381 4531 1509 4586 erga
1550 4531 1641 4571 res
1680 4523 1921 4587 terrenas
1946 4530 2077 4588 pro-

462 4599 769 4673 .pensionis
816 4602 1069 4661 indicium
1106 4605 1328 4675 prabet.
1373 4607 1549 4676 Atque
1587 4606 1677 4661 illa
1717 4605 1933 4677 quidem
1978 4620 2079 4675 nec

492 4691 634 4752 dum.
666 4692 866 4749 viveret
906 4694 1010 4760 vir,
1052 4709 1182 4765 erga
1216 4696 1381 4761 alium
1418 4705 1691 4753 commota
1726 4697 1908 4753 animo
1947 4706 2075 4755 est:

490 4781 614 4853 hinc
642 4798 791 4850 vero,
817 4785 1041 4851 etsiillo
1068 4786 1279 4844 vivente
1310 4786 1378 4843 ab
1415 4788 1534 4843 aliis
1570 4802 1639 4855 se
1677 4786 1921 4858 pudicam
1958 4802 2078 4844 ser-

484 4871 663 4941 .varit,
690 4883 927 4943 attamen
972 4875 1170 4933 multos
1211 4877 1551 4951 aliosmagis
1592 4892 1756 4950 quam
1800 4876 1954 4954 illum
1987 4894 2081 4936 su-

493 4967 691 5039 spexit.

566 5060 623 5114 2.
648 5057 759 5127 Sed
786 5073 873 5129 ne,
894 5074 983 5125 ex,
1002 5058 1106 5121 hoc
1146 5059 1285 5129 facto
1310 5062 1670 5132 conjecturam
1711 5062 1782 5125 de
1808 5068 2080 5141 preterita

497 5155 603 5222 vita
646 5153 945 5221 faciamus,
975 5169 1105 5219 rem,
1131 5154 1302 5225 ipsam
1348 5156 1731 5227 expendamus.
1762 5157 1977 5216 Etenim
2002 5169 2081 5227 ut

504 5248 770 5318 virginitas
786 5248 1134 5312 matrimonio
1154 5249 1345 5315 melior
1367 5260 1450 5307 est
1472 5290 1499 5319 ,,
1518 5251 1588 5308 ita
1613 5251 1716 5317 hoc
1740 5255 2080 5319 matrimonio

496 5340 647 5397 illud.
701 5341 864 5399 Vidua
914 5342 1058 5399 enim
1102 5342 1172 5399 de
1223 5343 1487 5415 principio
1536 5353 1743 5411 tantum
1790 5347 2079 5419 virginitati

486 5433 796 5501 concessit,
827 5433 894 5490 ad
923 5444 1223 5495 extremm
1248 5451 1376 5493 vero
1403 5437 1506 5507 ipsi
1548 5453 1733 5497 rursus
1756 5450 1999 5511 aequatur
2025 5452 2080 5497 et

472 5524 836 5597 .conjungitur
884 5545 900 5584 :
949 5530 1053 5587 hoc
1103 5547 1235 5591 vero
1282 5533 1682 5591 matrimonium
1731 5545 1956 5606 utraque
2008 5551 2080 5591 ex

464 5668 467 5669 ν
493 5626 649 5687 ρπιθ
675 5633 707 5673 a
738 5620 1037 5691 virginitate
1059 5625 1230 5682 abest.
1258 5624 1375 5681 [lue
1397 5625 1626 5693 accedit,
1646 5640 1766 5682 eam
1786 5642 1906 5698 quas
1930 5627 2083 5684 facile

498 5712 599 5767 fert
651 5711 959 5775 viduitatem
980 5752 996 5780 ι
1046 5734 1076 5775 a
1119 5720 1235 5779 viro
1281 5730 1537 5791 quoque,
1565 5717 1694 5779 dum
1739 5720 1907 5796 vivit,
1935 5736 2081 5794 saepe

683 5918 719 5954 ν

1240 307 1299 364 S.
1336 307 1611 365 JOANNIS
1647 307 2125 368 CHRYSOSTOMI
2163 310 2484 370 ARCHIEP.
2520 312 3058 372 CONSTANTINOP.

3630 323 3733 379 612

2160 436 2219 479 se
2243 431 2519 482 continere
2548 440 2712 503 :‘eam
2740 441 2887 490 vero,
2914 442 3034 498 qua:
3062 440 3176 482 rem
3203 428 3432 484 maxime
3454 430 3736 503 molestam

2160 525 2309 596 putat
2330 558 2345 582 ,
2376 518 2446 572 ita
2490 518 2727 591 animum
2756 518 3049 583 instituisse
3071 559 3087 584 ,
3110 582 3113 585 γ
3136 527 3195 574 ut
3222 534 3328 574 non
3368 534 3489 575 eum
3533 522 3738 579 duobus

2143 604 2334 679 solum
2365 606 2619 674 tribusve,
2650 607 2742 663 sed
2772 609 2932 675 etiam
2962 607 3129 662 multo
3158 609 3417 677 pluribus,
3446 610 3490 664 si
3522 611 3595 665 ita
3622 627 3739 667 sors

2160 695 2316 763 ferat,
2363 697 2464 752 sibi
2505 712 2592 752 res
2636 696 2878 761 habenda
2925 698 3015 764 sit,
3060 712 3125 753 ac
3167 698 3256 752 vix
3299 707 3534 753 extrema
3576 710 3738 756 aetate

2159 786 2439 842 abstineat.
2471 787 2930 855 Quemadmodum
2976 789 3135 858 igitur
3182 789 3578 855 matrimonium
3608 789 3738 844 illud

2160 892 2363 948 magna:
2389 876 2684 933 honestatis
2718 894 2781 933 ac
2812 878 3174 948 temperantiae
3210 878 3482 947 specimen
3511 887 3595 934 est
3625 896 3639 933 :
3671 878 3745 934 ita

2161 965 2265 1022 hoc
2291 968 2511 1023 minime
2531 968 2745 1037 quidem
2770 968 2995 1023 dixerim
3026 968 3277 1036 lasciviae,
3297 968 3459 1033 absit,
3478 970 3572 1024 sed
3599 981 3748 1024 certe

2161 1058 2323 1111 animi
2366 1056 2673 1112 infirmioris
2696 1096 2712 1123 ,
2758 1069 2813 1114 ct
2838 1058 2927 1129 qui
2954 1057 3103 1113 carni
3131 1058 3342 1114 deditus
3372 1059 3441 1114 sit
3481 1068 3746 1130 terrasque

2161 1149 2350 1215 affixus
2376 1164 2474 1205 nec
2512 1165 2760 1221 magnum
2790 1160 2950 1220 atque
2975 1151 3242 1206 excelsum
3268 1151 3542 1223 quidpiam
3565 1153 3745 1206 animo

2142 1240 2446 1312 concipere
2467 1256 2714 1317 umquam
2743 1240 2930 1310 possit.

2234 1327 2509 1401 Sophisma
2537 1331 2591 1385 in
2631 1330 2833 1386 laudem
2861 1330 3182 1400 repetiturum
3223 1331 3516 1401 nuptiarum
3552 1331 3743 1401 refelli-

2162 1428 2266 1475 tur.
2295 1448 2369 1461 —
2392 1420 2546 1489 Quod
2589 1420 2636 1475 si
2663 1420 2782 1492 quis
2822 1420 3038 1490 objiciat
3059 1462 3077 1489 ,
3107 1420 3249 1491 quod
3295 1420 3577 1477 honestum
3623 1432 3705 1477 est
3723 1446 3744 1476 ο

2164 1511 2269 1565 tale
2289 1526 2408 1566 esse
2431 1550 2447 1577 ,
2475 1510 2587 1567 sive
2611 1512 2777 1567 semel
2799 1512 3025 1568 obeatur
3046 1553 3062 1579 ,
3089 1513 3202 1568 sive
3227 1512 3307 1567 bis
3328 1551 3346 1578 ,
3375 1513 3487 1568 sive
3511 1512 3706 1583 saepius
3734 1526 3753 1567 :

2164 1600 2411 1657 similiter
2436 1601 2581 1665 enim
2628 1601 2911 1667 honestum
2958 1617 3176 1657 manere
3198 1642 3216 1669 ,
3247 1602 3537 1672 quinetiam
3581 1617 3706 1674 eum
3730 1643 3746 1668 ,

2165 1689 2257 1761 qui
2297 1691 2493 1761 sacpius
2535 1691 2747 1747 functus
2788 1701 2909 1758 est,
2951 1692 3348 1769 laudabiliorem
3390 1706 3509 1749 esse
3549 1708 3617 1749 eo
3658 1692 3751 1763 qui

2166 1780 2377 1845 rarius;
2424 1781 2862 1851 respondebimus
2906 1782 3210 1852 bujusmodi
3248 1781 3522 1861 sophisma
3565 1784 3750 1837 incauv

2166 1874 2391 1929 tioribus
2419 1873 2645 1930 fortasse
2672 1889 2830 1945 posse
2858 1875 3130 1945 imponere
3153 1916 3168 1939 ,
3213 1874 3280 1930 ab
3309 1876 3372 1929 iis
3397 1885 3571 1929 autem
3596 1916 3613 1941 ,
3658 1874 3748 1944 qui

2136 1967 2402 2037 animum
2455 1966 2734 2023 advertere
2784 1966 3085 2033 voluerint,
3140 1965 3293 2020 facile
3344 1965 3512 2020 refelli
3568 1980 3746 2035 posse.

2138 2058 2557 2135 _Matrimonium
2598 2059 2740 2114 enim
2785 2074 2890 2114 non
2940 2073 3225 2135 corporum
3271 2057 3572 2112 commistio
3624 2055 3751 2110 facit

2134 2228 2139 2231 _
2167 2149 2269 2223 (ita
2291 2150 2432 2205 enim
2457 2160 2510 2205 et
2532 2150 2809 2205 fornicatio
2837 2150 3229 2221 matrimonium
3256 2149 3421 2227 esset)
3445 2189 3461 2214 ,
3489 2147 3583 2203 sed
3610 2147 3750 2217 quod

2169 2258 2232 2297 ea
2254 2284 2271 2311 ,
2300 2258 2418 2313 quae
2442 2252 2604 2313 nupta
2633 2250 2716 2298 est
2736 2282 2752 2309 ,
2778 2257 2886 2297 uno
2911 2241 3024 2296 viro
3050 2252 3299 2296 contenta
3322 2249 3424 2295 est.
3451 2245 3623 2311 Atque
3650 2240 3750 2294 hoc

2170 2333 2311 2387 inter
2350 2334 2874 2403 meretricem'atque
2918 2332 3201 2403 ingenuam
3230 2331 3581 2402 pudicamque
3627 2345 3750 2383 mu-

2170 2422 2356 2479 lierem
2384 2424 2621 2487 interest.
2650 2423 2802 2493 Quod
2843 2426 2889 2480 si
2932 2439 3039 2491 uno
3068 2426 3181 2479 viro
3208 2433 3454 2479 contenta
3495 2431 3751 2493 perpetuo

2164 2514 2241 2571 sit
2264 2556 2279 2581 ,
2325 2515 2753 2591 conjunction‘em
2799 2516 2954 2571 istam
3004 2516 3325 2579 matrimonii
3367 2514 3582 2569 nomine
3623 2528 3751 2569 vere

2169 2605 2453 2676 appellaris
2486 2624 2503 2660 :
2531 2606 2614 2661 sin
2660 2621 2757 2679 pro
2795 2606 3127 2675 unoqmultos
3173 2619 3399 2675 sponsos
3440 2604 3494 2658 in
3535 2604 3752 2660 domum

2172 2696 2421 2762 inducat,
2450 2712 2557 2775 non
2602 2695 2847 2768 equidem
2885 2696 3293 2751 fornicationem
3334 2693 3505 2749 audeo
3532 2692 3713 2749 dicere
3735 2735 3752 2760 ,

2170 2788 2268 2846 sed
2293 2789 2422 2844 illud
2444 2789 2844 2861 contenderem,
2871 2788 3010 2843 hanc
3034 2788 3145 2857 illa,
3166 2802 3289 2863 quae
3315 2802 3475 2841 unum
3501 2786 3756 2841 duntaxat

2170 2882 2345 2937 virum
2371 2881 2517 2935 novit
2538 2921 2554 2946 ,
2586 2870 2743 2951 longe
2770 2868 3077 2935 inferiorem
3102 2894 3242 2934 esse.
3272 2877 3364 2933 Illa
3386 2877 3528 2933 enim
3552 2875 3754 2930 audivit

2171 2972 2455 3027 Dominum
2480 2970 2779 3026 dicentem:
2802 2968 3019 3038 Propter
3042 2969 3136 3022 hoc
3160 2968 3371 3021 dimittet
3396 2967 3543 3020 homo
3560 2975 3757 3036 patrem

2170 3072 2217 3117 et
2241 3072 2451 3135 matrem
2475 3079 2621 3115 suam
2643 3102 2659 3128 ,
2689 3070 2734 3115 et
2760 3059 3032 3114 adhmrebit
3056 3060 3202 3112 uxori
3232 3042 3340 3113 sui:
3360 3098 3376 3123 ,
3407 3066 3454 3112 et
3487 3066 3630 3111 erunt
3654 3058 3757 3110 duo

2171 3154 2226 3207 in
2266 3168 2470 3207 carnem
2497 3169 2655 3206 unam
2700 3150 2928 3224 (Matth.
2965 3150 3049 3207 l9.
3082 3149 3198 3222 5),
3227 3165 3290 3205 ac
3329 3151 3446 3204 viro
3490 3148 3752 3213 adhmsit,

2171 3243 2394 3315 perinde
2419 3258 2482 3298 ac
2507 3258 2634 3299 vere
2659 3258 2753 3298 sua
2781 3258 2906 3299 caro
2933 3252 3117 3310 esset,
3146 3257 3317 3314 neque
3343 3242 3505 3297 oblita
3547 3250 3630 3297 est
3653 3241 3759 3296 sibi

2172 3338 2339 3392 semel
2382 3336 2614 3406 impositi
2657 3336 2863 3406 capitis.
2907 3332 3032 3391 llaec
3067 3351 3196 3391 vero
3240 3348 3339 3390 nec
3377 3335 3609 3404 priorem
3656 3347 3758 3388 nec

2172 3427 2520 3498 posteriorem
2550 3427 2725 3481 virum
2768 3426 3037 3495 propriam
3080 3433 3297 3481 carnem
3345 3432 3553 3494 reputat
3584 3441 3599 3478 :
3630 3438 3755 3478 nam

2175 3519 2378 3588 primus
2406 3534 2437 3572 a
2466 3518 2718 3584 secundo,
2737 3513 3003 3574 secundus
3029 3518 3097 3573 ab
3121 3517 3211 3573 illo
3236 3517 3435 3587 ejectus
3457 3527 3557 3573 est.
3576 3516 3762 3587 Neque

2173 3610 2318 3665 enim
2359 3609 2551 3664 mulier
2576 3610 2770 3679 prioris
2797 3610 2897 3665 viri
2939 3609 3250 3665 memoriam
3294 3608 3473 3665 colere
3521 3609 3757 3680 poterit,

2176 3718 2296 3773 qua:
2321 3710 2443 3774 post
2484 3702 2633 3756 illum
2662 3701 2817 3757 alteri
2856 3701 3071 3772 nupsit,
3098 3716 3199 3763 nec
3239 3701 3585 3770 posteriorem
3609 3700 3759 3769 justo

2177 3809 2361 3849 amore
2404 3802 2791 3865 prosequetur,
2828 3802 3019 3862 magna
3060 3793 3235 3847 adhuc
3275 3793 3468 3847 mentis
3510 3801 3662 3862 parte
3705 3791 3765 3846 in

2176 3902 2300 3943 eum
2327 3887 2418 3957 qui
2453 3886 2584 3941 obiit
2609 3885 2866 3940 derivata.
2894 3884 2970 3938 Ita
2999 3883 3058 3938 fit
3082 3924 3098 3951 ,
3126 3891 3184 3938 ut
3206 3883 3379 3938 neutri
3418 3886 3463 3936 is
3487 3923 3502 3949 ,
3531 3881 3621 3952 qui
3646 3881 3765 3935 viro

2178 3979 2441 4047 debetur,
2487 3994 2639 4035 amor
2683 3987 2845 4049 atque
2888 3977 3058 4032 bonos
3099 3975 3167 4031 ab
3216 3990 3379 4032 uxore
3426 3973 3761 4030 exhibeatur.

2179 4071 2385 4144 Ecquid
2410 4087 2540 4127 vero
2564 4070 2728 4129 animi
2770 4078 2919 4141 putet
2942 4067 3222 4139 posteriori
3265 4081 3464 4137 sponso
3488 4081 3607 4121 esse
3628 4106 3642 4132 ,
3672 4066 3767 4135 qui

2178 4164 2234 4219 in
2261 4163 2453 4235 prioris
2481 4162 2769 4218 thalamum
2798 4160 3107 4231 ingreditur,
3136 4167 3193 4214 et
3220 4157 3359 4213 illius
3385 4157 3581 4212 lectum
3606 4170 3761 4210 sean-

2176 4253 2257 4313 dit
2279 4296 2295 4323 ,
2323 4269 2387 4309 ac
2427 4262 2684 4324 praeterea
2725 4253 2869 4309 illius
2894 4267 3116 4308 uxorem
3159 4250 3419 4306 ridentem
3444 4290 3460 4316 ,
3488 4258 3544 4306 et
3567 4248 3669 4303 hac
3694 4248 3766 4304 de

2177 4360 2337 4403 causa
2376 4345 2643 4416 jocantem
2686 4362 2751 4402 ac
2793 4347 3064 4402 ludentem
3106 4343 3293 4399 videt?
3336 4341 3505 4398 Valde
3548 4340 3763 4411 quidem

2177 4448 2578 4497 commoveatur
2600 4480 2617 4507 ,
2662 4452 2836 4510 neque
2875 4436 2944 4494 ad
2985 4436 3125 4491 illam
3168 4437 3362 4505 magno
3406 4449 3529 4489 cum
3577 4445 3763 4486 amore

2178 4532 2400 4589 accedat
2416 4546 2642 4597 necesse
2665 4538 2768 4587 est.
2811 4529 2946 4586 Nam
2971 4527 3183 4585 tametsi
3223 4527 3460 4583 omnium
3487 4525 3763 4579 hominum

2178 4622 2497 4678 durissimus
2524 4622 2629 4687 sit,
2657 4637 2764 4678 non
2809 4630 2986 4677 tamen
3011 4619 3085 4675 ita
3113 4618 3360 4674 immanis
3382 4659 3399 4685 ,
3426 4625 3489 4671 ut
3530 4615 3769 4671 humano

2181 4712 2412 4785 quodam
2438 4728 2598 4770 sensu
2624 4727 2733 4769 non
2772 4710 3031 4767 afficiatur
3053 4750 3071 4776 ,
3105 4709 3268 4766 etiam
3294 4708 3341 4763 si
3382 4707 3473 4762 illa
3498 4705 3768 4762 sexcentis

2181 4807 2510 4865 ornamentis
2533 4817 2587 4863 et
2606 4808 2839 4878 seipsam
2886 4814 2943 4862 et
2983 4805 3203 4861 domum
3243 4802 3554 4873 compserit.
3601 4800 3763 4855 Dolor

2178 4900 2324 4956 enim
2350 4898 2530 4955 domui
2556 4898 2732 4955 illatus
2772 4912 2881 4954 non
2906 4898 3033 4953 sinit
3060 4911 3245 4968 puram
3273 4902 3329 4951 et
3351 4895 3616 4950 sinceram
3643 4903 3768 4947 esse

2181 4992 2506 5064 voluptatem
2538 5007 2554 5046 :
2582 4990 2678 5046 sed
2706 4990 3155 5062 quemadmodum
3182 4989 3236 5044 in
3264 4986 3433 5043 muris
3457 5001 3554 5040 usu
3580 4983 3767 5050 venit,

2181 5090 2242 5139 ut
2261 5096 2384 5138 cum
2405 5096 2531 5153 pars
2553 5082 2728 5153 aliqua
2751 5080 2907 5137 valde
2929 5091 3117 5137 exusta
3145 5087 3245 5145 est,
3279 5078 3403 5133 licet
3425 5074 3766 5147 postmodum

2181 5173 2480 5242 dealbetur,
2498 5172 2766 5243 subjectus
2780 5180 2958 5228 tamen
2982 5185 3046 5226 ac
3060 5168 3354 5242 profundus
3374 5168 3554 5238 nigror
3566 5164 3767 5221 cando-

2182 5279 2298 5321 rem
2322 5264 2529 5320 tectorii
2554 5264 2822 5332 obscuret,
2848 5272 3006 5334 atque
3030 5259 3373 5332 injucundum
3402 5256 3765 5326 spectaculum

2182 5356 2419 5427 praebeat
2448 5372 2464 5409 :
2494 5354 2570 5410 ita
2611 5363 2667 5411 et
2690 5357 2791 5411 hac
2831 5351 2886 5410 in
2928 5368 2989 5410 re
3009 5394 3026 5422 ,
3059 5352 3266 5408 tametsi
3296 5348 3463 5405 multa
3487 5344 3765 5418 splendida

2183 5448 2551 5519 excogitentur
2570 5489 2587 5514 ,
2617 5447 2672 5502 in
2699 5446 2890 5505 mediis
2914 5455 3093 5503 tamen
3122 5445 3255 5515 ipsis
3280 5444 3518 5501 eminent
3554 5439 3725 5495 tristia
3748 5476 3766 5505 ,

2184 5552 2251 5593 ac
2272 5538 2498 5595 molesta
2535 5537 2780 5609 quaedam
2818 5553 2885 5594 ex
2912 5536 2980 5593 iis
3016 5535 3196 5592 mistio
3221 5534 3303 5589 fit.
3331 5531 3464 5589 Nam
3490 5540 3547 5587 et
3586 5526 3726 5585 servi
3747 5566 3767 5594 ,

2185 5638 2241 5685 et
2280 5628 2528 5700 ancillis,
2556 5640 2613 5687 et
2652 5629 2898 5703 agricola:
2922 5671 2939 5699 ,
2975 5639 3032 5687 et
3072 5627 3356 5701 inquilini,
3396 5634 3455 5683 et
3492 5624 3650 5681 vicini
3671 5663 3691 5691 ,
3715 5629 3773 5677 et

2187 5721 2412 5795 gentiles
2434 5722 2630 5796 prioris
2666 5724 2763 5781 viri
2795 5732 3085 5781 maerentes
3111 5722 3383 5781 intuentur
3406 5734 3527 5792 qua:
3553 5717 3689 5775 fiunt
3711 5728 3774 5772 ac

3719 5859 3753 5868 .-
