4016 6154
209 338 333 396 ὍΙΒ

222 480 340 528 νες,
367 458 457 515 3:61
496 446 774 523 συγγενεῖς
805 444 897 501 τοῦ
924 443 1353 518 προαπελθόντος
1374 440 1712 512 κατηφοῦσιν
1737 452 1763 481 ιι
1798 437 1891 492 ἐπὶ

226 523 342 612 τοῖς
376 541 688 616 γενομένοις
717 536 812 590 3:61
840 530 1205 598 στενάζουσιν.
1245 530 1309 582 Εἰ
1339 527 1396 581 δὲ
1421 529 1516 582 καὶ
1542 525 1771 598 ὀρφανοὶ
1796 523 1894 578 τύ-

220 610 364 707 εχωσι
388 610 867 697 καταλειφθέντες,
895 621 1005 676 νέοι
1036 619 1134 690 μὲν
1152 617 1305 679 ὄντες
1326 613 1549 685 κομιδῇ,
1574 611 1803 683 σφοδρὸν
1830 610 1892 663 τὸ

229 701 383 794 παρά
405 718 514 774 τῶν
553 714 865 786 δυναμένων
894 703 1269 794 συνιέναιῗτῶν
1297 703 1596 773 γινομένων
1623 703 1694 772 τῇ
1729 701 1896 772 μητρὶ

229 811 290 864 τὸ
317 788 478 880 μῖσος
507 805 829 873 ἐξάπτουσιν
850 815 864 830 ’
888 799 937 851 εἰ
961 795 1018 849 δὲ
1043 793 1294 865 ὲνήλικες
1318 790 1531 861 τύχοιεν
1551 788 1725 853 ὄντες,
1761 788 1898 841 πάν-

230 917 340 954 των
369 899 568 951 ἐκεῖνοι
606 892 806 964 μᾶλλον
827 887 1019 960 άηδίαν
1045 882 1569 946 κατασκευάζουσιν.
1600 880 1779 949 ’Ἀπερ
1803 871 1896 930 οῦν

232 988 328 1042 καὶ
353 987 401 1039 οί
430 980 717 1054 νομοθέται
751 974 1157 1046 συνεωρακότες
1187 972 1216 1012 δ
1253 969 1490 1033 ἅπαντα,
1522 968 1619 1021 καὶ
1643 969 1774 1030 τοὺς
1802 965 1897 1018 ἐπὶ

232 1075 442 1136 τούτοις
481 1051 779 1138 άλγοῦντας
817 1060 1331 1136 παραμυθούμενοι,
1366 1056 1463 1111 3:61
1506 1056 1648 1128 ὑπὲρ
1688 1051 1898 1107 ἑαυτῶν

234 1160 681 1231 ἀπολογούμενοι,
706 1155 787 1208 ὅτι
816 1153 878 1206 06
903 1150 1045 1206 κατά
1072 1149 1300 1220 γνώμην
1325 1146 1445 1199 ούδέ
1471 1141 1900 1215 προηγουμένως

235 1229 427 1303 τοῦτον
444 1229 532 1300 τὸν
560 1243 738 1314 γάμον
763 1238 1052 1304 ἐπέταξαν,
1074 1236 1219 1295 ἀλλὰ
1243 1232 1561 1297 δεδοικότες,
1601 1231 1676 1302 μή
1698 1246 1752 1281 τι
1785 1229 1900 1298 χεῖ-

242 1355 332 1409 ρον
352 1335 580 1405 γένηται
600 1330 790 1394 κακὸν,
817 1327 994 1382 πάντα
1020 1324 1114 1380 τοῦ
1142 1323 1396 1395 δευτέρου
1418 1321 1594 1392 γάμου
1616 1318 1684 1372 τὰ
1704 1315 1904 1387 φαιδρὰ

238 1403 626 1496 ⁴ιιιαρῂτὴσαντο
651 1428 700 1482 ο,
730 1416 823 1470 3:61
848 1414 970 1469 οῦτε
1010 1412 1193 1477 αὐλὸς,
1226 1409 1348 1464 οὔτε
1373 1408 1579 1481 κρότοι,
1607 1404 1730 1459 οὔτε
1771 1403 1906 1474 ὑμέ-

239 1490 407 1573 ναιος,
431 1490 555 1562 οὗτε
575 1505 881 1578 ὀρχήματα,
904 1501 1027 1556 οὕτε
1056 1498 1309 1569 στέφανοι
1328 1514 1389 1551 νυ
1398 1495 1611 1567 μιρικοὶ,
1630 1491 1753 1547 οὗτε
1780 1490 1907 1546 ἄλλο

241 1616 297 1653 τι
327 1598 441 1652 τῶν
464 1594 721 1651 τοιούτων
760 1592 859 1665 τὴν
893 1591 1133 1661 ἑσπέραν
1162 1586 1457 1657 κοσμοῦσιν
1499 1581 1736 1652 ἐκείνην,
1773 1578 1908 1632 ἀλλά

244 1683 465 1737 πάντων
516 1679 686 1749 αὐτὴν
737 1663 1249 1746 ἀποκοσμήσαντες,
1299 1667 1475 1731 οὕτως
1522 1663 1905 1732 ἀστεφάνωτον

241 1772 438 1841 ἄγουσι
473 1769 565 1824 τὸν
607 1766 774 1838 ἄνδρα
808 1763 943 1835 πρὸς
978 1763 1078 1833 τὴν
1112 1761 1290 1831 χήραν
1325 1757 1580 1826 γυναῖκα,
1624 1750 1912 1841 μονονουχὶ

245 1837 479 1930 βοῶντες
508 1856 596 1909 διὰ
633 1837 841 1908 τούτων
877 1854 958 1906 ὅτι
988 1849 1168 1935 πάντα
1215 1843 1549 1914 συγγνώμης
1579 1840 1707 1906 ἄξια
1737 1837 1912 1910 πράτ-

242 1962 448 2007 τουσιν,
484 1944 598 1998 ἀλλ’
619 1942 720 1996 063:
753 1941 991 1994 ἐπαίνων
1008 1928 1119 1990 3:61
1141 1935 1350 2006 κρότων
1376 1932 1469 1986 3:61
1500 1928 1803 1997 στεφάνων.

314 2040 384 2103 γ’.
403 2032 527 2096 Πῶς
550 2027 642 2085 οὖν
662 2031 690 2083 6
710 2027 922 2091 Παῦλος
946 2023 1186 2079 ἐκώλυσε
1208 2019 1486 2093 χηρεύειν,
1500 2017 1651 2088 φησὶ,
1674 2016 1770 2068 3:61
1790 2012 1914 2084 βου-

245 2101 478 2195 λομένας
503 2120 604 2184 τὰς
630 2118 776 2184 νέας,
806 2116 1006 2170 οὑτωσὶ
1027 2112 1276 2185 γράφων·
1307 2106 1609 2175 Νεωτέρας
1636 2103 1704 2157 δὲ
1726 2101 1916 2195 χήρας

247 2185 537 2280 παραιτοῦ
556 2223 576 2273 ;
597 2207 711 2277 Ούχ
733 2206 761 2258 6
781 2201 992 2265 Παῦλος
1015 2200 1114 2263 τὰς
1141 2195 1470 2268 βουλομένας
1500 2191 1757 2263 χηρεύειν
1781 2185 1919 2241 ἐκῶ·

249 2275 433 2363 λυσεν,
462 2296 578 2350 ἀλλ’
607 2275 811 2348 ἐκεῖναι
851 2290 946 2344 3:61
976 2289 1068 2345 τὸν
1093 2284 1304 2340 Παῦλον
1335 2284 1658 2353 ἠνάγκασαν
1687 2276 1761 2349 μὴ
1793 2275 1918 2347 βου-

248 2394 480 2466 λόμενον
515 2388 705 2445 τοῦτον
737 2383 1096 2450 διατάξασθαι
1121 2381 1213 2436 τὸν
1244 2378 1410 2450 νόμον
1459 2378 1684 2439 αὑταῖςο
1718 2374 1766 2426 εἰ
1810 2371 1918 2442 γὰρ

251 2489 347 2544 τοῦ
373 2487 588 2542 Παύλου
632 2485 693 2538 τὸ
722 2483 935 2555 θέλημα
975 2479 1154 2552 βούλει
1199 2475 1413 2547 μαθεῖν,
1460 2473 1627 2529 ἄκουε
1665 2469 1720 2524 τί
1752 2484 1919 2539 φησι*

256 2584 419 2641 Θέλω
445 2582 514 2637 δὲ
541 2581 772 2647 πάντας
809 2575 1158 2648 ἀνθρώπους
1202 2568 1359 2626 εἶναι
1390 2569 1473 2635 ὡς
1506 2566 1608 2620 καὶ
1638 2563 1919 2636 ἐμαυτὸν,

256 2681 326 2735 ἐν
372 2678 703 2749 ἐγκρατείᾳ.
745 2676 910 2731 Ὥστε
953 2672 1055 2726 οὐκ
1092 2670 1159 2725 ἂν
1197 2667 1508 2740 ἐμαχέσατο
1549 2662 1757 2734 ἐαυτῷ,
1803 2659 1924 2714 οὐδὲ

259 2776 627 2847 ἐναντιολογίιι⁸
661 2771 896 2843 τοσαύτῃ
930 2768 1258 2841 περιέπεσεν
1304 2767 1334 2819 6
1366 2762 1636 2836 μακάριος
1675 2761 1881 2820 ἐκεῖνος
1907 2795 1923 2821 ,

260 2874 370 2929 066'
406 2872 473 2927 ἂν
502 2874 531 2926 6
565 2870 775 2933 πάντας
804 2865 1127 2939 ἀνθρώπους
1161 2862 1484 2934 βουλόμενος
1519 2856 1670 2930 [555]
1700 2851 1838 2909 εἶναι
1870 2856 1928 2907 ἐν

262 2967 578 3042 ἐγκρατείᾳ,
608 2965 707 3030 τὰς
738 2963 1067 3036 βουλομένας
1094 2956 1352 3031 χηρεύειν
1375 2955 1640 3010 ἐκώλυσε.
1674 2951 1801 3015 Πῶς
1831 2943 1926 3004 οὖν

263 3084 398 3139 φησι
421 3084 437 3098 ·
454 3061 751 3131 Νεωτέρας
779 3060 848 3114 δὲ
874 3059 1066 3131 χήρας
1092 3054 1414 3126 παραιτοῦ;
1453 3050 1592 3107 Ἀλλ’
1618 3049 1760 3114 εἰπὲ,
1785 3048 1932 3110 τίνος

263 3163 449 3220 ἕνεκεν
476 3159 570 3215 3:61
600 3157 688 3212 6:6
724 3157 807 3225 τί;
843 3156 919 3210 06
952 3154 1062 3226 γὰρ
1095 3152 1285 3216 ἁπλῶς
1317 3149 1491 3213 οὕτως
1516 3148 1763 3220 εἴρηκεν,
1794 3140 1932 3196 ἀλλά

266 3257 363 3313 3:61
383 3257 481 3330 τὴν
510 3255 690 3310 αἰτίαν
715 3251 1098 3325 προστέθεικεν
1143 3244 1344 3304 εἰπών·
1377 3245 1564 3298 Ὅταν
1601 3240 1714 3311 γὰρ
1751 3252 1933 3291 κατα-

265 3334 676 3424 στρηνιάσωσι
721 3349 828 3404 τοῦ
871 3345 1149 3418 Χριστοῦ,
1176 3341 1386 3415 γαμεῖν
1418 3338 1725 3424 θέλουσιν.
1772 3332 1937 3404 Ὁρᾷς

268 3420 355 3505 ετξ
393 3420 455 3502 06
503 3447 605 3511 τάς
656 3444 910 3517 χηρεύειν
955 3439 1317 3514 βουλομένας,
1357 3435 1494 3491 ἀλλὰ
1545 3420 1645 3496 τὰς
1685 3428 1937 3501 γαμῆσαι

270 3544 714 3621 προαιρουμένας
761 3539 900 3614 μετά
945 3539 1007 3593 τὸ
1036 3536 1305 3610 χηρεῦσαι
1339 3532 1538 3589 κωλύει
1584 3530 1791 3591 ἐκεῖνος
1835 3540 1933 3596 χη-

277 3641 464 3713 ρεῦσαι
499 3640 594 3696 3:61
620 3641 702 3703 είς
731 3638 824 3694 τὸν
853 3635 1006 3706 ἅγιον
1039 3636 1244 3687 ἐκεῖνον
1281 3626 1715 3685 κατατάττεσθαι
1745 3621 1935 3695 χορόν

276 3738 371 3793 3:61
396 3736 603 3808 σφδδρα
633 3732 802 3787 ποιιῖιν
833 3729 1092 3795 συνετῶς.
1121 3730 1186 3784 El
1217 3727 1326 3800 γὰρ
1361 3726 1595 3799 μέλλοις,
1637 3722 1794 3794 φησι,
1820 3720 1941 3774 δευ-

275 3833 457 3906 τέροις
477 3830 677 3903 γάμοις
701 3826 932 3899 ὁμιλεῖν,
964 3825 1099 3899 μηδέ
1117 3823 1425 3897 ἐπαγγείλῃ
1440 3820 1668 3894 χηρείαν
1681 3834 1693 3848 ·
1721 3816 1817 3871 τοῦ
1837 3815 1944 3887 γὰρ

282 3928 408 4004 μηδ’
434 3928 572 3992 ὅλως
599 3924 935 3997 ὑποσχέσθαι
967 3924 1029 3977 τὸ
1060 3923 1199 3996 μετά
1234 3922 1334 3994 τὴν
1363 3921 1659 3990 ὑπόσχεσιν
1693 3917 1947 3984 ἀγνωμορ

280 4022 445 4097 νῆσαι
469 4022 648 4095 πολλῷ
674 4022 854 4094 χεῖρόν
878 4023 1046 4076 ἐστιν.
1079 4020 1290 4090 Ὥσπερ
1318 4012 1524 4078 οὖντὰς
1550 4012 1793 4082 συνεχεῖς
1823 4023 1950 4061 συν-

279 4127 468 4191 ουσίας
506 4123 824 4197 ἐπέτρεψεν,
890 4122 956 4177 ού
993 4118 1320 4192 νομοθετῶν,
1366 4115 1504 4171 ἀλλά
1560 4111 1952 4182 συγγινώσκων

283 4225 501 4289 αὐτοῖς’
535 4223 716 4278 Τοῦτο
745 4220 854 4296 γὰρ
885 4219 1065 4289 λέγω,
1094 4217 1252 4290 φησι,
1281 4213 1433 4269 κατὰ
1463 4207 1849 4282 συγγνώμην,
1879 4207 1954 4261 οὐ

284 4325 417 4379 κατ’
453 4321 768 4392 ἐπιταγὴν,
807 4318 907 4374 διὰ
945 4316 1065 4386 τὴν
1101 4312 1403 4385 ἀκρασίαν
1430 4309 1600 4382 ὑμῶν
1622 4325 1639 4342 ’
1678 4307 1823 4361 οὓτω
1859 4305 1956 4360 καί

286 4418 523 4477 ἐνταῦθα
564 4418 631 4473 δι’
673 4417 860 4488 ἕτερον
903 4413 1089 4487 μεῖζον
1137 4410 1311 4467 κακὸν
1344 4409 1441 4463 τὸν
1473 4406 1731 4479 δεύτερον
1778 4401 1957 4474 γάμον

287 4512 540 4577 ἐπέταξε,
571 4511 781 4574 δεικνὺς
802 4511 883 4564 ὅτι
909 4509 1004 4563 3:61
1026 4508 1185 4563 τοῦτο
1215 4505 1543 4576 συγγνώμης
1575 4501 1713 4567 ἐστὶ,
1744 4499 1811 4569 τῇ
1847 4493 1958 4549 τῶν

294 4608 503 4667 πολλῶν
536 4605 792 4678 ἀσθενείᾳ
836 4603 1398 4675 συγκαταϐαινούσης.
1452 4598 1762 4654 ’Δσθένειαν
1808 4593 1868 4648 δὲ
1894 4592 1959 4647 06

290 4706 594 4776 δυνάμεως,
638 4701 775 4757 ἀλλά
824 4700 1198 4774 προαιρέσεώς
1240 4717 1405 4771 φημι.
1454 4694 1725 4765 Καθάπερ
1770 4691 1880 4762 γὰρ
1926 4689 1963 4760 ἡ

294 4802 589 4875 παρθένος,
614 4799 756 4873 μετὰ
779 4799 879 4872 τὴν
913 4798 1015 4870 τῆς
1042 4795 1343 4867 παρθενίας
1371 4790 1703 4861 ἐπαγγελίαν
1734 4786 1964 4857 διαφθα-

300 4901 477 4971 ρεῖσα,
502 4896 942 4969 μοιχείαςχεϊρον
958 4893 1278 4966 ἐτόλμησεν·
1301 4889 1447 4945 οὕτω
1473 4887 1570 4942 3:61
1590 4888 1624 4958 ή
1647 4887 1796 4958 χήρα
1815 4882 1968 4949 ἅπαξ

297 4992 764 5067 ἐπαγγειλαμένη,
796 4987 918 5047 εἶτα
945 4992 1238 5063 πατήσασα
1262 4989 1362 5052 τάς
1390 4986 1527 5061 πρὸς
1565 4984 1657 5039 τὸν
1676 4982 1814 5037 Θεὸν
1839 4998 1967 5036 συν·

298 5092 495 5165 θήκας,
524 5091 629 5145 ὑπὸ
652 5090 751 5164 τὴν
774 5089 943 5161 αὐτὴν
972 5087 1248 5162 ἁμαρτίαν
1265 5086 1532 5151 πεσεῖται,
1557 5082 1659 5137 3:61
1671 5080 1773 5152 τῆς
1796 5077 1968 5150 αθτῆς

300 5190 455 5246 ἔσται
486 5188 757 5263 τιμωρίας
794 5186 1125 5252 ὑπεύθυνος·
1159 5187 1208 5240 εί
1229 5185 1286 5239 δὲ
1315 5184 1421 5258 χρή
1446 5200 1501 5238 τι
1530 5181 1624 5237 καὶ
1656 5176 1969 5251 θαυμαστὸν

302 5288 498 5356 εἰπεῖν,
549 5291 697 5361 τάχα
734 5290 830 5343 καὶ
872 5283 1059 5357 πολλῷ
1098 5280 1379 5357 μείζονοςι
1410 5278 1471 5334 06
1506 5277 1624 5350 γάρ
1646 5279 1796 5332 ἐστιν
1833 5273 1968 5336 ῐσον,

301 5386 440 5458 ὅπερ
466 5387 562 5441 3:61
580 5385 884 5459 ἀρχόμενος
914 5378 1091 5450 εἷπον,
1119 5381 1221 5454 τήν
1247 5396 1307 5434 τε
1340 5377 1590 5448 ἄπειρον,
1625 5373 1722 5430 καὶ
1748 5370 1847 5445 τὴν
1882 5385 1974 5423 πε-

302 5481 643 5553 πειραμένην
674 5483 788 5548 τοῖς
824 5480 1010 5543 αὐτοῖς
1044 5476 1207 5532 πάλιν
1249 5474 1573 5547 περιπεσεῖν
1619 5466 1972 5543 πειρασμοῖς.

367 5658 393 5721 _°
421 5656 555 5708 C0“).
580 5659 894 5721 κατηφιῶσιν.

365 5719 397 5762 δ
424 5721 573 5783 Ξανὶι.
602 5728 655 5771 el
675 5713 812 5783 C6113.
833 5719 915 5767 καὶ
933 5722 978 5769 οι
998 5718 1134 5782 νόμοι
1153 5713 1519 5783 συνεωρακότες

370 5785 395 5813 ⁸
419 5782 557 5836 ωδ.
584 5800 667 5852 παι
680 5781 968 5833 ισπάσαντο.

937 338 995 395 S.
1035 333 1321 395 JOANNIS
1356 323 1847 391 CHRYSOSTOKI
1885 323 2209 384 ARCHIEP.
2249 319 2801 384 CONSTANTINOP.

3555 313 3663 374 6Ιό

1997 439 2109 493 Καὶ
2139 438 2240 492 063:
2271 436 2507 492 ἐνταῦθα
2539 435 2723 509 μόνον,
2763 432 2898 490 6116
2929 431 3226 508 προειπὼν,
3260 432 3355 487 3:61
3384 429 3549 486 πάλιν
3575 427 3669 491 λέε

1998 544 2131 596 γων,
2165 528 2463 597 Βούλομαι
2481 520 2773 594 νεωτέρας
2800 524 2991 595 χήρας
3005 521 3234 594 ταμεῖν,
3259 518 3664 591 τεκνογονεῖν,

2000 614 2465 680 οἰκοδεσποτεῖν,
2485 613 2582 685 τὴν
2596 615 2776 669 αἰτίαν
2802 611 3143 683 προστίθησι,
3159 610 3229 664 δι’
3252 609 3320 680 ἢν
3347 608 3519 662 ταῦτα
3538 607 3670 679 $06-

2000 702 2171 757 λεται.
2204 702 2301 766 Τίς
2331 702 2387 756 δέ
2412 704 2560 756 ἐστιν
2592 700 2729 772 αὕτη
2751 718 2766 766 ;
2791 699 3118 768 Μηδεμίαν,
3141 698 3296 769 φησι,
3324 695 3555 751 διδόναι
3586 693 3674 760 τῷ

2001 790 2386 860 ἀντικειμένῳ
2430 788 2722 859 ἀφορμὴν,
2750 788 3050 858 λοιδορίας
3082 785 3280 857 χάριν.
3314 784 3530 853 Ἐπειδὴ
3555 783 3674 853 γάρ

2004 878 2206 943 πολλὰς
2237 877 2346 931 τῶν
2385 877 2571 949 χηρῶν
2616 868 2763 940 εἰκὸς
2804 872 2874 948 ἦν
2919 870 3041 929 τότε
3090 872 3527 946 προπετέστερον
3573 870 3674 924 καὶ

2006 966 2396 1037 αὐθαδέστερον
2427 964 2503 1036 τῶ
2539 964 2678 1035 μετὰ
2715 963 2890 1017 ταῦτα
2934 961 3235 1034 κεχρῆσθαι
3275 959 3395 1031 βίῳ,
3422 959 3676 1030 καθάπερ

2008 1053 2150 1116 τινὸς
2178 1054 2424 1125 ἀνάγκης
2447 1055 2543 1107 3:61
2573 1051 2892 1114 δεσποτείας
2920 1050 3018 1121 τῆς
3045 1049 3178 1120 πρὸς
3206 1048 3298 1102 τὸν
3318 1048 3490 1118 ἄνδρα
3512 1044 3678 1110 συζυ-

2008 1140 2132 1209 γίας
2154 1140 2578 1210 ἀπαλλαγείσας,
2604 1140 2678 1204 ὡς
2701 1139 2796 1193 3:61
2817 1138 3059 1209 πονηρὰν
3085 1135 3494 1190 ἐπισπάσασθαι
3517 1132 3680 1197 δόξαν

2009 1229 2097 1284 διά
2122 1229 2220 1301 τῆς
2255 1228 2598 1301 ἰταμότητος,
2624 1228 2853 1295 ἀπάγων
2882 1225 3050 1289 αὐτὰς
3070 1224 3169 1295 τῆς
3196 1223 3442 1294 ὀλεθρίου
3469 1222 3682 1292 ταύτης

2012 1319 2345 1392 ἐλευθερίας,
2377 1318 2537 1372 πάλιν
2585 1317 2678 1371 ἐπὶ
2711 1317 2801 1371 τὸν
2836 1315 2998 1384 ζυγὸν
3029 1314 3153 1383 ἀγει
3184 1312 3274 1366 τὸν
3303 1311 3587 1383 πρότερον.
3615 1310 3684 1365 El

2013 1412 2122 1483 γὰρ
2145 1412 2325 1483 μέλλοι
2343 1402 2445 1475 τις,
2466 1410 2618 1482 φησὶ,
2636 1410 2781 1481 χήρα
2796 1405 2931 1462 οὖσα
2947 1407 3123 1479 λάθρα
3141 1405 3423 1479 πορνεύειν
3437 1404 3530 1458 3:61
3546 1420 3684 1458 κατ-

2015 1500 2288 1571 αισχύνειν
2319 1499 2537 1572 ἑαυτὴν,
2575 1497 2755 1569 πολλῷ
2783 1497 2990 1569 βέλτιον
3011 1498 3233 1568 γαμεῖν,
3267 1494 3363 1548 3:61
3381 1491 3688 1564 μηδεμίαν

2016 1598 2245 1653 διδόναι
2276 1597 2356 1664 τῷ
2396 1595 2780 1668 ἀντικειμένῳ
2806 1592 3086 1666 ἀφορμὴν
3121 1590 3429 1661 λοιδορίας
3460 1584 3640 1660 χάριν
3663 1599 3687 1622 ο

2018 1697 2160 1751 ῶστε
2191 1694 2279 1751 διὰ
2310 1697 2372 1749 τὸ
2407 1697 2483 1769 μὴ
2517 1692 2778 1767 παρέχειν
2821 1694 2922 1758 τὰς
2964 1689 3220 1764 ἀφορμάς
3249 1685 3350 1761 τῆς
3389 1684 3688 1758 λοιδορίας,

2021 1797 2113 1850 3:61
2153 1796 2266 1867 βίον
2298 1794 2625 1865 ὲφύὸριστον
2650 1793 2750 1863 ζῇν
2777 1792 2874 1845 3:61
2905 1789 3187 1860 πορνικὸν,
3240 1785 3333 1841 τὸν
3373 1786 3552 1857 γάμον
3588 1787 3692 1839 ἐπ·-

2021 1892 2229 1959 έταξεν.
2251 1894 2448 1946 ’Δκουε
2466 1890 2597 1959 γοῦν
2625 1891 2719 1945 3:61
2745 1890 2844 1943 ὅσα
2864 1886 3043 1943 αὐτῶν
3067 1886 3384 1956 κατηγορεῖ.
3420 1883 3551 1937 Δέον
3575 1883 3691 1955 γὰρ

2023 1994 2103 2057 εἰς
2143 1988 2452 2063 προσευχὰς
2475 1987 2774 2059 τετράφθαι
2803 1986 2896 2040 τὸν
2919 1986 3134 2041 ἅπαντα
3167 1982 3358 2055 χρόνον
3388 1981 3484 2035 3:61
3511 1983 3697 2052 ίκετηο

2028 2091 2149 2163 ρίας
2168 2105 2182 2121 ⁸
2211 2093 2285 2147 Αἱ
2308 2089 2377 2144 δὲ
2397 2128 2411 2152 ,
2445 2088 2598 2159 φησὶ,
2628 2086 2726 2141 καὶ
2757 2084 2933 2154 ἀργαί
2966 2082 3348 2154 μανθάνουσι
3380 2078 3697 2149 περιερχό-

2020 2204 2195 2258 μεναι
2213 2187 2320 2253 τὰς
2334 2185 2555 2252 οῑιιιίας⁸
2586 2186 2659 2239 οὐ
2679 2185 2872 2252 μόνον
2890 2180 2959 2235 δὲ
2973 2179 3170 2250 ἀργαὶ,
3191 2178 3352 2233 ἀλλὰ
3372 2177 3468 2232 καὶ
3496 2174 3701 2244 φλύα-

2019 2305 2117 2356 ροι
2130 2285 2227 2340 καὶ
2242 2284 2564 2353 περίεργοι,
2584 2279 2886 2335 λαλοῦσαι
2903 2276 2975 2332 τὰ
2984 2273 3070 2346 μὴ
3087 2269 3511 2334 δέοντα-Αὐτὸς
3525 2269 3582 2323 δέ
3596 2268 3702 2339 οὐχ

2028 2381 2170 2436 οὕτω
2195 2378 2462 2452 βούλεται,
2490 2375 2625 2431 ἀλλά
2652 2372 3038 2447 προσηλῶσθαι
3060 2368 3229 2441 αὐτὴν
3258 2365 3553 2431 διαπαντὸς
3583 2366 3705 2429 τοῖς

2032 2476 2421 2546 πνευματικοῖς
2439 2490 2454 2505 ο
2490 2472 2561 2529 Ἦ
2579 2472 2688 2543 γὰρ
2705 2466 3100 2529 σπαταλῶσα,
3121 2465 3275 2537 φησὶ,
3299 2463 3454 2525 ζῶσα
3484 2459 3701 2526 τέθνηι-

2032 2591 2159 2628 κεν.
2200 2572 2351 2627 Ἐπεὶ
2378 2572 2473 2626 3:61
2492 2570 2590 2642 τὴν
2613 2566 2903 2641 παρθένον,
2928 2564 2989 2618 ού
3011 2564 3079 2634 τῇ
3099 2561 3193 2616 τοῦ
3225 2559 3475 2631 σώματος
3506 2557 3707 2628 ἁγνείᾳ

2036 2671 2285 2742 βούλεται
2315 2668 2520 2741 ὁρίζειν
2554 2666 2713 2720 τοῦτο
2739 2663 2800 2718 τὸ
2825 2662 2990 2717 καλὸν
3013 2657 3191 2732 [554],
3228 2656 3363 2712 ἀλλὰ
3391 2656 3490 2726 τὴν
3520 2657 3708 2709 πᾶσαν

2035 2770 2231 2843 σχολὴν
2264 2770 2346 2833 είς
2386 2767 2487 2839 τὴν
2528 2764 2784 2837 λατρείαν
2829 2761 3147 2818 ἀναλίσκειν
3188 2759 3285 2813 τοῦ
3319 2757 3485 2812 Θεοῦ.
3520 2756 3712 2811 Τοῦτο

2004 2888 2007 2889 ν
2034 2866 2165 2938 γὰρ,
2197 2864 2351 2935 φησὶ,
2372 2862 2529 2933 λέγω
2553 2860 2721 2932 ὑμῖν,
2741 2861 2859 2928 οὐχ
2876 2859 2979 2913 ἵνα
2993 2858 3230 2927 βρόχον
3250 2853 3395 2925 ὑμῖν
3418 2851 3710 2917 ἐπιϐάλω,

2036 2962 2198 3017 ἀλλὰ
2234 2959 2385 3028 πρὸς
2405 2957 2473 3012 τὸ
2493 2958 2807 3025 εὔσχημον
2829 2954 2929 3009 καὶ
2950 2951 3366 3023 εὐπρόσεδρον
3400 2948 3480 3014 τῷ
3508 2949 3715 3015 Κυρίῳ

2038 3054 2520 3125 ἀπερισπάστως.
2551 3053 2625 3105 Οὐ
2661 3051 2769 3122 γὰρ
2810 3048 2957 3103 θέλει
2996 3049 3169 3119 αὐτὴν
3201 3046 3552 3119 μερίζεσθαι,
3586 3042 3711 3098 ἀλλ’

2040 3153 2168 3225 ὅλην
2196 3148 2336 3207 εἶναι
2367 3149 2475 3205 τῶν
2510 3146 2900 3220 πνευματικῶν
2936 3145 3030 3201 καὶ
3061 3145 3171 3200 τῶν
3200 3145 3258 3199 ἐν
3297 3146 3412 3208 τοῖς
3436 3143 3713 3215 οὐρανοῖς,

2042 3250 2138 3306 3:61
2157 3250 2226 3303 τὰ
2249 3247 2343 3302 τοῦ
2365 3246 2572 3317 Κυρίου
2605 3244 2896 3317 μεριμνᾷν.
2932 3241 3089 3296 Οὕτω
3111 3241 3204 3295 3:61
3230 3239 3329 3311 τὴν
3360 3238 3534 3310 χήραν
3554 3236 3717 3289 πολι-

2042 3345 2293 3401 τεύεσθαι
2326 3343 2580 3414 παραινεῖ
2603 3340 2776 3410 λέγων
2794 3356 2808 3371 ο
2852 3337 2924 3393 Ἦ
2943 3336 3012 3391 δὲ
3031 3335 3216 3402 ὅντως
3226 3333 3385 3405 χήρα
3416 3331 3516 3389 καί
3528 3346 3717 3401 μεμο-

2043 3436 2277 3510 νωμένη
2308 3439 2576 3510 ἤλπισεν
2598 3437 2624 3477 ά
2653 3435 2752 3490 ἐπὶ
2788 3433 2896 3489 τὸν
2913 3433 3084 3501 Θεὸν,
3114 3430 3213 3486 καὶ
3241 3426 3566 3499 προσμένει
3580 3423 3719 3493 ταῖς

2046 3536 2327 3605 δεήσεσι,
2365 3534 2465 3590 καί
2493 3532 2633 3605 ξταῐς
2660 3527 3027 3601 προσευχαῖς
3058 3525 3282 3592 νυκτὸς
3323 3524 3421 3579 καὶ
3467 3519 3722 3591 ἡμέρας.

2049 3635 2218 3689 Ὅταν
2232 3625 2326 3685 οὖν
2342 3628 2445 3700 τὴν
2472 3626 2666 3698 σχολὴν
2682 3625 2749 3697 ἢν
2773 3625 2830 3678 ἐν
2855 3624 2968 3687 τοῖς
2994 3620 3373 3691 εύαγγελικοίς
3394 3618 3720 3689 πράγμασιν

2050 3725 2359 3782 ἀναλίσκειν
2406 3720 2536 3795 χρὴ,
2564 3718 2767 3790 ταύτην
2798 3715 2876 3789 μὴ
2924 3715 3086 3788 μόνον
3117 3716 3198 3779 είς
3224 3713 3455 3786 περιττά
3495 3710 3591 3765 3:61
3630 3710 3727 3764 ἀν-

2052 3821 2258 3893 ωφελῆ,
2298 3817 2434 3873 ἀλλά
2465 3817 2561 3871 3:61
2595 3816 2676 3879 είς
2702 3813 2771 3868 τὰ
2818 3810 3020 3883 σφόδρα
3047 3810 3315 3882 ἐπιϐλαὸῆ
3346 3809 3499 3880 παρά
3540 3807 3727 3862 πάντα

2054 3914 2333 3974 δαπανῶσι
2360 3912 2453 3967 τὸν
2481 3911 2615 3983 βίον,
2646 3909 2871 3972 εἰκότως
2903 3907 3076 3971 αὐτὰς
3106 3905 3202 3960 ἐπὶ
3232 3905 3323 3960 τὸν
3372 3905 3551 3975 γάμον
3594 3901 3722 3969 ἀγει

2055 4012 2262 4068 λοιπόν.
2283 4007 2551 4078 Καθάπερ
2566 4003 2660 4061 οῦν
2687 4006 2783 4060 καὶ
2821 4003 3100 4067 Ἰουδαίοις
3126 4001 3189 4055 τὸ
3218 4000 3490 4055 σάσσατον
3520 3999 3728 4053 ἔδωκεν

2057 4114 2088 4167 6
2111 4111 2268 4176 Θεὸς,
2310 4107 2410 4178 οὐχ
2444 4105 2530 4160 ἵνα
2559 4102 2811 4177 ἀργῶσιν
2837 4101 3046 4167 άπλῶς,
3080 4098 3198 4154 ἀλλ’
3230 4099 3318 4152 ῖνα
3339 4095 3453 4151 τῶν
3473 4092 3727 4165 πονηρῶν

2060 4207 2372 4279 ἀπέχωνται
2398 4199 2652 4272 πράξεων
2672 4216 2688 4232 ο
2716 4199 2863 4253 οὕτω
2884 4198 2980 4253 3:61
3008 4199 3043 4268 ἡ
3068 4197 3215 4268 χήρα
3242 4194 3337 4248 3:61
3365 4194 3407 4264 ἡ
3434 4189 3729 4263 παρθένος,

2061 4306 2161 4377 οὐχ
2189 4303 2277 4357 ῖνα
2300 4298 2488 4364 ἁπλῶς
2520 4298 2594 4371 μὴ
2618 4296 2880 4368 ὁμιλῶσιν
2907 4294 3091 4366 ἀνδρὶ,
3103 4292 3298 4347 τοῦτον
3324 4291 3605 4365 αἱροῦνται
3635 4287 3731 4343 τὸν

2067 4401 2199 4475 βίον,
2224 4398 2339 4453 ἀλλ’
2370 4397 2459 4450 ἵνα
2475 4394 2544 4448 τὰ
2566 4392 2662 4449 τοῦ
2683 4391 2887 4463 Κυρίου
2919 4388 3279 4463 μεριμνῶσιν,
3311 4388 3401 4442 ἴνα
3421 4387 3482 4455 ἐξ
3505 4384 3734 4457 ὁλοκλή-

2071 4516 2164 4574 ρω
2183 4501 2255 4570 τῇ
2278 4493 2375 4549 τοῦ
2396 4491 2532 4547 Θεοῦ
2562 4502 2586 4531 ο
2616 4489 2889 4562 θεραπείᾳ.
2912 4485 3340 4558 προσεδρεύωσι.

2135 4597 2198 4651 δ’.
2216 4594 2344 4661 N61,
2363 4590 2546 4664 φησίν·
2565 4587 2680 4642 ἀλλ’
2693 4583 3128 4658 ἀφόρηωνεσται
3142 4583 3311 4637 κακὸν
3324 4581 3560 4651 γυναῖκα
3569 4571 3740 4634 οὖσαν

2068 4691 2408 4767 πραγμάτων
2434 4688 2661 4759 ἄπειρον
2692 4683 2761 4738 τὰ
2788 4681 2896 4737 τῶν
2923 4678 3133 4752 ἀνδρῶν
3161 4675 3571 4748 ἀναγκάζεσθαι
3600 4674 3740 4728 63:0-

2073 4791 2276 4863 μένειν.
2305 4785 2443 4841 οὔτε
2460 4784 2570 4856 γάρ
2588 4779 2729 4852 αὐτὴ
2754 4776 3135 4855 μεταχειρίσαι
3150 4774 3461 4855 δυνήσεται,
3485 4768 3745 4840 καθάπερ

2071 4851 2295 4951 ἐκεῖνος,
2321 4883 2416 4939 3:61
2441 4851 2649 4950 θλίψεις
2682 4851 2789 4932 ἀπὸ
2817 4851 3021 4929 τούτων
3052 4872 3147 4927 3:61
3172 4870 3234 4924 τὸ
3266 4851 3443 4924 πάντα
3474 4865 3744 4921 ἀπολέσαι

2073 4983 2324 5057 κερδανεῖ
2360 4979 2538 5053 μόνον.
2576 4971 2706 5047 'Ap'
2736 4968 2829 5028 οὖν
2862 4972 3033 5025 πᾶσαι
3063 4968 3120 5021 αἱ
3155 4966 3231 5040 μὴ
3251 4964 3526 5035 δευτέροις
3552 4960 3747 5034 ὁμιλή-

2075 5099 2239 5138 σαααι
2271 5078 2470 5151 γάμοις
2501 5074 2680 5130 πάντα
2709 5069 2999 5126 ἀπώλεσαν
3034 5064 3107 5119 τὰ
3141 5063 3353 5129 αὐτῶν,
3384 5061 3480 5116 3:61
3526 5058 3749 5114 πάντων

2075 5176 2351 5244 ἐξέπεσον,
2380 5173 2475 5227 3061
2497 5171 2597 5226 063:
2617 5169 2763 5223 ἐστιν
2787 5166 2913 5220 ἰδεῖν
2944 5164 3183 5234 γυναῖκα
3205 5161 3381 5233 χήραν
3405 5157 3752 5232 πραγμάτων

2076 5269 2510 5345 προῖσταμένηνς
2545 5266 2754 5336 Σκῆψις
2786 5260 2962 5317 ταῦτα
2993 5260 3088 5315 3:61
3115 5257 3390 5330 πρόφασις
3419 5254 3515 5310 3:61
3539 5253 3641 5324 τῆς
3670 5254 3752 5307 οι-

2079 5370 2233 5434 κείας
2252 5360 2536 5428 ἀσθενείας
2556 5359 3021 5435 προκαλύμματα.
3047 5355 3249 5411 Πολλαὶ
3271 5352 3382 5426 γὰρ
3401 5351 3514 5407 τῶν
3535 5348 3754 5422 ἀνδρῶν

2079 5462 2452 5538 γενναιότερον
2475 5459 2571 5513 3:61
2590 5456 2767 5521 οἰκίας
2790 5454 3155 5527 προέστησαν,
3185 5450 3280 5507 3:61
3306 5448 3505 5513 παῖδας
3529 5445 3757 5519 ἐξέθρε-

2144 5639 2170 5681 ιῙ
2195 5638 2331 5693 Colb.
2353 5639 2566 5697 ἤλπισεν.

2151 5708 2174 5736 ⁸
2199 5701 2336 5756 Colb.
2359 5698 2445 5750 τοῦ
2466 5698 2663 5764 Κυρίου.
