4016 6154
234 326 339 384 613

234 428 474 487 gemunt.
507 419 660 489 Quod
685 419 729 474 si
756 430 1010 491 prteterea
1036 420 1216 491 pupilli
1246 421 1511 489 all'uerint,
1538 422 1582 477 sl
1607 422 1817 491 quidem

237 513 393 567 valde
419 512 572 582 pueri
614 513 722 567 sint
743 553 760 581 ,
790 528 1035 582 magnum
1061 512 1128 568 ab
1154 513 1218 569 iis
1241 556 1256 581 ,
1288 515 1375 583 qui
1410 516 1476 568 de
1500 515 1659 569 rebus
1678 513 1824 583 judi-

238 618 361 658 care
403 614 606 672 queunt
631 643 647 669 ,
682 603 735 661 in
760 614 981 657 matrem
1012 604 1191 658 odium
1232 604 1466 658 excitant
1496 620 1510 657 :
1541 603 1620 659 sin
1648 611 1824 658 autem

244 695 512 765 puberes,
572 704 811 759 tantam,
865 706 1117 764 quantam
1170 696 1259 750 vix
1308 695 1448 750 aliud
1498 695 1823 765 quidquam,

245 786 544 840 molestiam
562 795 892 855 comparant.
910 786 1037 854 Qua:
1052 786 1262 855 quidem
1286 787 1463 841 omnia
1480 802 1601 841 cum
1619 786 1828 855 legisla-

245 886 389 931 tores
414 876 919 943 animadverterent,
939 886 993 931 et
1006 892 1118 944 eos,
1137 879 1225 949 qui
1248 887 1525 949 propterea
1542 888 1826 948 anguntur,

245 967 516 1022 consolari
540 967 759 1033 vellent,
779 976 833 1023 et
860 968 1017 1023 simul
1042 968 1122 1022 sui
1147 967 1269 1023 lacti
1297 969 1555 1024 rationem
1584 967 1827 1033 reddere,

247 1056 392 1127 quod
436 1072 545 1111 non
585 1072 654 1113 ex
697 1058 965 1128 proposito
1010 1058 1095 1114 vel
1136 1073 1201 1114 ex
1245 1058 1487 1130 professo
1530 1057 1830 1128 hujustnodi

248 1147 651 1202 matrimonium
676 1148 1048 1215 instituerent,
1078 1148 1173 1204 sed
1198 1157 1399 1204 tantum
1424 1158 1571 1204 metu
1594 1147 1828 1214 adducti,

250 1253 321 1293 ne
383 1239 600 1308 gravius
656 1238 867 1307 aliquod
922 1240 1117 1294 malum
1172 1241 1503 1305 exsisteret,
1572 1238 1833 1294 secundas

250 1331 467 1399 nuptias
491 1330 639 1385 omni
664 1331 751 1384 illa
776 1330 1048 1401 splendida
1072 1346 1264 1402 pompa
1291 1332 1587 1402 Spoliarunt
1619 1349 1632 1384 :
1664 1345 1835 1399 neque

252 1422 396 1475 enim
425 1421 550 1476 tibia
574 1461 591 1488 ,
618 1436 791 1491 neque
812 1422 1050 1492 plausus,
1080 1438 1252 1491 neque
1291 1424 1596 1493 hymenaeus
1619 1462 1634 1489 ,
1664 1435 1837 1491 neque

253 1514 468 1568 chorea:
491 1555 506 1579 ,
541 1529 713 1585 neque
738 1529 949 1569 corona:
978 1514 1237 1583 nuptiales
1263 1555 1278 1579 ,
1310 1528 1484 1584 neque
1510 1513 1651 1568 aliud
1678 1512 1834 1584 quid-

253 1604 397 1673 piam
425 1604 686 1673 ejusmodi
710 1620 985 1674 vesperam
1014 1606 1154 1659 illam
1181 1614 1391 1668 ornant,
1410 1604 1503 1660 sed
1531 1604 1645 1658 hare
1659 1602 1836 1659 omnia

254 1694 599 1761 auferentes,
647 1696 725 1749 sic
775 1710 881 1749 non
930 1703 1240 1751 coronatum
1287 1695 1455 1750 virum
1506 1695 1573 1749 ad
1624 1694 1839 1749 viduam

257 1786 539 1841 mulierem
582 1785 896 1841 adducunt:
929 1794 1129 1841 tantum
1176 1801 1283 1841 non
1325 1802 1422 1856 per
1448 1787 1562 1841 haec
1602 1786 1840 1841 claman-

258 1884 379 1942 tes,
410 1893 530 1947 quze
574 1876 703 1932 ﬁunt
730 1878 906 1933 omnia
950 1892 1071 1933 esse
1109 1877 1319 1947 quidem
1359 1876 1621 1947 ejusmodi
1646 1876 1841 1946 quibus

258 1968 416 2021 venia
447 1968 620 2036 detur,
653 1969 747 2024 sed
774 1968 1034 2035 laudibus,
1059 1968 1291 2034 coronis,
1326 1968 1595 2037 plausibus
1622 1968 1843 2022 minime

259 2057 443 2129 digna.

336 2152 392 2206 3.
437 2151 540 2205 Cur
561 2150 758 2205 Paulus
779 2151 1009 2221 juniores
1035 2150 1211 2203 viduas
1240 2148 1424 2204 nubere
1459 2150 1591 2203 velit.
1635 2177 1705 2187 --
1740 2145 1846 2202 Cur

264 2241 451 2311 igitur,
483 2241 650 2305 dices,
681 2241 876 2295 Paulus
907 2240 1189 2309 prohibet,
1220 2256 1288 2295 ne
1308 2240 1576 2310 juniores,
1603 2239 1763 2295 etiam
1803 2239 1847 2291 si

266 2336 468 2400 velint,
522 2334 690 2388 vidua:
729 2334 1018 2387 maneant?
1061 2333 1131 2385 ita
1186 2332 1326 2386 enim
1371 2330 1556 2385 scribit
1604 2348 1617 2384 :
1659 2329 1846 2383 Adole-

264 2426 537 2479 scentiores
578 2434 743 2478 autem
793 2424 968 2477 viduas
1008 2422 1171 2477 devita
1221 2423 1300 2492 (l.
1336 2421 1472 2475 Tim.
1502 2422 1557 2476 5.
1594 2420 1701 2490 Η).
1733 2419 1848 2474 Νοη

266 2530 401 2570 sane
426 2515 620 2569 Paulus
661 2515 1041 2584 impedimento
1073 2525 1174 2577 est,
1204 2514 1487 2583 quominus
1512 2527 1632 2581 qua:
1669 2510 1853 2565 volunt

269 2607 633 2675 virginitatem
655 2615 887 2669 servent,
920 2605 1014 2661 sed
1041 2604 1170 2674 ipsa:
1201 2604 1375 2673 potius
1404 2610 1546 2668 sunt,
1570 2616 1688 2671 qua:
1718 2601 1854 2655 Pau-

270 2698 383 2752 lutn
416 2712 481 2751 eo
510 2697 843 2753 necessitatis
867 2696 1194 2765 adegerunt,
1235 2704 1292 2749 ut
1332 2702 1526 2764 prteter
1566 2692 1729 2746 animi
1772 2690 1852 2746 sui

271 2789 592 2845 sententiam
618 2788 756 2843 hanc
781 2788 909 2858 ipsis
939 2789 1109 2858 legem
1131 2787 1313 2843 ferret.
1337 2786 1467 2840 Nam
1497 2786 1541 2840 si
1572 2783 1717 2840 Pauli
1733 2798 1856 2838 sen-

276 2881 495 2935 tentiam
526 2881 603 2933 vis
633 2894 972 2949 cognoscere,
1000 2879 1123 2933 audi
1150 2878 1274 2949 quid
1296 2878 1485 2947 dicat:
1524 2877 1650 2932 Volo
1687 2891 1856 2929 omnes

278 2970 505 3024 homines
531 2984 637 3023 esse
663 2972 793 3023 sicut
829 2970 1072 3038 meipsum
1097 2969 1141 3040 (Ι
1159 3007 1172 3021 .
1197 2968 1315 3023 Cor.
1346 2970 1397 3022 7.
1416 2966 1472 3040 7)
1498 2985 1510 3020 :
1544 2967 1594 3021 id
1615 2976 1696 3021 est
1723 2981 1855 3021 con-

281 3063 557 3117 tinentiam
583 3076 817 3116 servare.
847 3062 1205 3129 Quamobrem
1234 3077 1339 3115 non
1380 3060 1482 3115 sibi
1522 3061 1620 3131 ipsi
1668 3060 1859 3115 adver-

280 3164 428 3209 sntur
457 3153 644 3208 beatus
667 3153 776 3218 ille,
811 3168 984 3223 neque
1014 3154 1152 3208 inter
1193 3167 1252 3207 se
1290 3155 1574 3223 pugnantia
1610 3152 1857 3219 loquitur,

283 3260 383 3298 nec
412 3245 500 3313 qui
542 3244 670 3298 velit
709 3259 895 3299 omnes
943 3244 1187 3298 homines
1231 3244 1409 3298 colere
1456 3242 1860 3308 continentiam,

283 3332 526 3387 obstaret
553 3348 657 3403 quo
700 3334 875 3387 minus
906 3349 1023 3404 qua:
1050 3332 1235 3387 volunt
1262 3332 1430 3386 vidua:
1460 3340 1725 3386 maneant.
1757 3331 1865 3385 Cur

285 3440 416 3495 ergo
441 3425 604 3479 dicit:
630 3425 1054 3480 Adolescentiorcs
1075 3435 1238 3479 autem
1261 3424 1434 3479 viduas
1452 3424 1615 3479 devita
1633 3426 1707 3493 (ί.
1732 3424 1862 3477 Tim.

289 3518 344 3572 5.
378 3518 468 3587 il)
488 3518 511 3569 ?
531 3517 613 3571 die
635 3534 730 3572 cur
756 3528 811 3572 et
836 3534 936 3587 qua
965 3518 1031 3571 de
1059 3532 1236 3572 causa.
1267 3517 1382 3570 Non
1422 3516 1564 3571 enim
1588 3516 1686 3570 ista
1712 3514 1868 3569 abso-

287 3607 401 3662 lute
431 3608 686 3677 protulit,
719 3609 812 3662 sed
839 3624 1054 3663 causam
1081 3607 1323 3677 adjunxit
1349 3626 1360 3661 :
1389 3606 1515 3661 Cum
1546 3607 1677 3660 enim
1716 3606 1863 3660 luxu-

286 3702 435 3753 riata:
453 3700 642 3769 fuerint
669 3701 720 3753 in
751 3700 969 3765 Christo,
1003 3700 1185 3753 nubere
1202 3701 1393 3753 volunt.
1427 3699 1585 3755 Vides
1611 3715 1715 3754 non
1754 3714 1867 3765 eas,

286 3806 412 3861 qua:
442 3792 750 3844 viduitatem
778 3806 996 3845 servare
1026 3792 1229 3854 volunt,
1254 3791 1347 3845 sed
1374 3806 1492 3861 qua:
1523 3801 1797 3861 postquam
1819 3791 1871 3844 in

288 3883 605 3938 viduitatem
648 3884 976 3947 inciderunt,
1018 3884 1321 3938 nubendum
1357 3883 1458 3937 sibi
1497 3892 1764 3950 Statuunt,
1806 3881 1874 3937 ab

289 3976 386 4029 illo
416 3976 685 4045 prohiberi
717 3991 783 4029 ne
810 3974 979 4029 vidua:
1010 3986 1278 4042 maneant,
1309 3990 1443 4029 neve
1482 3974 1536 4029 in
1566 3990 1773 4029 sacrum
1806 3974 1872 4027 il-

291 4066 404 4119 lum
430 4066 654 4119 chorum
680 4065 1041 4133 admittantur,
1074 4066 1230 4135 idque
1260 4066 1412 4120 valde
1434 4065 1718 4134 sapienter.
1744 4064 1874 4119 Nam

291 4160 339 4213 si
384 4158 543 4212 alteri
585 4159 921 4213 matrimonio
960 4158 1205 4229 illiganda
1255 4174 1336 4225 es,
1392 4174 1563 4228 neque
1612 4158 1878 4228 spondere

292 4252 460 4306 etiam
488 4252 796 4305 viduitatem
826 4251 1007 4307 debes.
1037 4251 1167 4305 Nam
1192 4260 1308 4321 post
1340 4251 1742 4320 promissionem
1764 4266 1875 4305 mu-

299 4351 415 4397 tare
431 4342 748 4395 sententiam
765 4342 917 4410 longe
934 4341 1165 4396 deterius
1186 4351 1285 4402 est,
1301 4357 1457 4411 quam
1476 4356 1647 4412 neque
1663 4342 1879 4396 omnino

299 4431 639 4501 promittere.
687 4430 1144 4497 Quemadmodum
1191 4430 1347 4501 igitur
1387 4432 1654 4486 assiduam
1700 4431 1881 4486 liberis

299 4536 525 4591 Operam
554 4521 683 4577 dare
708 4522 965 4591 permisit,
995 4537 1098 4575 non
1129 4521 1300 4591 legem
1340 4531 1598 4588 statuens,
1631 4523 1722 4578 sed
1752 4523 1880 4593 ipsis

301 4613 589 4682 indulgens
618 4631 631 4666 :
665 4614 743 4668 sic
768 4614 909 4668 enim
938 4614 1129 4682 inquit,
1149 4612 1262 4666 Hoc
1282 4624 1447 4666 autem
1469 4614 1582 4667 dico
1610 4614 1883 4668 secundum

298 4706 690 4775 indulgentiam,
716 4722 815 4759 non
849 4706 1119 4759 secundum
1150 4706 1436 4770 imperium,
1467 4716 1671 4777 prapter
1704 4706 1882 4760 incon-

306 4799 571 4851 tinentiam
596 4808 808 4851 uestram
839 4798 915 4870 (ι.
949 4797 1068 4853 Cor.
1096 4800 1149 4853 7.
1173 4794 1229 4864 6)
1261 4815 1273 4849 :
1318 4799 1388 4853 ita
1431 4798 1530 4853 hoc
1571 4799 1729 4853 etiam
1766 4799 1886 4854 loco

303 4888 568 4957 gravioris
590 4888 714 4942 mali
740 4898 883 4943 metu
901 4887 1190 4943 secundum
1211 4880 1445 4942 instituit
1466 4887 1882 4954 matrimonium,

304 4978 599 5033 ostendens
625 4979 728 5033 hoc
755 4994 964 5049 quoque
994 4978 1330 5048 indulgentia:
1357 4993 1475 5033 esse
1507 4978 1573 5033 ad
1600 4977 1887 5033 multorum

308 5069 672 5126 inlirmitatem
702 5084 822 5125 sese
845 5069 1315 5125 accommodantis.
1330 5069 1693 5126 Inﬁrmitatem
1712 5080 1888 5125 autem

305 5161 433 5217 dico
462 5176 567 5216 non
598 5161 872 5230 potentiae,
907 5160 999 5215 sed
1036 5160 1345 5215 voluntatis.
1372 5160 1503 5215 Nam
1539 5160 1890 5231 quemadmo-

306 5253 438 5308 dum
465 5254 637 5322 virgo,
664 5251 709 5306 si
737 5260 858 5321 post
884 5252 1199 5320 promissam
1230 5252 1585 5320 virginitatem
1623 5266 1682 5307 se
1705 5249 1890 5305 violari

308 5347 517 5413 siverit,
543 5346 747 5400 facinus
771 5344 1033 5398 adulterio
1062 5344 1274 5414 gravius
1308 5346 1629 5413 perpetravit
1675 5362 1689 5396 :
1725 5344 1795 5397 ita
1839 5352 1892 5397 et

308 5439 489 5506 vidua,
517 5455 637 5510 quat
662 5438 826 5494 semel
852 5438 1111 5507 promisit,
1144 5439 1187 5491 si
1215 5438 1406 5495 deinde
1432 5440 1730 5508 pactionem
1772 5453 1891 5493 cum

311 5530 421 5585 Deo
450 5531 646 5585 laetam
686 5529 1006 5583 conculcans
1034 5530 1220 5585 eodem
1264 5530 1488 5585 crimine
1524 5544 1583 5583 se
1623 5530 1889 5599 polluerit,

308 5621 482 5677 eidem
514 5634 732 5692 quoque
758 5620 1019 5689 supplicio
1039 5620 1264 5675 obnoxia
1290 5629 1389 5687 est,
1434 5636 1497 5676 ac
1532 5619 1669 5676 forte
1709 5621 1890 5687 etiam,

306 5717 351 5771 si
391 5716 516 5772 licet
555 5714 754 5770 mirum
792 5711 1042 5781 quiddam
1085 5712 1292 5782 dicere,
1334 5714 1489 5785 longe
1524 5713 1734 5783 majori.
1776 5712 1891 5769 Non

1337 329 1423 384 DE
1463 329 1598 385 NON
1637 329 1981 386 ITERANDO
2021 331 2368 391 CONJUGIO.

3410 343 3511 394 bl's

1935 425 2075 477 enim
2105 426 2243 481 idem
2286 437 2390 491 est,
2421 436 2477 480 ut
2514 428 2664 481 initio
2698 427 2960 495 dicebam,
3010 430 3309 502 imperitam
3357 441 3513 500 atque

1933 530 2029 569 usu
2049 517 2157 586 jam
2184 518 2427 573 edoctam
2477 520 2665 575 iisdem
2716 523 3064 577 succumbere
3113 522 3515 577 tentationilms.

1933 604 2115 675 Neque
2140 623 2268 662 vero
2298 608 2401 663 hoc
2429 609 2545 665 loco
2571 610 2867 678 dumtaxat,
2892 612 2982 667 sed
3005 614 3163 668 etiam
3196 615 3351 683 paulo
3376 623 3515 683 post,

1933 708 2053 749 cum
2083 696 2194 751 lucc
2225 699 2590 767 praemisisset,
2622 700 2749 755 Volo
2793 718 2882 772 ego
2914 703 3145 772 juniores
3191 703 3368 758 viduas
3419 720 3516 756 nu-

1934 787 2065 851 bere,
2097 790 2229 857 ﬁlios
2250 807 2532 859 procreare,
2564 803 2747 846 matres
2780 795 3001 863 familias
3039 811 3145 849 esse
3170 795 3249 867 (Ι.
3288 794 3423 849 Tim.
3464 795 3517 849 5.

1938 878 2050 951 H),
2076 894 2289 934 causam
2318 882 2515 945 subdit,
2549 897 2644 937 cur
2669 885 2805 937 istud
2834 885 2977 939 velit.
3007 886 3136 953 Qua:
3162 900 3223 941 ea
3241 888 3353 941 est?
3387 885 3523 940 Nul-

1938 970 2059 1035 lam,
2086 971 2275 1040 inquit,
2308 974 2619 1027 occasionem
2647 976 2769 1028 dare
2803 976 3091 1030 adversario
3124 976 3377 1031 maledicti
3404 994 3524 1048 gra-

1938 1060 2027 1112 tia.
2056 1059 2186 1113 Nam
2213 1061 2463 1131 quoniam
2492 1064 2780 1119 verisimile
2815 1074 2897 1120 est
2951 1068 3143 1122 multas
3175 1082 3240 1122 eo
3283 1077 3525 1137 tempore

1939 1148 2122 1204 viduas
2150 1159 2272 1220 post
2300 1152 2396 1205 viri
2419 1152 2624 1208 obitum
2654 1155 2921 1223 licentius,
2954 1158 3227 1227 magisque
3266 1158 3526 1212 arbitratu

1940 1256 2038 1295 suo
2062 1241 2244 1297 vivere
2271 1243 2478 1310 solitas,
2503 1259 2531 1297 a
2557 1245 2655 1299 viri
2684 1246 2959 1309 societate,
2978 1248 3128 1316 quasi
3147 1262 3175 1301 a
3210 1249 3529 1303 necessitate

1941 1330 2167 1400 quadam
2196 1346 2258 1388 ac
2286 1333 2583 1400 dominatu,
2611 1334 2825 1400 liberas,
2858 1336 2926 1390 ita
2954 1346 3007 1390 ut
3046 1337 3386 1407 impudentia:
3428 1352 3527 1391 no-

1942 1423 2085 1477 mine
2122 1426 2315 1479 malam
2361 1426 2429 1480 de
2475 1442 2533 1481 se
2576 1428 2881 1497 opinionem
2932 1428 3202 1495 allerrent,
3253 1429 3527 1484 abduccns

1943 1515 2085 1584 ipsas
2114 1517 2181 1571 ab
2209 1518 2306 1572 hac
2336 1521 2581 1588 pestifera
2610 1521 2876 1589 libertate,
2904 1538 3092 1577 rursus
3133 1524 3198 1576 ad
3245 1522 3527 1592 pristinum

1941 1605 2122 1675 jugum
2150 1608 2384 1663 adducit.
2414 1610 2546 1663 Nam
2569 1612 2637 1677 si,
2670 1612 2861 1682 inquit,
2896 1613 3125 1667 futurum
3154 1622 3237 1667 est
3265 1624 3322 1667 ιιι
3356 1612 3528 1667 vidui-

1947 1705 2106 1751 tatem
2136 1712 2245 1767 prre
2272 1714 2330 1753 se
2356 1698 2534 1755 ferens
2560 1703 2821 1771 quaepiam
2856 1703 2991 1757 clam
3023 1704 3309 1757 fornicatur
3332 1718 3394 1757 ac
3442 1718 3529 1757 se-

1955 1786 2122 1856 ipsam
2143 1788 2456 1857 dedecoret,
2481 1792 2636 1861 longe
2657 1793 2825 1847 satius
2851 1792 3071 1858 nubere,
3104 1808 3165 1847 ac
3194 1792 3408 1847 Nullam
3448 1808 3534 1847 oc-

1948 1876 2198 1931 casionem
2226 1879 2350 1932 dare
2370 1879 2655 1934 adversario
2673 1882 2930 1935 maledicti
2948 1883 3130 1952 gratia.
3150 1883 3534 1949 Quamobrem,

1950 1982 2018 2021 ne
2044 1969 2354 2023 occasiones
2384 1969 2683 2026 maledictis
2712 1970 2863 2037 dent,
2893 1987 2955 2027 ac
2975 1973 3137 2025 vitam
3174 1973 3531 2026 meretriciam

1951 2060 2391 2130 contumeliisque
2411 2060 2695 2116 obnoxiam
2736 2073 2915 2133 agant,
2958 2064 3352 2118 matrimonium
3403 2079 3537 2133 prte-

1950 2151 2099 2220 cipit.
2127 2151 2261 2205 Audi
2286 2161 2414 2222 quot
2440 2164 2695 2221 praeterea
2722 2154 2827 2207 sint
2854 2169 2972 2223 quas
2998 2154 3125 2223 ipsis
3164 2155 3292 2207 vitio
3333 2162 3524 2208 vertat.

1953 2243 2083 2297 Nam
2111 2258 2232 2298 eum
2281 2244 2540 2299 deberent
2577 2259 2737 2299 omne
2780 2259 2935 2299 suum
2973 2254 3180 2314 tempus
3212 2244 3541 2299 orationibus

1954 2344 2009 2390 et
2031 2334 2503 2404 supplicationibus
2525 2335 2745 2399 instare,
2771 2336 2885 2389 istae,
2910 2350 3060 2402 vero,
3088 2334 3277 2405 inquit,
3310 2332 3378 2388 Et
3406 2336 3537 2388 otio-

1955 2442 2025 2480 sa:
2050 2426 2249 2480 discunt
2277 2426 2540 2479 circumire
2568 2426 2776 2490 domos;
2804 2443 2904 2479 non
2942 2426 3104 2480 solum
3131 2426 3333 2494 otiosaz,
3361 2425 3449 2479 sed
3492 2432 3542 2479 et

1957 2518 2192 2583 verbosis,
2221 2529 2267 2572 et
2291 2520 2524 2583 curiosis,
2558 2519 2810 2587 loquentes
2830 2533 2942 2587 qua!
2975 2534 3073 2571 non
3111 2528 3303 2586 oportet
3340 2516 3444 2589 (Ib.
3488 2534 3537 2571 υ.

1960 2609 2073 2678 15).
2107 2609 2233 2663 Hmc
2262 2623 2388 2663 vero
2414 2609 2511 2678 ipsi
2543 2609 2761 2662 minimc
2790 2608 3099 2677 probantur,
3130 2607 3223 2662 sed
3265 2607 3376 2660 vult
3421 2620 3543 2676 per-

1960 2708 2122 2768 petuo
2146 2699 2333 2753 allian
2354 2714 2473 2753 esse
2494 2698 2654 2753 rebus
2682 2698 3059 2768 spiritualibus.
3087 2696 3226 2749 Nam
3253 2712 3366 2766 qua:
3385 2698 3437 2750 in
3457 2696 3545 2750 de-

1962 2789 2092 2842 liciis
2145 2798 2237 2855 est,
2290 2790 2479 2859 inquit,
2531 2788 2698 2843 vivens
2754 2798 2951 2843 mortua
2994 2798 3065 2843 est
3098 2788 3175 2861 (Ι.
3209 2788 3340 2842 Tim.
3374 2789 3426 2842 ες.
3452 2788 3541 2858 6);

1962 2879 2387 2950 quandoquidem
2431 2888 2484 2935 et
2528 2880 2780 2950 virginem
2832 2881 2999 2949 ipsam
3037 2879 3149 2933 vult
3196 2879 3392 2934 bonum
3441 2878 3546 2934 hoc

1963 2986 2118 3025 suum
2149 2985 2253 3023 non
2280 2969 2519 3039 corporis
2546 2970 2787 3047 castitate
2812 2969 3051 3033 delinire,
3100 2968 3197 3023 sed
3237 2969 3546 3025 universum

1965 3063 2130 3117 otium
2152 3076 2302 3116 suum
2334 3062 2445 3116 Deo
2471 3049 2806 3125 consecrare,
2845 3071 3001 3131 atque
3044 3062 3117 3116 illi
3158 3073 3413 3131 perpetuo
3454 3060 3550 3116 de-

1967 3155 2189 3211 servire.
2246 3153 2320 3209 lta
2372 3155 2512 3209 enim
2554 3154 2739 3209 scribit
2780 3170 2795 3209 :
2845 3153 3006 3207 Porro
3041 3155 3135 3208 Itoc
3181 3154 3249 3207 ad
3286 3154 3551 3207 utilitatem

1968 3257 2183 3301 vestram
2208 3246 2341 3312 dico,
2370 3262 2469 3299 non
2498 3256 2551 3298 ut
2573 3246 2805 3316 laqueum
2832 3246 2969 3298 vobis
2997 3246 3244 3316 injiciam,
3277 3244 3364 3298 sed
3388 3244 3455 3297 ad
3474 3246 3550 3311 id,

1969 3337 2103 3407 quod
2130 3337 2393 3391 honestum
2415 3345 2507 3402 est,
2526 3344 2572 3389 et
2595 3334 2731 3406 quod
2765 3335 3055 3407 facultatem
3084 3334 3298 3405 praebeat
3321 3336 3427 3389 sine
3450 3334 3552 3388 im-

1972 3427 2254 3497 pedimento
2290 3426 2557 3481 Dominum
2584 3426 2876 3480 obsecrandi
2908 3425 2984 3496 (1.
3027 3425 3143 3480 Cor.
3185 3426 3239 3479 7.
3278 3426 3391 3494 ⁸55).
3437 3424 3551 3478 Non

1972 3518 2115 3573 enim
2146 3518 2313 3588 ipsam
2354 3518 2546 3587 patitur
2591 3517 2812 3572 divisam
2853 3532 2992 3582 esse,
3041 3516 3136 3572 sed
3185 3526 3346 3575 totam
3395 3515 3556 3572 rebus

1974 3610 2341 3681 spiritualibus
2372 3625 2437 3665 ac
2461 3610 2760 3665 caelestibus
2792 3610 2996 3665 haerere
3023 3609 3155 3675 vult,
3196 3618 3251 3664 et
3292 3624 3411 3679 qute
3448 3608 3557 3663 Do-

1977 3704 2105 3758 mini
2133 3712 2258 3758 suut
2284 3717 2496 3758 curare.
2526 3702 2606 3757 Ad
2635 3702 2875 3757 eamdem
2906 3703 3025 3757 vitae
3054 3702 3312 3756 rationem
3344 3700 3556 3756 viduam

1976 3809 2189 3863 quoque
2212 3805 2387 3860 vocat,
2426 3794 2610 3849 dicens
2638 3811 2653 3850 :
2683 3794 2810 3861 Quae
2845 3803 3015 3846 autem
3050 3810 3162 3847 vere
3195 3792 3350 3847 vidua
3384 3800 3480 3859 est,
3514 3801 3562 3846 et

1978 3885 2205 3938 desolata
2248 3883 2466 3952 speravit
2504 3885 2558 3937 in
2591 3882 2792 3949 Deum,
2846 3894 2894 3937 et
2938 3885 3092 3937 instat
3140 3882 3562 3938 obsecrationibus

1978 3986 2027 4029 et
2069 3975 2378 4031 orationibus
2418 3986 2560 4030 nocte
2600 3986 2648 4030 et
2695 3976 2777 4030 die
2802 3977 2821 4047 (
2846 3977 2898 4031 1.
2941 3975 3073 4029 Tim.
3114 3977 3167 4030 5.
3213 3974 3289 4046 5).
3337 3973 3563 4041 Quando

1981 4069 2140 4137 igitur
2165 4068 2330 4122 otium
2352 4109 2368 4133 ,
2410 4066 2551 4137 quod
2584 4068 2634 4121 in
2673 4066 2991 4136 evangelicis
3033 4065 3258 4135 negotiis
3286 4064 3563 4118 insumen-

1982 4157 2108 4213 dum
2157 4166 2303 4221 erat,
2350 4157 2402 4211 id
2445 4173 2551 4211 non
2599 4156 2758 4211 modo
2796 4157 2849 4210 in
2892 4157 3051 4211 rebus
3091 4153 3431 4223 supervacuis
3484 4161 3566 4206 at-

1982 4265 2087 4320 que
2125 4248 2429 4310 inutilibus,
2476 4247 2571 4303 sed
2608 4248 2765 4303 etiam
2790 4246 2943 4301 valde
2983 4246 3156 4300 noxiis
3184 4252 3439 4314 perpetuo
3462 4242 3566 4296 im-

1985 4341 2251 4409 pendunt;
2270 4341 2463 4395 merito
2486 4339 2553 4395 ad
2583 4339 2975 4394 matrimonium
3006 4352 3097 4392 cas
3126 4352 3310 4391 rursus
3329 4335 3563 4391 adducit.

1985 4431 2119 4487 Nam
2142 4430 2588 4503 quemadmodum
2614 4431 2813 4486 Iudaeis
2840 4431 3115 4485 sabbatum
3143 4428 3363 4484 dederat
3388 4429 3529 4484 Deus
3548 4468 3568 4493 ,

1986 4545 2092 4585 non
2120 4536 2177 4579 ut
2204 4525 2500 4580 otiarentur
2524 4523 2819 4587 dumtaxat,
2850 4520 2943 4577 sed
2968 4530 3077 4576 uta
3119 4520 3361 4592 turpibus
3398 4520 3568 4575 actio-

1988 4621 2145 4675 nibus
2166 4617 2495 4672 abstinerent
2523 4633 2537 4671 :
2565 4615 2636 4668 ita
2663 4612 2842 4677 vidua,
2883 4622 2937 4668 et
2968 4612 3151 4682 virgo,
3190 4627 3295 4666 non
3340 4619 3399 4665 ttt
3446 4610 3571 4664 viris

1991 4726 2097 4767 non
2125 4710 2468 4772 misceantur,
2495 4706 2633 4761 hanc
2656 4706 2755 4759 sibi
2782 4703 3019 4773 deligunt
3047 4703 3232 4766 vitam,
3276 4700 3369 4755 sed
3414 4710 3475 4754 ut
3508 4714 3571 4753 ea

1991 4819 2110 4873 quae
2131 4801 2342 4857 Domini
2364 4808 2490 4858 sunt
2513 4805 2721 4863 curent,
2748 4805 2906 4868 atque
2925 4810 2983 4851 se
3013 4803 3150 4849 totas
3175 4794 3226 4848 in
3256 4781 3346 4848 Dei
3372 4792 3570 4846 cultum

1991 4894 2288 4950 conferant.

2064 4986 2118 5039 4.
2160 4984 2302 5037 Num
2329 4982 2518 5052 possint
2564 4980 2729 5034 vidua
2765 4977 2986 5033 subsidio
3029 4977 3249 5029 virorum
3285 4980 3474 5029 carere.
3503 5002 3575 5013 —-

1996 5077 2070 5132 ita
2096 5089 2244 5140 sane,
2278 5074 2478 5143 inquiet
2517 5071 2726 5139 aliquis.
2767 5068 2962 5123 Verum
3005 5064 3338 5120 intolerabile
3379 5063 3571 5116 malum

1995 5170 2118 5232 erit,
2144 5167 2421 5222 mulierem
2442 5165 2589 5219 nullo
2617 5177 2797 5217 rerum
2819 5175 2915 5215 usu
2961 5160 3185 5228 peritam
3229 5171 3312 5223 ea,
3344 5170 3463 5226 qua:
3507 5154 3576 5209 ad
3654 5172 3661 5179 ·

1996 5261 2140 5315 viros
2169 5258 2453 5329 pertinent,
2493 5255 2672 5309 subire
2708 5253 2823 5321 cogi
2853 5268 2865 5302 :
2906 5263 3077 5318 neque
3113 5246 3254 5301 enim
3296 5246 3406 5314 ipsa
3442 5257 3572 5313 per-

1999 5351 2121 5405 inde
2174 5358 2331 5418 atque
2359 5347 2449 5401 ille
2476 5352 2704 5400 tractare
2747 5353 2905 5410 atque
2946 5337 3320 5391 administrare
3354 5350 3444 5390 res
3484 5348 3577 5403 po-

1999 5441 2156 5506 terit;
2178 5449 2335 5509 atque
2370 5439 2492 5491 hinc
2520 5436 2650 5490 nihil
2676 5432 2815 5487 aliud
2846 5429 3165 5493 lucrabitur,
3205 5442 3362 5497 quam
3402 5424 3575 5481 fortu-

2000 5510 2187 5589 narum
2230 5532 2456 5587 ruinam.
2487 5529 2627 5596 Ergo
2665 5535 3011 5594 qumcumque
3034 5535 3065 5574 a
3091 5518 3338 5574 secundis
3380 5516 3581 5588 nuptiis

1999 5624 2411 5683 abhorruerunt,
2452 5616 2627 5673 omnia
2676 5630 2769 5672 sua
2818 5626 3031 5683 pessum
3076 5609 3352 5676 dederunt,
3400 5607 3579 5663 omnia

2003 5714 2344 5785 perdiderunt
2369 5727 2383 5775 ;
2416 5723 2585 5780 neque
2606 5707 2884 5761 mulierem
2912 5701 3124 5759 viduam
3166 5700 3429 5771 invenias,
3460 5710 3615 5777 quae_
