4016 6154
419 274 536 327 (iiii

428 411 540 451 rem
565 409 716 451 suam
744 403 892 453 recte
916 396 1100 467 gerat?
1130 396 1617 468 Tergiversationes
1642 399 1743 454 ista
1782 408 1907 454 sunt
1946 413 2012 456 ac

429 494 721 554 praetextas
747 487 1081 559 propriisque
1105 488 1426 544 infirmitatis
1446 488 1828 559 integumenta.
1842 489 2018 546 Multae

428 580 573 632 enim
597 578 901 648 praeclarius
926 594 1085 650 quam
1107 579 1204 633 viri
1229 588 1284 634 et
1308 578 1525 634 domum
1557 580 2013 646 administrarunt,

429 679 482 723 ct
518 671 655 725 ﬁlios
701 671 929 741 pupillos
955 671 1333 737 educaverunt,
1369 680 1425 727 ct
1461 673 1620 738 bona,
1651 687 1769 741 quat
1797 687 2022 743 accepe-

428 770 574 826 rant,
613 762 729 816 aliae
769 771 1058 830 auxerunt,
1102 762 1222 817 alia:
1257 776 1361 817 non
1404 763 1728 819 minuerunt.
1775 762 1907 819 Nam
1952 762 2023 818 ab

442 853 673 923 ipsemet
701 853 852 908 initio
880 869 985 908 non
1006 855 1182 909 omnia
1212 842 1341 909 viris
1360 853 1629 909 commisit
1652 854 1823 920 Deus;
1851 867 2023 924 neque

437 945 504 997 ab
525 945 653 1014 ipsis
672 945 802 1000 solis
821 944 1077 1017 pendere,
1102 961 1223 1017 quae
1242 945 1309 1001 ad
1338 945 1497 1000 vitam
1526 946 1811 1016 pertinent,
1833 944 2019 1013 voluit,

440 1050 507 1089 ue
540 1035 584 1089 si
616 1036 807 1091 mulier
834 1036 966 1091 nihil
994 1037 1061 1090 ad
1093 1037 1253 1091 vitam
1282 1035 1553 1093 conferret
1587 1036 1878 1107 despicatui
1922 1037 2022 1092 dn-

439 1135 670 1180 ceretur.
703 1126 1066 1195 Quamobrem
1097 1127 1148 1181 id
1189 1128 1523 1197 prospiciens
1548 1129 1696 1184 Deus
1739 1144 1845 1184 non
1889 1127 2026 1183 infe-

444 1216 588 1270 riore
613 1216 759 1270 illam
780 1216 898 1271 loco
929 1217 1203 1272 constituit
1223 1234 1236 1282 ;
1260 1225 1417 1287 atque
1440 1217 1493 1272 id
1517 1218 1585 1271 ab
1617 1218 1846 1290 ipsemet
1878 1217 2028 1273 initio

441 1307 642 1360 clarum
666 1308 863 1363 faciens
886 1308 1020 1363 dixit
1047 1326 1058 1361 :
1090 1307 1364 1363 Faciamus
1406 1308 1507 1379 ipsi
1544 1308 1831 1379 adjutorem
1871 1306 2024 1382 (Gen.

442 1394 498 1451 2.
536 1396 650 1467 18).
679 1398 886 1453 Etenim
910 1413 977 1454 ne
1005 1413 1071 1453 ee
1099 1398 1240 1469 quod
1267 1398 1379 1468 ipse
1405 1398 1633 1468 primum
1659 1397 1830 1454 factus
1862 1407 1944 1453 est
1967 1412 2032 1453 ac

441 1496 661 1556 propter
682 1487 854 1558 ipsum
882 1487 1106 1543 formata
1129 1490 1340 1554 mulier,
1361 1503 1582 1559 magnos
1603 1488 1861 1544 adversus
1887 1489 2030 1544 illam

444 1576 664 1645 spiritus
691 1579 769 1632 vir
795 1588 1049 1644 sumeret,
1080 1578 1182 1634 hoc
1203 1579 1367 1634 verbo
1394 1586 1655 1634 tumorem
1692 1578 1860 1649 ipsius
1883 1593 2027 1634 com-
2070 1616 2081 1627 ο

445 1669 658 1738 pressit,
685 1669 973 1725 ostendens
993 1669 1258 1725 mundana
1284 1671 1497 1741 negotia
1522 1668 1689 1724 nihilo
1716 1670 1892 1724 minus
1912 1685 2033 1724 mu-

446 1760 613 1829 lieris,
645 1776 799 1831 quam
830 1760 930 1814 viri
969 1775 1146 1831 egere.
1197 1760 1451 1828 Qumnam
1507 1761 1668 1832 igitur
1719 1760 1822 1815 ista
1873 1759 2034 1815 sunt?

445 1853 744 1924 quibusque
775 1854 827 1906 in
864 1853 1022 1907 rebus
1050 1852 1115 1907 ad
1140 1853 1302 1907 vitam
1326 1852 1727 1909 sustentandam
1757 1852 2034 1908 nobiscum

449 1945 639 1999 mulier
664 1944 971 1999 societatem
1002 1943 1141 1997 init?
1177 1941 1318 1998 Sane
1351 1943 1603 2014 quoniam
1642 1942 1711 1997 ad
1757 1943 2036 2014 praesentis

451 2039 574 2091 vita:
600 2044 797 2091 statum
816 2034 1242 2105 componendum
1270 2052 1376 2090 non
1409 2037 1587 2092 minus
1619 2036 1844 2106 privata,
1878 2051 2037 2106 quam

450 2128 658 2198 publica
692 2128 897 2198 negotia
924 2127 1141 2193 faciunt,
1174 2127 1288 2181 lucc
1311 2127 1631 2197 diSpertiens
1658 2127 1825 2194 Deus,
1848 2124 2034 2181 feren-

448 2219 528 2273 sia
555 2217 768 2287 quidem
793 2217 923 2272 viris
960 2215 1250 2282 commisit,
1278 2213 1569 2271 domestica
1594 2224 1771 2270 autem
1800 2215 2038 2271 mulieri-

449 2312 551 2366 bus
578 2326 591 2363 :
615 2324 678 2365 ac
705 2309 753 2364 si
771 2324 990 2364 munera
1010 2307 1291 2379 ofﬁciaque
1311 2308 1409 2362 ista
1425 2316 1838 2373 commutentur,
1857 2308 2037 2363 omnia

450 2409 700 2456 cerrucnt
729 2415 791 2455 ac
818 2399 1070 2471 peribunt
1101 2418 1114 2453 :
1143 2407 1289 2455 tanto
1316 2407 1537 2471 uterque
1578 2399 1758 2455 utilior
1787 2399 1956 2455 altero
1984 2399 2039 2454 in

452 2508 551 2548 suo
577 2508 797 2549 munere
822 2492 1070 2548 obeundo
1098 2500 1199 2548 est.
1228 2474 1409 2562 Igitur,
1434 2492 1479 2546 si
1505 2491 1793 2547 domestica
1822 2506 1888 2547 ex
1918 2505 2043 2545 mu-

453 2585 608 2640 liebri
634 2585 852 2639 scientia
875 2583 1128 2654 pendent,
1156 2592 1314 2654 atque
1352 2583 1451 2638 ista
1479 2583 1532 2637 in
1576 2598 1636 2638 re
1681 2591 1884 2637 tantum
1923 2582 2040 2638 viro

455 2676 648 2730 mulier
673 2683 908 2745 praestat,
936 2682 1192 2744 quantum
1218 2672 1336 2728 rudi
1364 2673 1565 2728 homini
1586 2671 1776 2727 artifex
1801 2672 1854 2727 in
1878 2672 2040 2727 rebus

452 2768 507 2822 iu
537 2767 725 2836 quibus
752 2764 941 2819 artifex
968 2774 1071 2833 est,
1094 2779 1190 2820 cur
1213 2780 1407 2820 vanum
1439 2763 1595 2818 nobis
1621 2764 1865 2819 timorem
1898 2764 2041 2819 incu-

398 2904 421 2927 ,
456 2858 649 2914 timus?
675 2856 806 2913 Nam
835 2873 1058 2928 peregre
1096 2856 1308 2927 quidem
1350 2855 1613 2926 proﬁcisci
1657 2869 1850 2924 resque
1890 2855 2042 2911 colli-

453 2964 577 3019 gere
608 2949 840 3005 virorum
864 2946 1234 3002 tantummodo
1257 2955 1369 3011 est,
1398 2944 1708 3001 mulieribus
1742 2954 1920 3000 autem
1959 2944 2045 3000 lu-

454 3056 549 3095 cro
574 3056 789 3111 operam
825 3039 954 3095 dare
978 3039 1195 3094 minime
1224 3037 1305 3094 fas
1333 3045 1448 3104 est;
1480 3048 1534 3093 at
1556 3051 1675 3109 qua:
1699 3044 1824 3093 sunt
1847 3051 2044 3107 apper-

458 3140 562 3186 tata
589 3131 857 3187 custodire
890 3146 955 3186 ac
995 3131 1129 3186 tueri
1168 3131 1332 3201 ipsius
1374 3130 1540 3186 solius
1575 3139 1677 3185 est.
1715 3131 1794 3184 Ac
1832 3128 2041 3184 tametsi

457 3223 795 3295 praestantius
820 3221 1070 3293 quiddam
1097 3222 1338 3277 videatur
1358 3221 1655 3291 acquirere,
1690 3234 1848 3290 quam
1879 3219 2039 3285 tueri,

455 3325 710 3383 attamen,
741 3318 786 3374 si
816 3318 917 3372 hoc
945 3317 1105 3383 absit,
1137 3316 1266 3371 illud
1297 3329 1507 3386 quoque
1527 3313 1714 3369 inutile
1731 3329 1796 3369 ac
1816 3328 2039 3368 vanum:

458 3425 603 3481 saepe
630 3426 756 3465 vero
783 3411 943 3465 etiam
970 3411 1014 3466 si
1046 3410 1150 3465 hoc
1176 3409 1335 3473 adsit,
1366 3407 1494 3462 illud
1540 3422 1648 3462 non
1691 3406 1863 3462 solum
1910 3405 2044 3460 nihil

455 3500 678 3570 profuit,
707 3501 801 3556 sed
832 3502 989 3557 etiam
1018 3506 1207 3556 Cuncta
1229 3499 1440 3555 evertit.
1480 3498 1739 3565 Quoniam
1768 3498 1913 3553 enim
1941 3497 2047 3553 dif-

457 3594 596 3647 ficile
620 3602 722 3659 est,
751 3592 1020 3648 hominem
1051 3592 1182 3647 foris
1221 3592 1578 3662 negotiantem
1617 3599 1776 3660 atque
1816 3590 2045 3662 amplifi-

456 3682 630 3738 cando
650 3683 970 3753 patrimonio
1015 3697 1230 3753 operam
1277 3691 1558 3737 navantem
1604 3681 1745 3751 juste
1784 3689 2044 3751 qumstum

457 3774 658 3842 facere,
687 3776 875 3843 majori
896 3775 1044 3829 enim
1068 3790 1135 3829 ex
1166 3782 1314 3842 parte
1356 3788 1421 3829 ex
1449 3772 1634 3828 alienis
1664 3772 1750 3827 isti
1775 3772 2046 3828 calamita-

458 3865 604 3921 tibus
626 3866 832 3920 lucrum
850 3865 1077 3931 faciunt;
1108 3864 1231 3919 hinc
1250 3878 1459 3935 quoque
1480 3863 1714 3919 mulieris
1736 3864 1837 3919 arti
1864 3871 1921 3918 et
1944 3878 2044 3934 gu-

460 3957 759 4014 bernatieni
789 3973 933 4028 saepe
958 3957 1198 4013 efficiunt
1223 3971 1304 4024 ea,
1337 3971 1457 4028 quae
1492 3971 1592 4028 per
1630 3955 1942 4026 injustitiam
1991 3964 2046 4012 et

459 4048 567 4104 vim
598 4058 744 4118 parta
771 4049 822 4104 in
852 4064 1040 4104 manus
1080 4048 1245 4119 ipsius
1273 4055 1653 4119 pervenerunt.
1686 4043 2044 4115 Quamobrem

459 4140 560 4195 etsi
608 4139 777 4210 majus
821 4140 891 4194 sit
920 4139 1217 4210 acquirere,
1263 4154 1423 4210 quam
1462 4152 1821 4204 conservare,
1866 4145 2044 4193 tamen

458 4235 625 4288 altera
654 4250 719 4288 ex
739 4242 892 4304 parte
917 4233 1091 4288 minus
1115 4246 1236 4288 esse
1256 4231 1693 4304 deprehenditur,
1709 4229 1923 4301 quando
1939 4244 2045 4285 non

459 4327 633 4381 solum
683 4326 752 4381 ad
806 4326 1067 4382 bonorum
1105 4323 1574 4395 amplificationem
1620 4322 1754 4378 nihil
1796 4320 2042 4388 oonfert,

460 4419 556 4474 sed
582 4419 741 4473 etiam
769 4418 942 4488 perdit
961 4419 1073 4489 jam
1101 4418 1357 4489 reposita.
1387 4416 1528 4485 Quid
1552 4416 1714 4486 igitur
1741 4422 1942 4470 metuat
1967 4413 2047 4468 vi-

458 4508 585 4573 dua,
613 4523 682 4563 ne
702 4507 804 4562 viri
832 4508 1069 4563 absentia
1116 4523 1203 4563 res
1244 4507 1550 4562 domestica:
1582 4506 1815 4561 deterius
1842 4519 1902 4560 se
1952 4504 2047 4560 ha-

458 4599 640 4663 beant,
668 4613 890 4669 quarum
919 4598 1134 4654 vivente
1158 4598 1316 4653 etiam
1336 4598 1451 4653 viro
1477 4598 1591 4668 ipsa
1617 4596 2045 4665 procurationem

458 4688 808 4759 susceperat?
845 4691 915 4744 At
948 4688 1190 4755 facilius,
1237 4688 1476 4759 inquiet,
1519 4686 1871 4758 gubernabit,
1922 4702 2043 4743 cum

457 4789 603 4836 metu
632 4781 771 4835 illius
796 4794 954 4836 nemo
981 4779 1345 4847 reluctabitur,
1375 4794 1533 4835 nemo
1563 4779 1863 4835 molestiam
1911 4780 2043 4837 affe-

460 4881 560 4925 ret.
588 4869 721 4925 Nam
745 4880 801 4925 et
829 4870 1030 4935 famuli,
1062 4879 1117 4926 et
1157 4870 1443 4936 eeconomi,
1474 4876 1528 4925 et
1567 4877 1956 4939 procuratores,
1982 4886 2047 4927 ac

458 4961 645 5032 reliqui
674 4975 863 5016 omnes
887 4961 1032 5016 illum
1058 4968 1357 5016 metuentes
1374 4960 1439 5015 ad
1482 4959 1774 5029 parendum
1818 4960 2047 5018 aderunt

460 5054 716 5124 mompti,
747 5069 811 5109 ac
832 5068 990 5108 nemo
1019 5053 1121 5109 erit
1147 5053 1237 5124 qui
1265 5052 1636 5109 contradicat:
1680 5061 1736 5107 at
1774 5069 1839 5109 ee
1877 5069 2038 5124 quem

358 5164 383 5181 υ
459 5145 765 5200 metuebant
787 5160 819 5199 e
847 5144 1026 5200 medio
1051 5145 1279 5211 sublate,
1311 5158 1498 5199 omnes
1525 5142 1697 5198 vidua:
1724 5143 1933 5199 mulieri
1960 5143 2042 5198 in-

458 5237 679 5300 sultant,
709 5236 952 5306 improbe
980 5244 1282 5300 versantur,
1326 5235 1653 5290 confidentes
1699 5243 1843 5300 sunt,
1884 5243 2041 5304 atque

454 5327 633 5381 omnia
661 5336 970 5397 pervertunt
997 5342 1061 5382 ac
1088 5327 1369 5398 dissipant.
1397 5325 1549 5393 Quod
1573 5325 1619 5380 si
1640 5325 1821 5381 ulcisci
1846 5340 1909 5380 ac
1933 5327 2042 5381 vin-

455 5417 649 5473 dictam
677 5433 890 5476 sumere
916 5419 1061 5485 velit,
1095 5427 1369 5489 torquens,
1399 5417 1708 5483 verberans,
1754 5419 1807 5472 in
1854 5432 2038 5473 carce—

458 5526 571 5566 rem
599 5509 910 5581 eonjiciens,
946 5523 1055 5568 tum
1082 5527 1211 5568 vero
1261 5514 1313 5568 in
1356 5513 1500 5584 vulgi
1549 5511 2036 5583 reprehensionem,

457 5604 920 5670 criminationem,
980 5606 1330 5661 contumelias
1391 5606 1631 5662 incurrit.
1682 5604 1945 5660 Caeterum
1991 5606 2039 5660 si

454 5694 616 5754 ﬁdem
643 5696 691 5752 ci
711 5696 800 5768 qui
819 5696 950 5754 abiit
974 5697 1149 5755 datam
1176 5698 1408 5772 fregerit,
1442 5709 1601 5770 atque
1630 5697 1771 5753 illius
1797 5709 2033 5753 amorem

1140 282 1196 338 S.
1238 282 1515 340 JOANNIS
1552 283 2029 343 CIIRYSOSTOMI
2068 287 2390 347 ARCHIEP.
2429 289 2967 349 CONSTANTINOP.

3599 291 3705 349 διδ

2125 401 2391 459 oblivione
2414 405 2691 472 deleverit,
2715 413 2771 460 et
2803 418 3103 475 vesperam,
3127 417 3228 475 qua
3273 403 3365 460 ille
3399 402 3465 459 ad
3497 417 3555 460 se
3602 407 3713 476 pri-

2124 508 2269 548 mum
2294 496 2535 561 accessit,
2569 505 2623 550 et
2652 496 2916 566 plausum,
2959 504 3016 551 et
3058 495 3413 567 hymeneum,
3461 504 3516 551 et
3566 498 3712 552 faces

2124 587 2408 657 nuptiales,
2433 596 2488 642 et
2515 588 2712 658 primos
2737 588 3036 658 amplexus,
3067 595 3123 643 et
3146 602 3378 653 mensas,
3424 596 3480 642 et
3524 589 3710 643 convi-

2126 690 2243 734 ctus
2267 679 2421 750 cujus
2447 694 2552 735 una
2579 695 2702 735 cum
2734 680 2824 734 ille
2852 694 2949 750 per
2987 694 3147 735 omne
3196 686 3405 747 tempus
3444 678 3712 749 particeps

2127 770 2247 840 fuit,
2279 781 2335 828 et
2359 773 2543 838 verba,
2572 788 2689 843 qua:
2715 787 2746 827 a
2774 773 2888 827 viro
2915 787 3103 842 magna
3131 785 3250 826 cum
3280 770 3549 840 voluptate
3574 786 3711 825 uxo-

2127 876 2240 917 rem
2266 862 2450 917 audire
2477 862 2765 918 verisimile
2799 871 2881 916 est
2912 862 2994 916 :si
3036 861 3170 927 haec,
3221 860 3457 930 inquam,
3504 862 3709 927 omnia,

2129 952 2349 1022 perinde
2378 968 2440 1007 ac
2461 953 2505 1008 si
2530 968 2818 1023 numquam
2851 951 3096 1017 fuissent,
3124 959 3345 1021 repente
3373 950 3607 1021 abjiciat,
3629 959 3715 1003 at-

2129 1059 2234 1115 que
2260 1044 2412 1100 alteri
2430 1045 2545 1099 viro
2568 1044 2713 1100 fores
2737 1044 2959 1113 aperiat,
2984 1044 3260 1114 ipsumque
3282 1041 3349 1097 ad
3373 1042 3515 1096 illius
3538 1040 3718 1097 cubile

2132 1135 2324 1201 trahat,
2373 1150 2556 1191 rerum
2603 1135 2842 1190 omnium
2892 1135 3131 1205 priorum
3172 1133 3449 1189 conscium
3488 1133 3572 1187 :si
3602 1132 3719 1187 haec

2050 1286 2071 1300 κ
2130 1224 2306 1287 faciat.
2339 1241 2568 1281 nemone
2596 1226 2695 1280 erit
2723 1224 2812 1295 qui
2841 1223 3237 1295 reprehendat?
3269 1237 3427 1278 nemo
3467 1222 3558 1293 qui
3607 1223 3717 1277 cri-

2132 1316 2401 1371 minetur?
2422 1331 2581 1371 nemo
2595 1316 2684 1387 qui
2707 1316 2831 1371 odio
2861 1323 3233 1386 prosequatur,
3262 1328 3326 1368 ac
3349 1313 3717 1377 inlunnanam,

2132 1407 2407 1479 perfidam,
2461 1407 2785 1479 foedifragam
2831 1414 3003 1474 vocet,
3054 1414 3215 1477 atque
3255 1404 3556 1476 hujusmodi
3602 1403 3723 1459 aliis

2134 1497 2387 1553 conviciis
2415 1496 2642 1553 oneret?
3440 1534 3449 1543 ρ

2206 1588 2260 1643 5.
2321 1587 2572 1643 Secunda
2626 1588 2819 1659 nuptiw
2883 1603 2985 1642 non
3046 1586 3196 1642 laude
3250 1586 3436 1657 digna.
3485 1613 3556 1626 —
3601 1583 3720 1640 Non

2137 1678 2301 1745 enim,
2349 1679 2452 1733 etsi
2506 1679 2692 1733 beatus
2744 1677 2937 1733 Paulus
2984 1692 3097 1733 rem
3124 1677 3278 1732 istam
3303 1675 3565 1746 permisit,
3596 1689 3723 1744 pro-

2141 1778 2326 1839 pterea
2355 1768 2601 1823 laudibus
2620 1768 2832 1839 dignam
2862 1777 3037 1839 putes,
3083 1782 3146 1823 ac
3191 1782 3312 1837 quae
3351 1766 3495 1837 vulgi
3536 1780 3722 1836 repre-

2143 1861 2456 1916 hensionem
2487 1860 2684 1931 fugiat;
2712 1876 2869 1933 ptena
2910 1869 3115 1915 tantum
3153 1874 3217 1915 ac
3252 1859 3513 1930 supplicio
3551 1867 3719 1923 caret,

2139 1952 2322 2008 laudes
2345 1952 2559 2023 quidem
2590 1962 2645 2008 et
2671 1942 2913 2008 eneomia
2937 1967 3044 2007 non
3074 1960 3155 2007 est
3181 1951 3323 2021 quod
3361 1965 3421 2006 se
3448 1958 3723 2019 reportare

2140 2058 2298 2113 posse
2327 2053 2506 2114 speret
2529 2043 2606 2118 (1.
2640 2042 2772 2098 Tim.
2794 2044 2849 2099 5.
2882 2044 2994 2114 14).
3016 2041 3150 2098 Nam
3171 2051 3226 2098 et
3255 2041 3536 2097 remissum
3565 2048 3725 2111 atque

2139 2135 2206 2190 ad
2241 2135 2514 2191 libidinem
2563 2137 2850 2206 proclivem
2886 2149 3030 2204 esse,
3065 2150 3130 2190 ac
3171 2149 3240 2190 ne
3278 2133 3467 2205 jejunii
3509 2133 3724 2205 quidem

2143 2235 2401 2296 tempore,
2430 2235 2523 2282 aut
2554 2229 2743 2297 quovis
2767 2228 2874 2282 alio
2914 2228 2982 2282 ab
3026 2241 3190 2283 uxore
3232 2226 3520 2292 abstinere,
3567 2225 3727 2295 longe

2141 2317 2354 2387 quidem
2382 2328 2435 2374 et
2463 2319 2684 2373 multum
2713 2333 2742 2372 a
2769 2317 3033 2388 supplicio
3054 2316 3223 2383 abest,
3253 2331 3358 2371 non
3381 2325 3555 2371 tamen
3583 2314 3726 2371 laudi

2142 2408 2439 2477 proximum
2466 2417 2550 2463 est
2579 2426 2592 2463 :
2621 2423 2742 2463 nam
2786 2406 2901 2462 haec
2926 2407 3039 2478 ipsa
3070 2406 3393 2478 indulgentia
3424 2404 3552 2460 nihil
3582 2404 3725 2460 aliud

2142 2507 2244 2567 est,
2288 2514 2446 2571 quam
2493 2501 2701 2570 signum
2740 2513 2949 2569 magnae
2989 2496 3265 2568 cujusdam
3301 2495 3624 2551 inﬁrmitatis
3662 2507 3726 2550 ac

2143 2590 2422 2645 socordiae.
2457 2589 2813 2656 Quamobrem
2844 2589 2890 2643 si
2918 2587 3094 2654 times,
3128 2601 3195 2641 ne
3218 2585 3431 2641 famulis
3446 2583 3728 2655 puniendis

2142 2681 2379 2737 audaciae
2422 2682 2616 2737 subeas
2655 2680 2997 2752 Opinionem,
3044 2678 3172 2735 illud
3225 2678 3457 2734 vicissim
3503 2678 3726 2748 cogites,

2143 2774 2315 2830 multo
2340 2775 2509 2845 magis
2534 2773 3014 2845 pertimescendum
3044 2787 3186 2841 esse,
3212 2786 3280 2827 ne
3319 2779 3520 2826 tantam
3549 2769 3727 2825 molli-

2145 2866 2234 2921 tiei
2261 2874 2316 2920 et
2343 2865 2576 2921 libidinis
2603 2866 2798 2921 famam
2823 2865 3033 2921 subeas.
3077 2864 3345 2920 Praeterea
3384 2876 3513 2917 vero
3552 2860 3728 2917 licebit

2145 2956 2319 3011 viduae
2346 2957 2566 3013 meliore
2590 2956 2815 3028 quadam
2846 2957 3050 3011 ratione
3074 2954 3235 3010 rebus
3277 2952 3390 3009 suis
3426 2950 3724 3018 consulere,

2145 3055 2203 3101 ut
2228 3056 2282 3103 et
2306 3062 2495 3119 magna
2524 3063 2590 3103 ex
2634 3055 2785 3119 parte
2827 3047 2881 3103 in
2922 3055 3035 3102 tuto
3081 3046 3198 3101 illas
3243 3044 3491 3111 collocet,
3526 3051 3583 3099 et
3621 3057 3728 3101 non

2144 3126 2319 3196 solum
2344 3141 2816 3212 reprehensionem
2848 3140 3030 3211 fugiat,
3059 3138 3153 3194 sed
3184 3138 3347 3194 etiam
3386 3136 3455 3192 ab
3481 3135 3731 3192 omnibus

2145 3230 2409 3297 laudetur,
2454 3232 2705 3302 quodque
2750 3231 3075 3302 praecipuum
3120 3238 3224 3297 est,
3268 3227 3542 3284 mercedes
3588 3227 3729 3295 illas,

2145 3338 2264 3392 qua:
2292 3338 2322 3376 a
2347 3323 2456 3378 Dee
2483 3322 2806 3392 prasbentur,
2830 3330 3084 3393 reportet.
3121 3321 3252 3378 Nam
3296 3320 3341 3376 si
3379 3318 3634 3390 pecunias
3674 3319 3729 3374 in

2145 3415 2278 3470 caelo
2303 3415 2403 3472 sibi
2443 3414 2787 3486 deponendas
2830 3414 3100 3471 censuerit
3141 3414 3320 3484 ibique
3363 3422 3630 3483 tamquam
3673 3411 3729 3467 in

2146 3507 2294 3577 asylo
2315 3505 2543 3577 quedam
2566 3504 2931 3573 defodiendas,
2954 3519 3061 3560 non
3078 3504 3250 3560 solum
3272 3518 3377 3558 non
3403 3503 3728 3568 minuentur,

2146 3598 2240 3653 sed
2263 3598 2442 3654 multis
2469 3599 2707 3669 partibus
2731 3598 2963 3668 majores
3000 3597 3147 3652 fient.
3175 3596 3318 3652 Talis
3347 3595 3491 3650 enim
3520 3601 3603 3649 est
3629 3592 3730 3647 hu-

2144 3688 2234 3760 jus
2263 3690 2516 3768 sementis
2555 3698 2761 3744 natura.
2793 3689 2944 3757 Quod
2981 3690 3024 3744 si
3070 3686 3361 3744 infirmiore
3402 3685 3580 3741 animo
3623 3691 3728 3749 est,

2147 3796 2305 3852 quam
2330 3779 2662 3850 utperfecta‘.
2691 3781 2768 3836 illi
2813 3781 2915 3851 legi
2960 3778 3246 3850 implenda:
3288 3792 3383 3848 par
3424 3776 3513 3842 sit,
3554 3790 3730 3845 neque

2147 3871 2323 3927 omnia
2353 3872 2510 3926 simul
2536 3886 2601 3927 eo
2626 3872 2870 3942 trajicere
2894 3870 3054 3935 velit,
3083 3868 3210 3925 illud
3237 3883 3423 3923 rursus
3450 3866 3663 3936 cogitet,
3682 3868 3729 3919 si

2148 3964 2320 4018 virum
2345 3962 2588 4033 accipiat,
2616 3978 2722 4017 non
2747 3976 2878 4017 sane
2905 3961 3062 4017 talem
3091 3967 3448 4030 accepturam,
3477 3956 3567 4027 qui
3591 3955 3731 4011 bona

2148 4053 2455 4124 ampliﬁcet.
2482 4051 2633 4121 Quod
2662 4053 2707 4107 si
2733 4052 2892 4108 etiam
2922 4051 3041 4106 talis
3082 4051 3171 4117 sit,
3215 4064 3319 4104 non
3363 4048 3529 4102 solam
3571 4060 3731 4115 pecu-

2149 4144 2359 4200 uiarum
2406 4142 2772 4199 accessionem
2810 4140 3133 4207 consideret,
3172 4138 3268 4195 sed
3318 4137 3446 4193 illud
3494 4149 3727 4205 quoque,

2149 4234 2262 4290 fere
2287 4241 2347 4289 ut
2371 4235 2550 4289 multis
2570 4234 2621 4288 in
2649 4233 2808 4289 rebus
2838 4233 3005 4288 Deum
3051 4239 3211 4301 atque
3246 4228 3494 4284 homines
3533 4225 3731 4281 laedere

2148 4333 2386 4395 cogatur.
2416 4323 2548 4379 Nam
2576 4324 2621 4378 si
2647 4324 2735 4379 ille
2770 4338 2836 4378 ex
2862 4336 3085 4377 numero
3110 4319 3403 4390 potentium
3433 4324 3592 4386 atque
3614 4314 3731 4384 opi-

2149 4414 2250 4470 bus
2275 4413 2655 4469 abundantium
2686 4412 2865 4479 fuerit,
2893 4412 3058 4466 multa
3083 4410 3228 4465 illam
3273 4418 3469 4479 prmter
3513 4413 3731 4464 sentcn-

2149 4506 2276 4562 tiam
2302 4513 2355 4561 et
2382 4505 2555 4561 facere
2577 4512 2632 4559 et
2655 4503 2796 4559 ferre
2815 4511 3003 4574 coget;
3030 4511 3085 4556 et
3111 4499 3253 4572 quod
3278 4514 3308 4554 a
3333 4496 3587 4553 viduitate
3617 4509 3733 4549 me-

2149 4598 2351 4663 tuebat,
2381 4597 2458 4652 illi
2488 4611 2625 4652 nunc
2654 4597 2822 4651 multo
2850 4595 3061 4664 gravius
3086 4601 3139 4649 et
3165 4590 3449 4647 violentius
3476 4587 3730 4643 immine-

2149 4689 2244 4744 bit.
2275 4688 2461 4755 Adde,
2507 4688 2722 4743 evenire
2769 4685 3022 4741 facillime
3057 4698 3250 4754 posse,
3294 4691 3354 4737 ut
3392 4679 3731 4736 ualerrimam

2149 4781 2308 4835 faciat
2342 4781 2709 4835 mutationem.
2737 4777 2869 4832 Nam
2901 4776 3027 4832 dum
3051 4775 3206 4830 vidua
3233 4782 3334 4838 est,
3363 4774 3524 4828 etiam
3552 4771 3597 4825 si
3630 4770 3733 4824 ali-

2146 4871 2365 4943 quodin
2407 4871 2563 4926 bonis
2603 4870 2979 4925 detrimentum
3017 4866 3261 4936 accipiat,
3307 4864 3509 4933 reliqua
3551 4871 3732 4916 tamen

2146 4964 2232 5019 illa
2258 4965 2402 5019 salva
2427 4973 2480 5019 et
2507 4972 2616 5017 tuta
2643 4960 2935 5017 manebunt
2962 4977 2975 5014 :
3006 4967 3061 5013 at
3085 4957 3285 5028 petenti
3311 4956 3446 5019 viro,
3483 4962 3537 5009 et
3579 4967 3733 5007 rem-

2147 5056 2433 5128 publicam,
2471 5055 2557 5110 vel
2605 5054 2762 5108 aliam
2809 5051 3112 5123 quampiam
3153 5046 3584 5120 procurationem
3633 5057 3730 5114 ge-

2142 5149 2303 5213 renti,
2332 5147 2673 5202 matrimonio
2694 5145 2898 5216 juncta,
2924 5158 3068 5213 smpe
3093 5140 3270 5196 omnia
3296 5137 3455 5194 simul
3483 5135 3730 5190 amittet:

2145 5241 2506 5296 calamitatum
2534 5239 2697 5305 enim,
2726 5253 2845 5307 quae
2870 5236 2999 5290 viris
3037 5233 3302 5298 accidunt,
3353 5243 3548 5284 uxores
3588 5239 3725 5296 quo-

2144 5347 2248 5403 que
2277 5331 2557 5400 participes
2585 5331 2691 5384 sint
2718 5335 2949 5399 oportet.
2980 5325 3084 5382 Sed
3114 5333 3252 5390 esto,
3296 5321 3425 5375 nihil
3462 5315 3725 5389 ejusmodi

2143 5424 2367 5490 accidat,
2400 5422 2590 5493 ecquid
2620 5422 2774 5487 lucri,
2820 5420 2906 5474 dic
2942 5419 3094 5477 mihi.
3139 5418 3447 5472 servitutem
3493 5408 3726 5466 libertati

2142 5514 2449 5570 anteferre?
2474 5513 2663 5583 ecquid
2691 5511 2929 5567 utilitatis
2956 5508 3152 5563 divitirc
3192 5505 3439 5567 afferunt,
3467 5516 3588 5557 cum
3620 5498 3725 5553 illis

2140 5605 2399 5660 arbitratu
2423 5619 2520 5660 suo
2549 5603 2625 5659 uti
2650 5603 2867 5657 minime
2893 5599 3088 5671 queat?
3122 5597 3309 5653 Nonne
3353 5593 3520 5648 multo
3584 5602 3727 5659 prae—

2142 5695 2385 5759 stabilius
2413 5702 2513 5762 est,
2547 5709 2709 5766 pauca
2737 5693 2807 5749 ita
2836 5692 3141 5764 possidere,
3170 5696 3228 5752 ut
3250 5685 3334 5741 illa
3376 5685 3429 5740 in
3458 5687 3723 5755 potestate
