  <div class='ocr_page' id='page_1' title='image "/cluster/home/n/w/nwhite01/storage/ocr_20150623/48/mdp.39015032114640/096.png"; bbox 0 0 4016 6154; ppageno 0'>
   <div class='ocr_carea' id='block_1_1' title="bbox 150 283 262 343">
    <p class='ocr_par' dir='ltr' id='par_1_1' title="bbox 150 283 262 343">
     <span class='ocr_line' id='line_1_1' title="bbox 150 283 262 343; baseline 0.009 -1"><span class='ocrx_word' id='word_1_1' title='bbox 150 283 262 343; x_wconf 68' lang='grc'>615</span> 
     </span>
    </p>
   </div>
   <div class='ocr_carea' id='block_1_2' title="bbox 148 399 1825 477">
    <p class='ocr_par' dir='ltr' id='par_1_2' title="bbox 148 399 1825 477">
     <span class='ocr_line' id='line_1_2' title="bbox 148 399 1825 477; baseline 0.004 -23"><span class='ocrx_word' id='word_1_2' title='bbox 148 402 262 471; x_wconf 77' lang='grc' dir='ltr'>ψαν</span> <span class='ocrx_word' id='word_1_3' title='bbox 277 399 574 473; x_wconf 72' lang='grc' dir='ltr'>ὀρφανοὺς,</span> <span class='ocrx_word' id='word_1_4' title='bbox 600 402 696 456; x_wconf 74' lang='grc' dir='ltr'>καὶ</span> <span class='ocrx_word' id='word_1_5' title='bbox 723 402 823 467; x_wconf 76' lang='grc' dir='ltr'>τὰς</span> <span class='ocrx_word' id='word_1_6' title='bbox 841 402 899 457; x_wconf 85' lang='grc' dir='ltr'>ἐν</span> <span class='ocrx_word' id='word_1_7' title='bbox 921 402 1111 475; x_wconf 77' lang='grc' dir='ltr'>χερσὶν</span> <span class='ocrx_word' id='word_1_8' title='bbox 1133 403 1321 467; x_wconf 81' lang='grc' dir='ltr'>οὐσίας</span> <span class='ocrx_word' id='word_1_9' title='bbox 1349 405 1408 457; x_wconf 87' lang='grc' dir='ltr'>αί</span> <span class='ocrx_word' id='word_1_10' title='bbox 1433 404 1533 475; x_wconf 85' lang='grc' dir='ltr'>μὲν</span> <span class='ocrx_word' id='word_1_11' title='bbox 1558 403 1825 477; x_wconf 80' lang='grc' dir='ltr'>ηὔξησαν,</span> 
     </span>
    </p>
   </div>
   <div class='ocr_carea' id='block_1_3' title="bbox 148 488 1828 563">
    <p class='ocr_par' dir='ltr' id='par_1_3' title="bbox 148 488 1828 563">
     <span class='ocr_line' id='line_1_3' title="bbox 148 488 1828 563; baseline 0.001 -19"><span class='ocrx_word' id='word_1_12' title='bbox 148 492 207 544; x_wconf 78' lang='grc' dir='ltr'>αἱ</span> <span class='ocrx_word' id='word_1_13' title='bbox 241 488 297 543; x_wconf 83' lang='grc' dir='ltr'>δέ</span> <span class='ocrx_word' id='word_1_14' title='bbox 323 490 426 543; x_wconf 76' lang='grc' dir='ltr'>οὐκ</span> <span class='ocrx_word' id='word_1_15' title='bbox 458 488 804 559; x_wconf 83' lang='grc' dir='ltr'>ἠλάττωσαν.</span> <span class='ocrx_word' id='word_1_16' title='bbox 836 492 945 544; x_wconf 76' lang='grc' dir='ltr'>Καὶ</span> <span class='ocrx_word' id='word_1_17' title='bbox 982 491 1091 560; x_wconf 74' lang='grc' dir='ltr'>γάρ</span> <span class='ocrx_word' id='word_1_18' title='bbox 1133 492 1163 543; x_wconf 99' lang='lat'>6</span> <span class='ocrx_word' id='word_1_19' title='bbox 1206 490 1341 555; x_wconf 82' lang='grc' dir='ltr'>Θεὸς</span> <span class='ocrx_word' id='word_1_20' title='bbox 1369 491 1428 558; x_wconf 81' lang='grc' dir='ltr'>ἐξ</span> <span class='ocrx_word' id='word_1_21' title='bbox 1465 492 1640 563; x_wconf 83' lang='grc' dir='ltr'>ἀρχῆς</span> <span class='ocrx_word' id='word_1_22' title='bbox 1671 493 1731 545; x_wconf 91' lang='grc' dir='ltr'>ού</span> <span class='ocrx_word' id='word_1_23' title='bbox 1765 493 1828 546; x_wconf 79' lang='grc' dir='ltr'>τὸ</span> 
     </span>
    </p>
   </div>
   <div class='ocr_carea' id='block_1_4' title="bbox 145 577 1822 650">
    <p class='ocr_par' dir='ltr' id='par_1_4' title="bbox 145 577 1822 650">
     <span class='ocr_line' id='line_1_4' title="bbox 145 577 1822 650; baseline 0.001 -19"><span class='ocrx_word' id='word_1_24' title='bbox 145 580 263 631; x_wconf 72' lang='grc' dir='ltr'>πᾶν</span> <span class='ocrx_word' id='word_1_25' title='bbox 290 580 404 642; x_wconf 79' lang='grc' dir='ltr'>τοῖς</span> <span class='ocrx_word' id='word_1_26' title='bbox 429 577 691 650; x_wconf 79' lang='grc' dir='ltr'>ἀνδράσιν</span> <span class='ocrx_word' id='word_1_27' title='bbox 720 578 1038 650; x_wconf 80' lang='grc' dir='ltr'>ἐπέτρεψεν,</span> <span class='ocrx_word' id='word_1_28' title='bbox 1078 578 1200 631; x_wconf 75' lang='grc' dir='ltr'>οὐδὲ</span> <span class='ocrx_word' id='word_1_29' title='bbox 1234 580 1291 632; x_wconf 85' lang='grc' dir='ltr'>ἐν</span> <span class='ocrx_word' id='word_1_30' title='bbox 1321 581 1488 633; x_wconf 75' lang='grc' dir='ltr'>πᾶσιν</span> <span class='ocrx_word' id='word_1_31' title='bbox 1518 580 1697 633; x_wconf 81' lang='grc' dir='ltr'>αὐτῶν</span> <span class='ocrx_word' id='word_1_32' title='bbox 1727 581 1822 634; x_wconf 87' lang='grc' dir='ltr'>ἐκ·</span> 
     </span>
    </p>
   </div>
   <div class='ocr_carea' id='block_1_5' title="bbox 145 663 1824 739">
    <p class='ocr_par' dir='ltr' id='par_1_5' title="bbox 145 663 1824 739">
     <span class='ocr_line' id='line_1_5' title="bbox 145 663 1824 739; baseline 0.002 -21"><span class='ocrx_word' id='word_1_33' title='bbox 145 665 461 737; x_wconf 86' lang='grc' dir='ltr'>κρέμασθαι</span> <span class='ocrx_word' id='word_1_34' title='bbox 485 665 558 718; x_wconf 77' lang='grc' dir='ltr'>τὰ</span> <span class='ocrx_word' id='word_1_35' title='bbox 583 667 643 719; x_wconf 81' lang='grc' dir='ltr'>ἐν</span> <span class='ocrx_word' id='word_1_36' title='bbox 661 665 740 736; x_wconf 73' lang='grc' dir='ltr'>τῷ</span> <span class='ocrx_word' id='word_1_37' title='bbox 764 664 864 736; x_wconf 85' lang='grc' dir='ltr'>βίῳ</span> <span class='ocrx_word' id='word_1_38' title='bbox 891 665 1192 736; x_wconf 82' lang='grc' dir='ltr'>πράγματα</span> <span class='ocrx_word' id='word_1_39' title='bbox 1222 666 1380 736; x_wconf 85' lang='grc' dir='ltr'>μόνον</span> <span class='ocrx_word' id='word_1_40' title='bbox 1402 663 1687 738; x_wconf 77' lang='grc' dir='ltr'>ἀφῆκενοῆ</span> <span class='ocrx_word' id='word_1_41' title='bbox 1714 667 1824 739; x_wconf 86' lang='grc' dir='ltr'>γάρ</span> 
     </span>
    </p>
   </div>
   <div class='ocr_carea' id='block_1_6' title="bbox 143 750 1823 827">
    <p class='ocr_par' dir='ltr' id='par_1_6' title="bbox 143 750 1823 827">
     <span class='ocr_line' id='line_1_6' title="bbox 143 750 1823 827; baseline 0.001 -20"><span class='ocrx_word' id='word_1_42' title='bbox 143 754 218 807; x_wconf 76' lang='grc' dir='ltr'>ἀν</span> <span class='ocrx_word' id='word_1_43' title='bbox 245 752 781 825; x_wconf 78' lang='grc' dir='ltr'>εὐκαταφρόνητοςή</span> <span class='ocrx_word' id='word_1_44' title='bbox 814 754 951 824; x_wconf 83' lang='grc' dir='ltr'>γυνὴ</span> <span class='ocrx_word' id='word_1_45' title='bbox 996 750 1086 824; x_wconf 82' lang='grc' dir='ltr'>ἦν,</span> <span class='ocrx_word' id='word_1_46' title='bbox 1124 754 1291 825; x_wconf 76' lang='grc' dir='ltr'>μηδὲν</span> <span class='ocrx_word' id='word_1_47' title='bbox 1324 754 1653 809; x_wconf 89' lang='grc' dir='ltr'>συντελοῦσα</span> <span class='ocrx_word' id='word_1_48' title='bbox 1687 756 1823 827; x_wconf 75' lang='grc' dir='ltr'>πρὸς</span> 
     </span>
    </p>
   </div>
   <div class='ocr_carea' id='block_1_7' title="bbox 140 837 1823 914">
    <p class='ocr_par' dir='ltr' id='par_1_7' title="bbox 140 837 1823 914">
     <span class='ocr_line' id='line_1_7' title="bbox 140 837 1823 914; baseline 0.001 -21"><span class='ocrx_word' id='word_1_49' title='bbox 140 841 242 893; x_wconf 77' lang='grc' dir='ltr'>τὸν</span> <span class='ocrx_word' id='word_1_50' title='bbox 268 841 384 912; x_wconf 76' lang='grc' dir='ltr'>βίον</span> <span class='ocrx_word' id='word_1_51' title='bbox 414 843 569 912; x_wconf 79' lang='grc' dir='ltr'>ἡμῖν.</span> <span class='ocrx_word' id='word_1_52' title='bbox 600 842 779 913; x_wconf 85' lang='grc' dir='ltr'>Ὅπερ</span> <span class='ocrx_word' id='word_1_53' title='bbox 816 837 910 895; x_wconf 79' lang='grc' dir='ltr'>οὖν</span> <span class='ocrx_word' id='word_1_54' title='bbox 940 841 1095 906; x_wconf 84' lang='grc' dir='ltr'>είδὼς</span> <span class='ocrx_word' id='word_1_55' title='bbox 1132 843 1162 895; x_wconf 91' lang='lat'>6</span> <span class='ocrx_word' id='word_1_56' title='bbox 1193 843 1327 907; x_wconf 74' lang='grc' dir='ltr'>Θεὸς</span> <span class='ocrx_word' id='word_1_57' title='bbox 1361 842 1655 914; x_wconf 76' lang='grc' dir='ltr'>ἀπένειμεν</span> <span class='ocrx_word' id='word_1_58' title='bbox 1684 843 1823 913; x_wconf 80' lang='grc' dir='ltr'>αὐτῇ</span> 
     </span>
    </p>
   </div>
   <div class='ocr_carea' id='block_1_8' title="bbox 146 927 1820 1001">
    <p class='ocr_par' dir='ltr' id='par_1_8' title="bbox 146 927 1820 1001">
     <span class='ocr_line' id='line_1_8' title="bbox 146 927 1820 1001; baseline -0.001 -18"><span class='ocrx_word' id='word_1_59' title='bbox 146 932 349 1000; x_wconf 81' lang='grc' dir='ltr'>μοῖραν</span> <span class='ocrx_word' id='word_1_60' title='bbox 384 930 487 983; x_wconf 79' lang='grc' dir='ltr'>οὐκ</span> <span class='ocrx_word' id='word_1_61' title='bbox 518 928 812 984; x_wconf 84' lang='grc' dir='ltr'>ἐλάττονα·</span> <span class='ocrx_word' id='word_1_62' title='bbox 849 929 946 982; x_wconf 66' lang='grc' dir='ltr'>καλ¹</span> <span class='ocrx_word' id='word_1_63' title='bbox 988 927 1149 983; x_wconf 90' lang='grc' dir='ltr'>τοῦτο</span> <span class='ocrx_word' id='word_1_64' title='bbox 1189 929 1367 1001; x_wconf 88' lang='grc' dir='ltr'>δηλῶν</span> <span class='ocrx_word' id='word_1_65' title='bbox 1391 929 1599 985; x_wconf 82' lang='grc' dir='ltr'>ἀνωθεν</span> <span class='ocrx_word' id='word_1_66' title='bbox 1644 929 1820 998; x_wconf 72' lang='grc' dir='ltr'>ἔλεγε,</span> 
     </span>
    </p>
   </div>
   <div class='ocr_carea' id='block_1_9' title="bbox 141 1013 1822 1089">
    <p class='ocr_par' dir='ltr' id='par_1_9' title="bbox 141 1013 1822 1089">
     <span class='ocr_line' id='line_1_9' title="bbox 141 1013 1822 1089; baseline 0 -19"><span class='ocrx_word' id='word_1_67' title='bbox 141 1017 505 1086; x_wconf 72' lang='grc' dir='ltr'>Ποιήσωμεν</span> <span class='ocrx_word' id='word_1_68' title='bbox 542 1013 704 1081; x_wconf 82' lang='grc' dir='ltr'>αὐτῷ</span> <span class='ocrx_word' id='word_1_69' title='bbox 726 1016 980 1085; x_wconf 79' lang='grc' dir='ltr'>βοηθόν.</span> <span class='ocrx_word' id='word_1_70' title='bbox 1016 1017 1133 1071; x_wconf 86' lang='grc' dir='ltr'>Ἵνα</span> <span class='ocrx_word' id='word_1_71' title='bbox 1171 1018 1281 1089; x_wconf 74' lang='grc' dir='ltr'>γὰρ</span> <span class='ocrx_word' id='word_1_72' title='bbox 1319 1016 1394 1089; x_wconf 83' lang='grc' dir='ltr'>μὴ</span> <span class='ocrx_word' id='word_1_73' title='bbox 1435 1017 1513 1089; x_wconf 85' lang='grc' dir='ltr'>τῷ</span> <span class='ocrx_word' id='word_1_74' title='bbox 1557 1016 1772 1089; x_wconf 87' lang='grc' dir='ltr'>πρῶτον</span> <span class='ocrx_word' id='word_1_75' title='bbox 1796 1029 1822 1058; x_wconf 83' lang='grc' dir='ltr'>ιι</span> 
     </span>
    </p>
   </div>
   <div class='ocr_carea' id='block_1_10' title="bbox 141 1103 1819 1177">
    <p class='ocr_par' dir='ltr' id='par_1_10' title="bbox 141 1103 1819 1177">
     <span class='ocr_line' id='line_1_10' title="bbox 141 1103 1819 1177; baseline -0.001 -19"><span class='ocrx_word' id='word_1_76' title='bbox 141 1104 498 1175; x_wconf 80' lang='grc' dir='ltr'>γεγενῆσθαι,</span> <span class='ocrx_word' id='word_1_77' title='bbox 529 1104 666 1175; x_wconf 85' lang='grc' dir='ltr'>μηδέ</span> <span class='ocrx_word' id='word_1_78' title='bbox 692 1103 773 1175; x_wconf 84' lang='grc' dir='ltr'>τῷ</span> <span class='ocrx_word' id='word_1_79' title='bbox 802 1104 870 1158; x_wconf 82' lang='grc' dir='ltr'>δι’</span> <span class='ocrx_word' id='word_1_80' title='bbox 902 1105 1063 1160; x_wconf 78' lang='grc' dir='ltr'>αὐτὸν</span> <span class='ocrx_word' id='word_1_81' title='bbox 1093 1106 1193 1177; x_wconf 81' lang='grc' dir='ltr'>τὴν</span> <span class='ocrx_word' id='word_1_82' title='bbox 1225 1109 1460 1175; x_wconf 87' lang='grc' dir='ltr'>γυναῖκα</span> <span class='ocrx_word' id='word_1_83' title='bbox 1488 1104 1819 1171; x_wconf 82' lang='grc' dir='ltr'>πεπλάσθαι,</span> 
     </span>
    </p>
   </div>
   <div class='ocr_carea' id='block_1_11' title="bbox 144 1192 1824 1269">
    <p class='ocr_par' dir='ltr' id='par_1_11' title="bbox 144 1192 1824 1269">
     <span class='ocr_line' id='line_1_11' title="bbox 144 1192 1824 1269; baseline 0.001 -23"><span class='ocrx_word' id='word_1_84' title='bbox 144 1194 297 1263; x_wconf 86' lang='grc' dir='ltr'>μέγα</span> <span class='ocrx_word' id='word_1_85' title='bbox 329 1196 450 1247; x_wconf 80' lang='grc' dir='ltr'>κατ’</span> <span class='ocrx_word' id='word_1_86' title='bbox 476 1193 649 1265; x_wconf 77' lang='grc' dir='ltr'>αὐτῆς</span> <span class='ocrx_word' id='word_1_87' title='bbox 684 1192 785 1266; x_wconf 73' lang='grc' dir='ltr'>ἔχῃ</span> <span class='ocrx_word' id='word_1_88' title='bbox 818 1198 1031 1267; x_wconf 83' lang='grc' dir='ltr'>φρονεῖν</span> <span class='ocrx_word' id='word_1_89' title='bbox 1070 1197 1099 1248; x_wconf 91' lang='lat'>6</span> <span class='ocrx_word' id='word_1_90' title='bbox 1131 1195 1271 1268; x_wconf 77' lang='grc' dir='ltr'>ἀνὴρ</span> <span class='ocrx_word' id='word_1_91' title='bbox 1290 1238 1304 1261; x_wconf 93' lang='grc'>,</span> <span class='ocrx_word' id='word_1_92' title='bbox 1336 1196 1425 1249; x_wconf 83' lang='grc' dir='ltr'>διά</span> <span class='ocrx_word' id='word_1_93' title='bbox 1450 1196 1545 1251; x_wconf 90' lang='grc' dir='ltr'>τοῦ</span> <span class='ocrx_word' id='word_1_94' title='bbox 1580 1198 1824 1269; x_wconf 76' lang='grc' dir='ltr'><strong>ῥήματος</strong></span> 
     </span>
    </p>
   </div>
   <div class='ocr_carea' id='block_1_12' title="bbox 141 1280 1821 1357">
    <p class='ocr_par' dir='ltr' id='par_1_12' title="bbox 141 1280 1821 1357">
     <span class='ocr_line' id='line_1_12' title="bbox 141 1280 1821 1357; baseline 0.003 -24"><span class='ocrx_word' id='word_1_95' title='bbox 141 1281 340 1334; x_wconf 86' lang='grc' dir='ltr'>τούτου</span> <span class='ocrx_word' id='word_1_96' title='bbox 365 1281 680 1336; x_wconf 88' lang='grc' dir='ltr'>κατέστειλε</span> <span class='ocrx_word' id='word_1_97' title='bbox 705 1284 798 1337; x_wconf 78' lang='grc' dir='ltr'>τὸν</span> <span class='ocrx_word' id='word_1_98' title='bbox 818 1282 986 1353; x_wconf 89' lang='grc' dir='ltr'>τῦφον</span> <span class='ocrx_word' id='word_1_99' title='bbox 1018 1284 1207 1350; x_wconf 84' lang='grc' dir='ltr'>αὐτοῦ,</span> <span class='ocrx_word' id='word_1_100' title='bbox 1234 1285 1450 1348; x_wconf 82' lang='grc' dir='ltr'>δεικνὺς</span> <span class='ocrx_word' id='word_1_101' title='bbox 1482 1286 1565 1339; x_wconf 81' lang='grc' dir='ltr'>ὅτι</span> <span class='ocrx_word' id='word_1_102' title='bbox 1594 1288 1692 1356; x_wconf 80' lang='grc' dir='ltr'>οὐχ</span> <span class='ocrx_word' id='word_1_103' title='bbox 1721 1280 1821 1357; x_wconf 81' lang='grc' dir='ltr'>ἦτ-</span> 
     </span>
    </p>
   </div>
   <div class='ocr_carea' id='block_1_13' title="bbox 140 1367 1821 1444">
    <p class='ocr_par' dir='ltr' id='par_1_13' title="bbox 140 1367 1821 1444">
     <span class='ocr_line' id='line_1_13' title="bbox 140 1367 1821 1444; baseline 0.002 -23"><span class='ocrx_word' id='word_1_104' title='bbox 140 1385 236 1422; x_wconf 90' lang='grc' dir='ltr'>τον</span> <span class='ocrx_word' id='word_1_105' title='bbox 260 1367 358 1422; x_wconf 83' lang='grc' dir='ltr'>τοῦ</span> <span class='ocrx_word' id='word_1_106' title='bbox 380 1369 576 1441; x_wconf 83' lang='grc' dir='ltr'>ἀνδρὸς</span> <span class='ocrx_word' id='word_1_107' title='bbox 607 1370 710 1441; x_wconf 81' lang='grc' dir='ltr'>τῆς</span> <span class='ocrx_word' id='word_1_108' title='bbox 732 1370 988 1439; x_wconf 81' lang='grc' dir='ltr'>γυναικὸς</span> <span class='ocrx_word' id='word_1_109' title='bbox 1015 1370 1085 1425; x_wconf 84' lang='grc' dir='ltr'>τὰ</span> <span class='ocrx_word' id='word_1_110' title='bbox 1118 1371 1212 1425; x_wconf 88' lang='grc' dir='ltr'>τοῦ</span> <span class='ocrx_word' id='word_1_111' title='bbox 1248 1373 1452 1444; x_wconf 91' lang='grc' dir='ltr'>κόσμου</span> <span class='ocrx_word' id='word_1_112' title='bbox 1476 1372 1646 1427; x_wconf 91' lang='grc' dir='ltr'>δεῖται</span> <span class='ocrx_word' id='word_1_113' title='bbox 1674 1372 1821 1444; x_wconf 88' lang='grc' dir='ltr'>πρά·</span> 
     </span>
    </p>
   </div>
   <div class='ocr_carea' id='block_1_14' title="bbox 140 1453 1820 1530">
    <p class='ocr_par' dir='ltr' id='par_1_14' title="bbox 140 1453 1820 1530">
     <span class='ocr_line' id='line_1_14' title="bbox 140 1453 1820 1530; baseline 0.001 -19"><span class='ocrx_word' id='word_1_114' title='bbox 140 1474 350 1527; x_wconf 84' lang='grc' dir='ltr'>γματα.</span> <span class='ocrx_word' id='word_1_115' title='bbox 386 1455 525 1511; x_wconf 84' lang='grc' dir='ltr'>Τίνα</span> <span class='ocrx_word' id='word_1_116' title='bbox 555 1453 651 1511; x_wconf 81' lang='grc' dir='ltr'>οῦν</span> <span class='ocrx_word' id='word_1_117' title='bbox 687 1460 805 1511; x_wconf 71' lang='grc' dir='ltr'>ἐστι</span> <span class='ocrx_word' id='word_1_118' title='bbox 844 1457 1033 1524; x_wconf 90' lang='grc' dir='ltr'>ταῦτα,</span> <span class='ocrx_word' id='word_1_119' title='bbox 1059 1460 1156 1513; x_wconf 79' lang='grc' dir='ltr'>καὶ</span> <span class='ocrx_word' id='word_1_120' title='bbox 1189 1460 1247 1514; x_wconf 86' lang='grc' dir='ltr'>ἐν</span> <span class='ocrx_word' id='word_1_121' title='bbox 1275 1460 1386 1513; x_wconf 92' lang='grc' dir='ltr'>τίσι</span> <span class='ocrx_word' id='word_1_122' title='bbox 1418 1460 1820 1530; x_wconf 78' lang='grc' dir='ltr'>συνεφάπτεται</span> 
     </span>
    </p>
   </div>
   <div class='ocr_carea' id='block_1_15' title="bbox 142 1543 1821 1619">
    <p class='ocr_par' dir='ltr' id='par_1_15' title="bbox 142 1543 1821 1619">
     <span class='ocr_line' id='line_1_15' title="bbox 142 1543 1821 1619; baseline 0.003 -23"><span class='ocrx_word' id='word_1_123' title='bbox 142 1547 278 1616; x_wconf 85' lang='grc' dir='ltr'>ήμῖν</span> <span class='ocrx_word' id='word_1_124' title='bbox 308 1545 392 1608; x_wconf 84' lang='grc' dir='ltr'>είς</span> <span class='ocrx_word' id='word_1_125' title='bbox 418 1543 517 1616; x_wconf 79' lang='grc' dir='ltr'>τὴν</span> <span class='ocrx_word' id='word_1_126' title='bbox 546 1543 642 1599; x_wconf 81' lang='grc' dir='ltr'>τοῦ</span> <span class='ocrx_word' id='word_1_127' title='bbox 677 1545 794 1617; x_wconf 85' lang='grc' dir='ltr'>βίου</span> <span class='ocrx_word' id='word_1_128' title='bbox 827 1545 1084 1600; x_wconf 86' lang='grc' dir='ltr'>σύστασιν</span> <span class='ocrx_word' id='word_1_129' title='bbox 1112 1545 1251 1619; x_wconf 77' lang='grc' dir='ltr'>αὕτη</span> <span class='ocrx_word' id='word_1_130' title='bbox 1279 1563 1295 1614; x_wconf 88' lang='lat'><strong>;</strong></span> <span class='ocrx_word' id='word_1_131' title='bbox 1333 1548 1552 1619; x_wconf 80' lang='grc' dir='ltr'>Ἐπειδὴ</span> <span class='ocrx_word' id='word_1_132' title='bbox 1585 1549 1693 1617; x_wconf 86' lang='grc' dir='ltr'>γάρ</span> <span class='ocrx_word' id='word_1_133' title='bbox 1722 1548 1821 1619; x_wconf 77' lang='grc' dir='ltr'>οὐχ</span> 
     </span>
    </p>
   </div>
   <div class='ocr_carea' id='block_1_16' title="bbox 140 1628 1818 1707">
    <p class='ocr_par' dir='ltr' id='par_1_16' title="bbox 140 1628 1818 1707">
     <span class='ocr_line' id='line_1_16' title="bbox 140 1628 1818 1707; baseline 0.002 -21"><span class='ocrx_word' id='word_1_134' title='bbox 140 1628 306 1703; x_wconf 80' lang='grc' dir='ltr'>ἧτταν</span> <span class='ocrx_word' id='word_1_135' title='bbox 330 1632 444 1688; x_wconf 86' lang='grc' dir='ltr'>τῶν</span> <span class='ocrx_word' id='word_1_136' title='bbox 469 1632 747 1704; x_wconf 81' lang='grc' dir='ltr'>δημοσίων</span> <span class='ocrx_word' id='word_1_137' title='bbox 780 1632 853 1687; x_wconf 89' lang='grc' dir='ltr'>τά</span> <span class='ocrx_word' id='word_1_138' title='bbox 881 1634 1123 1688; x_wconf 73' lang='grc' dir='ltr'>ἰδιωτικὰ</span> <span class='ocrx_word' id='word_1_139' title='bbox 1155 1637 1447 1707; x_wconf 71' lang='grc' dir='ltr'>συγκροτεῖ</span> <span class='ocrx_word' id='word_1_140' title='bbox 1475 1635 1575 1707; x_wconf 84' lang='grc' dir='ltr'>τὴν</span> <span class='ocrx_word' id='word_1_141' title='bbox 1606 1635 1818 1707; x_wconf 88' lang='grc' dir='ltr'>παροῦ-</span> 
     </span>
    </p>
   </div>
   <div class='ocr_carea' id='block_1_17' title="bbox 142 1721 1818 1795">
    <p class='ocr_par' dir='ltr' id='par_1_17' title="bbox 142 1721 1818 1795">
     <span class='ocr_line' id='line_1_17' title="bbox 142 1721 1818 1795; baseline 0.003 -23"><span class='ocrx_word' id='word_1_142' title='bbox 142 1737 241 1775; x_wconf 85' lang='grc' dir='ltr'>σαν</span> <span class='ocrx_word' id='word_1_143' title='bbox 280 1721 656 1788; x_wconf 82' lang='grc' dir='ltr'>κατάστασιν,</span> <span class='ocrx_word' id='word_1_144' title='bbox 702 1721 983 1792; x_wconf 78' lang='grc' dir='ltr'>διανείμας</span> <span class='ocrx_word' id='word_1_145' title='bbox 1016 1721 1185 1787; x_wconf 78' lang='grc' dir='ltr'>αὐτὰ,</span> <span class='ocrx_word' id='word_1_146' title='bbox 1225 1721 1298 1775; x_wconf 91' lang='grc' dir='ltr'>τά</span> <span class='ocrx_word' id='word_1_147' title='bbox 1348 1722 1446 1793; x_wconf 70' lang='grc' dir='ltr'>μέν</span> <span class='ocrx_word' id='word_1_148' title='bbox 1495 1723 1581 1777; x_wconf 83' lang='grc' dir='ltr'>ἐπ’</span> <span class='ocrx_word' id='word_1_149' title='bbox 1611 1726 1818 1795; x_wconf 79' lang='grc' dir='ltr'>ἀγορᾶς</span> 
     </span>
    </p>
   </div>
   <div class='ocr_carea' id='block_1_18' title="bbox 140 1807 1820 1883">
    <p class='ocr_par' dir='ltr' id='par_1_18' title="bbox 140 1807 1820 1883">
     <span class='ocr_line' id='line_1_18' title="bbox 140 1807 1820 1883; baseline 0.004 -23"><span class='ocrx_word' id='word_1_150' title='bbox 140 1807 322 1860; x_wconf 84' lang='grc' dir='ltr'>πάντα</span> <span class='ocrx_word' id='word_1_151' title='bbox 354 1809 655 1880; x_wconf 78' lang='grc' dir='ltr'>ἐνεχείρισε</span> <span class='ocrx_word' id='word_1_152' title='bbox 696 1812 811 1872; x_wconf 89' lang='grc' dir='ltr'>τοῖς</span> <span class='ocrx_word' id='word_1_153' title='bbox 838 1810 1095 1880; x_wconf 80' lang='grc' dir='ltr'>ἀνδράσι,</span> <span class='ocrx_word' id='word_1_154' title='bbox 1128 1810 1194 1864; x_wconf 81' lang='grc' dir='ltr'>τά</span> <span class='ocrx_word' id='word_1_155' title='bbox 1229 1810 1286 1863; x_wconf 87' lang='grc' dir='ltr'>δὲ</span> <span class='ocrx_word' id='word_1_156' title='bbox 1326 1810 1470 1864; x_wconf 84' lang='grc' dir='ltr'>κατά</span> <span class='ocrx_word' id='word_1_157' title='bbox 1514 1810 1612 1883; x_wconf 83' lang='grc' dir='ltr'>τὴν</span> <span class='ocrx_word' id='word_1_158' title='bbox 1641 1814 1820 1866; x_wconf 88' lang='grc' dir='ltr'>οίκίαν</span> 
     </span>
    </p>
   </div>
   <div class='ocr_carea' id='block_1_19' title="bbox 137 1894 1818 1974">
    <p class='ocr_par' dir='ltr' id='par_1_19' title="bbox 137 1894 1818 1974">
     <span class='ocr_line' id='line_1_19' title="bbox 137 1894 1818 1974; baseline 0.004 -27"><span class='ocrx_word' id='word_1_159' title='bbox 137 1898 260 1960; x_wconf 84' lang='grc' dir='ltr'>ταῖς</span> <span class='ocrx_word' id='word_1_160' title='bbox 290 1894 508 1964; x_wconf 82' lang='grc' dir='ltr'>γυναιξί</span> <span class='ocrx_word' id='word_1_161' title='bbox 527 1912 542 1926; x_wconf 82' lang='lat'><strong><em>°</em></strong></span> <span class='ocrx_word' id='word_1_162' title='bbox 570 1896 677 1951; x_wconf 76' lang='grc' dir='ltr'>κάν</span> <span class='ocrx_word' id='word_1_163' title='bbox 689 1896 1026 1963; x_wconf 79' lang='grc' dir='ltr'>ἀλλάξωνται</span> <span class='ocrx_word' id='word_1_164' title='bbox 1045 1896 1142 1969; x_wconf 77' lang='grc' dir='ltr'>τὴν</span> <span class='ocrx_word' id='word_1_165' title='bbox 1165 1897 1339 1963; x_wconf 80' lang='grc' dir='ltr'>τάξιν,</span> <span class='ocrx_word' id='word_1_166' title='bbox 1365 1898 1539 1952; x_wconf 90' lang='grc' dir='ltr'>πάντα</span> <span class='ocrx_word' id='word_1_167' title='bbox 1556 1899 1818 1974; x_wconf 80' lang='grc' dir='ltr'>διεφθάρη</span> 
     </span>
    </p>
   </div>
   <div class='ocr_carea' id='block_1_20' title="bbox 138 1983 1820 2059">
    <p class='ocr_par' dir='ltr' id='par_1_20' title="bbox 138 1983 1820 2059">
     <span class='ocr_line' id='line_1_20' title="bbox 138 1983 1820 2059; baseline 0.003 -22"><span class='ocrx_word' id='word_1_168' title='bbox 138 1984 233 2037; x_wconf 70' lang='grc' dir='ltr'>καὶ</span> <span class='ocrx_word' id='word_1_169' title='bbox 263 1983 582 2038; x_wconf 73' lang='grc' dir='ltr'>ἀπόλωλενο</span> <span class='ocrx_word' id='word_1_170' title='bbox 613 1983 788 2048; x_wconf 81' lang='grc' dir='ltr'>οὕτως</span> <span class='ocrx_word' id='word_1_171' title='bbox 814 1984 1043 2048; x_wconf 69' lang='grc' dir='ltr'>ἔκαστος</span> <span class='ocrx_word' id='word_1_172' title='bbox 1073 1985 1132 2038; x_wconf 85' lang='grc' dir='ltr'>ἐν</span> <span class='ocrx_word' id='word_1_173' title='bbox 1160 1984 1238 2057; x_wconf 81' lang='grc' dir='ltr'>τῷ</span> <span class='ocrx_word' id='word_1_174' title='bbox 1279 1985 1392 2057; x_wconf 86' lang='grc' dir='ltr'>ίδίῳ</span> <span class='ocrx_word' id='word_1_175' title='bbox 1421 1985 1557 2041; x_wconf 83' lang='grc' dir='ltr'>πολὺ</span> <span class='ocrx_word' id='word_1_176' title='bbox 1589 1987 1820 2059; x_wconf 80' lang='grc' dir='ltr'>θατέρου</span> 
     </span>
    </p>
   </div>
   <div class='ocr_carea' id='block_1_21' title="bbox 138 2070 1820 2146">
    <p class='ocr_par' dir='ltr' id='par_1_21' title="bbox 138 2070 1820 2146">
     <span class='ocr_line' id='line_1_21' title="bbox 138 2070 1820 2146; baseline 0.002 -22"><span class='ocrx_word' id='word_1_177' title='bbox 138 2070 581 2143; x_wconf 73' lang='grc' dir='ltr'>χρησιμώτερος.</span> <span class='ocrx_word' id='word_1_178' title='bbox 613 2071 823 2126; x_wconf 82' lang='grc' dir='ltr'>Οὐκοῦν</span> <span class='ocrx_word' id='word_1_179' title='bbox 859 2072 909 2125; x_wconf 80' lang='grc' dir='ltr'>εί</span> <span class='ocrx_word' id='word_1_180' title='bbox 948 2070 1018 2126; x_wconf 67' lang='grc' dir='ltr'>τὰ</span> <span class='ocrx_word' id='word_1_181' title='bbox 1057 2072 1199 2126; x_wconf 88' lang='grc' dir='ltr'>κατά</span> <span class='ocrx_word' id='word_1_182' title='bbox 1231 2072 1330 2144; x_wconf 83' lang='grc' dir='ltr'>τὴν</span> <span class='ocrx_word' id='word_1_183' title='bbox 1373 2073 1552 2129; x_wconf 88' lang='grc' dir='ltr'>οίκίαν</span> <span class='ocrx_word' id='word_1_184' title='bbox 1584 2074 1684 2146; x_wconf 85' lang='grc' dir='ltr'>τῆς</span> <span class='ocrx_word' id='word_1_185' title='bbox 1718 2092 1820 2145; x_wconf 91' lang='grc' dir='ltr'>γυ-</span> 
     </span>
    </p>
   </div>
   <div class='ocr_carea' id='block_1_22' title="bbox 138 2158 1820 2235">
    <p class='ocr_par' dir='ltr' id='par_1_22' title="bbox 138 2158 1820 2235">
     <span class='ocr_line' id='line_1_22' title="bbox 138 2158 1820 2235; baseline 0.004 -24"><span class='ocrx_word' id='word_1_186' title='bbox 138 2158 388 2224; x_wconf 82' lang='grc' dir='ltr'>ναικείας</span> <span class='ocrx_word' id='word_1_187' title='bbox 419 2159 730 2231; x_wconf 83' lang='grc' dir='ltr'>ἐπιστήμης</span> <span class='ocrx_word' id='word_1_188' title='bbox 770 2158 1098 2231; x_wconf 76' lang='grc' dir='ltr'>ἐξήρτηται,</span> <span class='ocrx_word' id='word_1_189' title='bbox 1128 2161 1223 2215; x_wconf 74' lang='grc' dir='ltr'>καὶ</span> <span class='ocrx_word' id='word_1_190' title='bbox 1245 2160 1501 2217; x_wconf 90' lang='grc' dir='ltr'>τοσοῦτον</span> <span class='ocrx_word' id='word_1_191' title='bbox 1549 2165 1608 2216; x_wconf 91' lang='grc' dir='ltr'>ἐν</span> <span class='ocrx_word' id='word_1_192' title='bbox 1644 2162 1820 2235; x_wconf 90' lang='grc' dir='ltr'>τούτῳ</span> 
     </span>
    </p>
   </div>
   <div class='ocr_carea' id='block_1_23' title="bbox 137 2246 1819 2322">
    <p class='ocr_par' dir='ltr' id='par_1_23' title="bbox 137 2246 1819 2322">
     <span class='ocr_line' id='line_1_23' title="bbox 137 2246 1819 2322; baseline 0.004 -24"><span class='ocrx_word' id='word_1_193' title='bbox 137 2247 411 2316; x_wconf 80' lang='grc' dir='ltr'>κρείττων</span> <span class='ocrx_word' id='word_1_194' title='bbox 442 2246 634 2318; x_wconf 85' lang='grc' dir='ltr'>ἀνδρὸς</span> <span class='ocrx_word' id='word_1_195' title='bbox 663 2248 696 2318; x_wconf 88' lang='grc' dir='ltr'>ή</span> <span class='ocrx_word' id='word_1_196' title='bbox 723 2248 861 2318; x_wconf 84' lang='grc' dir='ltr'>γυνὴ</span> <span class='ocrx_word' id='word_1_197' title='bbox 880 2288 895 2314; x_wconf 94' lang='grc'>,</span> <span class='ocrx_word' id='word_1_198' title='bbox 924 2248 1046 2300; x_wconf 85' lang='grc' dir='ltr'>ὅσον</span> <span class='ocrx_word' id='word_1_199' title='bbox 1067 2249 1177 2301; x_wconf 90' lang='grc' dir='ltr'>τῶν</span> <span class='ocrx_word' id='word_1_200' title='bbox 1204 2247 1442 2321; x_wconf 89' lang='grc' dir='ltr'>ἀτέχνων</span> <span class='ocrx_word' id='word_1_201' title='bbox 1458 2250 1509 2303; x_wconf 86' lang='grc' dir='ltr'>οί</span> <span class='ocrx_word' id='word_1_202' title='bbox 1532 2253 1773 2322; x_wconf 89' lang='grc' dir='ltr'>τεχνῖται</span> <span class='ocrx_word' id='word_1_203' title='bbox 1790 2253 1819 2292; x_wconf 77' lang='grc' dir='ltr'>ι)</span> 
     </span>
    </p>
   </div>
   <div class='ocr_carea' id='block_1_24' title="bbox 137 2331 1823 2409">
    <p class='ocr_par' dir='ltr' id='par_1_24' title="bbox 137 2331 1823 2409">
     <span class='ocr_line' id='line_1_24' title="bbox 137 2331 1823 2409; baseline 0.004 -20"><span class='ocrx_word' id='word_1_204' title='bbox 137 2333 295 2407; x_wconf 73' lang='lat'><strong>[555]</strong></span> <span class='ocrx_word' id='word_1_205' title='bbox 320 2336 382 2390; x_wconf 82' lang='grc' dir='ltr'>ὲν</span> <span class='ocrx_word' id='word_1_206' title='bbox 402 2331 485 2399; x_wconf 71' lang='grc' dir='ltr'>οἷς</span> <span class='ocrx_word' id='word_1_207' title='bbox 511 2338 618 2389; x_wconf 79' lang='grc' dir='ltr'>εἰσι</span> <span class='ocrx_word' id='word_1_208' title='bbox 648 2338 919 2407; x_wconf 88' lang='grc' dir='ltr'>τεχνῖται,</span> <span class='ocrx_word' id='word_1_209' title='bbox 950 2337 1005 2390; x_wconf 89' lang='grc' dir='ltr'>τί</span> <span class='ocrx_word' id='word_1_210' title='bbox 1035 2338 1304 2409; x_wconf 84' lang='grc' dir='ltr'>περιττῶς</span> <span class='ocrx_word' id='word_1_211' title='bbox 1330 2339 1392 2393; x_wconf 82' lang='grc' dir='ltr'>τὸ</span> <span class='ocrx_word' id='word_1_212' title='bbox 1412 2339 1529 2405; x_wconf 89' lang='grc' dir='ltr'>δέος</span> <span class='ocrx_word' id='word_1_213' title='bbox 1553 2339 1712 2395; x_wconf 90' lang='grc' dir='ltr'>τοῦτο</span> <span class='ocrx_word' id='word_1_214' title='bbox 1737 2341 1823 2396; x_wconf 84' lang='grc' dir='ltr'>δε-</span> 
     </span>
    </p>
   </div>
   <div class='ocr_carea' id='block_1_25' title="bbox 134 2420 1817 2497">
    <p class='ocr_par' dir='ltr' id='par_1_25' title="bbox 134 2420 1817 2497">
     <span class='ocr_line' id='line_1_25' title="bbox 134 2420 1817 2497; baseline 0.004 -21"><span class='ocrx_word' id='word_1_215' title='bbox 134 2422 438 2493; x_wconf 73' lang='grc' dir='ltr'>δοίκαμεν;</span> <span class='ocrx_word' id='word_1_216' title='bbox 467 2420 543 2474; x_wconf 80' lang='grc' dir='ltr'>Τὸ</span> <span class='ocrx_word' id='word_1_217' title='bbox 571 2422 670 2492; x_wconf 86' lang='grc' dir='ltr'>μὲν</span> <span class='ocrx_word' id='word_1_218' title='bbox 691 2423 800 2493; x_wconf 79' lang='grc' dir='ltr'>γάρ</span> <span class='ocrx_word' id='word_1_219' title='bbox 825 2423 1173 2494; x_wconf 89' lang='grc' dir='ltr'>προσοδεύειν</span> <span class='ocrx_word' id='word_1_220' title='bbox 1195 2424 1394 2492; x_wconf 74' lang='grc' dir='ltr'>ἔξωθεν</span> <span class='ocrx_word' id='word_1_221' title='bbox 1420 2426 1514 2479; x_wconf 70' lang='grc' dir='ltr'>καὶ</span> <span class='ocrx_word' id='word_1_222' title='bbox 1538 2428 1817 2497; x_wconf 81' lang='grc' dir='ltr'>συνάγειν,</span> 
     </span>
    </p>
   </div>
   <div class='ocr_carea' id='block_1_26' title="bbox 133 2509 1823 2586">
    <p class='ocr_par' dir='ltr' id='par_1_26' title="bbox 133 2509 1823 2586">
     <span class='ocr_line' id='line_1_26' title="bbox 133 2509 1823 2586; baseline 0.004 -24"><span class='ocrx_word' id='word_1_223' title='bbox 133 2509 352 2579; x_wconf 80' lang='grc' dir='ltr'>ἀνδρῶν</span> <span class='ocrx_word' id='word_1_224' title='bbox 378 2510 541 2580; x_wconf 85' lang='grc' dir='ltr'>μόνον</span> <span class='ocrx_word' id='word_1_225' title='bbox 567 2509 708 2575; x_wconf 73' lang='grc' dir='ltr'>ἐστὶ,</span> <span class='ocrx_word' id='word_1_226' title='bbox 738 2514 1003 2580; x_wconf 86' lang='grc' dir='ltr'>γυναῖκας</span> <span class='ocrx_word' id='word_1_227' title='bbox 1028 2511 1086 2564; x_wconf 84' lang='grc' dir='ltr'>δὲ</span> <span class='ocrx_word' id='word_1_228' title='bbox 1110 2512 1416 2583; x_wconf 80' lang='grc' dir='ltr'>κερδαίνειν</span> <span class='ocrx_word' id='word_1_229' title='bbox 1447 2513 1509 2567; x_wconf 87' lang='grc' dir='ltr'>ού</span> <span class='ocrx_word' id='word_1_230' title='bbox 1544 2512 1703 2586; x_wconf 82' lang='grc' dir='ltr'>θέμις</span> <span class='ocrx_word' id='word_1_231' title='bbox 1721 2530 1733 2544; x_wconf 89' lang='grc'><strong>·</strong></span> <span class='ocrx_word' id='word_1_232' title='bbox 1760 2517 1823 2569; x_wconf 85' lang='grc' dir='ltr'>τὸ</span> 
     </span>
    </p>
   </div>
   <div class='ocr_carea' id='block_1_27' title="bbox 132 2596 1822 2674">
    <p class='ocr_par' dir='ltr' id='par_1_27' title="bbox 132 2596 1822 2674">
     <span class='ocr_line' id='line_1_27' title="bbox 132 2596 1822 2674; baseline 0.004 -24"><span class='ocrx_word' id='word_1_233' title='bbox 132 2597 192 2650; x_wconf 76' lang='grc' dir='ltr'>δέ</span> <span class='ocrx_word' id='word_1_234' title='bbox 217 2597 292 2650; x_wconf 78' lang='grc' dir='ltr'>τά</span> <span class='ocrx_word' id='word_1_235' title='bbox 312 2596 648 2669; x_wconf 77' lang='grc' dir='ltr'>συναχθέντα</span> <span class='ocrx_word' id='word_1_236' title='bbox 667 2598 944 2669; x_wconf 81' lang='grc' dir='ltr'>διατηρεῖν</span> <span class='ocrx_word' id='word_1_237' title='bbox 968 2598 1066 2652; x_wconf 70' lang='grc' dir='ltr'>καὶ</span> <span class='ocrx_word' id='word_1_238' title='bbox 1088 2599 1400 2666; x_wconf 81' lang='grc' dir='ltr'>φυλάττειν,</span> <span class='ocrx_word' id='word_1_239' title='bbox 1423 2600 1631 2673; x_wconf 80' lang='grc' dir='ltr'>ταύτης</span> <span class='ocrx_word' id='word_1_240' title='bbox 1654 2602 1822 2674; x_wconf 89' lang='grc' dir='ltr'>μόνης</span> 
     </span>
    </p>
   </div>
   <div class='ocr_carea' id='block_1_28' title="bbox 133 2681 1821 2760">
    <p class='ocr_par' dir='ltr' id='par_1_28' title="bbox 133 2681 1821 2760">
     <span class='ocr_line' id='line_1_28' title="bbox 133 2681 1821 2760; baseline 0.005 -24"><span class='ocrx_word' id='word_1_241' title='bbox 133 2686 312 2742; x_wconf 82' lang='grc' dir='ltr'>ἐστίν.</span> <span class='ocrx_word' id='word_1_242' title='bbox 343 2685 531 2749; x_wconf 84' lang='grc' dir='ltr'>Ὥστε,</span> <span class='ocrx_word' id='word_1_243' title='bbox 557 2686 608 2740; x_wconf 84' lang='grc' dir='ltr'>εί</span> <span class='ocrx_word' id='word_1_244' title='bbox 639 2686 735 2739; x_wconf 74' lang='grc' dir='ltr'>καὶ</span> <span class='ocrx_word' id='word_1_245' title='bbox 759 2685 908 2739; x_wconf 90' lang='grc' dir='ltr'>δοκεῖ</span> <span class='ocrx_word' id='word_1_246' title='bbox 937 2685 1105 2741; x_wconf 89' lang='grc' dir='ltr'>πλέον</span> <span class='ocrx_word' id='word_1_247' title='bbox 1131 2681 1282 2741; x_wconf 80' lang='grc' dir='ltr'>εῖναι·</span> <span class='ocrx_word' id='word_1_248' title='bbox 1305 2687 1366 2742; x_wconf 85' lang='grc' dir='ltr'>τὸ</span> <span class='ocrx_word' id='word_1_249' title='bbox 1396 2689 1698 2760; x_wconf 87' lang='grc' dir='ltr'>κτήσασθαι</span> <span class='ocrx_word' id='word_1_250' title='bbox 1726 2691 1821 2745; x_wconf 89' lang='grc' dir='ltr'>τοῦ</span> 
     </span>
    </p>
   </div>
   <div class='ocr_carea' id='block_1_29' title="bbox 132 2771 1824 2847">
    <p class='ocr_par' dir='ltr' id='par_1_29' title="bbox 132 2771 1824 2847">
     <span class='ocr_line' id='line_1_29' title="bbox 132 2771 1824 2847; baseline 0.004 -22"><span class='ocrx_word' id='word_1_251' title='bbox 132 2772 404 2842; x_wconf 77' lang='grc' dir='ltr'>φυλάξαι,</span> <span class='ocrx_word' id='word_1_252' title='bbox 427 2771 544 2825; x_wconf 82' lang='grc' dir='ltr'>ἀλλ’</span> <span class='ocrx_word' id='word_1_253' title='bbox 571 2774 726 2842; x_wconf 83' lang='grc' dir='ltr'>ὅμως</span> <span class='ocrx_word' id='word_1_254' title='bbox 751 2771 881 2827; x_wconf 86' lang='grc' dir='ltr'>ἀνευ</span> <span class='ocrx_word' id='word_1_255' title='bbox 912 2773 1102 2828; x_wconf 88' lang='grc' dir='ltr'>τούτου</span> <span class='ocrx_word' id='word_1_256' title='bbox 1134 2776 1356 2829; x_wconf 90' lang='grc' dir='ltr'>κάκεῖνο</span> <span class='ocrx_word' id='word_1_257' title='bbox 1378 2774 1651 2847; x_wconf 80' lang='grc' dir='ltr'>ἄχρηστον</span> <span class='ocrx_word' id='word_1_258' title='bbox 1679 2778 1824 2847; x_wconf 78' lang='grc' dir='ltr'>γίνεο</span> 
     </span>
    </p>
   </div>
   <div class='ocr_carea' id='block_1_30' title="bbox 132 2860 1821 2937">
    <p class='ocr_par' dir='ltr' id='par_1_30' title="bbox 132 2860 1821 2937">
     <span class='ocr_line' id='line_1_30' title="bbox 132 2860 1821 2937; baseline 0.004 -22"><span class='ocrx_word' id='word_1_259' title='bbox 132 2879 226 2915; x_wconf 87' lang='grc' dir='ltr'>ται</span> <span class='ocrx_word' id='word_1_260' title='bbox 270 2860 371 2914; x_wconf 79' lang='grc' dir='ltr'>καὶ</span> <span class='ocrx_word' id='word_1_261' title='bbox 419 2861 706 2932; x_wconf 76' lang='grc' dir='ltr'>περιττόνο</span> <span class='ocrx_word' id='word_1_262' title='bbox 754 2861 1009 2927; x_wconf 85' lang='grc' dir='ltr'>πολλάκις</span> <span class='ocrx_word' id='word_1_263' title='bbox 1056 2863 1114 2917; x_wconf 85' lang='grc' dir='ltr'>δέ</span> <span class='ocrx_word' id='word_1_264' title='bbox 1166 2864 1261 2918; x_wconf 76' lang='grc' dir='ltr'>καὶ</span> <span class='ocrx_word' id='word_1_265' title='bbox 1293 2865 1482 2918; x_wconf 88' lang='grc' dir='ltr'>τούτου</span> <span class='ocrx_word' id='word_1_266' title='bbox 1527 2867 1821 2937; x_wconf 87' lang='grc' dir='ltr'>προσόντος</span> 
     </span>
    </p>
   </div>
   <div class='ocr_carea' id='block_1_31' title="bbox 133 2946 1821 3019">
    <p class='ocr_par' dir='ltr' id='par_1_31' title="bbox 133 2946 1821 3019">
     <span class='ocr_line' id='line_1_31' title="bbox 133 2946 1821 3019; baseline 0.005 -19"><span class='ocrx_word' id='word_1_267' title='bbox 133 2950 320 3001; x_wconf 82' lang='grc' dir='ltr'>ἐκεῖνο</span> <span class='ocrx_word' id='word_1_268' title='bbox 347 2948 411 3002; x_wconf 81' lang='grc' dir='ltr'>ού</span> <span class='ocrx_word' id='word_1_269' title='bbox 447 2948 609 3017; x_wconf 89' lang='grc' dir='ltr'>μόνον</span> <span class='ocrx_word' id='word_1_270' title='bbox 637 2947 786 3001; x_wconf 81' lang='grc' dir='ltr'>οὐδὲν</span> <span class='ocrx_word' id='word_1_271' title='bbox 813 2946 1052 3019; x_wconf 79' lang='grc' dir='ltr'>ὤνησεν,</span> <span class='ocrx_word' id='word_1_272' title='bbox 1095 2949 1231 3005; x_wconf 86' lang='grc' dir='ltr'>ἀλλά</span> <span class='ocrx_word' id='word_1_273' title='bbox 1270 2952 1365 3006; x_wconf 78' lang='grc' dir='ltr'>καὶ</span> <span class='ocrx_word' id='word_1_274' title='bbox 1402 2953 1473 3006; x_wconf 75' lang='grc' dir='ltr'>τὰ</span> <span class='ocrx_word' id='word_1_275' title='bbox 1522 2954 1701 3008; x_wconf 89' lang='grc' dir='ltr'>πάντα</span> <span class='ocrx_word' id='word_1_276' title='bbox 1740 2956 1821 3009; x_wconf 86' lang='grc' dir='ltr'>δι-</span> 
     </span>
    </p>
   </div>
   <div class='ocr_carea' id='block_1_32' title="bbox 135 3034 1821 3113">
    <p class='ocr_par' dir='ltr' id='par_1_32' title="bbox 135 3034 1821 3113">
     <span class='ocr_line' id='line_1_32' title="bbox 135 3034 1821 3113; baseline 0.005 -25"><span class='ocrx_word' id='word_1_277' title='bbox 135 3034 418 3108; x_wconf 85' lang='grc' dir='ltr'>έφθειρεν.</span> <span class='ocrx_word' id='word_1_278' title='bbox 434 3034 654 3106; x_wconf 80' lang='grc' dir='ltr'>Ἐπειδὴ</span> <span class='ocrx_word' id='word_1_279' title='bbox 676 3034 785 3106; x_wconf 85' lang='grc' dir='ltr'>γὰρ</span> <span class='ocrx_word' id='word_1_280' title='bbox 804 3036 1036 3108; x_wconf 55' lang='grc' dir='ltr'>πῄγμά</span> <span class='ocrx_word' id='word_1_281' title='bbox 1055 3040 1170 3091; x_wconf 88' lang='grc' dir='ltr'>ἐστι</span> <span class='ocrx_word' id='word_1_282' title='bbox 1184 3038 1459 3111; x_wconf 77' lang='grc' dir='ltr'>δυσχερὲς,</span> <span class='ocrx_word' id='word_1_283' title='bbox 1474 3041 1821 3113; x_wconf 88' lang='grc' dir='ltr'>κερδαίνοντα</span> 
     </span>
    </p>
   </div>
   <div class='ocr_carea' id='block_1_33' title="bbox 134 3121 1822 3203">
    <p class='ocr_par' dir='ltr' id='par_1_33' title="bbox 134 3121 1822 3203">
     <span class='ocr_line' id='line_1_33' title="bbox 134 3121 1822 3203; baseline 0.006 -28"><span class='ocrx_word' id='word_1_284' title='bbox 134 3122 345 3188; x_wconf 79' lang='grc' dir='ltr'>ἔξωθεν</span> <span class='ocrx_word' id='word_1_285' title='bbox 391 3121 563 3193; x_wconf 78' lang='grc' dir='ltr'>ἄνδρα</span> <span class='ocrx_word' id='word_1_286' title='bbox 606 3121 796 3177; x_wconf 86' lang='grc' dir='ltr'>δίκαια</span> <span class='ocrx_word' id='word_1_287' title='bbox 839 3125 1003 3203; x_wconf 80' lang='grc' dir='ltr'>κέρδη</span> <span class='ocrx_word' id='word_1_288' title='bbox 1048 3127 1367 3197; x_wconf 80' lang='grc' dir='ltr'>πορίζεσθαι</span> <span class='ocrx_word' id='word_1_289' title='bbox 1417 3128 1539 3200; x_wconf 84' lang='grc' dir='ltr'>(ὡς</span> <span class='ocrx_word' id='word_1_290' title='bbox 1580 3129 1691 3203; x_wconf 90' lang='grc' dir='ltr'>γάρ</span> <span class='ocrx_word' id='word_1_291' title='bbox 1728 3131 1822 3185; x_wconf 75' lang='grc' dir='ltr'>ἐπὶ</span> 
     </span>
    </p>
   </div>
   <div class='ocr_carea' id='block_1_34' title="bbox 135 3200 1823 3290">
    <p class='ocr_par' dir='ltr' id='par_1_34' title="bbox 135 3200 1823 3290">
     <span class='ocr_line' id='line_1_34' title="bbox 135 3200 1823 3290; baseline 0.006 -28"><span class='ocrx_word' id='word_1_292' title='bbox 135 3210 279 3263; x_wconf 70' lang='grc' dir='ltr'>πολὺ</span> <span class='ocrx_word' id='word_1_293' title='bbox 310 3210 414 3274; x_wconf 88' lang='grc' dir='ltr'>τάς</span> <span class='ocrx_word' id='word_1_294' title='bbox 438 3210 549 3265; x_wconf 90' lang='grc' dir='ltr'>τῶν</span> <span class='ocrx_word' id='word_1_295' title='bbox 584 3211 879 3284; x_wconf 82' lang='grc' dir='ltr'>ἀλλοτρίων</span> <span class='ocrx_word' id='word_1_296' title='bbox 908 3200 1054 3268; x_wconf 71' lang='grc' dir='ltr'>οὗτοι</span> <span class='ocrx_word' id='word_1_297' title='bbox 1089 3216 1577 3287; x_wconf 86' lang='grc' dir='ltr'>πραγματεύονται</span> <span class='ocrx_word' id='word_1_298' title='bbox 1614 3200 1823 3290; x_wconf 86' lang='grc' dir='ltr'>συμφο-</span> 
     </span>
    </p>
   </div>
   <div class='ocr_carea' id='block_1_35' title="bbox 137 3298 1823 3379">
    <p class='ocr_par' dir='ltr' id='par_1_35' title="bbox 137 3298 1823 3379">
     <span class='ocr_line' id='line_1_35' title="bbox 137 3298 1823 3379; baseline 0.007 -29"><span class='ocrx_word' id='word_1_299' title='bbox 137 3298 245 3368; x_wconf 80' lang='grc' dir='ltr'>ράς</span> <span class='ocrx_word' id='word_1_300' title='bbox 265 3298 310 3368; x_wconf 91' lang='grc'>),</span> <span class='ocrx_word' id='word_1_301' title='bbox 345 3298 443 3352; x_wconf 80' lang='grc' dir='ltr'>καὶ</span> <span class='ocrx_word' id='word_1_302' title='bbox 484 3302 551 3371; x_wconf 78' lang='grc' dir='ltr'>τῇ</span> <span class='ocrx_word' id='word_1_303' title='bbox 578 3299 681 3371; x_wconf 82' lang='grc' dir='ltr'>τῆς</span> <span class='ocrx_word' id='word_1_304' title='bbox 706 3301 963 3369; x_wconf 74' lang='grc' dir='ltr'>γυναικὸς</span> <span class='ocrx_word' id='word_1_305' title='bbox 988 3302 1156 3376; x_wconf 81' lang='grc' dir='ltr'>τέχνῃ</span> <span class='ocrx_word' id='word_1_306' title='bbox 1182 3305 1275 3357; x_wconf 75' lang='grc' dir='ltr'>καὶ</span> <span class='ocrx_word' id='word_1_307' title='bbox 1299 3308 1366 3376; x_wconf 81' lang='grc' dir='ltr'>τῇ</span> <span class='ocrx_word' id='word_1_308' title='bbox 1390 3306 1668 3379; x_wconf 78' lang='grc' dir='ltr'>οίκονομίᾳ</span> <span class='ocrx_word' id='word_1_309' title='bbox 1695 3307 1823 3361; x_wconf 85' lang='grc' dir='ltr'>πολ-</span> 
     </span>
    </p>
   </div>
   <div class='ocr_carea' id='block_1_36' title="bbox 136 3386 1823 3465">
    <p class='ocr_par' dir='ltr' id='par_1_36' title="bbox 136 3386 1823 3465">
     <span class='ocr_line' id='line_1_36' title="bbox 136 3386 1823 3465; baseline 0.005 -26"><span class='ocrx_word' id='word_1_310' title='bbox 136 3386 301 3449; x_wconf 83' lang='grc' dir='ltr'>λάκις</span> <span class='ocrx_word' id='word_1_311' title='bbox 320 3386 662 3458; x_wconf 85' lang='grc' dir='ltr'>ἐλυμήναντο</span> <span class='ocrx_word' id='word_1_312' title='bbox 681 3388 749 3442; x_wconf 83' lang='grc' dir='ltr'>τά</span> <span class='ocrx_word' id='word_1_313' title='bbox 770 3388 970 3453; x_wconf 87' lang='grc' dir='ltr'>ἀδίκως</span> <span class='ocrx_word' id='word_1_314' title='bbox 991 3390 1084 3443; x_wconf 70' lang='grc' dir='ltr'>καὶ</span> <span class='ocrx_word' id='word_1_315' title='bbox 1112 3390 1248 3460; x_wconf 86' lang='grc' dir='ltr'>μετά</span> <span class='ocrx_word' id='word_1_316' title='bbox 1272 3390 1393 3462; x_wconf 84' lang='grc' dir='ltr'>βίας</span> <span class='ocrx_word' id='word_1_317' title='bbox 1414 3395 1492 3456; x_wconf 86' lang='grc' dir='ltr'>εἰς</span> <span class='ocrx_word' id='word_1_318' title='bbox 1514 3393 1612 3458; x_wconf 86' lang='grc' dir='ltr'>τάς</span> <span class='ocrx_word' id='word_1_319' title='bbox 1634 3398 1823 3465; x_wconf 86' lang='grc' dir='ltr'>χεῖρας</span> 
     </span>
    </p>
   </div>
   <div class='ocr_carea' id='block_1_37' title="bbox 134 3471 1821 3553">
    <p class='ocr_par' dir='ltr' id='par_1_37' title="bbox 134 3471 1821 3553">
     <span class='ocr_line' id='line_1_37' title="bbox 134 3471 1821 3553; baseline 0.005 -26"><span class='ocrx_word' id='word_1_320' title='bbox 134 3471 383 3543; x_wconf 82' lang='grc' dir='ltr'>ἀχθέντα</span> <span class='ocrx_word' id='word_1_321' title='bbox 407 3472 508 3536; x_wconf 89' lang='grc' dir='ltr'>τάς</span> <span class='ocrx_word' id='word_1_322' title='bbox 528 3473 763 3545; x_wconf 87' lang='grc' dir='ltr'>ἐκείνης.</span> <span class='ocrx_word' id='word_1_323' title='bbox 803 3475 985 3538; x_wconf 80' lang='grc' dir='ltr'>Ὥστε,</span> <span class='ocrx_word' id='word_1_324' title='bbox 1019 3479 1067 3531; x_wconf 90' lang='grc' dir='ltr'>εί</span> <span class='ocrx_word' id='word_1_325' title='bbox 1094 3478 1190 3530; x_wconf 75' lang='grc' dir='ltr'>καὶ</span> <span class='ocrx_word' id='word_1_326' title='bbox 1218 3480 1404 3547; x_wconf 73' lang='grc' dir='ltr'>μεῖζον</span> <span class='ocrx_word' id='word_1_327' title='bbox 1424 3480 1487 3533; x_wconf 82' lang='grc' dir='ltr'>τὸ</span> <span class='ocrx_word' id='word_1_328' title='bbox 1512 3481 1821 3553; x_wconf 89' lang='grc' dir='ltr'>κτήσασθαι</span> 
     </span>
    </p>
   </div>
   <div class='ocr_carea' id='block_1_38' title="bbox 132 3559 1818 3638">
    <p class='ocr_par' dir='ltr' id='par_1_38' title="bbox 132 3559 1818 3638">
     <span class='ocr_line' id='line_1_38' title="bbox 132 3559 1818 3638; baseline 0.007 -26"><span class='ocrx_word' id='word_1_329' title='bbox 132 3559 237 3614; x_wconf 84' lang='grc' dir='ltr'>τοῦ</span> <span class='ocrx_word' id='word_1_330' title='bbox 288 3560 565 3629; x_wconf 80' lang='grc' dir='ltr'>φυλάξαι,</span> <span class='ocrx_word' id='word_1_331' title='bbox 601 3561 773 3634; x_wconf 75' lang='grc' dir='ltr'>ἑτέρῳ</span> <span class='ocrx_word' id='word_1_332' title='bbox 813 3561 1087 3618; x_wconf 79' lang='grc' dir='ltr'>δείκνυται</span> <span class='ocrx_word' id='word_1_333' title='bbox 1127 3564 1313 3637; x_wconf 87' lang='grc' dir='ltr'>τρόπῳ</span> <span class='ocrx_word' id='word_1_334' title='bbox 1364 3566 1583 3622; x_wconf 77' lang='grc' dir='ltr'>ἔλαττον</span> <span class='ocrx_word' id='word_1_335' title='bbox 1625 3568 1818 3638; x_wconf 87' lang='grc' dir='ltr'>τοῦτο,</span> 
     </span>
    </p>
   </div>
   <div class='ocr_carea' id='block_1_39' title="bbox 130 3647 1823 3729">
    <p class='ocr_par' dir='ltr' id='par_1_39' title="bbox 130 3647 1823 3729">
     <span class='ocr_line' id='line_1_39' title="bbox 130 3647 1823 3729; baseline 0.005 -26"><span class='ocrx_word' id='word_1_336' title='bbox 130 3651 269 3703; x_wconf 79' lang='grc' dir='ltr'>ὅταν</span> <span class='ocrx_word' id='word_1_337' title='bbox 302 3647 382 3720; x_wconf 85' lang='grc' dir='ltr'>μὴ</span> <span class='ocrx_word' id='word_1_338' title='bbox 412 3648 575 3718; x_wconf 83' lang='grc' dir='ltr'>μόνον</span> <span class='ocrx_word' id='word_1_339' title='bbox 609 3650 777 3721; x_wconf 83' lang='grc' dir='ltr'>μηδὲν</span> <span class='ocrx_word' id='word_1_340' title='bbox 810 3651 1032 3723; x_wconf 79' lang='grc' dir='ltr'>συντελῇ</span> <span class='ocrx_word' id='word_1_341' title='bbox 1073 3652 1152 3716; x_wconf 84' lang='grc' dir='ltr'>είς</span> <span class='ocrx_word' id='word_1_342' title='bbox 1182 3652 1280 3724; x_wconf 75' lang='grc' dir='ltr'>τὴν</span> <span class='ocrx_word' id='word_1_343' title='bbox 1311 3653 1422 3709; x_wconf 91' lang='grc' dir='ltr'>τῶν</span> <span class='ocrx_word' id='word_1_344' title='bbox 1449 3655 1619 3710; x_wconf 78' lang='grc' dir='ltr'>ὄντων</span> <span class='ocrx_word' id='word_1_345' title='bbox 1655 3674 1823 3729; x_wconf 83' lang='grc' dir='ltr'>προσ-</span> 
     </span>
    </p>
   </div>
   <div class='ocr_carea' id='block_1_40' title="bbox 134 3735 1820 3813">
    <p class='ocr_par' dir='ltr' id='par_1_40' title="bbox 134 3735 1820 3813">
     <span class='ocr_line' id='line_1_40' title="bbox 134 3735 1820 3813; baseline 0.006 -25"><span class='ocrx_word' id='word_1_346' title='bbox 134 3736 345 3807; x_wconf 80' lang='grc' dir='ltr'>θήκην,</span> <span class='ocrx_word' id='word_1_347' title='bbox 389 3735 528 3789; x_wconf 88' lang='grc' dir='ltr'>ἀλλά</span> <span class='ocrx_word' id='word_1_348' title='bbox 562 3737 657 3790; x_wconf 67' lang='grc' dir='ltr'>καλ⁸</span> <span class='ocrx_word' id='word_1_349' title='bbox 688 3736 977 3811; x_wconf 85' lang='grc' dir='ltr'>διαφθείρῃ</span> <span class='ocrx_word' id='word_1_350' title='bbox 1010 3738 1080 3792; x_wconf 90' lang='grc' dir='ltr'>τά</span> <span class='ocrx_word' id='word_1_351' title='bbox 1112 3740 1470 3813; x_wconf 84' lang='grc' dir='ltr'>ἀποκείμενα.</span> <span class='ocrx_word' id='word_1_352' title='bbox 1507 3742 1574 3795; x_wconf 89' lang='grc' dir='ltr'>Τί</span> <span class='ocrx_word' id='word_1_353' title='bbox 1603 3739 1697 3797; x_wconf 76' lang='grc' dir='ltr'>οὖν</span> <span class='ocrx_word' id='word_1_354' title='bbox 1734 3743 1820 3797; x_wconf 90' lang='grc' dir='ltr'>δέ-</span> 
     </span>
    </p>
   </div>
   <div class='ocr_carea' id='block_1_41' title="bbox 134 3824 1822 3902">
    <p class='ocr_par' dir='ltr' id='par_1_41' title="bbox 134 3824 1822 3902">
     <span class='ocr_line' id='line_1_41' title="bbox 134 3824 1822 3902; baseline 0.005 -26"><span class='ocrx_word' id='word_1_355' title='bbox 134 3824 324 3877; x_wconf 87' lang='grc' dir='ltr'>δοικεν</span> <span class='ocrx_word' id='word_1_356' title='bbox 354 3826 390 3895; x_wconf 87' lang='grc' dir='ltr'>ή</span> <span class='ocrx_word' id='word_1_357' title='bbox 419 3824 693 3896; x_wconf 66' lang='grc' dir='ltr'>χήρα,ομὴ</span> <span class='ocrx_word' id='word_1_358' title='bbox 719 3824 872 3897; x_wconf 91' lang='grc' dir='ltr'>παρά</span> <span class='ocrx_word' id='word_1_359' title='bbox 894 3826 993 3898; x_wconf 85' lang='grc' dir='ltr'>τὴν</span> <span class='ocrx_word' id='word_1_360' title='bbox 1016 3826 1284 3882; x_wconf 88' lang='grc' dir='ltr'>ἀπουσίαν</span> <span class='ocrx_word' id='word_1_361' title='bbox 1308 3828 1403 3883; x_wconf 92' lang='grc' dir='ltr'>τοῦ</span> <span class='ocrx_word' id='word_1_362' title='bbox 1426 3829 1619 3901; x_wconf 78' lang='grc' dir='ltr'>ἀνδρὸς</span> <span class='ocrx_word' id='word_1_363' title='bbox 1643 3834 1822 3902; x_wconf 88' lang='grc' dir='ltr'>χεῖρον</span> 
     </span>
    </p>
   </div>
   <div class='ocr_carea' id='block_1_42' title="bbox 136 3908 1821 3993">
    <p class='ocr_par' dir='ltr' id='par_1_42' title="bbox 136 3908 1821 3993">
     <span class='ocr_line' id='line_1_42' title="bbox 136 3908 1821 3993; baseline 0.004 -28"><span class='ocrx_word' id='word_1_364' title='bbox 136 3910 299 3983; x_wconf 82' lang='grc' dir='ltr'>διαθῇ</span> <span class='ocrx_word' id='word_1_365' title='bbox 350 3910 424 3965; x_wconf 81' lang='grc' dir='ltr'>τὰ</span> <span class='ocrx_word' id='word_1_366' title='bbox 460 3911 606 3966; x_wconf 87' lang='grc' dir='ltr'>κατά</span> <span class='ocrx_word' id='word_1_367' title='bbox 645 3912 746 3983; x_wconf 82' lang='grc' dir='ltr'>τὴν</span> <span class='ocrx_word' id='word_1_368' title='bbox 774 3911 971 3979; x_wconf 88' lang='grc' dir='ltr'>οίκίαν,</span> <span class='ocrx_word' id='word_1_369' title='bbox 1012 3908 1082 3985; x_wconf 80' lang='grc' dir='ltr'>ἧς</span> <span class='ocrx_word' id='word_1_370' title='bbox 1120 3916 1214 3969; x_wconf 74' lang='grc' dir='ltr'>καὶ</span> <span class='ocrx_word' id='word_1_371' title='bbox 1243 3915 1443 3982; x_wconf 80' lang='grc' dir='ltr'>ζῶντος</span> <span class='ocrx_word' id='word_1_372' title='bbox 1476 3916 1684 3971; x_wconf 86' lang='grc' dir='ltr'>ἐκείνου</span> <span class='ocrx_word' id='word_1_373' title='bbox 1724 3920 1821 3993; x_wconf 74' lang='grc' dir='ltr'>τὴν</span> 
     </span>
    </p>
   </div>
   <div class='ocr_carea' id='block_1_43' title="bbox 139 3994 1824 4076">
    <p class='ocr_par' dir='ltr' id='par_1_43' title="bbox 139 3994 1824 4076">
     <span class='ocr_line' id='line_1_43' title="bbox 139 3994 1824 4076; baseline 0.006 -26"><span class='ocrx_word' id='word_1_374' title='bbox 139 3998 469 4069; x_wconf 84' lang='grc' dir='ltr'>ἐπιμέλειαν</span> <span class='ocrx_word' id='word_1_375' title='bbox 493 3994 640 4069; x_wconf 75' lang='grc' dir='ltr'>εἶχεν</span> <span class='ocrx_word' id='word_1_376' title='bbox 670 4000 845 4071; x_wconf 73' lang='grc' dir='ltr'>αὐτῆς</span> <span class='ocrx_word' id='word_1_377' title='bbox 879 4000 1019 4053; x_wconf 82' lang='grc' dir='ltr'>Ἀλλ’</span> <span class='ocrx_word' id='word_1_378' title='bbox 1041 4001 1429 4075; x_wconf 82' lang='grc' dir='ltr'>εὐκολώτερον,</span> <span class='ocrx_word' id='word_1_379' title='bbox 1467 4005 1621 4076; x_wconf 74' lang='grc' dir='ltr'>φησὶ,</span> <span class='ocrx_word' id='word_1_380' title='bbox 1658 4022 1824 4076; x_wconf 86' lang='grc' dir='ltr'>μετα-</span> 
     </span>
    </p>
   </div>
   <div class='ocr_carea' id='block_1_44' title="bbox 140 4086 1817 4162">
    <p class='ocr_par' dir='ltr' id='par_1_44' title="bbox 140 4086 1817 4162">
     <span class='ocr_line' id='line_1_44' title="bbox 140 4086 1817 4162; baseline 0.006 -24"><span class='ocrx_word' id='word_1_381' title='bbox 140 4089 461 4157; x_wconf 88' lang='grc' dir='ltr'>χειριεῖται,</span> <span class='ocrx_word' id='word_1_382' title='bbox 486 4086 576 4140; x_wconf 83' lang='grc' dir='ltr'>διὰ</span> <span class='ocrx_word' id='word_1_383' title='bbox 600 4087 692 4141; x_wconf 78' lang='grc' dir='ltr'>τὸν</span> <span class='ocrx_word' id='word_1_384' title='bbox 714 4088 922 4143; x_wconf 90' lang='grc' dir='ltr'>ἐκείνου</span> <span class='ocrx_word' id='word_1_385' title='bbox 949 4087 1112 4160; x_wconf 87' lang='grc' dir='ltr'>φόϐον</span> <span class='ocrx_word' id='word_1_386' title='bbox 1138 4088 1354 4153; x_wconf 72' lang='grc' dir='ltr'>οὐδενὸς</span> <span class='ocrx_word' id='word_1_387' title='bbox 1382 4091 1817 4162; x_wconf 84' lang='grc' dir='ltr'>ἀντιπίπτοντος,</span> 
     </span>
    </p>
   </div>
   <div class='ocr_carea' id='block_1_45' title="bbox 140 4173 1820 4250">
    <p class='ocr_par' dir='ltr' id='par_1_45' title="bbox 140 4173 1820 4250">
     <span class='ocr_line' id='line_1_45' title="bbox 140 4173 1820 4250; baseline 0.006 -24"><span class='ocrx_word' id='word_1_388' title='bbox 140 4174 263 4226; x_wconf 78' lang='grc' dir='ltr'>οὐδὲ</span> <span class='ocrx_word' id='word_1_389' title='bbox 299 4173 598 4228; x_wconf 85' lang='grc' dir='ltr'>δυσκολίαν</span> <span class='ocrx_word' id='word_1_390' title='bbox 629 4175 988 4247; x_wconf 82' lang='grc' dir='ltr'>παρέχοντος.</span> <span class='ocrx_word' id='word_1_391' title='bbox 1026 4177 1138 4232; x_wconf 75' lang='grc' dir='ltr'>Καὶ</span> <span class='ocrx_word' id='word_1_392' title='bbox 1166 4176 1275 4250; x_wconf 80' lang='grc' dir='ltr'>γάρ</span> <span class='ocrx_word' id='word_1_393' title='bbox 1302 4178 1508 4231; x_wconf 73' lang='grc' dir='ltr'>οἰκέται</span> <span class='ocrx_word' id='word_1_394' title='bbox 1537 4179 1633 4233; x_wconf 72' lang='grc' dir='ltr'>καὶ</span> <span class='ocrx_word' id='word_1_395' title='bbox 1671 4183 1820 4235; x_wconf 84' lang='grc' dir='ltr'>οίκο-</span> 
     </span>
    </p>
   </div>
   <div class='ocr_carea' id='block_1_46' title="bbox 141 4260 1821 4337">
    <p class='ocr_par' dir='ltr' id='par_1_46' title="bbox 141 4260 1821 4337">
     <span class='ocr_line' id='line_1_46' title="bbox 141 4260 1821 4337; baseline 0.005 -24"><span class='ocrx_word' id='word_1_396' title='bbox 141 4260 299 4331; x_wconf 80' lang='grc' dir='ltr'>νόμοι</span> <span class='ocrx_word' id='word_1_397' title='bbox 350 4262 450 4314; x_wconf 78' lang='grc' dir='ltr'>καὶ</span> <span class='ocrx_word' id='word_1_398' title='bbox 499 4261 785 4333; x_wconf 83' lang='grc' dir='ltr'>ἐπίτροποι</span> <span class='ocrx_word' id='word_1_399' title='bbox 831 4263 925 4318; x_wconf 74' lang='grc' dir='ltr'>καὶ</span> <span class='ocrx_word' id='word_1_400' title='bbox 952 4275 976 4303; x_wconf 71' lang='grc' dir='ltr'><strong>ο</strong></span> <span class='ocrx_word' id='word_1_401' title='bbox 1027 4264 1230 4327; x_wconf 88' lang='grc' dir='ltr'>πάντες</span> <span class='ocrx_word' id='word_1_402' title='bbox 1277 4266 1687 4337; x_wconf 86' lang='grc' dir='ltr'>κατεπτήχασι,</span> <span class='ocrx_word' id='word_1_403' title='bbox 1726 4270 1821 4323; x_wconf 83' lang='grc' dir='ltr'>καὶ</span> 
     </span>
    </p>
   </div>
   <div class='ocr_carea' id='block_1_47' title="bbox 145 4348 1821 4424">
    <p class='ocr_par' dir='ltr' id='par_1_47' title="bbox 145 4348 1821 4424">
     <span class='ocr_line' id='line_1_47' title="bbox 145 4348 1821 4424; baseline 0.005 -23"><span class='ocrx_word' id='word_1_404' title='bbox 145 4348 285 4418; x_wconf 83' lang='grc' dir='ltr'>μετά</span> <span class='ocrx_word' id='word_1_405' title='bbox 321 4349 530 4419; x_wconf 82' lang='grc' dir='ltr'>πολλῆς</span> <span class='ocrx_word' id='word_1_406' title='bbox 565 4349 902 4404; x_wconf 81' lang='grc' dir='ltr'>ὑπακούουσι</span> <span class='ocrx_word' id='word_1_407' title='bbox 933 4353 1031 4422; x_wconf 80' lang='grc' dir='ltr'>τῆς</span> <span class='ocrx_word' id='word_1_408' title='bbox 1063 4350 1307 4416; x_wconf 79' lang='grc' dir='ltr'>πειθοῦς,</span> <span class='ocrx_word' id='word_1_409' title='bbox 1341 4353 1436 4407; x_wconf 78' lang='grc' dir='ltr'>καὶ</span> <span class='ocrx_word' id='word_1_410' title='bbox 1468 4355 1496 4406; x_wconf 94' lang='lat'>6</span> <span class='ocrx_word' id='word_1_411' title='bbox 1523 4354 1821 4424; x_wconf 83' lang='grc' dir='ltr'>ἀντιλέγων</span> 
     </span>
    </p>
   </div>
   <div class='ocr_carea' id='block_1_48' title="bbox 142 4435 1818 4511">
    <p class='ocr_par' dir='ltr' id='par_1_48' title="bbox 142 4435 1818 4511">
     <span class='ocr_line' id='line_1_48' title="bbox 142 4435 1818 4511; baseline 0.006 -24"><span class='ocrx_word' id='word_1_412' title='bbox 142 4435 350 4499; x_wconf 66' lang='grc' dir='ltr'>οὐδείς’</span> <span class='ocrx_word' id='word_1_413' title='bbox 372 4436 506 4488; x_wconf 81' lang='grc' dir='ltr'>ὅταν</span> <span class='ocrx_word' id='word_1_414' title='bbox 534 4435 592 4489; x_wconf 90' lang='grc' dir='ltr'>δέ</span> <span class='ocrx_word' id='word_1_415' title='bbox 616 4437 646 4489; x_wconf 91' lang='lat'>6</span> <span class='ocrx_word' id='word_1_416' title='bbox 676 4436 857 4506; x_wconf 87' lang='grc' dir='ltr'>φοϐῶν</span> <span class='ocrx_word' id='word_1_417' title='bbox 886 4436 1121 4509; x_wconf 84' lang='grc' dir='ltr'>ἀπέλθῃ,</span> <span class='ocrx_word' id='word_1_418' title='bbox 1155 4437 1398 4503; x_wconf 73' lang='grc' dir='ltr'>ἅπαντες</span> <span class='ocrx_word' id='word_1_419' title='bbox 1426 4440 1818 4511; x_wconf 84' lang='grc' dir='ltr'>έπεμϐαίνουσι</span> 
     </span>
    </p>
   </div>
   <div class='ocr_carea' id='block_1_49' title="bbox 143 4529 1823 4606">
    <p class='ocr_par' dir='ltr' id='par_1_49' title="bbox 143 4529 1823 4606">
     <span class='ocr_line' id='line_1_49' title="bbox 143 4529 1823 4606; baseline 0.007 -26"><span class='ocrx_word' id='word_1_420' title='bbox 143 4532 208 4600; x_wconf 73' lang='grc' dir='ltr'>τῇ</span> <span class='ocrx_word' id='word_1_421' title='bbox 252 4530 404 4601; x_wconf 80' lang='grc' dir='ltr'>χήρᾳ</span> <span class='ocrx_word' id='word_1_422' title='bbox 425 4571 442 4593; x_wconf 90' lang='grc'>,</span> <span class='ocrx_word' id='word_1_423' title='bbox 477 4529 868 4602; x_wconf 81' lang='grc' dir='ltr'>κακουργοῦσι,</span> <span class='ocrx_word' id='word_1_424' title='bbox 911 4532 1428 4603; x_wconf 83' lang='grc' dir='ltr'>καταθρασύνονται,</span> <span class='ocrx_word' id='word_1_425' title='bbox 1478 4535 1656 4590; x_wconf 89' lang='grc' dir='ltr'>πάντα</span> <span class='ocrx_word' id='word_1_426' title='bbox 1701 4554 1823 4606; x_wconf 89' lang='grc' dir='ltr'>συγ-</span> 
     </span>
    </p>
   </div>
   <div class='ocr_carea' id='block_1_50' title="bbox 144 4624 1820 4706">
    <p class='ocr_par' dir='ltr' id='par_1_50' title="bbox 144 4624 1820 4706">
     <span class='ocr_line' id='line_1_50' title="bbox 144 4624 1820 4706; baseline 0.005 -27"><span class='ocrx_word' id='word_1_427' title='bbox 144 4627 329 4696; x_wconf 83' lang='grc' dir='ltr'>χέουσι</span> <span class='ocrx_word' id='word_1_428' title='bbox 353 4625 452 4678; x_wconf 61' lang='grc' dir='ltr'>καὶ¹</span> <span class='ocrx_word' id='word_1_429' title='bbox 480 4624 750 4679; x_wconf 85' lang='grc' dir='ltr'>διασπῶσι</span> <span class='ocrx_word' id='word_1_430' title='bbox 769 4642 784 4658; x_wconf 77' lang='grc' dir='ltr'>ο</span> <span class='ocrx_word' id='word_1_431' title='bbox 809 4626 911 4682; x_wconf 79' lang='grc' dir='ltr'>κᾶν</span> <span class='ocrx_word' id='word_1_432' title='bbox 935 4628 1198 4702; x_wconf 75' lang='grc' dir='ltr'>ἐπεξέλθῃ</span> <span class='ocrx_word' id='word_1_433' title='bbox 1221 4630 1314 4683; x_wconf 70' lang='grc' dir='ltr'>καὶ</span> <span class='ocrx_word' id='word_1_434' title='bbox 1341 4630 1633 4703; x_wconf 89' lang='grc' dir='ltr'>ἀμύνηται,</span> <span class='ocrx_word' id='word_1_435' title='bbox 1661 4651 1820 4706; x_wconf 83' lang='grc' dir='ltr'>στρε-</span> 
     </span>
    </p>
   </div>
   <div class='ocr_carea' id='block_1_51' title="bbox 145 4720 1816 4797">
    <p class='ocr_par' dir='ltr' id='par_1_51' title="bbox 145 4720 1816 4797">
     <span class='ocr_line' id='line_1_51' title="bbox 145 4720 1816 4797; baseline 0.005 -22"><span class='ocrx_word' id='word_1_436' title='bbox 145 4720 348 4775; x_wconf 78' lang='grc' dir='ltr'>ϐλοῦσα</span> <span class='ocrx_word' id='word_1_437' title='bbox 368 4762 384 4788; x_wconf 92' lang='grc'>,</span> <span class='ocrx_word' id='word_1_438' title='bbox 410 4722 747 4793; x_wconf 80' lang='grc' dir='ltr'>μαστίζουσα</span> <span class='ocrx_word' id='word_1_439' title='bbox 767 4762 782 4788; x_wconf 97' lang='grc'>,</span> <span class='ocrx_word' id='word_1_440' title='bbox 812 4724 891 4787; x_wconf 88' lang='grc' dir='ltr'>είς</span> <span class='ocrx_word' id='word_1_441' title='bbox 912 4724 1284 4797; x_wconf 88' lang='grc' dir='ltr'>δεσμωτήριον</span> <span class='ocrx_word' id='word_1_442' title='bbox 1313 4725 1682 4797; x_wconf 87' lang='grc' dir='ltr'>ἐμϐάλλουσα,</span> <span class='ocrx_word' id='word_1_443' title='bbox 1717 4746 1816 4783; x_wconf 89' lang='grc' dir='ltr'>κα-</span> 
     </span>
    </p>
   </div>
   <div class='ocr_carea' id='block_1_52' title="bbox 142 4817 1816 4891">
    <p class='ocr_par' dir='ltr' id='par_1_52' title="bbox 142 4817 1816 4891">
     <span class='ocr_line' id='line_1_52' title="bbox 142 4817 1816 4891; baseline 0.005 -21"><span class='ocrx_word' id='word_1_444' title='bbox 142 4817 472 4887; x_wconf 82' lang='grc' dir='ltr'>ταγνώσεις,</span> <span class='ocrx_word' id='word_1_445' title='bbox 520 4817 814 4888; x_wconf 87' lang='grc' dir='ltr'>λοιδορίαι,</span> <span class='ocrx_word' id='word_1_446' title='bbox 860 4819 1188 4891; x_wconf 84' lang='grc' dir='ltr'>κατηγορίαι</span> <span class='ocrx_word' id='word_1_447' title='bbox 1235 4820 1383 4891; x_wconf 89' lang='grc' dir='ltr'>παρά</span> <span class='ocrx_word' id='word_1_448' title='bbox 1428 4820 1538 4874; x_wconf 90' lang='grc' dir='ltr'>τῶν</span> <span class='ocrx_word' id='word_1_449' title='bbox 1587 4821 1816 4880; x_wconf 91' lang='grc' dir='ltr'>πολλῶν.</span> 
     </span>
    </p>
   </div>
   <div class='ocr_carea' id='block_1_53' title="bbox 146 4914 1819 4990">
    <p class='ocr_par' dir='ltr' id='par_1_53' title="bbox 146 4914 1819 4990">
     <span class='ocr_line' id='line_1_53' title="bbox 146 4914 1819 4990; baseline 0.003 -23"><span class='ocrx_word' id='word_1_450' title='bbox 146 4916 241 4967; x_wconf 76' lang='grc' dir='ltr'>Ἂν</span> <span class='ocrx_word' id='word_1_451' title='bbox 271 4914 332 4968; x_wconf 77' lang='grc' dir='ltr'>δὲ</span> <span class='ocrx_word' id='word_1_452' title='bbox 361 4914 463 4978; x_wconf 88' lang='grc' dir='ltr'>τάς</span> <span class='ocrx_word' id='word_1_453' title='bbox 508 4916 646 4985; x_wconf 87' lang='grc' dir='ltr'>πρὸς</span> <span class='ocrx_word' id='word_1_454' title='bbox 672 4914 765 4970; x_wconf 73' lang='grc' dir='ltr'>τὸν</span> <span class='ocrx_word' id='word_1_455' title='bbox 797 4915 1098 4969; x_wconf 85' lang='grc' dir='ltr'>ἀπελθόντα</span> <span class='ocrx_word' id='word_1_456' title='bbox 1134 4914 1405 4988; x_wconf 87' lang='grc' dir='ltr'>συνθήκας</span> <span class='ocrx_word' id='word_1_457' title='bbox 1443 4917 1683 4990; x_wconf 86' lang='grc' dir='ltr'>πατήσῃ,</span> <span class='ocrx_word' id='word_1_458' title='bbox 1721 4921 1819 4973; x_wconf 79' lang='grc' dir='ltr'>καὶ</span> 
     </span>
    </p>
   </div>
   <div class='ocr_carea' id='block_1_54' title="bbox 142 5011 1817 5085">
    <p class='ocr_par' dir='ltr' id='par_1_54' title="bbox 142 5011 1817 5085">
     <span class='ocr_line' id='line_1_54' title="bbox 142 5011 1817 5085; baseline 0.002 -21"><span class='ocrx_word' id='word_1_459' title='bbox 142 5012 237 5082; x_wconf 80' lang='grc' dir='ltr'>τῆς</span> <span class='ocrx_word' id='word_1_460' title='bbox 275 5011 468 5080; x_wconf 84' lang='grc' dir='ltr'>φιλίας</span> <span class='ocrx_word' id='word_1_461' title='bbox 515 5012 839 5085; x_wconf 87' lang='grc' dir='ltr'>ἐπιλάθηται</span> <span class='ocrx_word' id='word_1_462' title='bbox 878 5013 979 5084; x_wconf 84' lang='grc' dir='ltr'>τῆς</span> <span class='ocrx_word' id='word_1_463' title='bbox 1024 5012 1269 5077; x_wconf 88' lang='grc' dir='ltr'>ἐκείνου,</span> <span class='ocrx_word' id='word_1_464' title='bbox 1308 5012 1403 5065; x_wconf 73' lang='grc' dir='ltr'>καὶ</span> <span class='ocrx_word' id='word_1_465' title='bbox 1433 5012 1532 5084; x_wconf 78' lang='grc' dir='ltr'>τὴν</span> <span class='ocrx_word' id='word_1_466' title='bbox 1578 5013 1817 5085; x_wconf 77' lang='grc' dir='ltr'>ἑσπέραν</span> 
     </span>
    </p>
   </div>
   <div class='ocr_carea' id='block_1_55' title="bbox 145 5108 1819 5183">
    <p class='ocr_par' dir='ltr' id='par_1_55' title="bbox 145 5108 1819 5183">
     <span class='ocr_line' id='line_1_55' title="bbox 145 5108 1819 5183; baseline 0.001 -20"><span class='ocrx_word' id='word_1_467' title='bbox 145 5109 260 5163; x_wconf 77' lang='grc' dir='ltr'>καθ’</span> <span class='ocrx_word' id='word_1_468' title='bbox 289 5109 361 5180; x_wconf 78' lang='grc' dir='ltr'>ἢν</span> <span class='ocrx_word' id='word_1_469' title='bbox 399 5108 623 5180; x_wconf 90' lang='grc' dir='ltr'>πρῶτον</span> <span class='ocrx_word' id='word_1_470' title='bbox 662 5110 798 5181; x_wconf 82' lang='grc' dir='ltr'>αὐτῇ</span> <span class='ocrx_word' id='word_1_471' title='bbox 832 5112 1156 5183; x_wconf 85' lang='grc' dir='ltr'>συνήπτετο,</span> <span class='ocrx_word' id='word_1_472' title='bbox 1188 5109 1283 5162; x_wconf 69' lang='grc' dir='ltr'>καὶ</span> <span class='ocrx_word' id='word_1_473' title='bbox 1325 5108 1415 5162; x_wconf 84' lang='grc' dir='ltr'>τὸν</span> <span class='ocrx_word' id='word_1_474' title='bbox 1454 5109 1676 5181; x_wconf 88' lang='grc' dir='ltr'>κρότον,</span> <span class='ocrx_word' id='word_1_475' title='bbox 1723 5111 1819 5164; x_wconf 76' lang='grc' dir='ltr'>καὶ</span> 
     </span>
    </p>
   </div>
   <div class='ocr_carea' id='block_1_56' title="bbox 152 5204 1818 5278">
    <p class='ocr_par' dir='ltr' id='par_1_56' title="bbox 152 5204 1818 5278">
     <span class='ocr_line' id='line_1_56' title="bbox 152 5204 1818 5278; baseline -0.001 -18"><span class='ocrx_word' id='word_1_476' title='bbox 152 5207 230 5260; x_wconf 72' lang='grc' dir='ltr'>τὸν</span> <span class='ocrx_word' id='word_1_477' title='bbox 259 5205 548 5277; x_wconf 80' lang='grc' dir='ltr'>ὑμέναιον,</span> <span class='ocrx_word' id='word_1_478' title='bbox 573 5209 670 5261; x_wconf 70' lang='grc' dir='ltr'>καὶ</span> <span class='ocrx_word' id='word_1_479' title='bbox 691 5207 791 5271; x_wconf 82' lang='grc' dir='ltr'>τάς</span> <span class='ocrx_word' id='word_1_480' title='bbox 812 5206 1111 5278; x_wconf 86' lang='grc' dir='ltr'>γαμηλίους</span> <span class='ocrx_word' id='word_1_481' title='bbox 1132 5206 1314 5277; x_wconf 76' lang='grc' dir='ltr'>δᾷδας,</span> <span class='ocrx_word' id='word_1_482' title='bbox 1350 5204 1444 5259; x_wconf 71' lang='grc' dir='ltr'>καὶ</span> <span class='ocrx_word' id='word_1_483' title='bbox 1470 5204 1571 5268; x_wconf 79' lang='grc' dir='ltr'>τὰς</span> <span class='ocrx_word' id='word_1_484' title='bbox 1596 5205 1818 5277; x_wconf 84' lang='grc' dir='ltr'>πρώτας</span> 
     </span>
    </p>
   </div>
   <div class='ocr_carea' id='block_1_57' title="bbox 151 5295 1813 5376">
    <p class='ocr_par' dir='ltr' id='par_1_57' title="bbox 151 5295 1813 5376">
     <span class='ocr_line' id='line_1_57' title="bbox 151 5295 1813 5376; baseline -0.001 -20"><span class='ocrx_word' id='word_1_485' title='bbox 151 5302 506 5376; x_wconf 76' lang='grc' dir='ltr'>περιπλοκάς,</span> <span class='ocrx_word' id='word_1_486' title='bbox 536 5303 634 5357; x_wconf 63' lang='grc' dir='ltr'>καῖ⁵</span> <span class='ocrx_word' id='word_1_487' title='bbox 657 5300 757 5366; x_wconf 80' lang='grc' dir='ltr'>τὰς</span> <span class='ocrx_word' id='word_1_488' title='bbox 784 5302 1084 5373; x_wconf 78' lang='grc' dir='ltr'>τραπέζας,</span> <span class='ocrx_word' id='word_1_489' title='bbox 1112 5302 1206 5355; x_wconf 62' lang='grc' dir='ltr'>καί¹</span> <span class='ocrx_word' id='word_1_490' title='bbox 1231 5300 1338 5355; x_wconf 88' lang='grc' dir='ltr'>τῶν</span> <span class='ocrx_word' id='word_1_491' title='bbox 1364 5300 1506 5354; x_wconf 88' lang='grc' dir='ltr'>ἀλῶν</span> <span class='ocrx_word' id='word_1_492' title='bbox 1526 5300 1552 5341; x_wconf 71' lang='grc' dir='ltr'>ά</span> <span class='ocrx_word' id='word_1_493' title='bbox 1577 5295 1652 5357; x_wconf 82' lang='grc' dir='ltr'>ὧν</span> <span class='ocrx_word' id='word_1_494' title='bbox 1678 5302 1813 5374; x_wconf 75' lang='grc' dir='ltr'>αὐτῇ</span> 
     </span>
    </p>
   </div>
   <div class='ocr_carea' id='block_1_58' title="bbox 198 5486 1120 5550">
    <p class='ocr_par' dir='ltr' id='par_1_58' title="bbox 198 5486 1120 5550">
     <span class='ocr_line' id='line_1_58' title="bbox 198 5486 1120 5550; baseline -0.008 -10"><span class='ocrx_word' id='word_1_495' title='bbox 198 5492 220 5519; x_wconf 83' lang='grc'><strong><em>⁸</em></strong></span> <span class='ocrx_word' id='word_1_496' title='bbox 246 5490 400 5540; x_wconf 79' lang='lat' dir='ltr'>Savil.</span> <span class='ocrx_word' id='word_1_497' title='bbox 424 5493 475 5541; x_wconf 78' lang='lat' dir='ltr'><strong>in</strong></span> <span class='ocrx_word' id='word_1_498' title='bbox 498 5502 658 5550; x_wconf 77' lang='lat' dir='ltr'><strong>marg.</strong></span> <span class='ocrx_word' id='word_1_499' title='bbox 686 5491 740 5535; x_wconf 81' lang='lat' dir='ltr'>el</span> <span class='ocrx_word' id='word_1_500' title='bbox 758 5486 894 5537; x_wconf 79' lang='lat' dir='ltr'>Colb.</span> <span class='ocrx_word' id='word_1_501' title='bbox 919 5489 1120 5550; x_wconf 86' lang='grc' dir='ltr'>πρῶτος.</span> 
     </span>
    </p>
   </div>
   <div class='ocr_carea' id='block_1_59' title="bbox 198 5549 1814 5621">
    <p class='ocr_par' dir='ltr' id='par_1_59' title="bbox 198 5549 1814 5621">
     <span class='ocr_line' id='line_1_59' title="bbox 198 5549 1814 5621; baseline 0.009 -30"><span class='ocrx_word' id='word_1_502' title='bbox 198 5552 332 5621; x_wconf 54' lang='grc' dir='ltr'>ιι-είε</span> <span class='ocrx_word' id='word_1_503' title='bbox 352 5549 640 5621; x_wconf 57' lang='lat' dir='ltr'>col-Lectum</span> <span class='ocrx_word' id='word_1_504' title='bbox 660 5563 724 5598; x_wconf 80' lang='lat' dir='ltr'><strong>ex</strong></span> <span class='ocrx_word' id='word_1_505' title='bbox 744 5549 1020 5611; x_wconf 82' lang='lat' dir='ltr'>apographo</span> <span class='ocrx_word' id='word_1_506' title='bbox 1036 5549 1443 5614; x_wconf 76' lang='lat' dir='ltr'>Sirmondi.Vng.</span> <span class='ocrx_word' id='word_1_507' title='bbox 1460 5552 1573 5603; x_wconf 83' lang='grc' dir='ltr'>ὅσον</span> <span class='ocrx_word' id='word_1_508' title='bbox 1596 5557 1814 5621; x_wconf 78' lang='grc' dir='ltr'>τεχνιτῶν</span> 
     </span>
    </p>
   </div>
   <div class='ocr_carea' id='block_1_60' title="bbox 149 5614 582 5678">
    <p class='ocr_par' dir='ltr' id='par_1_60' title="bbox 149 5614 582 5678">
     <span class='ocr_line' id='line_1_60' title="bbox 149 5614 582 5678; baseline -0.007 -16"><span class='ocrx_word' id='word_1_509' title='bbox 149 5617 185 5662; x_wconf 69' lang='grc' dir='ltr'>οἱ</span> <span class='ocrx_word' id='word_1_510' title='bbox 213 5615 415 5678; x_wconf 61' lang='grc' dir='ltr'>ἄτεχνοι.</span> <span class='ocrx_word' id='word_1_511' title='bbox 438 5614 582 5678; x_wconf 69' lang='grc' dir='ltr'>Εοιτ.</span> 
     </span>
    </p>
   </div>
   <div class='ocr_carea' id='block_1_61' title="bbox 201 5670 1508 5729">
    <p class='ocr_par' dir='ltr' id='par_1_61' title="bbox 201 5670 1508 5729">
     <span class='ocr_line' id='line_1_61' title="bbox 201 5670 1508 5729; baseline 0 -5"><span class='ocrx_word' id='word_1_512' title='bbox 201 5679 221 5705; x_wconf 73' lang='grc' dir='ltr'>ε</span> <span class='ocrx_word' id='word_1_513' title='bbox 245 5670 328 5725; x_wconf 73' lang='grc' dir='ltr'>5ἱῖ</span> <span class='ocrx_word' id='word_1_514' title='bbox 345 5674 487 5726; x_wconf 87' lang='lat' dir='ltr'>Colb.</span> <span class='ocrx_word' id='word_1_515' title='bbox 516 5674 571 5722; x_wconf 87' lang='lat' dir='ltr'>In</span> <span class='ocrx_word' id='word_1_516' title='bbox 599 5673 751 5720; x_wconf 79' lang='lat' dir='ltr'>editis</span> <span class='ocrx_word' id='word_1_517' title='bbox 770 5670 852 5719; x_wconf 83' lang='grc' dir='ltr'>καί</span> <span class='ocrx_word' id='word_1_518' title='bbox 872 5674 981 5719; x_wconf 76' lang='lat' dir='ltr'>ante</span> <span class='ocrx_word' id='word_1_519' title='bbox 996 5670 1164 5729; x_wconf 81' lang='grc' dir='ltr'>πάντες</span> <span class='ocrx_word' id='word_1_520' title='bbox 1184 5673 1508 5728; x_wconf 74' lang='lat' dir='ltr'>desideratur.</span> 
     </span>
    </p>
   </div>
   <div class='ocr_carea' id='block_1_62' title="bbox 200 5732 1428 5794">
    <p class='ocr_par' dir='ltr' id='par_1_62' title="bbox 200 5732 1428 5794">
     <span class='ocr_line' id='line_1_62' title="bbox 200 5732 1428 5794; baseline -0.003 -5"><span class='ocrx_word' id='word_1_521' title='bbox 200 5735 228 5777; x_wconf 70' lang='grc' dir='ltr'><strong><em>ἀ</em></strong></span> <span class='ocrx_word' id='word_1_522' title='bbox 249 5738 396 5790; x_wconf 66' lang='lat' dir='ltr'>Siti].</span> <span class='ocrx_word' id='word_1_523' title='bbox 417 5744 473 5789; x_wconf 76' lang='lat' dir='ltr'>et</span> <span class='ocrx_word' id='word_1_524' title='bbox 495 5735 679 5787; x_wconf 76' lang='lat' dir='ltr'>Morel.</span> <span class='ocrx_word' id='word_1_525' title='bbox 707 5734 805 5784; x_wconf 73' lang='grc' dir='ltr'>τῶν</span> <span class='ocrx_word' id='word_1_526' title='bbox 826 5732 969 5794; x_wconf 86' lang='grc' dir='ltr'>ἀλῶν,</span> <span class='ocrx_word' id='word_1_527' title='bbox 989 5733 1124 5784; x_wconf 79' lang='lat' dir='ltr'>Culb.</span> <span class='ocrx_word' id='word_1_528' title='bbox 1140 5736 1234 5785; x_wconf 88' lang='grc' dir='ltr'>τῶν</span> <span class='ocrx_word' id='word_1_529' title='bbox 1254 5735 1428 5785; x_wconf 73' lang='grc' dir='ltr'>ἄλλων.</span> 
     </span>
    </p>
   </div>
   <div class='ocr_carea' id='block_1_63' title="bbox 1346 282 2388 344">
    <p class='ocr_par' dir='ltr' id='par_1_63' title="bbox 1346 282 2388 344">
     <span class='ocr_line' id='line_1_63' title="bbox 1346 282 2388 344; baseline -0.001 -4"><span class='ocrx_word' id='word_1_530' title='bbox 1346 285 1434 341; x_wconf 83' lang='lat' dir='ltr'>DE</span> <span class='ocrx_word' id='word_1_531' title='bbox 1470 285 1613 344; x_wconf 72' lang='lat' dir='ltr'>NON</span> <span class='ocrx_word' id='word_1_532' title='bbox 1650 282 1999 341; x_wconf 69' lang='lat' dir='ltr'>ITERANDO</span> <span class='ocrx_word' id='word_1_533' title='bbox 2037 284 2198 341; x_wconf 75' lang='lat' dir='ltr'><strong>CONJ</strong></span> <span class='ocrx_word' id='word_1_534' title='bbox 2213 284 2388 342; x_wconf 80' lang='lat' dir='ltr'>UCIO.</span> 
     </span>
    </p>
   </div>
   <div class='ocr_carea' id='block_1_64' title="bbox 3493 286 3613 343">
    <p class='ocr_par' dir='ltr' id='par_1_64' title="bbox 3493 286 3613 343">
     <span class='ocr_line' id='line_1_64' title="bbox 3493 286 3613 343; baseline -0.017 0"><span class='ocrx_word' id='word_1_535' title='bbox 3493 286 3613 343; x_wconf 60' lang='lat'><em>686-</em></span> 
     </span>
    </p>
   </div>
   <div class='ocr_carea' id='block_1_65' title="bbox 1936 396 3599 477">
    <p class='ocr_par' dir='ltr' id='par_1_65' title="bbox 1936 396 3599 477">
     <span class='ocr_line' id='line_1_65' title="bbox 1936 396 3599 477; baseline -0.001 -19"><span class='ocrx_word' id='word_1_536' title='bbox 1936 404 2084 477; x_wconf 90' lang='grc' dir='ltr'>παρά</span> <span class='ocrx_word' id='word_1_537' title='bbox 2131 404 2309 459; x_wconf 86' lang='grc' dir='ltr'>πάντα</span> <span class='ocrx_word' id='word_1_538' title='bbox 2341 403 2431 457; x_wconf 84' lang='grc' dir='ltr'>τὸν</span> <span class='ocrx_word' id='word_1_539' title='bbox 2478 402 2673 473; x_wconf 78' lang='grc' dir='ltr'>χρόνον</span> <span class='ocrx_word' id='word_1_540' title='bbox 2696 398 3044 472; x_wconf 78' lang='grc' dir='ltr'>ἐκοινώνησε,</span> <span class='ocrx_word' id='word_1_541' title='bbox 3094 401 3189 456; x_wconf 68' lang='grc' dir='ltr'>καὶ</span> <span class='ocrx_word' id='word_1_542' title='bbox 3226 402 3484 473; x_wconf 79' lang='grc' dir='ltr'>ῥημάτιον</span> <span class='ocrx_word' id='word_1_543' title='bbox 3524 396 3599 456; x_wconf 64' lang='grc' dir='ltr'>ὧν</span> 
     </span>
    </p>
   </div>
   <div class='ocr_carea' id='block_1_66' title="bbox 1931 482 3616 561">
    <p class='ocr_par' dir='ltr' id='par_1_66' title="bbox 1931 482 3616 561">
     <span class='ocr_line' id='line_1_66' title="bbox 1931 482 3616 561; baseline -0.003 -17"><span class='ocrx_word' id='word_1_544' title='bbox 1931 491 2079 555; x_wconf 81' lang='grc' dir='ltr'>είκδς</span> <span class='ocrx_word' id='word_1_545' title='bbox 2120 493 2352 559; x_wconf 87' lang='grc' dir='ltr'>γυναῖκα</span> <span class='ocrx_word' id='word_1_546' title='bbox 2378 489 2670 543; x_wconf 85' lang='grc' dir='ltr'>ἀπολαύειν</span> <span class='ocrx_word' id='word_1_547' title='bbox 2715 486 2866 558; x_wconf 73' lang='grc' dir='ltr'>παρά</span> <span class='ocrx_word' id='word_1_548' title='bbox 2900 488 3124 559; x_wconf 66' lang='grc' dir='ltr'>ἀνδρός*</span> <span class='ocrx_word' id='word_1_549' title='bbox 3159 487 3226 541; x_wconf 86' lang='grc' dir='ltr'>ἂν</span> <span class='ocrx_word' id='word_1_550' title='bbox 3257 488 3431 542; x_wconf 88' lang='grc' dir='ltr'>ταῦτα</span> <span class='ocrx_word' id='word_1_551' title='bbox 3466 482 3616 561; x_wconf 63' lang='grc' dir='ltr'>ῥίψῃ</span> 
     </span>
    </p>
   </div>
   <div class='ocr_carea' id='block_1_67' title="bbox 1932 574 3597 650">
    <p class='ocr_par' dir='ltr' id='par_1_67' title="bbox 1932 574 3597 650">
     <span class='ocr_line' id='line_1_67' title="bbox 1932 574 3597 650; baseline -0.003 -18"><span class='ocrx_word' id='word_1_552' title='bbox 1932 579 2109 634; x_wconf 85' lang='grc' dir='ltr'>πάντα</span> <span class='ocrx_word' id='word_1_553' title='bbox 2129 578 2384 650; x_wconf 75' lang='grc' dir='ltr'>ἐξαίφνης</span> <span class='ocrx_word' id='word_1_554' title='bbox 2413 578 2489 640; x_wconf 86' lang='grc' dir='ltr'>ὡς</span> <span class='ocrx_word' id='word_1_555' title='bbox 2521 577 2643 630; x_wconf 72' lang='grc' dir='ltr'>οὒδέ</span> <span class='ocrx_word' id='word_1_556' title='bbox 2672 577 3049 646; x_wconf 66' lang='grc' dir='ltr'>γεγενημένοιν,</span> <span class='ocrx_word' id='word_1_557' title='bbox 3086 576 3259 648; x_wconf 74' lang='grc' dir='ltr'>ἑτέρῳ</span> <span class='ocrx_word' id='word_1_558' title='bbox 3286 575 3388 640; x_wconf 79' lang='grc' dir='ltr'>τὰς</span> <span class='ocrx_word' id='word_1_559' title='bbox 3428 574 3597 646; x_wconf 79' lang='grc' dir='ltr'>θύρας</span> 
     </span>
    </p>
   </div>
   <div class='ocr_carea' id='block_1_68' title="bbox 1930 662 3595 735">
    <p class='ocr_par' dir='ltr' id='par_1_68' title="bbox 1930 662 3595 735">
     <span class='ocr_line' id='line_1_68' title="bbox 1930 662 3595 735; baseline -0.003 -16"><span class='ocrx_word' id='word_1_560' title='bbox 1930 665 2317 719; x_wconf 81' lang='grc' dir='ltr'>ἀναπετάσασα</span> <span class='ocrx_word' id='word_1_561' title='bbox 2337 665 2437 735; x_wconf 85' lang='grc' dir='ltr'>τῆς</span> <span class='ocrx_word' id='word_1_562' title='bbox 2455 664 2652 728; x_wconf 78' lang='grc' dir='ltr'>οἰκίας,</span> <span class='ocrx_word' id='word_1_563' title='bbox 2676 663 2770 716; x_wconf 79' lang='grc' dir='ltr'>καὶ</span> <span class='ocrx_word' id='word_1_564' title='bbox 2801 662 2938 734; x_wconf 85' lang='grc' dir='ltr'>πρὸς</span> <span class='ocrx_word' id='word_1_565' title='bbox 2957 666 3056 733; x_wconf 81' lang='grc' dir='ltr'>τὴν</span> <span class='ocrx_word' id='word_1_566' title='bbox 3084 663 3246 733; x_wconf 77' lang='grc' dir='ltr'>εὐνὴν</span> <span class='ocrx_word' id='word_1_567' title='bbox 3269 662 3433 716; x_wconf 78' lang='grc' dir='ltr'>αὐτὸν</span> <span class='ocrx_word' id='word_1_568' title='bbox 3461 662 3595 732; x_wconf 81' lang='grc' dir='ltr'>ἐλκῃ</span> 
     </span>
    </p>
   </div>
   <div class='ocr_carea' id='block_1_69' title="bbox 1929 750 3597 822">
    <p class='ocr_par' dir='ltr' id='par_1_69' title="bbox 1929 750 3597 822">
     <span class='ocr_line' id='line_1_69' title="bbox 1929 750 3597 822; baseline -0.001 -18"><span class='ocrx_word' id='word_1_569' title='bbox 1929 753 2028 822; x_wconf 83' lang='grc' dir='ltr'>τὴν</span> <span class='ocrx_word' id='word_1_570' title='bbox 2069 753 2276 806; x_wconf 77' lang='grc' dir='ltr'>ἐκείνου</span> <span class='ocrx_word' id='word_1_571' title='bbox 2315 751 2412 822; x_wconf 81' lang='grc' dir='ltr'>τὴν</span> <span class='ocrx_word' id='word_1_572' title='bbox 2460 751 2636 805; x_wconf 87' lang='grc' dir='ltr'>πάντα</span> <span class='ocrx_word' id='word_1_573' title='bbox 2678 750 2747 803; x_wconf 85' lang='grc' dir='ltr'>τὰ</span> <span class='ocrx_word' id='word_1_574' title='bbox 2796 751 3060 822; x_wconf 89' lang='grc' dir='ltr'>πρότερον</span> <span class='ocrx_word' id='word_1_575' title='bbox 3090 761 3115 791; x_wconf 74' lang='grc' dir='ltr'><strong><em>ο</em></strong></span> <span class='ocrx_word' id='word_1_576' title='bbox 3159 750 3483 813; x_wconf 84' lang='grc' dir='ltr'>συνειδυῖαν,</span> <span class='ocrx_word' id='word_1_577' title='bbox 3531 750 3597 803; x_wconf 85' lang='grc' dir='ltr'>ἂν</span> 
     </span>
    </p>
   </div>
   <div class='ocr_carea' id='block_1_70' title="bbox 1928 837 3599 912">
    <p class='ocr_par' dir='ltr' id='par_1_70' title="bbox 1928 837 3599 912">
     <span class='ocr_line' id='line_1_70' title="bbox 1928 837 3599 912; baseline -0.001 -20"><span class='ocrx_word' id='word_1_578' title='bbox 1928 837 2101 893; x_wconf 86' lang='grc' dir='ltr'>ταῦτα</span> <span class='ocrx_word' id='word_1_579' title='bbox 2127 843 2275 912; x_wconf 77' lang='grc' dir='ltr'>ποιῇ,</span> <span class='ocrx_word' id='word_1_580' title='bbox 2304 840 2480 903; x_wconf 73' lang='grc' dir='ltr'>οὐδεὶς</span> <span class='ocrx_word' id='word_1_581' title='bbox 2510 841 2538 892; x_wconf 87' lang='grc' dir='ltr'>ό</span> <span class='ocrx_word' id='word_1_582' title='bbox 2564 839 2933 910; x_wconf 86' lang='grc' dir='ltr'>μεμφόμενος,</span> <span class='ocrx_word' id='word_1_583' title='bbox 2961 839 3082 892; x_wconf 75' lang='grc' dir='ltr'>οὐδὲ</span> <span class='ocrx_word' id='word_1_584' title='bbox 3108 838 3393 907; x_wconf 84' lang='grc' dir='ltr'>ἐγκαλῶν;</span> <span class='ocrx_word' id='word_1_585' title='bbox 3422 838 3599 902; x_wconf 70' lang='grc' dir='ltr'>ούδεῖς</span> 
     </span>
    </p>
   </div>
   <div class='ocr_carea' id='block_1_71' title="bbox 1928 925 3597 998">
    <p class='ocr_par' dir='ltr' id='par_1_71' title="bbox 1928 925 3597 998">
     <span class='ocr_line' id='line_1_71' title="bbox 1928 925 3597 998; baseline -0.001 -19"><span class='ocrx_word' id='word_1_586' title='bbox 1928 925 1958 978; x_wconf 86' lang='lat'>6</span> <span class='ocrx_word' id='word_1_587' title='bbox 1982 929 2261 998; x_wconf 89' lang='grc' dir='ltr'>μισήσων,</span> <span class='ocrx_word' id='word_1_588' title='bbox 2304 929 2397 981; x_wconf 75' lang='grc' dir='ltr'>καὶ</span> <span class='ocrx_word' id='word_1_589' title='bbox 2423 927 2687 998; x_wconf 82' lang='grc' dir='ltr'>ἄστοργον</span> <span class='ocrx_word' id='word_1_590' title='bbox 2706 966 2721 992; x_wconf 95' lang='grc'>,</span> <span class='ocrx_word' id='word_1_591' title='bbox 2770 927 2866 981; x_wconf 78' lang='grc' dir='ltr'>καὶ</span> <span class='ocrx_word' id='word_1_592' title='bbox 2900 927 3151 992; x_wconf 81' lang='grc' dir='ltr'>ἄπιστον,</span> <span class='ocrx_word' id='word_1_593' title='bbox 3206 926 3302 979; x_wconf 68' lang='grc' dir='ltr'>καὶ</span> <span class='ocrx_word' id='word_1_594' title='bbox 3329 925 3597 990; x_wconf 69' lang='grc' dir='ltr'>ἄσπονδον</span> 
     </span>
    </p>
   </div>
   <div class='ocr_carea' id='block_1_72' title="bbox 1930 1014 2933 1087">
    <p class='ocr_par' dir='ltr' id='par_1_72' title="bbox 1930 1014 2933 1087">
     <span class='ocr_line' id='line_1_72' title="bbox 1930 1014 2933 1087; baseline 0 -19"><span class='ocrx_word' id='word_1_595' title='bbox 1930 1016 2025 1068; x_wconf 71' lang='grc' dir='ltr'>καὶ</span> <span class='ocrx_word' id='word_1_596' title='bbox 2056 1016 2233 1071; x_wconf 87' lang='grc' dir='ltr'>πάντα</span> <span class='ocrx_word' id='word_1_597' title='bbox 2259 1017 2328 1069; x_wconf 81' lang='grc' dir='ltr'>τά</span> <span class='ocrx_word' id='word_1_598' title='bbox 2356 1014 2583 1069; x_wconf 91' lang='grc' dir='ltr'>τοιαῦτα</span> <span class='ocrx_word' id='word_1_599' title='bbox 2613 1014 2933 1087; x_wconf 88' lang='grc' dir='ltr'>προσερῶν;</span> 
     </span>
    </p>
   </div>
   <div class='ocr_carea' id='block_1_73' title="bbox 2002 1101 3607 1176">
    <p class='ocr_par' dir='ltr' id='par_1_73' title="bbox 2002 1101 3607 1176">
     <span class='ocr_line' id='line_1_73' title="bbox 2002 1101 3607 1176; baseline -0.001 -21"><span class='ocrx_word' id='word_1_600' title='bbox 2002 1103 2169 1175; x_wconf 80' lang='grc' dir='ltr'>ε’.Μὴ</span> <span class='ocrx_word' id='word_1_601' title='bbox 2195 1102 2323 1176; x_wconf 85' lang='grc' dir='ltr'>γὰρ,</span> <span class='ocrx_word' id='word_1_602' title='bbox 2357 1102 2544 1174; x_wconf 83' lang='grc' dir='ltr'>ἐπειδὴ</span> <span class='ocrx_word' id='word_1_603' title='bbox 2571 1101 2944 1174; x_wconf 86' lang='grc' dir='ltr'>συνεχώρησεν</span> <span class='ocrx_word' id='word_1_604' title='bbox 2966 1104 2994 1156; x_wconf 90' lang='lat'>6</span> <span class='ocrx_word' id='word_1_605' title='bbox 3021 1106 3286 1175; x_wconf 82' lang='grc' dir='ltr'>μακάριος</span> <span class='ocrx_word' id='word_1_606' title='bbox 3304 1102 3512 1166; x_wconf 80' lang='grc' dir='ltr'>Παῦλος</span> <span class='ocrx_word' id='word_1_607' title='bbox 3541 1101 3607 1155; x_wconf 74' lang='grc' dir='ltr'>τὸ</span> 
     </span>
    </p>
   </div>
   <div class='ocr_carea' id='block_1_74' title="bbox 1930 1187 3600 1263">
    <p class='ocr_par' dir='ltr' id='par_1_74' title="bbox 1930 1187 3600 1263">
     <span class='ocr_line' id='line_1_74' title="bbox 1930 1187 3600 1263; baseline -0.002 -18"><span class='ocrx_word' id='word_1_608' title='bbox 1930 1193 2181 1263; x_wconf 80' lang='grc' dir='ltr'>πρᾶγμα,</span> <span class='ocrx_word' id='word_1_609' title='bbox 2212 1190 2314 1260; x_wconf 86' lang='grc' dir='ltr'>ήδη</span> <span class='ocrx_word' id='word_1_610' title='bbox 2348 1187 2480 1243; x_wconf 72' lang='grc' dir='ltr'>αὐτὸ</span> <span class='ocrx_word' id='word_1_611' title='bbox 2512 1188 2604 1242; x_wconf 76' lang='grc' dir='ltr'>καὶ</span> <span class='ocrx_word' id='word_1_612' title='bbox 2647 1188 2886 1242; x_wconf 85' lang='grc' dir='ltr'>ἐπαίνων</span> <span class='ocrx_word' id='word_1_613' title='bbox 2922 1188 3072 1253; x_wconf 79' lang='grc' dir='ltr'>ἀξιον</span> <span class='ocrx_word' id='word_1_614' title='bbox 3110 1187 3299 1259; x_wconf 75' lang='grc' dir='ltr'>νόμιζε</span> <span class='ocrx_word' id='word_1_615' title='bbox 3320 1228 3335 1252; x_wconf 94' lang='grc'>,</span> <span class='ocrx_word' id='word_1_616' title='bbox 3377 1189 3473 1242; x_wconf 75' lang='grc' dir='ltr'>καὶ</span> <span class='ocrx_word' id='word_1_617' title='bbox 3501 1206 3600 1241; x_wconf 87' lang='grc' dir='ltr'>κα-</span> 
     </span>
    </p>
   </div>
   <div class='ocr_carea' id='block_1_75' title="bbox 1926 1273 3599 1346">
    <p class='ocr_par' dir='ltr' id='par_1_75' title="bbox 1926 1273 3599 1346">
     <span class='ocr_line' id='line_1_75' title="bbox 1926 1273 3599 1346; baseline -0.002 -15"><span class='ocrx_word' id='word_1_618' title='bbox 1926 1275 2248 1346; x_wconf 87' lang='grc' dir='ltr'>ταγνώσεως</span> <span class='ocrx_word' id='word_1_619' title='bbox 2288 1274 2635 1345; x_wconf 85' lang='grc' dir='ltr'>ἀπηλλάχθαι</span> <span class='ocrx_word' id='word_1_620' title='bbox 2671 1274 2774 1344; x_wconf 82' lang='grc' dir='ltr'>τῆς</span> <span class='ocrx_word' id='word_1_621' title='bbox 2809 1273 2963 1344; x_wconf 87' lang='grc' dir='ltr'>παρά</span> <span class='ocrx_word' id='word_1_622' title='bbox 3001 1274 3108 1328; x_wconf 90' lang='grc' dir='ltr'>τῶν</span> <span class='ocrx_word' id='word_1_623' title='bbox 3148 1275 3379 1329; x_wconf 85' lang='grc' dir='ltr'>πολλῶν.</span> <span class='ocrx_word' id='word_1_624' title='bbox 3421 1274 3599 1328; x_wconf 83' lang='grc' dir='ltr'>Κολά-</span> 
     </span>
    </p>
   </div>
   <div class='ocr_carea' id='block_1_76' title="bbox 1931 1361 3598 1435">
    <p class='ocr_par' dir='ltr' id='par_1_76' title="bbox 1931 1361 3598 1435">
     <span class='ocr_line' id='line_1_76' title="bbox 1931 1361 3598 1435; baseline -0.004 -15"><span class='ocrx_word' id='word_1_625' title='bbox 1931 1381 2069 1429; x_wconf 86' lang='grc' dir='ltr'>σεως</span> <span class='ocrx_word' id='word_1_626' title='bbox 2120 1364 2217 1435; x_wconf 84' lang='grc' dir='ltr'>μὲν</span> <span class='ocrx_word' id='word_1_627' title='bbox 2259 1364 2368 1434; x_wconf 78' lang='grc' dir='ltr'>γάρ</span> <span class='ocrx_word' id='word_1_628' title='bbox 2409 1364 2505 1416; x_wconf 73' lang='grc' dir='ltr'>καὶ</span> <span class='ocrx_word' id='word_1_629' title='bbox 2553 1362 2823 1433; x_wconf 88' lang='grc' dir='ltr'>τιμωρίας</span> <span class='ocrx_word' id='word_1_630' title='bbox 2857 1363 3005 1415; x_wconf 81' lang='grc' dir='ltr'>ἐστὶν</span> <span class='ocrx_word' id='word_1_631' title='bbox 3047 1362 3238 1428; x_wconf 86' lang='grc' dir='ltr'>ἐκτὸς,</span> <span class='ocrx_word' id='word_1_632' title='bbox 3270 1361 3510 1415; x_wconf 87' lang='grc' dir='ltr'>ἐπαίνων</span> <span class='ocrx_word' id='word_1_633' title='bbox 3541 1361 3598 1414; x_wconf 81' lang='grc' dir='ltr'>δὲ</span> 
     </span>
    </p>
   </div>
   <div class='ocr_carea' id='block_1_77' title="bbox 1928 1446 3599 1521">
    <p class='ocr_par' dir='ltr' id='par_1_77' title="bbox 1928 1446 3599 1521">
     <span class='ocr_line' id='line_1_77' title="bbox 1928 1446 3599 1521; baseline -0.004 -16"><span class='ocrx_word' id='word_1_634' title='bbox 1928 1452 2022 1505; x_wconf 79' lang='grc' dir='ltr'>καὶ</span> <span class='ocrx_word' id='word_1_635' title='bbox 2069 1450 2361 1521; x_wconf 74' lang='grc' dir='ltr'>ἐγκωμίων</span> <span class='ocrx_word' id='word_1_636' title='bbox 2405 1450 2507 1502; x_wconf 78' lang='grc' dir='ltr'>οὐκ</span> <span class='ocrx_word' id='word_1_637' title='bbox 2537 1448 2604 1502; x_wconf 83' lang='grc' dir='ltr'>ἂν</span> <span class='ocrx_word' id='word_1_638' title='bbox 2636 1446 2853 1502; x_wconf 89' lang='grc' dir='ltr'>δύναιτο</span> <span class='ocrx_word' id='word_1_639' title='bbox 2897 1451 3197 1502; x_wconf 83' lang='grc' dir='ltr'>κοινωνεῖν.</span> <span class='ocrx_word' id='word_1_640' title='bbox 3234 1448 3346 1503; x_wconf 70' lang='grc' dir='ltr'>Καὶ</span> <span class='ocrx_word' id='word_1_641' title='bbox 3395 1448 3504 1519; x_wconf 76' lang='grc' dir='ltr'>γὰρ</span> <span class='ocrx_word' id='word_1_642' title='bbox 3539 1448 3599 1499; x_wconf 75' lang='grc' dir='ltr'>τὴ</span> 
     </span>
    </p>
   </div>
   <div class='ocr_carea' id='block_1_78' title="bbox 1928 1530 3592 1609">
    <p class='ocr_par' dir='ltr' id='par_1_78' title="bbox 1928 1530 3592 1609">
     <span class='ocr_line' id='line_1_78' title="bbox 1928 1530 3592 1609; baseline -0.002 -19"><span class='ocrx_word' id='word_1_643' title='bbox 1928 1537 2220 1609; x_wconf 79' lang='grc' dir='ltr'>κατωφερῆ</span> <span class='ocrx_word' id='word_1_644' title='bbox 2250 1552 2372 1589; x_wconf 90' lang='grc' dir='ltr'>τινα</span> <span class='ocrx_word' id='word_1_645' title='bbox 2409 1537 2505 1590; x_wconf 73' lang='grc' dir='ltr'>καὶ</span> <span class='ocrx_word' id='word_1_646' title='bbox 2550 1534 2746 1605; x_wconf 85' lang='grc' dir='ltr'>λάγνον</span> <span class='ocrx_word' id='word_1_647' title='bbox 2779 1530 2917 1589; x_wconf 73' lang='grc' dir='ltr'>εἶναι</span> <span class='ocrx_word' id='word_1_648' title='bbox 2937 1575 2954 1600; x_wconf 91' lang='grc'>,</span> <span class='ocrx_word' id='word_1_649' title='bbox 3001 1534 3097 1589; x_wconf 78' lang='grc' dir='ltr'>καὶ</span> <span class='ocrx_word' id='word_1_650' title='bbox 3132 1535 3273 1606; x_wconf 89' lang='grc' dir='ltr'>μήτε</span> <span class='ocrx_word' id='word_1_651' title='bbox 3322 1536 3380 1587; x_wconf 91' lang='grc' dir='ltr'>ἐν</span> <span class='ocrx_word' id='word_1_652' title='bbox 3423 1531 3592 1605; x_wconf 75' lang='grc' dir='ltr'>καιρῷ</span> 
     </span>
    </p>
   </div>
   <div class='ocr_carea' id='block_1_79' title="bbox 1927 1621 3604 1695">
    <p class='ocr_par' dir='ltr' id='par_1_79' title="bbox 1927 1621 3604 1695">
     <span class='ocr_line' id='line_1_79' title="bbox 1927 1621 3604 1695; baseline -0.003 -17"><span class='ocrx_word' id='word_1_653' title='bbox 1927 1624 2027 1695; x_wconf 83' lang='grc' dir='ltr'>τῆς</span> <span class='ocrx_word' id='word_1_654' title='bbox 2063 1622 2340 1695; x_wconf 83' lang='grc' dir='ltr'>νηστείας,</span> <span class='ocrx_word' id='word_1_655' title='bbox 2374 1623 2514 1694; x_wconf 88' lang='grc' dir='ltr'>μήτε</span> <span class='ocrx_word' id='word_1_656' title='bbox 2559 1624 2618 1676; x_wconf 89' lang='grc' dir='ltr'>ἐν</span> <span class='ocrx_word' id='word_1_657' title='bbox 2657 1622 2800 1694; x_wconf 79' lang='grc' dir='ltr'>ἄλλῳ</span> <span class='ocrx_word' id='word_1_658' title='bbox 2837 1622 2945 1675; x_wconf 76' lang='grc' dir='ltr'>τινὶ</span> <span class='ocrx_word' id='word_1_659' title='bbox 2969 1623 3069 1694; x_wconf 85' lang='grc' dir='ltr'>τῆς</span> <span class='ocrx_word' id='word_1_660' title='bbox 3103 1621 3361 1691; x_wconf 74' lang='grc' dir='ltr'>γυναικὸς</span> <span class='ocrx_word' id='word_1_661' title='bbox 3404 1621 3604 1691; x_wconf 82' lang='grc' dir='ltr'>ἀπέχε-</span> 
     </span>
    </p>
   </div>
   <div class='ocr_carea' id='block_1_80' title="bbox 1930 1709 3597 1786">
    <p class='ocr_par' dir='ltr' id='par_1_80' title="bbox 1930 1709 3597 1786">
     <span class='ocr_line' id='line_1_80' title="bbox 1930 1709 3597 1786; baseline -0.005 -17"><span class='ocrx_word' id='word_1_662' title='bbox 1930 1714 2074 1780; x_wconf 88' lang='grc' dir='ltr'>σθαι,</span> <span class='ocrx_word' id='word_1_663' title='bbox 2102 1712 2255 1786; x_wconf 75' lang='lat'>[556]</span> <span class='ocrx_word' id='word_1_664' title='bbox 2285 1712 2561 1776; x_wconf 80' lang='grc' dir='ltr'>κολάσεως</span> <span class='ocrx_word' id='word_1_665' title='bbox 2593 1711 2691 1782; x_wconf 81' lang='grc' dir='ltr'>μὲν</span> <span class='ocrx_word' id='word_1_666' title='bbox 2721 1712 2814 1765; x_wconf 81' lang='grc' dir='ltr'>καὶ</span> <span class='ocrx_word' id='word_1_667' title='bbox 2842 1710 2977 1764; x_wconf 78' lang='grc' dir='ltr'>αὐτὸ</span> <span class='ocrx_word' id='word_1_668' title='bbox 3005 1711 3197 1781; x_wconf 70' lang='grc' dir='ltr'>πόρρω</span> <span class='ocrx_word' id='word_1_669' title='bbox 3227 1711 3321 1765; x_wconf 77' lang='grc' dir='ltr'>καὶ</span> <span class='ocrx_word' id='word_1_670' title='bbox 3359 1709 3597 1781; x_wconf 78' lang='grc' dir='ltr'>μακράν,</span> 
     </span>
    </p>
   </div>
   <div class='ocr_carea' id='block_1_81' title="bbox 1927 1795 3594 1870">
    <p class='ocr_par' dir='ltr' id='par_1_81' title="bbox 1927 1795 3594 1870">
     <span class='ocr_line' id='line_1_81' title="bbox 1927 1795 3594 1870; baseline -0.004 -17"><span class='ocrx_word' id='word_1_671' title='bbox 1927 1800 1987 1853; x_wconf 81' lang='grc' dir='ltr'>οὐ</span> <span class='ocrx_word' id='word_1_672' title='bbox 2019 1798 2124 1870; x_wconf 85' lang='grc' dir='ltr'>μὴν</span> <span class='ocrx_word' id='word_1_673' title='bbox 2158 1799 2392 1852; x_wconf 89' lang='grc' dir='ltr'>ἐπαίνων</span> <span class='ocrx_word' id='word_1_674' title='bbox 2431 1796 2628 1866; x_wconf 80' lang='grc' dir='ltr'>ἐγγύς’</span> <span class='ocrx_word' id='word_1_675' title='bbox 2666 1796 2799 1851; x_wconf 71' lang='grc' dir='ltr'>αὐτὸ</span> <span class='ocrx_word' id='word_1_676' title='bbox 2835 1795 2946 1869; x_wconf 77' lang='grc' dir='ltr'>γὰρ</span> <span class='ocrx_word' id='word_1_677' title='bbox 2970 1796 3032 1849; x_wconf 81' lang='grc' dir='ltr'>τὸ</span> <span class='ocrx_word' id='word_1_678' title='bbox 3066 1796 3474 1865; x_wconf 77' lang='grc' dir='ltr'>συγκαταϐῆναι</span> <span class='ocrx_word' id='word_1_679' title='bbox 3502 1812 3594 1848; x_wconf 82' lang='grc' dir='ltr'>το-</span> 
     </span>
    </p>
   </div>
   <div class='ocr_carea' id='block_1_82' title="bbox 1930 1880 3601 1955">
    <p class='ocr_par' dir='ltr' id='par_1_82' title="bbox 1930 1880 3601 1955">
     <span class='ocr_line' id='line_1_82' title="bbox 1930 1880 3601 1955; baseline -0.004 -16"><span class='ocrx_word' id='word_1_680' title='bbox 1930 1884 2151 1948; x_wconf 85' lang='grc' dir='ltr'>σοῦτον,</span> <span class='ocrx_word' id='word_1_681' title='bbox 2184 1884 2336 1938; x_wconf 76' lang='grc' dir='ltr'>οὐδὲν</span> <span class='ocrx_word' id='word_1_682' title='bbox 2378 1885 2566 1955; x_wconf 69' lang='grc' dir='ltr'>ἕτερόν</span> <span class='ocrx_word' id='word_1_683' title='bbox 2610 1884 2777 1948; x_wconf 90' lang='grc' dir='ltr'>ἐστιν,</span> <span class='ocrx_word' id='word_1_684' title='bbox 2818 1883 2851 1953; x_wconf 80' lang='grc' dir='ltr'><strong>ἢ</strong></span> <span class='ocrx_word' id='word_1_685' title='bbox 2901 1885 3127 1953; x_wconf 90' lang='grc' dir='ltr'>σημεῖον</span> <span class='ocrx_word' id='word_1_686' title='bbox 3178 1880 3465 1945; x_wconf 85' lang='grc' dir='ltr'>ἀσθενείας</span> <span class='ocrx_word' id='word_1_687' title='bbox 3507 1882 3601 1934; x_wconf 73' lang='grc' dir='ltr'>καὶ</span> 
     </span>
    </p>
   </div>
   <div class='ocr_carea' id='block_1_83' title="bbox 1927 1968 3597 2045">
    <p class='ocr_par' dir='ltr' id='par_1_83' title="bbox 1927 1968 3597 2045">
     <span class='ocr_line' id='line_1_83' title="bbox 1927 1968 3597 2045; baseline -0.002 -19"><span class='ocrx_word' id='word_1_688' title='bbox 1927 1973 2257 2045; x_wconf 82' lang='grc' dir='ltr'>ἀπροσεξίας</span> <span class='ocrx_word' id='word_1_689' title='bbox 2302 1972 2527 2041; x_wconf 82' lang='grc' dir='ltr'>πολλῆς.</span> <span class='ocrx_word' id='word_1_690' title='bbox 2558 1972 2723 2025; x_wconf 84' lang='grc' dir='ltr'>Ὥστε</span> <span class='ocrx_word' id='word_1_691' title='bbox 2761 1972 2811 2024; x_wconf 85' lang='grc' dir='ltr'>εί</span> <span class='ocrx_word' id='word_1_692' title='bbox 2854 1970 3102 2033; x_wconf 87' lang='grc' dir='ltr'>δέδοικας</span> <span class='ocrx_word' id='word_1_693' title='bbox 3139 1968 3213 2040; x_wconf 82' lang='grc' dir='ltr'>μὴ</span> <span class='ocrx_word' id='word_1_694' title='bbox 3259 1968 3597 2041; x_wconf 83' lang='grc' dir='ltr'>θρασύτητος</span> 
     </span>
    </p>
   </div>
   <div class='ocr_carea' id='block_1_84' title="bbox 1926 2054 3595 2133">
    <p class='ocr_par' dir='ltr' id='par_1_84' title="bbox 1926 2054 3595 2133">
     <span class='ocr_line' id='line_1_84' title="bbox 1926 2054 3595 2133; baseline -0.004 -19"><span class='ocrx_word' id='word_1_695' title='bbox 1926 2060 2083 2126; x_wconf 78' lang='grc' dir='ltr'>δόξαν</span> <span class='ocrx_word' id='word_1_696' title='bbox 2108 2059 2279 2133; x_wconf 88' lang='grc' dir='ltr'>λάϐῃς</span> <span class='ocrx_word' id='word_1_697' title='bbox 2306 2059 2394 2113; x_wconf 80' lang='grc' dir='ltr'>διὰ</span> <span class='ocrx_word' id='word_1_698' title='bbox 2412 2057 2510 2130; x_wconf 82' lang='grc' dir='ltr'>τὴν</span> <span class='ocrx_word' id='word_1_699' title='bbox 2528 2058 2639 2112; x_wconf 90' lang='grc' dir='ltr'>τῶν</span> <span class='ocrx_word' id='word_1_700' title='bbox 2662 2056 2887 2111; x_wconf 77' lang='grc' dir='ltr'>οἰκετῶν</span> <span class='ocrx_word' id='word_1_701' title='bbox 2914 2057 3255 2127; x_wconf 82' lang='grc' dir='ltr'>ἐπιτίμησιν.</span> <span class='ocrx_word' id='word_1_702' title='bbox 3281 2056 3385 2125; x_wconf 63' lang='grc' dir='ltr'>πρδ</span> <span class='ocrx_word' id='word_1_703' title='bbox 3404 2054 3595 2108; x_wconf 89' lang='grc' dir='ltr'>τούτου</span> 
     </span>
    </p>
   </div>
   <div class='ocr_carea' id='block_1_85' title="bbox 1927 2142 3598 2217">
    <p class='ocr_par' dir='ltr' id='par_1_85' title="bbox 1927 2142 3598 2217">
     <span class='ocr_line' id='line_1_85' title="bbox 1927 2142 3598 2217; baseline -0.004 -16"><span class='ocrx_word' id='word_1_704' title='bbox 1927 2145 2215 2201; x_wconf 88' lang='grc' dir='ltr'>δεδοικέναι</span> <span class='ocrx_word' id='word_1_705' title='bbox 2264 2146 2367 2217; x_wconf 80' lang='grc' dir='ltr'>χρὴ</span> <span class='ocrx_word' id='word_1_706' title='bbox 2404 2146 2478 2217; x_wconf 85' lang='grc' dir='ltr'>μὴ</span> <span class='ocrx_word' id='word_1_707' title='bbox 2523 2144 2777 2214; x_wconf 86' lang='grc' dir='ltr'>λαγνείας</span> <span class='ocrx_word' id='word_1_708' title='bbox 2820 2144 2914 2197; x_wconf 76' lang='grc' dir='ltr'>καὶ</span> <span class='ocrx_word' id='word_1_709' title='bbox 2954 2143 3191 2205; x_wconf 88' lang='grc' dir='ltr'>ἀσωτίας</span> <span class='ocrx_word' id='word_1_710' title='bbox 3231 2142 3392 2209; x_wconf 79' lang='grc' dir='ltr'>δόξαν</span> <span class='ocrx_word' id='word_1_711' title='bbox 3429 2159 3598 2213; x_wconf 86' lang='grc' dir='ltr'>προσ-</span> 
     </span>
    </p>
   </div>
   <div class='ocr_carea' id='block_1_86' title="bbox 1926 2231 3589 2307">
    <p class='ocr_par' dir='ltr' id='par_1_86' title="bbox 1926 2231 3589 2307">
     <span class='ocr_line' id='line_1_86' title="bbox 1926 2231 3589 2307; baseline -0.003 -18"><span class='ocrx_word' id='word_1_712' title='bbox 1926 2234 2092 2307; x_wconf 82' lang='grc' dir='ltr'>τρίψῃ</span> <span class='ocrx_word' id='word_1_713' title='bbox 2116 2234 2402 2305; x_wconf 80' lang='grc' dir='ltr'>τοσαύτην.</span> <span class='ocrx_word' id='word_1_714' title='bbox 2433 2232 2618 2303; x_wconf 78' lang='grc' dir='ltr'>Χωρὶς</span> <span class='ocrx_word' id='word_1_715' title='bbox 2658 2232 2717 2285; x_wconf 83' lang='grc' dir='ltr'>δέ</span> <span class='ocrx_word' id='word_1_716' title='bbox 2744 2231 2950 2286; x_wconf 86' lang='grc' dir='ltr'>τούτων</span> <span class='ocrx_word' id='word_1_717' title='bbox 2981 2234 3047 2302; x_wconf 77' lang='grc' dir='ltr'>τῇ</span> <span class='ocrx_word' id='word_1_718' title='bbox 3077 2233 3222 2302; x_wconf 66' lang='grc' dir='ltr'>χήρᾳ</span> <span class='ocrx_word' id='word_1_719' title='bbox 3252 2234 3314 2284; x_wconf 78' lang='grc' dir='ltr'>τδ</span> <span class='ocrx_word' id='word_1_720' title='bbox 3356 2234 3589 2303; x_wconf 80' lang='grc' dir='ltr'>πρᾶγμα</span> 
     </span>
    </p>
   </div>
   <div class='ocr_carea' id='block_1_87' title="bbox 1927 2317 3591 2394">
    <p class='ocr_par' dir='ltr' id='par_1_87' title="bbox 1927 2317 3591 2394">
     <span class='ocr_line' id='line_1_87' title="bbox 1927 2317 3591 2394; baseline -0.004 -18"><span class='ocrx_word' id='word_1_721' title='bbox 1927 2324 2149 2394; x_wconf 74' lang='grc' dir='ltr'>ἄμεινον</span> <span class='ocrx_word' id='word_1_722' title='bbox 2175 2319 2389 2387; x_wconf 81' lang='grc' dir='ltr'>ἐξέσται</span> <span class='ocrx_word' id='word_1_723' title='bbox 2421 2320 2718 2392; x_wconf 83' lang='grc' dir='ltr'>μετελθεῖν,</span> <span class='ocrx_word' id='word_1_724' title='bbox 2750 2319 2891 2373; x_wconf 83' lang='grc' dir='ltr'>ὥστε</span> <span class='ocrx_word' id='word_1_725' title='bbox 2931 2320 3024 2372; x_wconf 77' lang='grc' dir='ltr'>καὶ</span> <span class='ocrx_word' id='word_1_726' title='bbox 3060 2321 3118 2372; x_wconf 87' lang='grc' dir='ltr'>ἐν</span> <span class='ocrx_word' id='word_1_727' title='bbox 3151 2319 3422 2390; x_wconf 76' lang='grc' dir='ltr'>ἀσφαλείᾳ</span> <span class='ocrx_word' id='word_1_728' title='bbox 3453 2317 3591 2387; x_wconf 81' lang='grc' dir='ltr'>αὐτῇ</span> 
     </span>
    </p>
   </div>
   <div class='ocr_carea' id='block_1_88' title="bbox 1926 2403 3595 2479">
    <p class='ocr_par' dir='ltr' id='par_1_88' title="bbox 1926 2403 3595 2479">
     <span class='ocr_line' id='line_1_88' title="bbox 1926 2403 3595 2479; baseline -0.002 -17"><span class='ocrx_word' id='word_1_729' title='bbox 1926 2409 1998 2464; x_wconf 88' lang='grc' dir='ltr'>τά</span> <span class='ocrx_word' id='word_1_730' title='bbox 2021 2408 2189 2462; x_wconf 88' lang='grc' dir='ltr'>πολλά</span> <span class='ocrx_word' id='word_1_731' title='bbox 2216 2409 2519 2479; x_wconf 83' lang='grc' dir='ltr'>πράγματα</span> <span class='ocrx_word' id='word_1_732' title='bbox 2545 2403 2708 2468; x_wconf 71' lang='grc' dir='ltr'>εἶναι,</span> <span class='ocrx_word' id='word_1_733' title='bbox 2747 2408 2839 2460; x_wconf 69' lang='grc' dir='ltr'>καὶ</span> <span class='ocrx_word' id='word_1_734' title='bbox 2890 2406 2965 2478; x_wconf 84' lang='grc' dir='ltr'>μὴ</span> <span class='ocrx_word' id='word_1_735' title='bbox 3003 2406 3162 2477; x_wconf 76' lang='grc' dir='ltr'>μόνον</span> <span class='ocrx_word' id='word_1_736' title='bbox 3190 2406 3265 2477; x_wconf 78' lang='grc' dir='ltr'>μὴ</span> <span class='ocrx_word' id='word_1_737' title='bbox 3309 2405 3595 2475; x_wconf 78' lang='grc' dir='ltr'>ψέγεσθαι,</span> 
     </span>
    </p>
   </div>
   <div class='ocr_carea' id='block_1_89' title="bbox 1928 2493 3603 2566">
    <p class='ocr_par' dir='ltr' id='par_1_89' title="bbox 1928 2493 3603 2566">
     <span class='ocr_line' id='line_1_89' title="bbox 1928 2493 3603 2566; baseline -0.002 -14"><span class='ocrx_word' id='word_1_738' title='bbox 1928 2496 2063 2552; x_wconf 78' lang='grc' dir='ltr'>ἀλλά</span> <span class='ocrx_word' id='word_1_739' title='bbox 2091 2496 2184 2549; x_wconf 73' lang='grc' dir='ltr'>καὶ</span> <span class='ocrx_word' id='word_1_740' title='bbox 2210 2495 2548 2552; x_wconf 86' lang='grc' dir='ltr'>ἐπαινεῖσθαι</span> <span class='ocrx_word' id='word_1_741' title='bbox 2578 2494 2731 2566; x_wconf 87' lang='grc' dir='ltr'>παρά</span> <span class='ocrx_word' id='word_1_742' title='bbox 2753 2494 2994 2559; x_wconf 86' lang='grc' dir='ltr'>πάντων,</span> <span class='ocrx_word' id='word_1_743' title='bbox 3023 2495 3119 2548; x_wconf 72' lang='grc' dir='ltr'>καὶ</span> <span class='ocrx_word' id='word_1_744' title='bbox 3141 2494 3249 2565; x_wconf 82' lang='grc' dir='ltr'>πρὸ</span> <span class='ocrx_word' id='word_1_745' title='bbox 3272 2493 3468 2546; x_wconf 90' lang='grc' dir='ltr'>τούτου</span> <span class='ocrx_word' id='word_1_746' title='bbox 3492 2494 3603 2548; x_wconf 84' lang='grc' dir='ltr'>τῶν</span> 
     </span>
    </p>
   </div>
   <div class='ocr_carea' id='block_1_90' title="bbox 1928 2580 3605 2654">
    <p class='ocr_par' dir='ltr' id='par_1_90' title="bbox 1928 2580 3605 2654">
     <span class='ocr_line' id='line_1_90' title="bbox 1928 2580 3605 2654; baseline -0.003 -16"><span class='ocrx_word' id='word_1_747' title='bbox 1928 2583 2150 2653; x_wconf 85' lang='grc' dir='ltr'>ἀγαθῶν</span> <span class='ocrx_word' id='word_1_748' title='bbox 2181 2584 2456 2654; x_wconf 84' lang='grc' dir='ltr'>ἐπιτυχεῖν</span> <span class='ocrx_word' id='word_1_749' title='bbox 2482 2581 2502 2621; x_wconf 76' lang='grc' dir='ltr'>ί</span> <span class='ocrx_word' id='word_1_750' title='bbox 2543 2582 2654 2636; x_wconf 85' lang='grc' dir='ltr'>τῶν</span> <span class='ocrx_word' id='word_1_751' title='bbox 2698 2582 2849 2654; x_wconf 89' lang='grc' dir='ltr'>παρά</span> <span class='ocrx_word' id='word_1_752' title='bbox 2896 2581 2992 2636; x_wconf 87' lang='grc' dir='ltr'>τοῦ</span> <span class='ocrx_word' id='word_1_753' title='bbox 3030 2580 3188 2635; x_wconf 85' lang='grc' dir='ltr'>Θεοῦ.</span> <span class='ocrx_word' id='word_1_754' title='bbox 3235 2582 3332 2633; x_wconf 80' lang='grc' dir='ltr'>Ἂν</span> <span class='ocrx_word' id='word_1_755' title='bbox 3364 2581 3474 2652; x_wconf 86' lang='grc' dir='ltr'>γάρ</span> <span class='ocrx_word' id='word_1_756' title='bbox 3517 2581 3605 2634; x_wconf 90' lang='grc' dir='ltr'>θε-</span> 
     </span>
    </p>
   </div>
   <div class='ocr_carea' id='block_1_91' title="bbox 1928 2667 3603 2743">
    <p class='ocr_par' dir='ltr' id='par_1_91' title="bbox 1928 2667 3603 2743">
     <span class='ocr_line' id='line_1_91' title="bbox 1928 2667 3603 2743; baseline -0.002 -18"><span class='ocrx_word' id='word_1_757' title='bbox 1928 2671 2100 2743; x_wconf 83' lang='grc' dir='ltr'>λήσῃς</span> <span class='ocrx_word' id='word_1_758' title='bbox 2130 2669 2619 2743; x_wconf 87' lang='grc' dir='ltr'>παρακαταθέσθαι</span> <span class='ocrx_word' id='word_1_759' title='bbox 2644 2669 2713 2723; x_wconf 76' lang='grc' dir='ltr'>τά</span> <span class='ocrx_word' id='word_1_760' title='bbox 2741 2670 3003 2741; x_wconf 88' lang='grc' dir='ltr'>χρήματα</span> <span class='ocrx_word' id='word_1_761' title='bbox 3028 2669 3106 2740; x_wconf 86' lang='grc' dir='ltr'>τῷ</span> <span class='ocrx_word' id='word_1_762' title='bbox 3137 2667 3372 2740; x_wconf 79' lang='grc' dir='ltr'>οὐρανῷ,</span> <span class='ocrx_word' id='word_1_763' title='bbox 3399 2669 3493 2723; x_wconf 77' lang='grc' dir='ltr'>καὶ</span> <span class='ocrx_word' id='word_1_764' title='bbox 3521 2671 3603 2732; x_wconf 84' lang='grc' dir='ltr'>είς</span> 
     </span>
    </p>
   </div>
   <div class='ocr_carea' id='block_1_92' title="bbox 1928 2756 3602 2830">
    <p class='ocr_par' dir='ltr' id='par_1_92' title="bbox 1928 2756 3602 2830">
     <span class='ocr_line' id='line_1_92' title="bbox 1928 2756 3602 2830; baseline -0.002 -16"><span class='ocrx_word' id='word_1_765' title='bbox 1928 2759 2018 2814; x_wconf 76' lang='grc' dir='ltr'>τὸν</span> <span class='ocrx_word' id='word_1_766' title='bbox 2042 2759 2237 2815; x_wconf 78' lang='grc' dir='ltr'>άσυλον</span> <span class='ocrx_word' id='word_1_767' title='bbox 2270 2760 2409 2814; x_wconf 85' lang='grc' dir='ltr'>αὑτά</span> <span class='ocrx_word' id='word_1_768' title='bbox 2437 2758 2742 2830; x_wconf 79' lang='grc' dir='ltr'>κατορύξῃς</span> <span class='ocrx_word' id='word_1_769' title='bbox 2766 2758 2931 2813; x_wconf 89' lang='grc' dir='ltr'>τόπον</span> <span class='ocrx_word' id='word_1_770' title='bbox 2958 2758 3187 2823; x_wconf 84' lang='grc' dir='ltr'>ἐκεῖνον,</span> <span class='ocrx_word' id='word_1_771' title='bbox 3216 2757 3278 2810; x_wconf 86' lang='grc' dir='ltr'>ού</span> <span class='ocrx_word' id='word_1_772' title='bbox 3311 2756 3472 2827; x_wconf 86' lang='grc' dir='ltr'>μόνον</span> <span class='ocrx_word' id='word_1_773' title='bbox 3497 2758 3602 2810; x_wconf 84' lang='grc' dir='ltr'>οὐκ</span> 
     </span>
    </p>
   </div>
   <div class='ocr_carea' id='block_1_93' title="bbox 1930 2845 3605 2919">
    <p class='ocr_par' dir='ltr' id='par_1_93' title="bbox 1930 2845 3605 2919">
     <span class='ocr_line' id='line_1_93' title="bbox 1930 2845 3605 2919; baseline -0.002 -18"><span class='ocrx_word' id='word_1_774' title='bbox 1930 2847 2385 2919; x_wconf 88' lang='grc' dir='ltr'>ἐλαττωθήσεται,</span> <span class='ocrx_word' id='word_1_775' title='bbox 2415 2847 2552 2902; x_wconf 88' lang='grc' dir='ltr'>ἀλλὰ</span> <span class='ocrx_word' id='word_1_776' title='bbox 2578 2847 2671 2900; x_wconf 77' lang='grc' dir='ltr'>καὶ</span> <span class='ocrx_word' id='word_1_777' title='bbox 2701 2846 2881 2916; x_wconf 89' lang='grc' dir='ltr'>πολλῷ</span> <span class='ocrx_word' id='word_1_778' title='bbox 2918 2846 3092 2899; x_wconf 86' lang='grc' dir='ltr'>πλείω</span> <span class='ocrx_word' id='word_1_779' title='bbox 3125 2846 3443 2916; x_wconf 87' lang='grc' dir='ltr'>γενήσεται.</span> <span class='ocrx_word' id='word_1_780' title='bbox 3479 2845 3605 2898; x_wconf 80' lang='grc' dir='ltr'>Τοι-</span> 
     </span>
    </p>
   </div>
   <div class='ocr_carea' id='block_1_94' title="bbox 1927 2926 3602 3004">
    <p class='ocr_par' dir='ltr' id='par_1_94' title="bbox 1927 2926 3602 3004">
     <span class='ocr_line' id='line_1_94' title="bbox 1927 2926 3602 3004; baseline -0.002 -16"><span class='ocrx_word' id='word_1_781' title='bbox 1927 2934 2084 2998; x_wconf 85' lang='grc' dir='ltr'>οὗτος</span> <span class='ocrx_word' id='word_1_782' title='bbox 2106 2933 2216 3004; x_wconf 82' lang='grc' dir='ltr'>γὰρ</span> <span class='ocrx_word' id='word_1_783' title='bbox 2254 2926 2410 2996; x_wconf 78' lang='grc' dir='ltr'>οὗτος</span> <span class='ocrx_word' id='word_1_784' title='bbox 2441 2934 2471 2985; x_wconf 91' lang='lat'>6</span> <span class='ocrx_word' id='word_1_785' title='bbox 2512 2933 2734 3004; x_wconf 91' lang='grc' dir='ltr'>σπόρος.</span> <span class='ocrx_word' id='word_1_786' title='bbox 2767 2934 2831 2986; x_wconf 89' lang='grc' dir='ltr'>Εί</span> <span class='ocrx_word' id='word_1_787' title='bbox 2865 2932 2923 2986; x_wconf 86' lang='grc' dir='ltr'>δέ</span> <span class='ocrx_word' id='word_1_788' title='bbox 2952 2932 3190 2986; x_wconf 85' lang='grc' dir='ltr'>ἐλάττων</span> <span class='ocrx_word' id='word_1_789' title='bbox 3217 2932 3336 2984; x_wconf 57' lang='grc' dir='ltr'>ἐστὶ⁵</span> <span class='ocrx_word' id='word_1_790' title='bbox 3365 2930 3459 2984; x_wconf 91' lang='grc' dir='ltr'>τοῦ</span> <span class='ocrx_word' id='word_1_791' title='bbox 3489 2948 3602 3001; x_wconf 87' lang='grc' dir='ltr'>χω-</span> 
     </span>
    </p>
   </div>
   <div class='ocr_carea' id='block_1_95' title="bbox 1931 3018 3600 3095">
    <p class='ocr_par' dir='ltr' id='par_1_95' title="bbox 1931 3018 3600 3095">
     <span class='ocr_line' id='line_1_95' title="bbox 1931 3018 3600 3095; baseline -0.002 -19"><span class='ocrx_word' id='word_1_792' title='bbox 1931 3026 2093 3095; x_wconf 80' lang='grc' dir='ltr'>ρῆσαι</span> <span class='ocrx_word' id='word_1_793' title='bbox 2125 3020 2285 3092; x_wconf 89' lang='grc' dir='ltr'>μέχρι</span> <span class='ocrx_word' id='word_1_794' title='bbox 2313 3022 2416 3092; x_wconf 83' lang='grc' dir='ltr'>τῆς</span> <span class='ocrx_word' id='word_1_795' title='bbox 2446 3019 2765 3091; x_wconf 88' lang='grc' dir='ltr'>νομοθεσίας</span> <span class='ocrx_word' id='word_1_796' title='bbox 2794 3020 3031 3091; x_wconf 88' lang='grc' dir='ltr'>ἐκείνης,</span> <span class='ocrx_word' id='word_1_797' title='bbox 3062 3020 3158 3073; x_wconf 80' lang='grc' dir='ltr'>καὶ</span> <span class='ocrx_word' id='word_1_798' title='bbox 3184 3018 3362 3072; x_wconf 85' lang='grc' dir='ltr'>πάντα</span> <span class='ocrx_word' id='word_1_799' title='bbox 3390 3018 3600 3090; x_wconf 73' lang='grc' dir='ltr'>ἀθρόως</span> 
     </span>
    </p>
   </div>
   <div class='ocr_carea' id='block_1_96' title="bbox 1927 3106 3601 3180">
    <p class='ocr_par' dir='ltr' id='par_1_96' title="bbox 1927 3106 3601 3180">
     <span class='ocr_line' id='line_1_96' title="bbox 1927 3106 3601 3180; baseline -0.004 -16"><span class='ocrx_word' id='word_1_800' title='bbox 1927 3111 1989 3164; x_wconf 88' lang='grc' dir='ltr'>ού</span> <span class='ocrx_word' id='word_1_801' title='bbox 2027 3108 2272 3180; x_wconf 86' lang='grc' dir='ltr'>βούλεται</span> <span class='ocrx_word' id='word_1_802' title='bbox 2300 3108 2631 3180; x_wconf 82' lang='grc' dir='ltr'>μεταθεῖναι,</span> <span class='ocrx_word' id='word_1_803' title='bbox 2662 3106 2959 3176; x_wconf 78' lang='grc' dir='ltr'>λογιζέσθω</span> <span class='ocrx_word' id='word_1_804' title='bbox 2988 3107 3153 3160; x_wconf 89' lang='grc' dir='ltr'>πάλιν</span> <span class='ocrx_word' id='word_1_805' title='bbox 3178 3109 3375 3172; x_wconf 86' lang='grc' dir='ltr'>ἐκεῖνο,</span> <span class='ocrx_word' id='word_1_806' title='bbox 3401 3107 3484 3159; x_wconf 87' lang='grc' dir='ltr'>ὃτι</span> <span class='ocrx_word' id='word_1_807' title='bbox 3505 3106 3601 3159; x_wconf 73' lang='grc' dir='ltr'>καὶ</span> 
     </span>
    </p>
   </div>
   <div class='ocr_carea' id='block_1_97' title="bbox 1929 3190 3602 3271">
    <p class='ocr_par' dir='ltr' id='par_1_97' title="bbox 1929 3190 3602 3271">
     <span class='ocr_line' id='line_1_97' title="bbox 1929 3190 3602 3271; baseline -0.004 -17"><span class='ocrx_word' id='word_1_808' title='bbox 1929 3198 2096 3271; x_wconf 86' lang='grc' dir='ltr'>ἀνδρα</span> <span class='ocrx_word' id='word_1_809' title='bbox 2136 3196 2378 3251; x_wconf 85' lang='grc' dir='ltr'>λαϐοῦσα</span> <span class='ocrx_word' id='word_1_810' title='bbox 2407 3196 2468 3250; x_wconf 85' lang='grc' dir='ltr'>ού</span> <span class='ocrx_word' id='word_1_811' title='bbox 2509 3196 2727 3259; x_wconf 88' lang='grc' dir='ltr'>πάντως</span> <span class='ocrx_word' id='word_1_812' title='bbox 2762 3194 2995 3265; x_wconf 79' lang='grc' dir='ltr'>λήψεται</span> <span class='ocrx_word' id='word_1_813' title='bbox 3022 3193 3263 3248; x_wconf 87' lang='grc' dir='ltr'>τοιοῦτον</span> <span class='ocrx_word' id='word_1_814' title='bbox 3284 3235 3298 3258; x_wconf 93' lang='grc'>,</span> <span class='ocrx_word' id='word_1_815' title='bbox 3347 3190 3459 3247; x_wconf 78' lang='grc' dir='ltr'>οἷον</span> <span class='ocrx_word' id='word_1_816' title='bbox 3506 3195 3602 3248; x_wconf 80' lang='grc' dir='ltr'>καὶ</span> 
     </span>
    </p>
   </div>
   <div class='ocr_carea' id='block_1_98' title="bbox 1929 3277 3598 3358">
    <p class='ocr_par' dir='ltr' id='par_1_98' title="bbox 1929 3277 3598 3358">
     <span class='ocr_line' id='line_1_98' title="bbox 1929 3277 3598 3358; baseline -0.002 -19"><span class='ocrx_word' id='word_1_817' title='bbox 1929 3286 2242 3358; x_wconf 88' lang='grc' dir='ltr'>προσθεῖναι</span> <span class='ocrx_word' id='word_1_818' title='bbox 2292 3287 2404 3350; x_wconf 90' lang='grc' dir='ltr'>τοῖς</span> <span class='ocrx_word' id='word_1_819' title='bbox 2451 3281 2633 3339; x_wconf 78' lang='grc' dir='ltr'>οὖσιν·</span> <span class='ocrx_word' id='word_1_820' title='bbox 2670 3283 2736 3338; x_wconf 84' lang='grc' dir='ltr'>ἂν</span> <span class='ocrx_word' id='word_1_821' title='bbox 2772 3282 2815 3335; x_wconf 83' lang='grc' dir='ltr'>δ’</span> <span class='ocrx_word' id='word_1_822' title='bbox 2863 3281 2974 3353; x_wconf 80' lang='grc' dir='ltr'>ἀρα</span> <span class='ocrx_word' id='word_1_823' title='bbox 3011 3282 3105 3335; x_wconf 73' lang='grc' dir='ltr'>καὶ</span> <span class='ocrx_word' id='word_1_824' title='bbox 3148 3280 3388 3345; x_wconf 86' lang='grc' dir='ltr'>τοιοῦτος</span> <span class='ocrx_word' id='word_1_825' title='bbox 3416 3277 3473 3354; x_wconf 83' lang='grc' dir='ltr'>ᾗ,</span> <span class='ocrx_word' id='word_1_826' title='bbox 3521 3281 3598 3351; x_wconf 83' lang='grc' dir='ltr'>μὴ</span> 
     </span>
    </p>
   </div>
   <div class='ocr_carea' id='block_1_99' title="bbox 1927 3367 3597 3444">
    <p class='ocr_par' dir='ltr' id='par_1_99' title="bbox 1927 3367 3597 3444">
     <span class='ocr_line' id='line_1_99' title="bbox 1927 3367 3597 3444; baseline -0.004 -18"><span class='ocrx_word' id='word_1_827' title='bbox 1927 3372 2087 3426; x_wconf 90' lang='grc' dir='ltr'>τοῦτο</span> <span class='ocrx_word' id='word_1_828' title='bbox 2118 3372 2367 3426; x_wconf 75' lang='grc' dir='ltr'>ἐννοείτω</span> <span class='ocrx_word' id='word_1_829' title='bbox 2418 3371 2577 3443; x_wconf 89' lang='grc' dir='ltr'>μόνον</span> <span class='ocrx_word' id='word_1_830' title='bbox 2615 3371 2716 3442; x_wconf 82' lang='grc' dir='ltr'>τὴν</span> <span class='ocrx_word' id='word_1_831' title='bbox 2762 3369 2871 3424; x_wconf 92' lang='grc' dir='ltr'>τῶν</span> <span class='ocrx_word' id='word_1_832' title='bbox 2918 3368 3214 3444; x_wconf 87' lang='grc' dir='ltr'>χρημάτων</span> <span class='ocrx_word' id='word_1_833' title='bbox 3259 3367 3597 3441; x_wconf 85' lang='grc' dir='ltr'>προσθήκην,</span> 
     </span>
    </p>
   </div>
   <div class='ocr_carea' id='block_1_100' title="bbox 1927 3463 3602 3538">
    <p class='ocr_par' dir='ltr' id='par_1_100' title="bbox 1927 3463 3602 3538">
     <span class='ocr_line' id='line_1_100' title="bbox 1927 3463 3602 3538; baseline -0.002 -14"><span class='ocrx_word' id='word_1_834' title='bbox 1927 3467 2044 3524; x_wconf 86' lang='grc' dir='ltr'>ἀλλ’</span> <span class='ocrx_word' id='word_1_835' title='bbox 2090 3468 2171 3521; x_wconf 83' lang='grc' dir='ltr'>ὅτι</span> <span class='ocrx_word' id='word_1_836' title='bbox 2212 3468 2384 3523; x_wconf 85' lang='grc' dir='ltr'>πολλὰ</span> <span class='ocrx_word' id='word_1_837' title='bbox 2407 3466 2604 3538; x_wconf 82' lang='grc' dir='ltr'>καὶτῷ</span> <span class='ocrx_word' id='word_1_838' title='bbox 2647 3465 2767 3538; x_wconf 87' lang='grc' dir='ltr'>Θεῷ</span> <span class='ocrx_word' id='word_1_839' title='bbox 2807 3466 2903 3522; x_wconf 72' lang='grc' dir='ltr'>καὶ</span> <span class='ocrx_word' id='word_1_840' title='bbox 2941 3468 3055 3529; x_wconf 88' lang='grc' dir='ltr'>τοῖς</span> <span class='ocrx_word' id='word_1_841' title='bbox 3080 3463 3391 3537; x_wconf 88' lang='grc' dir='ltr'>ἀνθρώποις</span> <span class='ocrx_word' id='word_1_842' title='bbox 3431 3482 3602 3537; x_wconf 90' lang='grc' dir='ltr'>προσ-</span> 
     </span>
    </p>
   </div>
   <div class='ocr_carea' id='block_1_101' title="bbox 1928 3559 3601 3637">
    <p class='ocr_par' dir='ltr' id='par_1_101' title="bbox 1928 3559 3601 3637">
     <span class='ocr_line' id='line_1_101' title="bbox 1928 3559 3601 3637; baseline -0.002 -19"><span class='ocrx_word' id='word_1_843' title='bbox 1928 3564 2144 3635; x_wconf 87' lang='grc' dir='ltr'>κρούειν</span> <span class='ocrx_word' id='word_1_844' title='bbox 2185 3565 2610 3637; x_wconf 88' lang='grc' dir='ltr'>προαχθήσεται.</span> <span class='ocrx_word' id='word_1_845' title='bbox 2678 3564 2777 3619; x_wconf 74' lang='grc' dir='ltr'>Ἂν</span> <span class='ocrx_word' id='word_1_846' title='bbox 2846 3564 2944 3635; x_wconf 82' lang='grc' dir='ltr'>μὲν</span> <span class='ocrx_word' id='word_1_847' title='bbox 2983 3565 3091 3635; x_wconf 80' lang='grc' dir='ltr'>γάρ</span> <span class='ocrx_word' id='word_1_848' title='bbox 3138 3562 3248 3616; x_wconf 90' lang='grc' dir='ltr'>τῶν</span> <span class='ocrx_word' id='word_1_849' title='bbox 3287 3561 3529 3615; x_wconf 89' lang='grc' dir='ltr'>δυνατῶν</span> <span class='ocrx_word' id='word_1_850' title='bbox 3566 3559 3601 3637; x_wconf 83' lang='grc' dir='ltr'><strong>ᾗ</strong></span> 
     </span>
    </p>
   </div>
   <div class='ocr_carea' id='block_1_102' title="bbox 1928 3658 3605 3735">
    <p class='ocr_par' dir='ltr' id='par_1_102' title="bbox 1928 3658 3605 3735">
     <span class='ocr_line' id='line_1_102' title="bbox 1928 3658 3605 3735; baseline -0.002 -20"><span class='ocrx_word' id='word_1_851' title='bbox 1928 3663 2020 3715; x_wconf 76' lang='grc' dir='ltr'>καὶ</span> <span class='ocrx_word' id='word_1_852' title='bbox 2042 3661 2240 3735; x_wconf 78' lang='grc' dir='ltr'>πολλὴν</span> <span class='ocrx_word' id='word_1_853' title='bbox 2269 3662 2500 3732; x_wconf 88' lang='grc' dir='ltr'>ἐχόντων</span> <span class='ocrx_word' id='word_1_854' title='bbox 2527 3660 2702 3733; x_wconf 79' lang='grc' dir='ltr'>ἰσχὺν,</span> <span class='ocrx_word' id='word_1_855' title='bbox 2726 3659 2874 3715; x_wconf 79' lang='grc' dir='ltr'>ἐστιν</span> <span class='ocrx_word' id='word_1_856' title='bbox 2897 3661 2986 3715; x_wconf 85' lang='grc' dir='ltr'>ὅτε</span> <span class='ocrx_word' id='word_1_857' title='bbox 3009 3658 3161 3732; x_wconf 83' lang='grc' dir='ltr'>παρὰ</span> <span class='ocrx_word' id='word_1_858' title='bbox 3181 3658 3407 3730; x_wconf 82' lang='grc' dir='ltr'>γνώμην</span> <span class='ocrx_word' id='word_1_859' title='bbox 3431 3659 3605 3713; x_wconf 89' lang='grc' dir='ltr'>πολλά</span> 
     </span>
    </p>
   </div>
   <div class='ocr_carea' id='block_1_103' title="bbox 1928 3755 3601 3831">
    <p class='ocr_par' dir='ltr' id='par_1_103' title="bbox 1928 3755 3601 3831">
     <span class='ocr_line' id='line_1_103' title="bbox 1928 3755 3601 3831; baseline -0.002 -20"><span class='ocrx_word' id='word_1_860' title='bbox 1928 3758 2021 3811; x_wconf 75' lang='grc' dir='ltr'>καὶ</span> <span class='ocrx_word' id='word_1_861' title='bbox 2049 3755 2253 3831; x_wconf 78' lang='grc' dir='ltr'>πρᾶξαι</span> <span class='ocrx_word' id='word_1_862' title='bbox 2304 3758 2398 3811; x_wconf 74' lang='grc' dir='ltr'>καὶ</span> <span class='ocrx_word' id='word_1_863' title='bbox 2429 3757 2622 3812; x_wconf 90' lang='grc' dir='ltr'>παθεῖν</span> <span class='ocrx_word' id='word_1_864' title='bbox 2657 3757 2828 3830; x_wconf 79' lang='grc' dir='ltr'>αὐτὴν</span> <span class='ocrx_word' id='word_1_865' title='bbox 2862 3756 3147 3827; x_wconf 86' lang='grc' dir='ltr'>βιάσεται,</span> <span class='ocrx_word' id='word_1_866' title='bbox 3182 3755 3278 3810; x_wconf 72' lang='grc' dir='ltr'>καὶ</span> <span class='ocrx_word' id='word_1_867' title='bbox 3326 3756 3465 3827; x_wconf 87' lang='grc' dir='ltr'>ὅπερ</span> <span class='ocrx_word' id='word_1_868' title='bbox 3508 3756 3601 3809; x_wconf 80' lang='grc' dir='ltr'>ἐπὶ</span> 
     </span>
    </p>
   </div>
   <div class='ocr_carea' id='block_1_104' title="bbox 1927 3853 3601 3935">
    <p class='ocr_par' dir='ltr' id='par_1_104' title="bbox 1927 3853 3601 3935">
     <span class='ocr_line' id='line_1_104' title="bbox 1927 3853 3601 3935; baseline -0.001 -26"><span class='ocrx_word' id='word_1_869' title='bbox 1927 3854 2155 3925; x_wconf 86' lang='grc' dir='ltr'>χηρείας</span> <span class='ocrx_word' id='word_1_870' title='bbox 2192 3853 2467 3921; x_wconf 88' lang='grc' dir='ltr'>ἐδεδοίκει,</span> <span class='ocrx_word' id='word_1_871' title='bbox 2515 3854 2674 3908; x_wconf 91' lang='grc' dir='ltr'>τοῦτο</span> <span class='ocrx_word' id='word_1_872' title='bbox 2705 3853 2845 3925; x_wconf 84' lang='grc' dir='ltr'>μετὰ</span> <span class='ocrx_word' id='word_1_873' title='bbox 2893 3853 3139 3919; x_wconf 89' lang='grc' dir='ltr'>πλείονος</span> <span class='ocrx_word' id='word_1_874' title='bbox 3177 3855 3425 3927; x_wconf 85' lang='grc' dir='ltr'>ἀνάγκης</span> <span class='ocrx_word' id='word_1_875' title='bbox 3466 3856 3601 3935; x_wconf 55' lang='grc' dir='ltr'>ὑπο-τ</span> 
     </span>
    </p>
   </div>
   <div class='ocr_carea' id='block_1_105' title="bbox 1930 3950 3598 4025">
    <p class='ocr_par' dir='ltr' id='par_1_105' title="bbox 1930 3950 3598 4025">
     <span class='ocr_line' id='line_1_105' title="bbox 1930 3950 3598 4025; baseline 0 -19"><span class='ocrx_word' id='word_1_876' title='bbox 1930 3953 2188 4023; x_wconf 89' lang='grc' dir='ltr'>στήσεται</span> <span class='ocrx_word' id='word_1_877' title='bbox 2214 3950 2329 4006; x_wconf 77' lang='grc' dir='ltr'>νῦνο</span> <span class='ocrx_word' id='word_1_878' title='bbox 2355 3952 2449 4006; x_wconf 74' lang='grc' dir='ltr'>καὶ</span> <span class='ocrx_word' id='word_1_879' title='bbox 2476 3951 2538 4006; x_wconf 88' lang='grc' dir='ltr'>ού</span> <span class='ocrx_word' id='word_1_880' title='bbox 2566 3950 2726 4006; x_wconf 89' lang='grc' dir='ltr'>τοῦτο</span> <span class='ocrx_word' id='word_1_881' title='bbox 2752 3952 2932 4023; x_wconf 88' lang='grc' dir='ltr'>μόνον,</span> <span class='ocrx_word' id='word_1_882' title='bbox 2964 3953 3078 4007; x_wconf 88' lang='grc' dir='ltr'>ἀλλ’</span> <span class='ocrx_word' id='word_1_883' title='bbox 3102 3954 3184 4007; x_wconf 85' lang='grc' dir='ltr'>ὅτι</span> <span class='ocrx_word' id='word_1_884' title='bbox 3214 3954 3309 4006; x_wconf 78' lang='grc' dir='ltr'>καὶ</span> <span class='ocrx_word' id='word_1_885' title='bbox 3332 3954 3598 4025; x_wconf 82' lang='grc' dir='ltr'>ταχίστην</span> 
     </span>
    </p>
   </div>
   <div class='ocr_carea' id='block_1_106' title="bbox 1927 4046 3599 4121">
    <p class='ocr_par' dir='ltr' id='par_1_106' title="bbox 1927 4046 3599 4121">
     <span class='ocr_line' id='line_1_106' title="bbox 1927 4046 3599 4121; baseline -0.002 -18"><span class='ocrx_word' id='word_1_886' title='bbox 1927 4049 2072 4114; x_wconf 81' lang='grc' dir='ltr'>εἰκὸς</span> <span class='ocrx_word' id='word_1_887' title='bbox 2118 4047 2286 4121; x_wconf 80' lang='grc' dir='ltr'>αὐτὴν</span> <span class='ocrx_word' id='word_1_888' title='bbox 2340 4046 2596 4113; x_wconf 80' lang='grc' dir='ltr'>δέξασθαι</span> <span class='ocrx_word' id='word_1_889' title='bbox 2630 4048 2728 4119; x_wconf 85' lang='grc' dir='ltr'>τὴν</span> <span class='ocrx_word' id='word_1_890' title='bbox 2770 4048 3094 4120; x_wconf 84' lang='grc' dir='ltr'>μεταϐολήν.</span> <span class='ocrx_word' id='word_1_891' title='bbox 3144 4049 3305 4120; x_wconf 85' lang='grc' dir='ltr'>Χήρα</span> <span class='ocrx_word' id='word_1_892' title='bbox 3341 4048 3442 4118; x_wconf 75' lang='grc' dir='ltr'>μὲν</span> <span class='ocrx_word' id='word_1_893' title='bbox 3489 4049 3599 4120; x_wconf 84' lang='grc' dir='ltr'>γὰρ</span> 
     </span>
    </p>
   </div>
   <div class='ocr_carea' id='block_1_107' title="bbox 1926 4140 3599 4217">
    <p class='ocr_par' dir='ltr' id='par_1_107' title="bbox 1926 4140 3599 4217">
     <span class='ocr_line' id='line_1_107' title="bbox 1926 4140 3599 4217; baseline -0.001 -18"><span class='ocrx_word' id='word_1_894' title='bbox 1926 4140 2080 4211; x_wconf 81' lang='grc' dir='ltr'>οὖσα,</span> <span class='ocrx_word' id='word_1_895' title='bbox 2117 4145 2219 4198; x_wconf 81' lang='grc' dir='ltr'>κᾶν</span> <span class='ocrx_word' id='word_1_896' title='bbox 2242 4142 2520 4217; x_wconf 81' lang='grc' dir='ltr'>ἐλαττώσῃ</span> <span class='ocrx_word' id='word_1_897' title='bbox 2544 4160 2597 4197; x_wconf 86' lang='grc' dir='ltr'>τι</span> <span class='ocrx_word' id='word_1_898' title='bbox 2626 4144 2737 4197; x_wconf 90' lang='grc' dir='ltr'>τῶν</span> <span class='ocrx_word' id='word_1_899' title='bbox 2766 4143 3025 4198; x_wconf 88' lang='grc' dir='ltr'>τοιούτων</span> <span class='ocrx_word' id='word_1_900' title='bbox 3054 4146 3100 4206; x_wconf 72' lang='grc' dir='ltr'>κ,</span> <span class='ocrx_word' id='word_1_901' title='bbox 3138 4144 3291 4213; x_wconf 84' lang='grc' dir='ltr'>ὅμως</span> <span class='ocrx_word' id='word_1_902' title='bbox 3319 4143 3387 4198; x_wconf 83' lang='grc' dir='ltr'>τὰ</span> <span class='ocrx_word' id='word_1_903' title='bbox 3412 4144 3599 4197; x_wconf 84' lang='grc' dir='ltr'>λειπό-</span> 
     </span>
    </p>
   </div>
   <div class='ocr_carea' id='block_1_108' title="bbox 1930 4237 3601 4311">
    <p class='ocr_par' dir='ltr' id='par_1_108' title="bbox 1930 4237 3601 4311">
     <span class='ocr_line' id='line_1_108' title="bbox 1930 4237 3601 4311; baseline -0.001 -18"><span class='ocrx_word' id='word_1_904' title='bbox 1930 4256 2066 4311; x_wconf 86' lang='grc' dir='ltr'>μενα</span> <span class='ocrx_word' id='word_1_905' title='bbox 2111 4239 2247 4311; x_wconf 88' lang='grc' dir='ltr'>μετά</span> <span class='ocrx_word' id='word_1_906' title='bbox 2278 4238 2478 4310; x_wconf 86' lang='grc' dir='ltr'>πολλῆς</span> <span class='ocrx_word' id='word_1_907' title='bbox 2533 4238 2645 4305; x_wconf 73' lang='grc' dir='ltr'>ἔξει</span> <span class='ocrx_word' id='word_1_908' title='bbox 2685 4238 2785 4308; x_wconf 82' lang='grc' dir='ltr'>τῆς</span> <span class='ocrx_word' id='word_1_909' title='bbox 2817 4237 3146 4306; x_wconf 77' lang='grc' dir='ltr'>ἀσφαλείαςο</span> <span class='ocrx_word' id='word_1_910' title='bbox 3175 4237 3331 4307; x_wconf 77' lang='grc' dir='ltr'>ἀνδρὶ</span> <span class='ocrx_word' id='word_1_911' title='bbox 3375 4237 3432 4291; x_wconf 77' lang='grc' dir='ltr'>δὲ</span> <span class='ocrx_word' id='word_1_912' title='bbox 3475 4255 3601 4293; x_wconf 87' lang='grc' dir='ltr'>συν-</span> 
     </span>
    </p>
   </div>
   <div class='ocr_carea' id='block_1_109' title="bbox 1927 4333 3606 4406">
    <p class='ocr_par' dir='ltr' id='par_1_109' title="bbox 1927 4333 3606 4406">
     <span class='ocr_line' id='line_1_109' title="bbox 1927 4333 3606 4406; baseline 0 -17"><span class='ocrx_word' id='word_1_913' title='bbox 1927 4336 2160 4406; x_wconf 87' lang='grc' dir='ltr'>αφθεῖσα</span> <span class='ocrx_word' id='word_1_914' title='bbox 2187 4333 2424 4405; x_wconf 85' lang='grc' dir='ltr'>δυνατῷ,</span> <span class='ocrx_word' id='word_1_915' title='bbox 2457 4334 2553 4389; x_wconf 72' lang='grc' dir='ltr'>καὶ</span> <span class='ocrx_word' id='word_1_916' title='bbox 2581 4333 2653 4387; x_wconf 85' lang='grc' dir='ltr'>τὰ</span> <span class='ocrx_word' id='word_1_917' title='bbox 2691 4334 2792 4404; x_wconf 85' lang='grc' dir='ltr'>τῆς</span> <span class='ocrx_word' id='word_1_918' title='bbox 2835 4333 3044 4397; x_wconf 88' lang='grc' dir='ltr'>πόλεως</span> <span class='ocrx_word' id='word_1_919' title='bbox 3073 4333 3402 4405; x_wconf 75' lang='grc' dir='ltr'>πράττοντι,</span> <span class='ocrx_word' id='word_1_920' title='bbox 3436 4334 3468 4405; x_wconf 75' lang='grc' dir='ltr'><strong>ἢ</strong></span> <span class='ocrx_word' id='word_1_921' title='bbox 3511 4337 3606 4389; x_wconf 78' lang='grc' dir='ltr'>καὶ</span> 
     </span>
    </p>
   </div>
   <div class='ocr_carea' id='block_1_110' title="bbox 1928 4427 3603 4501">
    <p class='ocr_par' dir='ltr' id='par_1_110' title="bbox 1928 4427 3603 4501">
     <span class='ocr_line' id='line_1_110' title="bbox 1928 4427 3603 4501; baseline 0 -17"><span class='ocrx_word' id='word_1_922' title='bbox 1928 4431 2118 4501; x_wconf 76' lang='grc' dir='ltr'>ἑτέραν</span> <span class='ocrx_word' id='word_1_923' title='bbox 2147 4430 2266 4485; x_wconf 84' lang='grc' dir='ltr'>τινὰ</span> <span class='ocrx_word' id='word_1_924' title='bbox 2307 4429 2544 4500; x_wconf 87' lang='grc' dir='ltr'>μετιόντι</span> <span class='ocrx_word' id='word_1_925' title='bbox 2582 4429 2861 4500; x_wconf 87' lang='grc' dir='ltr'>φροντίδα,</span> <span class='ocrx_word' id='word_1_926' title='bbox 2890 4427 3154 4493; x_wconf 88' lang='grc' dir='ltr'>πολλάκις</span> <span class='ocrx_word' id='word_1_927' title='bbox 3190 4429 3385 4501; x_wconf 77' lang='grc' dir='ltr'>ἀθρόον</span> <span class='ocrx_word' id='word_1_928' title='bbox 3425 4430 3603 4485; x_wconf 84' lang='grc' dir='ltr'>πάντα</span> 
     </span>
    </p>
   </div>
   <div class='ocr_carea' id='block_1_111' title="bbox 1926 4524 3603 4598">
    <p class='ocr_par' dir='ltr' id='par_1_111' title="bbox 1926 4524 3603 4598">
     <span class='ocr_line' id='line_1_111' title="bbox 1926 4524 3603 4598; baseline -0.001 -16"><span class='ocrx_word' id='word_1_929' title='bbox 1926 4527 2309 4582; x_wconf 76' lang='grc' dir='ltr'>ἀποϐαλεῖταιο</span> <span class='ocrx_word' id='word_1_930' title='bbox 2339 4530 2460 4590; x_wconf 90' lang='grc' dir='ltr'>ταῖς</span> <span class='ocrx_word' id='word_1_931' title='bbox 2504 4526 2610 4597; x_wconf 87' lang='grc' dir='ltr'>γὰρ</span> <span class='ocrx_word' id='word_1_932' title='bbox 2654 4525 2765 4580; x_wconf 89' lang='grc' dir='ltr'>τῶν</span> <span class='ocrx_word' id='word_1_933' title='bbox 2795 4524 3004 4596; x_wconf 86' lang='grc' dir='ltr'>ἀνδρῶν</span> <span class='ocrx_word' id='word_1_934' title='bbox 3041 4529 3349 4598; x_wconf 85' lang='grc' dir='ltr'>συμφοραῖς</span> <span class='ocrx_word' id='word_1_935' title='bbox 3386 4528 3603 4597; x_wconf 89' lang='grc' dir='ltr'>ἀνάγκη</span> 
     </span>
    </p>
   </div>
   <div class='ocr_carea' id='block_1_112' title="bbox 1926 4621 3598 4693">
    <p class='ocr_par' dir='ltr' id='par_1_112' title="bbox 1926 4621 3598 4693">
     <span class='ocr_line' id='line_1_112' title="bbox 1926 4621 3598 4693; baseline 0 -17"><span class='ocrx_word' id='word_1_936' title='bbox 1926 4623 2020 4677; x_wconf 68' lang='grc' dir='ltr'>καλ⁸</span> <span class='ocrx_word' id='word_1_937' title='bbox 2050 4622 2150 4686; x_wconf 84' lang='grc' dir='ltr'>τάς</span> <span class='ocrx_word' id='word_1_938' title='bbox 2178 4621 2532 4684; x_wconf 82' lang='grc' dir='ltr'>συνοικούσας</span> <span class='ocrx_word' id='word_1_939' title='bbox 2573 4622 2756 4685; x_wconf 82' lang='grc' dir='ltr'>αὐτοῖς</span> <span class='ocrx_word' id='word_1_940' title='bbox 2785 4622 3084 4675; x_wconf 83' lang='grc' dir='ltr'>κοινωνεῖν.</span> <span class='ocrx_word' id='word_1_941' title='bbox 3127 4622 3191 4676; x_wconf 75' lang='lat' dir='ltr'>El</span> <span class='ocrx_word' id='word_1_942' title='bbox 3218 4622 3276 4676; x_wconf 84' lang='grc' dir='ltr'>δὲ</span> <span class='ocrx_word' id='word_1_943' title='bbox 3302 4622 3396 4676; x_wconf 69' lang='grc' dir='ltr'>καὶ</span> <span class='ocrx_word' id='word_1_944' title='bbox 3428 4623 3598 4693; x_wconf 80' lang='grc' dir='ltr'>μηδὲν</span> 
     </span>
    </p>
   </div>
   <div class='ocr_carea' id='block_1_113' title="bbox 1926 4716 3601 4791">
    <p class='ocr_par' dir='ltr' id='par_1_113' title="bbox 1926 4716 3601 4791">
     <span class='ocr_line' id='line_1_113' title="bbox 1926 4716 3601 4791; baseline 0 -18"><span class='ocrx_word' id='word_1_945' title='bbox 1926 4719 2163 4791; x_wconf 87' lang='grc' dir='ltr'>συμϐαίη</span> <span class='ocrx_word' id='word_1_946' title='bbox 2194 4717 2449 4780; x_wconf 89' lang='grc' dir='ltr'>τοιοῦτον,</span> <span class='ocrx_word' id='word_1_947' title='bbox 2480 4718 2533 4771; x_wconf 89' lang='grc' dir='ltr'>τί</span> <span class='ocrx_word' id='word_1_948' title='bbox 2558 4717 2623 4770; x_wconf 84' lang='grc' dir='ltr'>τὸ</span> <span class='ocrx_word' id='word_1_949' title='bbox 2651 4716 2868 4789; x_wconf 85' lang='grc' dir='ltr'>κέρδος,</span> <span class='ocrx_word' id='word_1_950' title='bbox 2900 4718 3022 4770; x_wconf 87' lang='grc' dir='ltr'>είπέ</span> <span class='ocrx_word' id='word_1_951' title='bbox 3060 4733 3171 4787; x_wconf 90' lang='grc' dir='ltr'>μοι,</span> <span class='ocrx_word' id='word_1_952' title='bbox 3201 4716 3446 4771; x_wconf 88' lang='grc' dir='ltr'>δουλείαν</span> <span class='ocrx_word' id='word_1_953' title='bbox 3479 4719 3601 4773; x_wconf 79' lang='grc' dir='ltr'>ἀντὶ</span> 
     </span>
    </p>
   </div>
   <div class='ocr_carea' id='block_1_114' title="bbox 1924 4811 3597 4887">
    <p class='ocr_par' dir='ltr' id='par_1_114' title="bbox 1924 4811 3597 4887">
     <span class='ocr_line' id='line_1_114' title="bbox 1924 4811 3597 4887; baseline 0.001 -21"><span class='ocrx_word' id='word_1_954' title='bbox 1924 4814 2235 4886; x_wconf 80' lang='grc' dir='ltr'>ἐλευθερίας</span> <span class='ocrx_word' id='word_1_955' title='bbox 2269 4814 2577 4887; x_wconf 88' lang='grc' dir='ltr'>αίρεῖσθαι;</span> <span class='ocrx_word' id='word_1_956' title='bbox 2609 4811 2661 4866; x_wconf 88' lang='grc' dir='ltr'>τί</span> <span class='ocrx_word' id='word_1_957' title='bbox 2684 4813 2741 4866; x_wconf 86' lang='grc' dir='ltr'>δέ</span> <span class='ocrx_word' id='word_1_958' title='bbox 2770 4812 2832 4865; x_wconf 84' lang='grc' dir='ltr'>τὸ</span> <span class='ocrx_word' id='word_1_959' title='bbox 2858 4812 3051 4880; x_wconf 76' lang='grc' dir='ltr'>ὄφελος</span> <span class='ocrx_word' id='word_1_960' title='bbox 3079 4811 3185 4865; x_wconf 90' lang='grc' dir='ltr'>τῶν</span> <span class='ocrx_word' id='word_1_961' title='bbox 3221 4811 3431 4866; x_wconf 90' lang='grc' dir='ltr'>πολλῶν</span> <span class='ocrx_word' id='word_1_962' title='bbox 3459 4831 3597 4886; x_wconf 86' lang='grc' dir='ltr'>χρη-</span> 
     </span>
    </p>
   </div>
   <div class='ocr_carea' id='block_1_115' title="bbox 1928 4908 3597 4981">
    <p class='ocr_par' dir='ltr' id='par_1_115' title="bbox 1928 4908 3597 4981">
     <span class='ocr_line' id='line_1_115' title="bbox 1928 4908 3597 4981; baseline -0.001 -16"><span class='ocrx_word' id='word_1_963' title='bbox 1928 4912 2132 4981; x_wconf 85' lang='grc' dir='ltr'>μάτων,</span> <span class='ocrx_word' id='word_1_964' title='bbox 2159 4913 2289 4965; x_wconf 86' lang='grc' dir='ltr'>ὅταν</span> <span class='ocrx_word' id='word_1_965' title='bbox 2311 4913 2492 4975; x_wconf 82' lang='grc' dir='ltr'>αὐτοῖς</span> <span class='ocrx_word' id='word_1_966' title='bbox 2518 4909 2831 4981; x_wconf 82' lang='grc' dir='ltr'>χρήσασθαι</span> <span class='ocrx_word' id='word_1_967' title='bbox 2863 4908 2937 4980; x_wconf 84' lang='grc' dir='ltr'>μὴ</span> <span class='ocrx_word' id='word_1_968' title='bbox 2962 4908 3183 4979; x_wconf 89' lang='grc' dir='ltr'>δύνηται</span> <span class='ocrx_word' id='word_1_969' title='bbox 3208 4908 3341 4979; x_wconf 79' lang='grc' dir='ltr'>πρὸς</span> <span class='ocrx_word' id='word_1_970' title='bbox 3364 4908 3397 4961; x_wconf 87' lang='grc' dir='ltr'>δ</span> <span class='ocrx_word' id='word_1_971' title='bbox 3415 4909 3597 4979; x_wconf 76' lang='grc' dir='ltr'>βούλι·</span> 
     </span>
    </p>
   </div>
   <div class='ocr_carea' id='block_1_116' title="bbox 1922 5003 3587 5078">
    <p class='ocr_par' dir='ltr' id='par_1_116' title="bbox 1922 5003 3587 5078">
     <span class='ocr_line' id='line_1_116' title="bbox 1922 5003 3587 5078; baseline 0 -18"><span class='ocrx_word' id='word_1_972' title='bbox 1922 5023 2046 5073; x_wconf 75' lang='grc' dir='ltr'>ταις</span> <span class='ocrx_word' id='word_1_973' title='bbox 2085 5007 2160 5061; x_wconf 84' lang='grc' dir='ltr'>Οὐ</span> <span class='ocrx_word' id='word_1_974' title='bbox 2192 5006 2371 5078; x_wconf 88' lang='grc' dir='ltr'>πολλῷ</span> <span class='ocrx_word' id='word_1_975' title='bbox 2401 5006 2608 5077; x_wconf 80' lang='grc' dir='ltr'>βέλτιον</span> <span class='ocrx_word' id='word_1_976' title='bbox 2631 5005 2786 5074; x_wconf 80' lang='grc' dir='ltr'>ὀλίγα</span> <span class='ocrx_word' id='word_1_977' title='bbox 2816 5004 2933 5075; x_wconf 86' lang='grc' dir='ltr'>μετ’</span> <span class='ocrx_word' id='word_1_978' title='bbox 2968 5003 3215 5070; x_wconf 78' lang='grc' dir='ltr'>ἐξουσίας</span> <span class='ocrx_word' id='word_1_979' title='bbox 3249 5004 3394 5073; x_wconf 73' lang='grc' dir='ltr'>ἔχειν</span> <span class='ocrx_word' id='word_1_980' title='bbox 3413 5045 3429 5069; x_wconf 93' lang='grc'>,</span> <span class='ocrx_word' id='word_1_981' title='bbox 3460 5004 3496 5076; x_wconf 70' lang='grc' dir='ltr'>ἢ</span> <span class='ocrx_word' id='word_1_982' title='bbox 3517 5006 3587 5061; x_wconf 84' lang='grc' dir='ltr'>τὰ</span> 
     </span>
    </p>
   </div>
   <div class='ocr_carea' id='block_1_117' title="bbox 1922 5096 3589 5172">
    <p class='ocr_par' dir='ltr' id='par_1_117' title="bbox 1922 5096 3589 5172">
     <span class='ocr_line' id='line_1_117' title="bbox 1922 5096 3589 5172; baseline -0.004 -19"><span class='ocrx_word' id='word_1_983' title='bbox 1922 5100 2023 5171; x_wconf 82' lang='grc' dir='ltr'>τῆς</span> <span class='ocrx_word' id='word_1_984' title='bbox 2063 5101 2389 5172; x_wconf 76' lang='grc' dir='ltr'>οἰκουμένης</span> <span class='ocrx_word' id='word_1_985' title='bbox 2430 5100 2566 5171; x_wconf 84' lang='grc' dir='ltr'>μετά</span> <span class='ocrx_word' id='word_1_986' title='bbox 2597 5098 2692 5153; x_wconf 89' lang='grc' dir='ltr'>τοῦ</span> <span class='ocrx_word' id='word_1_987' title='bbox 2723 5099 2815 5153; x_wconf 71' lang='grc' dir='ltr'>καὶ</span> <span class='ocrx_word' id='word_1_988' title='bbox 2850 5096 3019 5168; x_wconf 80' lang='grc' dir='ltr'>αὐτὴν</span> <span class='ocrx_word' id='word_1_989' title='bbox 3056 5099 3153 5151; x_wconf 83' lang='grc' dir='ltr'>σὺν</span> <span class='ocrx_word' id='word_1_990' title='bbox 3186 5098 3415 5163; x_wconf 84' lang='grc' dir='ltr'>ἐκείνοις</span> <span class='ocrx_word' id='word_1_991' title='bbox 3454 5100 3589 5152; x_wconf 88' lang='grc' dir='ltr'>ύπο-</span> 
     </span>
    </p>
   </div>
   <div class='ocr_carea' id='block_1_118' title="bbox 1924 5190 3598 5269">
    <p class='ocr_par' dir='ltr' id='par_1_118' title="bbox 1924 5190 3598 5269">
     <span class='ocr_line' id='line_1_118' title="bbox 1924 5190 3598 5269; baseline 0.001 -21"><span class='ocrx_word' id='word_1_992' title='bbox 1924 5195 2134 5251; x_wconf 85' lang='grc' dir='ltr'>κεῖσθαι</span> <span class='ocrx_word' id='word_1_993' title='bbox 2153 5197 2321 5269; x_wconf 76' lang='grc' dir='ltr'>ἑτέρῳ</span> <span class='ocrx_word' id='word_1_994' title='bbox 2336 5214 2348 5261; x_wconf 91' lang='grc'>;</span> <span class='ocrx_word' id='word_1_995' title='bbox 2365 5195 2476 5260; x_wconf 83' lang='grc' dir='ltr'>Τὰς</span> <span class='ocrx_word' id='word_1_996' title='bbox 2489 5194 2597 5268; x_wconf 76' lang='grc' dir='ltr'>γὰρ</span> <span class='ocrx_word' id='word_1_997' title='bbox 2615 5194 2925 5265; x_wconf 85' lang='grc' dir='ltr'>φροντίδας,</span> <span class='ocrx_word' id='word_1_998' title='bbox 2947 5193 3041 5246; x_wconf 75' lang='grc' dir='ltr'>καὶ</span> <span class='ocrx_word' id='word_1_999' title='bbox 3058 5192 3156 5256; x_wconf 83' lang='grc' dir='ltr'>τὰς</span> <span class='ocrx_word' id='word_1_1000' title='bbox 3170 5190 3375 5265; x_wconf 75' lang='grc' dir='ltr'>ὕϐρεις,</span> <span class='ocrx_word' id='word_1_1001' title='bbox 3389 5195 3481 5249; x_wconf 74' lang='grc' dir='ltr'>καὶ</span> <span class='ocrx_word' id='word_1_1002' title='bbox 3497 5195 3598 5259; x_wconf 76' lang='grc' dir='ltr'>τὰς</span> 
     </span>
    </p>
   </div>
   <div class='ocr_carea' id='block_1_119' title="bbox 1921 5292 3588 5369">
    <p class='ocr_par' dir='ltr' id='par_1_119' title="bbox 1921 5292 3588 5369">
     <span class='ocr_line' id='line_1_119' title="bbox 1921 5292 3588 5369; baseline 0.002 -19"><span class='ocrx_word' id='word_1_1003' title='bbox 1921 5295 2203 5368; x_wconf 83' lang='grc' dir='ltr'>λοιδορίας,</span> <span class='ocrx_word' id='word_1_1004' title='bbox 2227 5296 2320 5350; x_wconf 76' lang='grc' dir='ltr'>καὶ</span> <span class='ocrx_word' id='word_1_1005' title='bbox 2340 5295 2438 5360; x_wconf 88' lang='grc' dir='ltr'>τάς</span> <span class='ocrx_word' id='word_1_1006' title='bbox 2458 5295 2809 5367; x_wconf 75' lang='grc' dir='ltr'>ζηλοτυπίας,</span> <span class='ocrx_word' id='word_1_1007' title='bbox 2828 5296 2922 5348; x_wconf 78' lang='grc' dir='ltr'>καὶ</span> <span class='ocrx_word' id='word_1_1008' title='bbox 2954 5292 3050 5356; x_wconf 88' lang='grc' dir='ltr'>τάς</span> <span class='ocrx_word' id='word_1_1009' title='bbox 3070 5292 3305 5362; x_wconf 68' lang='grc' dir='ltr'>ὑποψίας</span> <span class='ocrx_word' id='word_1_1010' title='bbox 3322 5296 3417 5361; x_wconf 82' lang='grc' dir='ltr'>τὰς</span> <span class='ocrx_word' id='word_1_1011' title='bbox 3442 5297 3588 5369; x_wconf 78' lang='grc' dir='ltr'>εἰκῆ,</span> 
     </span>
    </p>
   </div>
   <div class='ocr_carea' id='block_1_120' title="bbox 1987 5479 3603 5551">
    <p class='ocr_par' dir='ltr' id='par_1_120' title="bbox 1987 5479 3603 5551">
     <span class='ocr_line' id='line_1_120' title="bbox 1987 5479 3603 5551; baseline -0.007 -11"><span class='ocrx_word' id='word_1_1012' title='bbox 1987 5493 2011 5520; x_wconf 78' lang='grc'>⁸</span> <span class='ocrx_word' id='word_1_1013' title='bbox 2029 5487 2254 5540; x_wconf 78' lang='lat' dir='ltr'>Savil..in</span> <span class='ocrx_word' id='word_1_1014' title='bbox 2278 5491 2419 5537; x_wconf 73' lang='lat' dir='ltr'>textu</span> <span class='ocrx_word' id='word_1_1015' title='bbox 2440 5491 2493 5537; x_wconf 76' lang='lat' dir='ltr'>et</span> <span class='ocrx_word' id='word_1_1016' title='bbox 2514 5487 2650 5540; x_wconf 79' lang='lat' dir='ltr'>Colb.</span> <span class='ocrx_word' id='word_1_1017' title='bbox 2675 5485 2896 5551; x_wconf 81' lang='grc' dir='ltr'>πρότερα,</span> <span class='ocrx_word' id='word_1_1018' title='bbox 2921 5483 3071 5536; x_wconf 77' lang='lat' dir='ltr'>Savil.</span> <span class='ocrx_word' id='word_1_1019' title='bbox 3098 5485 3148 5534; x_wconf 83' lang='lat' dir='ltr'>in</span> <span class='ocrx_word' id='word_1_1020' title='bbox 3169 5494 3319 5546; x_wconf 75' lang='lat' dir='ltr'><strong>marg.</strong></span> <span class='ocrx_word' id='word_1_1021' title='bbox 3346 5485 3399 5533; x_wconf 74' lang='lat' dir='ltr'><strong>et</strong></span> <span class='ocrx_word' id='word_1_1022' title='bbox 3421 5479 3603 5535; x_wconf 71' lang='lat' dir='ltr'>Marci.</span> 
     </span>
    </p>
   </div>
   <div class='ocr_carea' id='block_1_121' title="bbox 1920 5566 2522 5675">
    <p class='ocr_par' dir='ltr' id='par_1_121' title="bbox 1920 5566 2522 5675">
     <span class='ocr_line' id='line_1_121' title="bbox 1920 5566 2522 5675; baseline -0.002 -16"><span class='ocrx_word' id='word_1_1023' title='bbox 2203 5614 2380 5675; x_wconf 86' lang='grc' dir='ltr'>μισθῶν</span> <span class='ocrx_word' id='word_1_1024' title='bbox 2403 5613 2522 5660; x_wconf 85' lang='grc' dir='ltr'>ἐπιτ.</span> 
     </span>
    </p>
   </div>
   <div class='ocr_carea' id='block_1_122' title="bbox 1987 5674 2476 5726">
    <p class='ocr_par' dir='ltr' id='par_1_122' title="bbox 1987 5674 2476 5726">
     <span class='ocr_line' id='line_1_122' title="bbox 1987 5674 2476 5726; baseline -0.006 -1"><span class='ocrx_word' id='word_1_1025' title='bbox 1987 5676 2010 5715; x_wconf 70' lang='grc'><strong>⁸</strong></span> <span class='ocrx_word' id='word_1_1026' title='bbox 2031 5674 2166 5726; x_wconf 81' lang='lat' dir='ltr'>Colb.</span> <span class='ocrx_word' id='word_1_1027' title='bbox 2191 5674 2285 5723; x_wconf 77' lang='grc' dir='ltr'>τῶν</span> <span class='ocrx_word' id='word_1_1028' title='bbox 2310 5675 2476 5723; x_wconf 78' lang='grc' dir='ltr'>ὄντων.</span> 
     </span>
    </p>
   </div>
  </div>
