4016 6154
393 259 497 312 6n
1157 329 1160 332 ἢ

386 374 598 440 καὶτὰς
612 375 830 441 ὠδῖνας,
853 377 945 432 καὶ
977 377 1048 432 τὰ
1064 379 1198 434 ἄλλα
1226 380 1442 437 ᾶπαντα
1461 382 1697 456 παρίημι
1722 382 1839 439 νῦν.
1873 384 1934 438 ὐ
1953 383 2050 455 μὲν

387 464 498 535 γὰρ
521 468 587 536 τῇ
617 466 869 539 παρθένῳ
904 467 1278 539 διαλεγόμενος
1298 471 1524 536 εἰκότως
1555 471 1649 525 καὶ
1682 472 1812 544 περὶ
1847 472 2053 527 τούτων

387 551 709 617 διαλέξεται,
733 553 827 606 ἀτε
851 553 1065 626 ἀπείρῳ
1083 554 1216 628 οὔσῃ
1240 558 1335 611 καὶ
1358 557 1563 628 ἀμαθεῖ
1581 557 1691 611 τῶν
1712 558 2053 629 πραγμάτων

284 714 291 720 ‘
389 638 644 693 ἑκείνων·
677 641 824 713 χήρᾳ
848 641 906 695 δὲ
934 641 1040 695 κᾶν
1079 643 1389 714 ἑνοχλήσειέ
1424 662 1511 710 τις
1547 646 1722 699 ταῦτα
1757 645 1952 715 λέγων.
1985 647 2054 699 ’Δ

386 726 498 798 γὰρ
521 727 610 780 διὰ
629 727 738 780 τῶν
763 729 1103 800 πραγμάτων
1124 729 1324 802 ἔμαθεν
1353 733 1766 806 ἀκριϐέστερον,
1797 731 2053 802 περιττὸν

386 814 466 883 τῷ
497 815 638 887 λόγῳ
667 817 960 887 πειρᾶσθαι
985 818 1257 873 διδάσκειν
1289 820 1479 893 αὐτήν.
1506 821 1774 876 Τοσοῦτον
1805 821 1863 876 δὲ
1885 838 2054 894 προσ-

391 900 561 954 θεῖναι
606 901 803 966 καλὸν,
832 903 913 958 ὅτι
945 906 1040 958 καὶ
1070 905 1209 976 μετὰ
1231 906 1475 971 πλείονος
1498 907 1749 979 ὁμιλήσει
1787 908 1886 979 τῆς
1910 910 2054 978 παρα

393 989 585 1059 ρησίας
613 991 707 1043 καὶ
742 990 841 1062 τῆς
874 991 1186 1066 ἐλευθερίας
1215 997 1250 1066 ἡ
1292 994 1563 1068 παρθένος
1599 996 1916 1069 γαμηθεῖσα
1951 996 2054 1067 τῆς

391 1076 531 1145 μετά
572 1078 671 1148 τὴν
710 1079 955 1151 χηρείαν.
1013 1081 1230 1152 Ταύτην
1267 1083 1368 1153 μὲν
1398 1082 1510 1154 γὰρ
1556 1082 1659 1137 κᾶν
1705 1082 1783 1146 ὡς
1814 1084 2051 1151 γυναῖκα

389 1162 612 1237 στέργῃ,
659 1164 772 1219 ἀλλ’
811 1167 910 1238 οὐχ
943 1167 1019 1231 ὡς
1066 1168 1333 1240 παρθένον
1378 1167 1559 1224 λαϐών
1581 1185 1598 1200 ο
1640 1170 1724 1223 ὅτι
1766 1169 1823 1222 δὲ
1872 1167 2053 1239 πολλῷ

387 1250 634 1307 ἐκεῖνοι·
676 1253 881 1308 τούτων
912 1255 964 1308 οἱ
991 1255 1193 1326 ἑρωτες
1230 1256 1575 1328 σφοδρότεροι
1611 1256 1706 1310 καὶ
1746 1254 2051 1327 μανικώτε-

390 1354 491 1408 ροι,
526 1340 688 1394 παντί
729 1358 831 1394 που
863 1341 1022 1412 δῆλόν
1050 1344 1228 1396 ἐστιν’
1258 1344 1474 1415 ἐκείνην
1505 1343 1563 1397 δὲ
1595 1342 1692 1398 ᾰτε
1731 1341 1806 1414 μὴ
1851 1343 2053 1407 παντὸς

386 1426 579 1498 ἀνδρὸς
609 1428 833 1500 ἄπειρον
858 1427 1009 1501 [55⁵1]
1039 1431 1100 1483 οὐ
1127 1430 1292 1483 παντὶ
1319 1429 1478 1501 θυμῷ
1507 1429 1602 1484 καὶ
1623 1429 1929 1484 ἀσπάσεται
1956 1432 2052 1486 καὶ

387 1512 621 1584 φιλήσει.
638 1515 967 1587 Πεφύκαμεν
989 1515 1119 1588 γάρ,
1135 1517 1211 1581 ὡς
1235 1519 1406 1570 εἰπεῖν
1425 1518 1472 1582 ι),
1492 1517 1728 1581 ἅπαντες
1750 1515 2049 1589 ἄνθρωποι,

387 1603 495 1655 εἴτε
536 1602 641 1656 ὐπὸ
666 1596 1014 1673 ζηλοτυπίας,
1042 1604 1152 1658 εἴτε
1192 1604 1297 1659 ὑπὸ
1331 1604 1658 1671 κενοδοξίας,
1682 1604 1792 1657 εἴτε
1819 1605 1919 1658 οὐκ
1950 1600 2049 1658 οἷδ’

385 1689 508 1743 ὅθεν
538 1692 833 1762 ἑτέρωθεν,
864 1691 974 1745 τῶν
1009 1693 1348 1763 πραγμάτων
1382 1695 1566 1746 ἑκείνα
1609 1692 1845 1763 μάλιστα
1878 1692 2053 1762 φιλεῖν

385 1770 461 1830 ὧν
495 1778 589 1831 καὶ
612 1778 712 1849 τὴν
739 1779 997 1844 ἐξουσίαν
1012 1780 1107 1834 καὶ
1136 1780 1234 1852 τὴν
1256 1780 1556 1834 ἀπόλαυσιν
1588 1781 1652 1834 οὐ
1685 1780 1803 1851 μεθ’
1832 1780 2053 1852 ἑτέρους

385 1862 600 1934 ἔχομεν,
635 1865 750 1918 ἀλλ’
780 1866 934 1920 αὐτοὶ
958 1867 1166 1938 πρῶτοι
1194 1869 1286 1921 καὶ
1322 1867 1474 1938 μόνοι
1503 1867 1923 1939 καθεστήκαμεν
1955 1868 2051 1923 κύ-

386 1969 513 2024 ριοι.
539 1953 709 2008 Τοῦτο
738 1956 832 2008 καὶ
862 1957 955 2009 ἐπὶ
986 1956 1217 2026 ἱματίων
1245 1956 1344 2010 ίδοι
1367 1973 1453 2020 τις
1476 1957 1543 2010 ἂν
1575 1957 1873 2027 συμϐαῖνον
1894 1959 2048 2028 ἡμῖν’

384 2044 445 2096 οὐ
468 2043 578 2115 γάρ
602 2044 804 2115 ὁμοίως
826 2043 1146 2116 διακείμεθα
1177 2044 1314 2116 πρὸς
1334 2044 1405 2099 τά
1427 2046 1558 2117 παρ’
1582 2045 1786 2116 ἐτέρων
1810 2046 1892 2108 εἰς
1918 2045 2054 2116 χρῆ-

385 2146 470 2184 σιν
503 2131 724 2186 ἐλθόντα
749 2142 771 2170 ο
803 2133 916 2195 τοῖς
964 2132 1093 2203 παρ’
1128 2131 1362 2195 οὐδενός.
1411 2131 1581 2185 Τοῦτο
1614 2133 1709 2186 καὶ
1751 2131 1843 2186 ἑπὶ
1875 2131 2054 2196 οἰκίας

386 2219 480 2272 καὶ
515 2219 607 2271 ἐπὶ
644 2218 884 2272 σκευῶν·
927 2219 1021 2272 καὶ
1050 2218 1160 2288 γὰρ
1196 2218 1291 2273 καὶ
1333 2218 1511 2273 οίκίαν
1547 2219 1646 2290 τὴν
1680 2218 1811 2291 παρ’
1863 2219 2052 2290 ἑτέρου

384 2304 628 2360 δοθεῖσαν
675 2308 808 2377 ἡμῖν
853 2306 953 2376 οὐχ
985 2305 1186 2376 ὁμοίως
1232 2306 1417 2379 ἐκείνῃ
1450 2304 1734 2375 φιλοῦμεν,
1785 2307 1853 2377 ἣν
1898 2305 2054 2360 αὐτοὶ

385 2394 863 2464 κατεσκευάσαμεν
882 2410 897 2424 '
920 2393 1016 2447 καὶ
1045 2392 1153 2447 τῶν
1176 2392 1386 2446 σκευῶν
1409 2393 1479 2447 τά
1505 2394 1604 2463 μὲν
1632 2393 1757 2464 ἄρτι
1785 2393 2054 2464 γενόμενα

385 2481 481 2534 καί
512 2479 736 2552 πρώτην
777 2482 906 2551 παρ’
949 2481 1081 2552 ἡμῖν
1123 2480 1314 2551 χρείαν
1359 2479 1627 2551 δεξάμενοι
1669 2483 1729 2535 ἑν
1785 2480 1953 2552 πολλῇ
1983 2482 2051 2551 τῇ

385 2566 557 2635 φειδοῖ
580 2566 921 2639 φυλάττομεν
953 2567 1048 2621 καὶ
1079 2566 1305 2639 σπουδῇ,
1339 2568 1409 2621 τά
1433 2567 1489 2620 δὲ
1514 2567 1574 2633 ἐξ
1602 2567 1804 2639 ἑτέρων
1833 2567 2054 2621 ἐλθόντα

383 2656 467 2718 εἰς
489 2656 635 2726 ἡμᾶς
655 2656 718 2707 οὐ
750 2656 951 2727 σφόδρα
984 2654 1341 2726 προσιέμεθα,
1372 2655 1488 2709 ἀλλ’
1511 2656 1683 2720 οὕτως
1708 2656 2053 2728 ἀποστρεφό-

389 2741 563 2813 μεθα,
603 2742 680 2805 ὼς
716 2743 809 2796 καὶ
854 2742 1226 2797 ἀνασκευάσαι
1257 2742 1518 2807 πολλάκις
1562 2744 1720 2798 αὐτά.
1769 2745 1832 2797 Εἰ
1873 2743 1930 2796 δὲ
1959 2743 2055 2798 ἐπὶ

386 2829 562 2894 οἰκίας
582 2831 677 2883 καὶ
697 2830 928 2900 ἱματίων
963 2831 1059 2884 καὶ
1088 2830 1299 2884 σκευῶν
1326 2831 1486 2884 τοῦτο
1513 2833 1647 2903 ἡμῖν
1677 2831 1965 2901 συμϐαίνει
1993 2832 2056 2885 :6

387 2914 588 2980 πάθος,
617 2917 867 2989 ἐννόησον
905 2916 999 2970 ἐπὶ
1041 2917 1141 2988 τῆς
1178 2918 1460 2986 γυναικὸς,
1498 2913 1561 2971 οῦ
1588 2916 1916 2989 τιμιώτερον
1956 2921 2054 2973 ἀν-

385 3001 575 3072 δράσιν
620 3003 792 3070 οὐδὲν,
834 3003 951 3069 πῶς
982 3004 1116 3057 αὐτὸ
1164 3005 1303 3076 μετά
1356 3005 1719 3077 σφοδρότητος
1755 3006 2056 3076 ἐμπίπτειν

388 3089 556 3153 εἰκός.
598 3091 855 3145 Ἐκείνων
899 3092 998 3162 μὲν
1025 3091 1133 3165 γάρ
1163 3091 1269 3147 κᾶν
1305 3092 1694 3164 μεταδιδόαμεν
1715 3091 1743 3133 ἀ
1775 3095 1891 3157 τοῖς
1935 3092 2057 3163 βου-

387 3175 662 3249 λομένοις,
707 3177 910 3251 ταύτης
953 3178 1011 3233 δὲ
1057 3180 1117 3233 οὐ
1155 3179 1316 3248 θέμις
1357 3180 1510 3251 ἡμῖν,
1556 3181 1692 3234 ἀλλά
1736 3182 1836 3253 τῆς
1878 3181 2058 3252 ψυχῆς

388 3268 809 3340 ἁποστησόμεθα
834 3269 1072 3342 πρῶτον,
1106 3270 1139 3341 ἢ
1168 3270 1325 3324 τοῦτο
1363 3270 1560 3324 παθεῖν
1590 3271 1915 3343 ἀνεξόμεθα.
1946 3274 2058 3346 Τὴν

394 3355 492 3426 μὲν
515 3351 610 3410 οὖν
638 3357 931 3428 παρθένον,
969 3358 1107 3428 ὅπερ
1138 3357 1295 3429 ἔφην,
1325 3358 1422 3412 am
1451 3359 1730 3430 ἀνέπαφον
1757 3356 1927 3416 οὖσαν
1959 3362 2056 3417 καὶ

394 3443 528 3497 ἰδίαν
560 3443 725 3496 αὐτοῦ
753 3443 846 3497 καὶ
868 3443 1080 3507 οὐδενὸς
1103 3443 1293 3516 ἑτέρου
1319 3445 1640 3517 γενομένην,
1675 3448 1826 3521 πάσῃ
1856 3448 2058 3520 προθυ-

393 3531 494 3602 μίᾳ
520 3531 804 3602 προσίεται
824 3547 836 3561 ’
871 3531 973 3602 τὴν
1003 3531 1060 3584 δὲ
1092 3532 1264 3604 ἑτέρῳ
1297 3532 1561 3604 πρότερον
1598 3534 1965 3604 συναφθεῖσαν
1996 3536 2058 3590 οὐ

395 3617 535 3687 μετά
557 3617 659 3687 τῆς
683 3618 854 3689 αὐτῆς
886 3618 1064 3686 φιλίας
1094 3616 1286 3688 ὄψεται
1319 3621 1413 3673 καὶ
1436 3620 1670 3684 εὐνοίας.

467 3711 541 3769 ς’.
564 3704 657 3775 Μὴ
696 3703 804 3775 γάρ
840 3722 929 3775 μοι
962 3704 1030 3758 τά
1053 3694 1340 3770 σπανιάκις
1364 3707 1459 3760 καὶ
1481 3707 1631 3778 μόλις
1650 3705 1801 3773 ἅπαξ
1833 3707 2063 3778 συμϐαί-

395 3808 557 3845 νοντα
582 3788 765 3863 είπῃς,
793 3790 929 3844 ἀλλά
963 3790 1033 3845 τὰ
1063 3791 1301 3864 συνεχῶς
1327 3795 1420 3848 ἐπὶ
1443 3793 1550 3848 τῶν
1585 3795 1929 3866 πραγμάτων
1956 3795 2059 3849 δει-

395 3877 658 3950 κνύμενα.
686 3879 760 3933 Οὐ
795 3879 884 3933 διὰ
909 3878 1081 3934 ταῦτα
1120 3880 1177 3934 δὲ
1215 3880 1374 3952 μόνον
1414 3881 1658 3945 πλείονος
1702 3882 1885 3954 ἐκείνη
1928 3883 2062 3954 μεθ-

396 3965 507 4034 έξει
531 3966 631 4037 τῆς
653 3967 982 4039 παρρησίας,
1007 3968 1141 4021 ἀλλά
1164 3969 1257 4022 καὶ
1278 3967 1346 4021 δι’
1368 3967 1531 4039 ἑτερα
1559 3969 1749 4024 πολλά.
1773 3961 1941 4034 Οὗτος
1963 3970 2065 4042 μὲν
2100 4002 2105 4007 ι

395 4057 506 4126 γὰρ
543 4051 635 4108 καί
675 4054 933 4108 ὀνειδίσαι
976 4055 1216 4119 εὐκόλως
1246 4055 1450 4110 δύναιτ’
1473 4054 1540 4109 ἂν
1581 4056 1659 4120 ὡς
1688 4061 2064 4131 καταφρονού-

398 4163 560 4219 μενος
585 4149 717 4218 παρ⁹
742 4147 931 4219 αὐτῆς,
954 4148 1050 4202 καὶ
1076 4147 1377 4219 τεκμήριον
1406 4145 1508 4217 τῆς
1537 4146 1827 4220 ὀλιγωρίας
1857 4148 1958 4220 τὴν
1983 4151 2066 4215 εἰς

394 4239 488 4292 τὸν
519 4239 782 4313 πρότερον
813 4241 950 4313 αὐτῇ
983 4240 1359 4311 γεγενημένην
1387 4240 1647 4293 ἀπιστίαν
1678 4236 2065 4313 προσενεγκεῖν

395 4332 490 4385 καὶ
514 4332 863 4403 ἑπιστομίσαι
890 4331 986 4386 καὶ
1014 4330 1153 4401 ὑπὲρ
1203 4328 1311 4382 τῶν
1338 4330 1717 4401 γεγενημένων
1734 4372 1750 4398 ,
1794 4333 1890 4386 καὶ
1928 4332 2066 4404 ὑπὲρ

396 4424 507 4477 τῶν
535 4423 669 4495 μηδὲ
696 4423 1123 4495 συμϐησομένων
1149 4422 1298 4488 ἴσως.
1341 4423 1399 4478 '0
1421 4424 1532 4495 γὰρ
1566 4422 1820 4479 ἀπελθὼν
1849 4425 1946 4478 καὶ
1973 4443 2069 4480 κα-

396 4514 757 4585 ταφρονηθεὶς
788 4518 883 4569 καὶ
919 4516 1010 4569 τὸν
1055 4515 1234 4580 ζῶντα
1277 4517 1455 4571 ταῦτα
1501 4515 1841 4570 ὑποπτεῦσαι
1888 4516 2067 4569 πείσει

398 4608 528 4680 περὶ
556 4605 786 4674 ἑαυτοῦ,
830 4606 934 4659 κᾶν
974 4604 1051 4677 μὴ
1083 4605 1327 4678 γένηται.
1378 4606 1497 4663 Οὐκ
1541 4609 1750 4672 ἐκεῖνος
1802 4607 1861 4662 δὲ
1907 4607 2068 4678 μόνον

396 4697 570 4753 ταῦτα
605 4695 895 4769 προφέρων
944 4696 1081 4767 αὐτῇ
1125 4695 1365 4768 συνεχῶς
1407 4696 1559 4750 ἔσται
1601 4696 1879 4769 φορτικὸς,
1930 4695 2067 4752 ἀλλά

399 4792 494 4846 καὶ
535 4789 744 4844 οἰκέται
788 4788 883 4841 καὶ
915 4785 1278 4860 θεράπαιναι,
1323 4788 1426 4843 κᾶν
1462 4788 1544 4865 μὴ
1576 4787 1850 4860 φανερῶς,
1893 4787 2067 4860 λάθρα

398 4882 531 4953 γοῦν
555 4878 1007 4951 διαγογγύζοντες
1049 4881 1264 4953 μυρίοις
1296 4880 1466 4953 αὐτὴν
1505 4879 1760 4951 βάλλουσι
1800 4880 2065 4953 σκώμμα-

400 4993 505 5031 σιν.
537 4976 599 5030 Εἰ
622 4973 679 5028 δὲ
704 4985 729 5013 ο
764 4971 945 5045 συμϐῇ
969 4975 1063 5028 καὶ
1088 4973 1283 5040 παῖδας
1307 4972 1401 5027 τοῦ
1422 4971 1869 5043 τετελευτηκότος
1894 4990 2065 5028 κατα-

398 5066 683 5139 λειφθῆναι
706 5064 880 5129 νέους,
912 5065 1028 5130 πῶς
1053 5067 1251 5131 αὐτοὺς
1275 5063 1590 5139 ἀναθρέψει,
1614 5062 1732 5128 πῶς
1755 5063 1813 5117 δὲ
1833 5065 2069 5137 προστή-

401 5175 589 5227 σεται;
623 5161 784 5216 τίνων
816 5160 873 5214 δὲ
906 5156 1158 5231 ὀρφανῶν
1190 5157 1250 5210 οὐ
1287 5153 1666 5227 χαλεπώτερον
1705 5153 1905 5209 ἐκεῖνοι
1938 5152 2066 5225 βιώ-

464 5399 489 5428 “
514 5396 648 5447 Colb.
677 5395 864 5453 ἐκεῖνοι,
892 5395 1011 5444 editi
1033 5394 1228 5444 ἐκείνου.

462 5458 492 5500 δ
516 5457 666 5507 Savil.
689 5465 743 5506 el
765 5456 901 5507 Colb.
924 5459 989 5511 ὡς
1016 5456 1164 5515 εἷπον,
1192 5455 1362 5506 Morel.
1386 5458 1449 5512 ὡς
1471 5454 1630 5504 εἰπεῖν.

466 5522 488 5550 ο
526 5517 779 5583 Μοτιῄηβι
802 5517 972 5583 Savil_._
990 5517 1039 5564 in
1081 5529 1235 5583 mqrgﬁ.
1263 5520 1327 5575 εἰς
1356 5525 1540 5583 ,χρῆσιν
1566 5516 1779 5583 ἐλθόντα,
1808 5520 1960 5572 δαγὶι.
2017 5520 2075 5570 ἱιιΔ

402 5587 544 5644 tegit}
564 5584 617 5644 εἰ
640 5577 772 5628 Colb.
792 5579 1058 5644 χρησθέντα
1081 5580 1160 5627 καὶ
1179 5577 1238 5628 τὰ
1257 5577 1511 5644 παρὀὐδκ

462 5643 490 5681 ἀ
509 5639 639 5691 Colb.
668 5639 975 5700 μεταδοίημεν
984 5673 994 5682 .

464 5718 490 5747 σ
513 5702 659 5752 Savil.
691 5707 742 5750 el
763 5700 895 5750 Colb.
921 5701 978 5754 ἢν
999 5701 1069 5752 δέ,

1197 261 1252 317 S.
1293 259 1576 319 JOANNIS
1612 259 2099 319 CIIRYSOSTOMI
2137 259 2455 319 ARCHIEP.
2499 258 3044 320 CONSTANTINOP.

3717 266 3825 324 618

2164 403 2348 440 σονται
2380 387 2448 440 τὰ
2477 386 2573 441 τοῦ
2605 385 2812 457 πατρὸς
2850 383 3086 455 δρῶντες
3130 381 3346 438 ᾶπαντα
3386 382 3569 454 ἕτερον
3608 379 3825 453 ἔχοντα,

2158 473 2256 527 καὶ
2284 474 2522 539 οἰκέτας,
2552 473 2649 527 καὶ
2676 471 2874 535 οἰκίαν,
2908 471 3002 525 καὶ
3030 470 3258 542 ἀγροὺς,
3284 467 3380 522 καὶ
3403 466 3467 521 :6
3496 468 3710 523 πάντων
3734 486 3829 524 κε-

2160 561 2384 631 φάλαιον
2412 560 2509 631 τὴν
2541 562 2811 629 γυναῖκας
2842 557 2960 621 πῶς
2986 557 3304 631 δυνήσονται
3331 556 3409 620 ὡς
3441 556 3576 627 πρὸς
3609 557 3830 629 μητέρα

2159 647 2462 700 διακεῖσθαι
2497 646 2733 711 ἑκείνοι;
2766 644 2884 709 πῶς
2926 644 2983 698 δὲ
3010 643 3145 715 αὐτη
3183 642 3261 707 ὡς
3300 642 3437 713 πρὸς
3468 641 3685 707 παῖδας,
3735 643 3833 708 οὓς

2159 733 2509 806 αἰσχύνεσθαι
2548 734 2644 788 καὶ
2677 732 2937 805 έρυθριᾷν
2973 728 3363 802 ἀναγκάζεται,
3405 731 3498 784 καὶ
3527 726 3610 794 οἷς
3640 732 3833 785 πᾶσαν

2157 824 2451 893 ἀπονεῖμαι
2497 822 2597 894 τὴν
2647 820 2922 894 μητρικὴν
2968 820 3071 874 οὐκ
3106 819 3220 889 ἔχει
3273 816 3654 889 φιλοστοργίαν
3675 857 3693 881 ,
3751 820 3835 882 εἰς

2156 913 2282 974 τούς
2313 909 2374 975 ἐξ
2398 908 2657 977 ἑκείνουί
2689 909 2885 973 παῖδας
2911 906 3238 978 σχιζομένης
3265 906 3403 977 αὐτῇ
3428 906 3531 975 τῆς
3560 905 3832 973 διανοίας;

2158 999 2223 1052 Τί
2251 993 2375 1065 οὖν,
2418 999 2486 1054 ἂν
2516 993 2551 1069 ᾖ
2587 997 2797 1070 σφόδρα
2828 996 2988 1069 κόρη,
3017 996 3175 1066 φησί,
3208 994 3305 1048 καὶ
3343 992 3550 1066 βραχὺν
3586 993 3832 1047 ἀπολαύ-

2159 1103 2301 1141 σασα
2331 1085 2523 1158 χρόνον
2551 1084 2648 1138 τοῦ
2680 1082 2835 1156 [558]
2861 1083 3084 1155 ἀνδρός;
3110 1081 3254 1154 Πρὸς
3275 1080 3386 1152 γὰρ
3406 1080 3509 1144 τὰς
3538 1079 3709 1152 κόρας
3742 1096 3836 1150 μοι

2156 1174 2332 1227 ταῦτα
2374 1172 2615 1246 εἴρηται,
2661 1173 2721 1227 οὐ
2773 1172 2912 1244 πρὸς
2958 1171 3059 1234 τὰς
3102 1167 3510 1239 γεγηρακυίας*
3545 1167 3686 1237 πρὸς
3722 1166 3836 1239 γάρ

2156 1261 2373 1331 ὲκείνας
2421 1260 2580 1314 τοῦτο
2615 1259 2878 1322 ποιούσας
2918 1256 3039 1311 οὐδὲ
3077 1255 3536 1327 διαλεχθήσομαι·
3569 1256 3618 1308 εἰ
3649 1253 3767 1326 γὰρ
3809 1256 3841 1309 ὀ

2156 1346 2325 1411 πολὺς
2348 1346 2537 1419 χρόνος
2564 1345 2659 1401 καὶ
2691 1348 2725 1417 ἡ
2755 1344 2938 1418 ἡλικία
2961 1344 3058 1398 καὶ
3081 1341 3150 1397 τὰ
3181 1342 3315 1397 ἀλλα
3352 1342 3531 1397 πάντα
3553 1342 3655 1395 οὐκ
3685 1340 3840 1395 ἐπει-
3956 1382 3959 1387 λ

2157 1452 2255 1492 σαν
2285 1434 2453 1499 αὐτάς
2478 1434 2813 1506 ἀποσχέσθαι
2840 1431 3096 1503 δευτέρου
3145 1431 3347 1502 γάμου,
3385 1429 3520 1485 πολύ
3560 1446 3625 1499 γε
3670 1423 3840 1501 ἦττον

2157 1524 2320 1594 ἡμεῖς
2343 1537 2357 1552 ο
2384 1522 2446 1575 οὐ
2471 1520 2582 1592 γάρ
2605 1523 2633 1574 6
2657 1522 2787 1592 παρ’
2809 1519 2971 1590 ἡμῶν
2995 1519 3174 1572 πείσει
3197 1518 3357 1587 λόγος
3375 1535 3389 1549 ·
3415 1518 3530 1571 ἀλλ’
3554 1516 3713 1580 ἄπας
3748 1533 3840 1588 μοι

2157 1610 2294 1682 πρὸς
2338 1609 2542 1673 ταύτας
2583 1611 2613 1662 6
2644 1608 2801 1677 λόγος
2834 1606 2971 1662 ἑστί.
3002 1606 3067 1660 Τί
3120 1601 3249 1672 οῦν,
3288 1606 3356 1660 ἂν
3470 1604 3628 1676 κόρη.
3679 1604 3839 1675 φησι,

2157 1699 2253 1751 καὶ⁵
2314 1697 2473 1769 μόνον
2519 1696 2769 1751 ἐνιαυτὸν
2828 1693 2969 1766 μετὰ
3010 1692 3104 1747 τοῦ
3150 1693 3416 1764 προτέρου
3463 1692 3843 1762 συνοικήσασα

2155 1784 2620 1857 δευτερογαμῆται
2641 1786 2668 1825 ε
2691 1783 2885 1849 πάλινς
2920 1781 3064 1843 τίνος
3092 1780 3277 1835 ἕνεκεν
3315 1779 3414 1850 τῆς
3443 1777 3693 1832 εἰκοστὸν
3724 1777 3844 1842 έτος

2158 1881 2251 1935 καὶ
2276 1882 2598 1954 τριακοστὸν
2635 1878 2983 1951 ἀνηλωκυίας
3020 1879 3079 1932 ὲν
3129 1876 3294 1948 γάμῳ
3328 1877 3705 1948 προτιμήσεις
3745 1876 3843 1929 αὐ-

2155 1980 2257 2047 τήν
2282 1997 2295 2041 ;
2330 1978 2444 2031 Οὐκ
2472 1976 2668 2046 ἔγωγε,
2696 1974 2811 2029 ἀλλ’
2843 1977 2872 2028 ὀ
2899 1972 3173 2047 μακάριος
3199 1970 3414 2038 Παῦλος
3432 1989 3447 2004 ·
3482 1972 3699 2035 ἐκεῖνος
3734 1971 3844 2039 γάρ

2160 2089 2313 2143 φησι,
2337 2069 2757 2140 Μακαριωτὲρα
2780 2069 2849 2124 δέ
2867 2071 3057 2135 ἐστιν,
3084 2069 3195 2123 ἐὰν
3214 2069 3369 2123 οὕτω
3386 2068 3589 2139 μείνῃ.
3613 2068 3687 2121 Τί
3708 2067 3840 2137 γὰρ,

2159 2170 2207 2222 εί
2231 2169 2324 2223 καὶ
2346 2168 2512 2223 πολὺν
2542 2168 2724 2239 ἐκείνη
2746 2166 2938 2239 χρόνον
2957 2164 3270 2236 συνῴκησεν
3297 2164 3471 2235 ἀνδρὶ,
3504 2162 3619 2217 ἀλλ’
3636 2164 3728 2218 ἑνὶ
3754 2165 3846 2217 καὶ

2157 2266 2237 2338 τῷ
2264 2266 2412 2337 αὐτῷ
2434 2267 2527 2319 καὶ
2553 2266 2698 2337 μόνῳ
2715 2267 2809 2320 καὶ
2831 2258 2876 2334 ᾧ
2901 2265 2957 2332 ἑξ
2981 2264 3156 2338 ἀρχῆς
3175 2262 3496 2336 ἐκληρώθη;
3518 2262 3661 2334 αῦτη
3684 2264 3744 2318 δὲ
3759 2262 3845 2316 δυ-

2161 2362 2244 2415 σίν
2269 2361 2464 2415 ἔδωκεν
2485 2359 2704 2432 ἑαυτὴν,
2731 2358 3012 2415 καὶταῦτα
3035 2360 3092 2414 ὲν
3122 2358 3315 2432 βραχεῖ
3336 2358 3415 2428 τῷ
3443 2356 3645 2429 χρόνῳ.
3698 2356 3841 2411 Ἀλλ’

2159 2457 2258 2528 οὐχ
2278 2456 2481 2510 ἑκοῦσα
2505 2457 2557 2518 ιι,
2593 2454 2758 2526 φησίν
2782 2473 2795 2485 -
2828 2457 2878 2508 εἰ
2908 2454 3017 2526 γὰρ
3048 2457 3076 2508 ό
3111 2453 3327 2525 πρῶτος
3352 2452 3471 2524 ἔζη,
3503 2452 3605 2506 οὐκ
3626 2451 3701 2506 ἂν
3725 2452 3845 2505 ἑτε-

2163 2570 2252 2625 ρον
2277 2554 2565 2625 ⁴ἠγάπησεν
2593 2554 2678 2607 ἐπ’
2710 2553 2934 2623 ὲκείνῳο
2968 2551 3157 2624 ἐπειδὴ
3186 2550 3241 2604 δὲ
3271 2550 3377 2621 πρδ
3415 2548 3565 2619 ὥρας
3588 2548 3846 2620 ἀπῆλθεν

2160 2651 2398 2715 ἐκεῖνος,
2454 2648 2560 2703 ὑπὸ
2615 2649 2715 2720 τῆς
2770 2648 3016 2718 ἀνάγκης
3065 2644 3303 2717 δευτέρῳ
3360 2643 3608 2717 συνήφθη
3653 2644 3843 2700 πάλιν.

2160 2724 2327 2803 Ποίας
2375 2737 2656 2806 ἀνάγκης;
2714 2734 2855 2805 Ἐγὼ
2895 2734 3005 2806 γὰρ
3047 2731 3249 2804 ταύτης
3279 2725 3348 2804 ἦς
3390 2731 3570 2803 λέγεις
3616 2732 3848 2802 μείζονα

2161 2826 2352 2896 ἑτέραν
2393 2825 2638 2895 ἀνάγκην
2678 2822 2789 2894 ὁρῶ
2835 2820 3027 2892 ἰκανὴν
3072 2819 3240 2890 αὐτὴν
3277 2820 3576 2888 κατασχεῖν
3629 2818 3731 2872 ἑπὶ
3770 2817 3848 2889 τῷ

2109 2948 2118 2957 ς
2159 2913 2594 2984 τετελευτηκότι,
2631 2911 2692 2964 :6
2721 2909 2934 2980 πικρῶν
2972 2906 3149 2970 οὕτως
3194 2905 3501 2961 ἀπολαῦσαι
3533 2904 3646 2959 τῶν
3700 2923 3849 2978 πρα-

2161 3003 2387 3075 γμάτων
2424 2999 2517 3054 τοῦ
2551 3001 2780 3070 κόσμου.
2828 2998 2895 3051 Ἡ
2936 2996 3036 3068 μὲν
3075 2994 3184 3066 γὰρ
3215 2994 3381 3048 πολὺν
3418 2995 3605 3058 αὐτοῖς
3637 3011 3848 3065 συγγε-

2162 3092 2360 3164 νομένη
2384 3090 2608 3162 χρόνον,
2642 3089 2739 3141 καὶ
2772 3085 3149 3158 ὲμπλησθείσα
3187 3081 3385 3147 καλῶς,
3424 3081 3501 3145 ὡς
3523 3082 3633 3136 τῶν
3665 3081 3851 3137 αὐτῶν

2161 3179 2458 3251 τευξομένη
2505 3176 2616 3231 τῶν
2667 3176 2799 3231 ἰσων
2849 3174 3046 3244 ἅψεται
3100 3172 3294 3227 πάλιν·
3338 3173 3373 3243 ὴ
3425 3171 3484 3226 δὲ
3536 3172 3851 3244 προοιμίων

2162 3269 2305 3322 οὕτω
2332 3263 2585 3337 χαλεπῶν
2630 3261 2957 3335 πειραθεῖσα
2990 3260 3124 3331 ποία
3154 3258 3481 3331 προαιρέσει
3527 3259 3623 3312 καὶ
3668 3258 3854 3313 ἑλπίδι

2164 3357 2302 3429 πρὸς
2333 3357 2431 3427 τὴν
2477 3357 2673 3426 πεῖραν
2709 3352 2829 3424 ἥξει
2868 3350 2978 3405 τῶν
3010 3349 3303 3422 χαλεπῶν;
3340 3348 3476 3403 Οὐδὲ
3518 3348 3628 3420 γὰρ
3679 3350 3739 3402 ετ
3766 3358 3852 3414 τις

2168 3443 2486 3516 βουλόμενος
2529 3439 3008 3513 ἑμπορεύσασθαι,
3058 3438 3189 3511 πρίν
3226 3455 3279 3491 τι
3320 3435 3556 3509 κερδάνῃ
3596 3437 3725 3507 ἅμα
3775 3437 3854 3509 τῷ

2165 3537 2256 3591 τὸν
2285 3534 2479 3606 λιμένα
2507 3532 2741 3600 ἐξελθεῖν
2774 3533 2792 3573 i
2824 3531 3084 3599 ναυάγιον
3105 3528 3413 3601 ὑπομείνοι,
3444 3528 3693 3591 εὐκόλως
3726 3527 3855 3597 ἀψε-

2164 3641 2254 3679 ται
2278 3623 2378 3694 τῆς
2407 3622 2787 3694 πραγματείας
2811 3620 3015 3675 λοιπόν.
3041 3620 3175 3675 Οὐδὲ
3198 3617 3404 3690 ταύτην
3434 3617 3663 3680 εἰκότως
3693 3615 3708 3667 i
3753 3615 3856 3687 τὴν

2167 3710 2339 3765 πολλά
2361 3712 2459 3782 μὲν
2474 3709 2924 3783 προσδοκήσασαν
2946 3707 3098 3779 ἡδέα,
3116 3706 3247 3779 πρὶν
3268 3706 3301 3778 ἦ
3323 3706 3383 3759 δὲ
3400 3705 3625 3759 ἐκείνων
3648 3704 3856 3775 πεῖραν

2168 3800 2348 3864 καλῶς
2371 3800 2578 3866 λαϐεῖν,
2599 3797 2850 3853 τοσοῦτον
2875 3794 3070 3860 πένθος
3094 3794 3311 3849 ἰδοῦσαν
3334 3793 3623 3863 ἀγαπῆσαι
3656 3793 3733 3846 τὰ
3756 3788 3855 3845 τοῦ

2168 3888 2379 3959 κόσμου
2415 3886 2738 3959 πράγματα,
2773 3886 2823 3939 εἰ
2857 3884 2933 3955 μὴ
2974 3882 3181 3954 σφόδρα
3204 3881 3455 3955 ἀκρατὴς
3485 3876 3622 3935 οὖσα
3658 3880 3856 3948 τόκοιο

2173 3975 2374 4047 μᾶλλον
2400 3974 2480 4036 δὲ,
2510 3975 2561 4028 εἰ
2593 3974 2689 4028 καὶ
2719 3970 2923 4043 σφόδρα
2952 3970 3089 4041 1:96;
3124 3968 3263 4024 αὐτά
3282 3968 3579 4031 διακέοιτο,
3602 3971 3707 4020 καί⁸
3733 3966 3857 4021 λίαν

2170 4064 2281 4136 ἑχοι
2308 4060 2660 4135 προσπαθῶς,
2687 4059 2845 4132 ἰκανή
2864 4059 2965 4129 τῆς
2990 4057 3166 4130 ἀρχῆς
3190 4058 3224 4128 ἡ
3245 4056 3411 4128 ἀηδία
3430 4057 3614 4111 πᾶσαν
3647 4055 3852 4109 σϐέσαι

2168 4154 2269 4224 τὴν
2303 4151 2598 4222 ἐπιθυμίαν
2631 4149 2821 4221 αὐτῆς.
2848 4146 2986 4200 Τότε
3014 4145 3123 4216 γάρ
3149 4147 3265 4207 τοῖς
3293 4142 3585 4214 πράγμασι
3608 4141 3857 4212 μάλιστα

2170 4245 2263 4297 ἑπι
2271 4243 2454 4314 μένειν
2474 4239 2769 4309 εἰώθαμεν,
2792 4238 2922 4291 ὅταν
2942 4233 3242 4306 προοιμίων
3262 4231 3614 4304 πειραθῶμεν
3642 4229 3853 4285 καλῶν·

2169 4335 2298 4389 ὅταν
2329 4332 2387 4386 δὲ
2412 4331 2474 4397 ἐξ
2501 4330 2675 4402 ἀρχῆς
2718 4327 2815 4381 καὶ
2841 4325 2936 4380 ἀπ’
2962 4323 3157 4393 αὐτῆς,
3186 4321 3262 4384 ὡς
3294 4320 3360 4375 ἂν
3398 4320 3543 4374 είποι
3572 4337 3662 4383 τις
3680 4357 3698 4382 ,
3752 4318 3858 4388 τῆς

2170 4421 2436 4494 γραμμῆς
2480 4415 2732 4491 χαλεπῶν
2773 4415 2869 4469 καὶ
2909 4410 3188 4468 δυσκόλων
3231 4406 3575 4478 αἰσθώμεθα,
3630 4408 3856 4479 ταχέως

2169 4509 2581 4582 ἀνακῳυόμεθα
2599 4509 2700 4578 τῆς
2718 4502 3090 4577 προαιρέσεως
3111 4496 3476 4582 σϐεννυμένης
3494 4498 3656 4568 ἡμῖν.
3684 4499 3857 4552 Ὥστε

2171 4603 2228 4656 αἱ
2253 4579 2352 4665 τάς
2381 4579 2594 4669 ἀώρους
2623 4595 2984 4667 ὐπομείνασαι
3024 4589 3285 4662 χηρείας.
3311 4579 3479 4641 αὗται
3509 4585 3746 4651 εἰκότως
3789 4585 3859 4640 ἂν

2171 4691 2492 4762 ἀπόσχοιντο
2516 4685 2694 4757 γάμου
2720 4682 2972 4755 δευτέρου
3002 4680 3144 4751 ὑπὲρ
3180 4676 3275 4731 τοῦ
3309 4676 3383 4748 μὴ
3416 4674 3485 4729 τὰ
3517 4675 3659 4729 αὐτά
3690 4675 3861 4731 πάλιν

2172 4779 2384 4835 παθεῖν.
2420 4778 2486 4832 Ἥ
2516 4777 2615 4848 μὲν
2643 4774 2752 4847 γάρ
2772 4774 2831 4827 ὲν
2857 4774 2925 4844 τῇ
2954 4769 3154 4841 χηρείᾳ
3182 4766 3423 4838 μένουσα
3442 4763 3553 4830 ἔξει
3584 4764 3649 4818 :6
3672 4764 3862 4830 ἀσφα-
3974 4798 3975 4801 η

2171 4872 2279 4935 λὲς,
2314 4869 2408 4924 καὶ
2436 4868 2536 4939 οὐχ
2569 4864 2901 4921 ὐποπτεύσει
2933 4862 3129 4925 πένθος
3162 4858 3354 4932 ἕτερον
3386 4855 3633 4912 τοιοῦτον
3662 4858 3860 4913 πάλιν·

2172 4967 2208 5035 ἡ
2230 4964 2287 5017 δὲ
2311 4959 2762 5034 προσομιλήσασα
2783 4954 2948 5027 γάμῳ
2971 4953 3215 5025 δευτέρῳ
3237 4952 3330 5006 καὶ
3357 4949 3517 5005 τοῦτο
3539 4950 3862 5023 προσδοκᾷν

2172 5054 2646 5125 ἀναγκασθήσεται
2671 5049 2733 5103 τὸ
2753 5047 2949 5103 δεινόν.
2978 5047 3090 5101 Καὶ
3110 5045 3285 5108 ἄλλως
3310 5043 3388 5105 δὲ,
3413 5044 3463 5096 εἰ
3496 5041 3591 5096 καὶ
3614 5042 3861 5117 πρᾶγμα

2172 5148 2232 5203 ἓν
2259 5149 2405 5201 ἑστιν
2447 5146 2481 5215 ἡ
2526 5141 2757 5216 χηρεία,
2803 5137 2918 5193 ἀλλ’
2948 5136 3010 5191 οὐ
3053 5136 3227 5190 πᾶσαι
3255 5135 3381 5198 τοὺς
3415 5131 3615 5197 αὐτοὺς
3652 5129 3870 5204 ἀπολή-

2242 5393 2262 5432 f
2285 5396 2368 5445 Sic
2389 5394 2539 5443 Savil.
2567 5399 2619 5441 el
2641 5391 2773 5442 Cn").
2805 5385 2979 5436 Morel.
3002 5384 3111 5440 τοὺς
3134 5384 3330 5445 ἐκείνου.

2239 5459 2263 5524 ἐκ
2294 5444 2465 5524 Μίηε
2499 5456 2668 5524 ιεεετθ
2691 5451 2894 5524 δευτέρῳ
2913 5452 3137 5524 “vim
3153 5444 3297 5524 313°"-

2237 5516 2265 5556 δ
2286 5516 2422 5567 Colb.
2445 5507 2670 5578 ἑκοῖῗσαν,
2693 5520 2748 5578 εἰ.
2904 5507 3129 5578 πρότερος
3152 5507 3260 5578 ιξζηἱ
3274 5566 3294 5578 Α
3319 5565 3341 5578 ο

2247 5590 2257 5616 ¹
2292 5579 2427 5629 Colb.
2459 5584 2513 5625 et
2532 5566 2679 5627 Savil'.
2708 5576 2923 5635 ἐξελθεῖν,
2946 5566 3117 5623 Morb].
3145 5566 3383 5620 εἰσελθεῖν.

2245 5639 2258 5687 1'
2296 5639 2579 5702 Legendum
2605 5639 2742 5694 εἰκός.
2766 5637 2899 5687 Eun.
