4016 6154
357 291 455 346 617

357 403 574 465 habeas,
615 417 773 474 quam
804 401 1004 470 omnia,
1034 417 1151 472 qua:
1178 401 1230 456 in
1255 402 1388 459 orbe
1413 410 1674 458 terrarum
1699 413 1842 472 sunt,
1868 419 1931 459 ea

353 493 678 559 conditione,
706 503 763 549 ut
789 509 890 548 una
916 509 1037 549 cum
1059 493 1160 550 illis
1181 503 1233 549 te
1247 509 1456 565 quoque
1477 496 1630 552 alteri
1650 497 1940 567 subjicias?

360 584 507 638 Mitto
553 598 698 638 nunc
723 599 902 651 curas,
934 585 1303 653 contumelias,
1331 587 1590 652 convicia,
1624 587 1935 658 zelotypias,

365 674 550 729 inanes
597 674 949 744 suSpiciones,
995 674 1206 730 dolores
1253 675 1513 746 pariendi,
1556 687 1610 732 et
1648 678 1849 748 reliqua
1889 677 1941 733 id

355 781 547 836 genus.
581 766 707 822 llazc
735 765 879 821 enim
906 775 1050 822 recte
1071 775 1198 822 tunc
1218 767 1530 834 afferuntur,
1561 783 1681 823 cum
1727 768 1793 822 ad
1836 769 1943 823 vir-

356 858 534 926 ginem
561 873 742 912 sermo
771 857 1014 922 habetur,
1044 858 1240 929 quippe
1265 873 1384 928 quae
1419 859 1566 914 rudis
1591 867 1750 929 atque
1774 859 1942 928 impe-

358 949 458 1002 rita
489 959 572 1003 est
592 948 894 1017 huiusmodi
919 949 1320 1014 difﬁcultatum;
1351 949 1520 1005 viduae
1547 959 1719 1005 autem
1745 952 1788 1006 si
1815 967 1941 1004 nar-

357 1049 547 1093 reutur
570 1039 870 1094 molestiam
901 1042 1074 1110 potius
1108 1041 1346 1096 afferent.
1375 1040 1504 1109 Qua:
1533 1041 1675 1097 enim
1698 1057 1794 1097 usu
1827 1041 1942 1112 ipso

356 1132 560 1201 optime
604 1131 810 1198 didicit,
841 1147 904 1187 ea
934 1133 976 1188 si
1006 1133 1172 1202 ipsam
1202 1133 1378 1188 verbis
1400 1133 1594 1189 docere
1617 1134 1767 1200 velis,
1802 1134 1942 1189 frus-

359 1231 442 1275 tra
469 1237 689 1292 operam
715 1238 913 1278 sumas.
942 1222 1077 1278 Illud
1108 1232 1313 1280 tantum
1338 1225 1534 1280 addere
1557 1241 1654 1296 par
1690 1234 1792 1290 est,
1823 1241 1942 1280 eam

355 1329 479 1383 qua:
506 1315 655 1384 virgo
673 1316 871 1385 nupsit,
899 1316 1067 1371 multo
1093 1317 1293 1386 majore
1317 1331 1436 1372 cum
1465 1317 1710 1372 libertate
1735 1333 1798 1373 ac
1821 1317 1947 1372 ﬁdu-

353 1405 440 1458 cia
482 1405 598 1459 viro
633 1411 871 1472 dsuram,
918 1421 1076 1477 quam
1115 1422 1234 1477 quae
1273 1416 1393 1478 post
1439 1407 1768 1463 viduitatem.
1810 1408 1943 1463 Nam

355 1494 501 1549 hanc
527 1497 615 1566 qui
646 1498 930 1567 acceperit,
960 1507 1017 1552 nt
1044 1514 1264 1553 uxorem
1291 1514 1470 1555 amare
1508 1508 1703 1570 potest,
1733 1507 1794 1555 ut
1838 1501 1944 1555 vir-

353 1587 537 1657 ginem
566 1587 778 1642 ductam
806 1603 910 1642 non
943 1598 1134 1658 potest.
1165 1591 1333 1658 Quam
1365 1607 1492 1646 vero
1521 1606 1732 1647 amores
1759 1591 1832 1647 illi
1862 1593 1945 1648 his

353 1677 814 1744 vehementiores,
845 1688 899 1734 et
947 1681 1115 1751 magis
1161 1681 1554 1750 quodammodo
1597 1683 1769 1738 insani
1814 1683 1942 1751 sint,

356 1767 563 1822 nemini
596 1783 700 1822 non
731 1770 1061 1838 exploratum
1089 1781 1187 1826 est.
1219 1772 1441 1826 Viduam
1469 1779 1646 1828 autem
1678 1782 1943 1842 tamquam

355 1863 463 1916 viri
507 1879 611 1916 non
641 1865 859 1918 omnino
901 1867 1119 1919 insciam
1162 1867 1382 1922 minime
1422 1875 1532 1922 toto
1574 1869 1752 1922 animo
1793 1882 1944 1922 com-

355 1956 626 2025 plectetur
651 1965 810 2026 atque
847 1958 1062 2012 amabit.
1107 1957 1306 2014 Omnes
1352 1959 1496 2015 enim
1552 1960 1662 2015 fere
1705 1961 1946 2015 homines

356 2047 598 2101 solemus
625 2047 735 2101 sive
761 2047 1045 2118 zelotypia,
1071 2049 1181 2104 sive
1219 2049 1392 2104 inanis
1417 2049 1599 2120 gloria:
1621 2050 1816 2116 studio,
1835 2050 1948 2106 sive

356 2137 546 2191 nescio
585 2151 688 2206 qua
735 2137 838 2192 alia
878 2153 1034 2194 causa
1077 2138 1288 2194 adducti
1327 2155 1418 2195 eas
1463 2156 1548 2196 res
1595 2142 1862 2211 praecipue
1891 2141 1944 2195 in

355 2243 549 2284 amore
576 2227 793 2290 habere.
825 2229 1018 2300 quibus
1038 2240 1323 2301 antequam
1358 2233 1410 2286 in
1444 2233 1668 2286 aliorum
1711 2242 1946 2302 potesta-

359 2328 474 2372 tem
503 2321 749 2374 venerint
773 2320 1019 2388 fruimur,
1042 2336 1370 2393 quarumque
1415 2339 1510 2378 nos
1553 2324 1709 2394 primi
1749 2339 1811 2378 ac
1846 2324 1946 2379 snli

365 2410 576 2466 domini
605 2426 807 2466 sumus.
846 2411 905 2467 Id
945 2421 999 2467 et
1035 2414 1086 2467 in
1115 2415 1443 2469 vestimentis
1469 2416 1754 2470 usuvenire
1775 2416 1946 2469 anim-

355 2501 648 2566 advertas;
697 2517 802 2558 non
854 2505 994 2558 enim
1039 2519 1136 2571 ea,
1175 2506 1363 2574 quibus
1401 2507 1487 2560 alii
1510 2507 1588 2562 usi
1623 2515 1766 2575 sunt,
1795 2523 1948 2577 teque

355 2606 488 2645 cara
518 2591 773 2647 habemus
794 2603 951 2663 atque
982 2594 1069 2649 illa
1097 2596 1286 2665 quibus
1314 2611 1486 2651 nemo.
1511 2597 1652 2652 ldem
1682 2599 1734 2652 in
1764 2599 1943 2664 domo,

360 2682 510 2737 idem
550 2683 603 2736 in
632 2685 773 2738 vasis
809 2703 821 2736 :
869 2684 1084 2740 domum
1129 2688 1274 2742 enim
1321 2687 1474 2742 nobis
1517 2689 1584 2744 ab
1622 2689 1728 2745 alio
1769 2689 1945 2744 datam

361 2788 476 2827 non
508 2774 729 2843 perinde
757 2791 1016 2845 amamus,
1047 2787 1205 2848 atque
1231 2779 1394 2843 illam,
1441 2795 1598 2850 quam
1645 2781 1800 2837 nobis
1846 2781 1947 2851 ipsi

361 2873 671 2940 paravimus
701 2890 714 2926 :
743 2889 806 2929 ae
840 2874 1001 2942 vasis,
1033 2891 1151 2945 qua:
1178 2891 1349 2946 nuper
1378 2875 1513 2932 facta
1543 2886 1666 2933 sunt
1692 2877 1948 2947 nobisque

365 2965 600 3032 primum
630 2966 748 3020 usui
792 2965 1026 3033 fuerunt,
1069 2968 1222 3024 valde
1266 2970 1548 3039 parcimus,
1592 2984 1948 3040 magnumque

361 3054 472 3109 illis
499 3055 877 3111 conservandis
914 3057 1144 3113 studium
1175 3059 1560 3128 impendimus;
1609 3075 1727 3130 qua:
1770 3071 1947 3114 autent

360 3143 436 3196 ab
458 3144 580 3199 aliis
603 3144 667 3198 ad
704 3161 802 3200 nos
827 3152 1108 3212 venerunt,
1137 3164 1242 3202 non
1287 3137 1609 3218 magnopere
1653 3149 1706 3202 in
1746 3149 1949 3204 deliciis

365 3234 648 3302 habemus,
678 3237 770 3291 sed
797 3237 930 3292 adeo
954 3247 1355 3306 aversamur,ut
1382 3254 1523 3310 saepe
1552 3239 1603 3293 in
1632 3239 1787 3294 aliam
1815 3255 1949 3295 con-

365 3336 638 3381 vertamus
679 3326 928 3382 formam.
955 3329 1105 3396 Quod
1131 3331 1175 3384 si
1205 3331 1257 3384 in
1284 3330 1464 3397 domo,
1497 3331 1549 3384 in
1579 3340 1746 3395 veste,
1775 3331 1828 3385 in
1856 3346 1947 3386 va-

365 3419 442 3473 sis
471 3419 572 3474 hoc
595 3419 772 3474 animo
798 3435 1003 3488 sumus,
1027 3424 1224 3491 cogites
1253 3421 1431 3487 velim,
1455 3423 1509 3475 in
1536 3437 1722 3488 uxore,
1750 3437 1850 3491 qua
1868 3422 1950 3476 ni-

369 3508 446 3563 hil
473 3510 773 3565 hominibus
793 3511 1076 3581 pretiosius
1105 3521 1205 3576 est,
1236 3521 1434 3582 quanto
1465 3511 1830 3568 vehementius
1852 3528 1950 3569 nos

368 3599 509 3655 afﬁci
533 3611 950 3657 consentaneum
973 3603 1060 3656 sit.
1096 3603 1236 3657 Nam"
1259 3603 1360 3657 alia
1388 3602 1602 3672 quidem
1627 3618 1727 3658 nec
1752 3604 1835 3669 iis,
1860 3604 1950 3672 qui

368 3694 591 3762 cupiunt
609 3734 624 3759 ,
653 3710 962 3750 recusamus
989 3695 1385 3751 communicare
1415 3713 1427 3746 :
1460 3695 1598 3751 hanc
1626 3705 1802 3751 autem
1853 3697 1953 3750 mi-

369 3787 515 3841 nime
545 3785 621 3840 fas
649 3797 761 3853 est,
789 3803 853 3842 ac
879 3788 1034 3842 citius
1061 3790 1221 3843 vitam
1263 3789 1658 3859 profundemus,
1697 3807 1853 3861 qnam
1898 3792 1950 3847 id

367 3876 512 3930 ferre
541 3878 774 3932 animum
811 3877 1144 3933 inducamus.
1183 3879 1448 3949 Virginem
1495 3880 1652 3951 igitur
1698 3891 1752 3936 ut
1799 3881 1950 3938 dice-

368 3967 516 4033 bam,
551 3978 732 4036 utpote
752 3969 999 4022 intactam
1046 3977 1102 4023 et
1145 3968 1244 4023 sibi
1289 3970 1557 4038 propriam
1595 3970 1740 4024 omni
1789 3967 1951 4026 animi

370 4057 572 4125 impetu
600 4057 1003 4127 complectetur,
1031 4073 1147 4113 eam
1177 4074 1321 4124 vero,
1345 4075 1462 4129 qua:
1488 4061 1640 4116 alteri
1663 4062 1807 4130 prius
1833 4077 1964 4117 con~

369 4152 567 4214 suevit,
601 4163 705 4202 non
732 4165 881 4218 aeque
911 4149 1181 4205 benevolis
1224 4157 1382 4220 atque
1428 4152 1611 4207 amicis
1652 4152 1823 4207 oculis
1862 4169 1953 4207 as-

368 4239 550 4308 piciet.

443 4329 497 4385 6.
525 4329 706 4400 Neque
734 4340 788 4386 tu
819 4333 968 4400 mihi,
993 4349 1111 4404 qua:
1135 4349 1256 4389 raro
1280 4350 1342 4389 ac
1367 4336 1451 4389 vix
1476 4337 1641 4392 semel
1668 4337 1941 4404 eveniunt,

366 4420 589 4486 afferas,
615 4421 708 4477 sed
730 4438 847 4491 qua:
871 4424 1104 4493 quotidie
1135 4425 1185 4478 in
1213 4426 1482 4479 communi
1507 4426 1613 4480 vita
1637 4436 1947 4482 cernuntur.

366 4513 559 4582 Neque
603 4529 733 4570 vero
776 4515 858 4569 hac
887 4517 1015 4570 sola:
1045 4531 1218 4572 causae
1260 4527 1418 4583 sunt,
1451 4535 1546 4573 cur
1588 4520 1678 4573 illa
1710 4519 1954 4577 ﬁdentius

369 4613 535 4672 agat,
579 4620 763 4659 verum
791 4606 948 4660 etiatn
979 4606 1098 4662 alia:
1141 4608 1339 4662 multa}.
1384 4608 1514 4662 Nam
1540 4609 1712 4664 vidum
1740 4611 1954 4680 quidem

372 4699 600 4753 maritus
630 4699 783 4754 facile
808 4700 1132 4771 exprobrare
1169 4701 1398 4770 poterit,
1436 4719 1495 4756 se
1519 4717 1729 4772 quoque
1761 4704 1829 4757 ab
1868 4705 1956 4759 illa

374 4793 531 4860 parvi
567 4793 703 4857 ﬁeri,
735 4809 798 4848 ac
833 4793 1118 4864 despectus
1155 4793 1408 4848 indicium
1446 4796 1686 4865 proferre
1725 4795 1956 4852 inﬁdeli-

375 4892 569 4948 tatem,
599 4899 756 4952 quatn
783 4899 906 4954 erga
939 4886 1171 4953 priorem
1200 4886 1373 4939 virum
1400 4886 1667 4952 adhibuit,
1697 4897 1856 4958 atque
1886 4889 1956 4943 ita

374 4990 440 5027 os
469 4975 544 5028 illi
570 4975 870 5043 obstruere,
895 4977 1052 5046 idque
1075 4985 1180 5031 tam
1205 4977 1271 5032 de
1294 4978 1573 5047 prmteritis
1597 4979 1775 5045 rebus,
1799 4996 1956 5048 quam

373 5067 444 5120 de
492 5067 576 5130 iis,
603 5084 720 5137 qua:
767 5069 990 5124 fortasse
1029 5068 1221 5124 futura:
1261 5086 1367 5124 non
1409 5079 1550 5126 sunt.
1590 5071 1776 5126 Mortui
1817 5073 1956 5126 enim

377 5157 478 5211 viri
510 5167 868 5228 contemptus,
896 5159 1156 5215 viventem
1179 5176 1410 5230 quoque,
1453 5171 1520 5215 ut;
1552 5161 1693 5217 idem
1734 5162 1835 5216 sibi
1864 5180 1958 5218 ex-

377 5256 612 5314 spectet,
655 5248 995 5314 admonebit,
1027 5251 1153 5305 licet
1187 5261 1500 5306 eventurum
1528 5269 1633 5307 non
1661 5254 1747 5306 sit.
1781 5253 1962 5322 Neque

379 5353 509 5391 vero
538 5337 627 5392 ille
648 5339 792 5392 solus
817 5337 932 5394 inec
957 5351 1216 5410 perpetuo
1242 5342 1395 5395 uxori
1423 5342 1682 5411 objiciens
1705 5343 1962 5398 molestus

376 5430 502 5494 erit,
527 5430 620 5485 sed
647 5430 828 5486 famuli
861 5432 1021 5488 etiam
1047 5442 1209 5504 atque
1236 5435 1464 5499 ancillae,
1493 5435 1536 5490 si
1563 5438 1737 5489 minus
1765 5436 1958 5505 palam,

377 5528 530 5574 certe
570 5523 729 5575 tacito
765 5521 996 5592 quodam
1035 5539 1308 5579 murmure
1345 5525 1614 5580 sexcentis
1639 5525 1806 5595 ipsam
1829 5540 1962 5580 con-

381 5613 533 5668 viciis
571 5614 866 5670 incessunt.
909 5616 1062 5682 Quod
1100 5618 1144 5672 si
1184 5617 1320 5673 ﬁlios
1360 5617 1664 5688 impuberes
1693 5634 1756 5674 ex
1785 5619 1962 5688 priore

380 5716 497 5757 vtrn
539 5703 824 5775 habuerit,
871 5707 1132 5777 quomodo
1187 5709 1304 5766 illos
1363 5709 1645 5781 cdncabit,
1696 5711 1963 5784 quomodo

1455 288 1542 347 DE
1579 289 1714 348 NON
1751 290 2095 348 ITERANDO
2130 292 2477 352 CONJUGIO.

3511 296 3635 353 6l~8t

2042 405 2288 462 curabit?
2322 407 2514 477 quibus
2552 414 2728 462 autem
2757 407 2969 478 pupillis
3000 423 3103 462 non
3149 408 3223 463 illi
3265 409 3616 466 miseriusvi-

2044 505 2194 562 vent,
2240 497 2331 567 qui
2373 507 2594 568 paterna
2633 499 2811 553 omnia
2852 498 2903 553 in
2933 499 3151 555 alterius
3179 508 3442 570 potestate
3471 501 3622 557 vide-

2043 587 2198 655 bunt,
2240 587 2486 654 famulos,
2527 587 2766 656 domum,
2810 588 3028 659 praedia,
3067 589 3288 660 etquod
3324 599 3482 660 caput
3506 607 3624 646 orm

2043 680 2192 736 nium
2241 689 2362 749 est,
2410 682 2676 737 uxorem?
2725 682 2995 752 quomodo
3047 684 3233 738 matris
3284 684 3402 739 loco
3456 683 3644 754 ipsam.

2043 772 2223 827 colere
2249 771 2324 826 illi
2353 767 2644 842 poterunt?
2672 773 2940 843 quomodo
2971 774 3114 845 ipsos
3141 775 3226 829 illa
3250 774 3480 830 ﬁliorum
3509 775 3630 830 loco

2044 861 2304 933 diligere,
2345 878 2480 933 quos
2521 877 2644 918 cum
2692 864 2960 932 intuetur,
3001 865 3280 921 erubescat
3319 881 3383 920 ac
3427 866 3647 936 pudore:

2046 952 2380 1008 suﬂ‘undatur
2410 967 2627 1009 necesse
2663 955 2753 1021 sit,
2789 956 3086 1025 quibusque
3126 972 3230 1012 non
3273 971 3483 1013 onmem
3523 959 3628 1012 im-

2047 1042 2283 1114 pendere
2330 1053 2630 1099 maternum
2677 1043 2923 1099 affectum
2978 1054 3192 1115 potest,
3235 1063 3423 1118 magna
3466 1048 3627 1103 animi

2045 1143 2206 1205 atque
2233 1134 2432 1189 amoris
2460 1145 2609 1204 parte
2642 1135 2695 1189 in
2723 1133 2861 1190 filios
2879 1177 2892 1198 ,
2919 1151 3055 1206 quos
3082 1152 3147 1190 ex
3175 1137 3345 1192 altero
3371 1138 3624 1208 suscepit,

2047 1224 2347 1279 translata?
2372 1224 2509 1290 Quid
2536 1225 2712 1295 igitur,
2743 1225 2972 1295 inquies,
3005 1227 3050 1280 si
3072 1226 3224 1281 valde
3253 1236 3435 1282 tenera
3468 1238 3627 1284 mtate

2047 1313 2247 1382 fuerit,
2296 1323 2455 1386 atque
2497 1316 2690 1387 exiguo
2747 1324 2989 1386 tempore
3034 1315 3140 1371 frui
3184 1318 3300 1372 viro
3355 1318 3631 1387 potuerit?

2046 1405 2184 1472 Quin
2209 1405 2275 1461 ad
2307 1405 2512 1475 puellas
2551 1405 2665 1461 haze
2690 1405 2820 1461 mihi
2860 1406 3000 1462 dicta
3024 1417 3168 1475 sunt,
3201 1422 3308 1464 non
3346 1409 3483 1474 illas,
3512 1423 3631 1479 quas

2042 1497 2152 1568 jam
2183 1507 2512 1564 senuerunt;
2543 1514 2666 1554 nam
2693 1514 2815 1554 cum
2845 1499 2970 1567 illis,
2997 1500 3043 1554 si
3065 1499 3133 1554 ad
3163 1499 3370 1571 nuptias
3395 1502 3629 1556 aninmm

2047 1588 2332 1659 adjiciant,
2397 1605 2466 1645 ne
2495 1589 2712 1645 verbum
2757 1589 2970 1660 quidem
3002 1589 3230 1656 faciam;
3272 1603 3445 1662 neque
3486 1593 3629 1647 enim

2048 1689 2228 1736 nostra
2275 1680 2380 1736 illis
2417 1681 2587 1736 oratio
2627 1695 2657 1734 a
2697 1681 2932 1736 secundo
2973 1679 3318 1738 matrimonio
3361 1683 3634 1738 abstinen-

2047 1769 2172 1824 dum
2195 1769 2555 1839 persuaderet,
2579 1768 2720 1840 quod
2748 1784 2926 1840 neque
2969 1769 3223 1840 temporis
3253 1770 3630 1842 longinquitas,

2047 1873 2222 1932 neque
2241 1868 2394 1928 tetas,
2413 1875 2593 1930 neque
2620 1860 2763 1915 aliud
2785 1861 3073 1931 quidquam
3098 1859 3419 1931 persuadere
3441 1863 3632 1933 potuit;

2049 1949 2144 2006 sed
2177 1949 2244 2004 ad
2272 1950 2496 2020 juvenes
2519 1953 2695 2005 omnis
2726 1951 2856 2005 mihi
2882 1959 2967 2006 est
2995 1952 3232 2007 instituta
3262 1954 3453 2007 oratio.
3478 1953 3633 2021 Qua:-

2048 2043 2123 2099 ris
2163 2043 2343 2115 igitur,
2390 2042 2518 2114 quid
2545 2042 2592 2097 si
2625 2042 2796 2112 puella
2818 2083 2832 2107 ,
2877 2051 2933 2098 et
2959 2059 3080 2114 quae
3115 2059 3220 2099 uno
3261 2052 3464 2099 tantum
3491 2061 3633 2101 anno

2048 2148 2169 2189 cum
2201 2134 2377 2204 priore
2406 2134 2520 2188 viro
2550 2132 2739 2200 fuerit,
2785 2133 2937 2189 alteri
2969 2134 3175 2190 nubat?
3204 2151 3299 2190 cur
3325 2137 3467 2192 illam
3497 2150 3633 2207 prat-

2049 2227 2190 2284 feres
2218 2228 2299 2293 ei,
2330 2243 2449 2298 quae
2486 2228 2671 2298 viginti
2709 2237 2800 2283 aut
2828 2228 3042 2299 triginta
3072 2245 3242 2284 annos
3275 2231 3326 2285 in
3355 2232 3632 2287 matrimo-

2050 2321 2139 2375 nio
2165 2320 2314 2390 egit?
2353 2319 2467 2375 Non
2501 2320 2604 2375 hoc
2647 2336 2824 2375 meum
2855 2330 2958 2387 est,
3005 2321 3102 2377 sed
3145 2322 3286 2378 beati
3315 2323 3464 2377 Pauli
3497 2341 3508 2376 :
3543 2323 3632 2378 ille

2049 2413 2192 2467 enim
2224 2411 2437 2482 inquit:
2469 2409 2678 2466 Beatior
2717 2420 2886 2467 autem
2933 2413 3063 2478 erit,
3108 2413 3154 2467 si
3190 2415 3262 2467 sic
3305 2416 3634 2483 permanserit

2051 2505 2128 2577 (l.
2157 2504 2275 2561 Car.
2304 2507 2356 2560 7.
2385 2504 2500 2578 40).
2531 2505 2862 2576 Czeteroqui,
2894 2503 3104 2562 tametsi
3136 2505 3224 2560 illa
3249 2507 3339 2561 diu
3365 2515 3484 2561 cum
3519 2507 3635 2562 viro

2050 2596 2200 2662 vixit,
2231 2605 2406 2651 tamen
2437 2612 2558 2652 cum
2584 2613 2719 2664 uno,
2751 2596 2938 2652 eodem
2961 2640 2974 2663 ,
3005 2611 3068 2653 ac
3106 2598 3247 2665 solo,
3281 2613 3544 2668 quemque
3569 2600 3635 2654 ab

2051 2688 2204 2743 initio
2233 2687 2486 2759 accepit:
2519 2688 2634 2743 haec
2671 2697 2844 2744 autem
2894 2687 3102 2744 duobus
3149 2702 3207 2744 se
3254 2690 3422 2760 ipsam
3465 2689 3632 2754 dedit,

2053 2781 2212 2852 idque
2241 2781 2383 2836 intra
2413 2781 2574 2836 breve
2605 2792 2835 2852 tempus.
2864 2782 2932 2836 At
2960 2795 3063 2836 non
3091 2781 3363 2838 voluntate
3392 2797 3521 2851 sua,
3549 2782 3635 2836 in-

2050 2873 2205 2943 quit;
2254 2887 2378 2927 nam
2422 2872 2468 2927 si
2515 2873 2663 2943 prior
2707 2873 2947 2939 viveret,
2995 2885 3159 2927 unum
3214 2873 3365 2927 illum
3410 2881 3634 2939 amaret,

2051 2973 2309 3035 prreterea
2355 2963 2628 3019 neminem
2659 2981 2672 3016 :
2705 2979 2848 3019 nunc
2883 2965 3096 3035 quando
3143 2965 3424 3020 immatura
3465 2976 3636 3020 morte

2051 3055 2291 3112 Sublatus
2330 3063 2432 3122 est,
2479 3055 2780 3110 necessario
2820 3055 2974 3110 alteri
3017 3055 3279 3125 jungitur.
3325 3055 3428 3111 Sed
3464 3057 3637 3126 qualis

2052 3159 2135 3205 est
2159 3149 2275 3204 hrec
2301 3149 2637 3204 necessitas?
2675 3148 2788 3218 Ego
2817 3148 2958 3202 enim
2985 3150 3084 3203 hac
3109 3163 3266 3218 quam
3295 3147 3456 3203 affers
3476 3148 3636 3202 aliam

2052 3243 2211 3313 longe
2249 3242 2505 3311 majorem
2532 3239 2709 3308 video,
2743 3256 2861 3310 qua:
2901 3240 3069 3310 ipsam
3112 3249 3323 3293 mortuo
3347 3239 3464 3294 viro
3504 3253 3636 3295 con-

2054 3342 2252 3390 tentam
2291 3348 2410 3388 esse
2437 3331 2688 3398 suadeat,
2722 3332 2970 3386 nimirum
2999 3329 3260 3401 gustando
3289 3330 3591 3401 percepisse
3615 3370 3632 3395 ,

2053 3433 2307 3494 quantum
2353 3423 2520 3478 amari
2563 3423 2687 3478 insit
2729 3423 2780 3476 in
2827 3421 2984 3477 rebus
3025 3420 3324 3475 mundanis.
3358 3419 3488 3474 Nam
3517 3435 3638 3489 qua:

2054 3519 2106 3572 in
2153 3517 2280 3587 ipsis
2330 3514 2514 3586 perdiu
2565 3523 2770 3570 versata
2814 3521 2868 3569 et
2903 3513 3090 3567 satiata
3139 3520 3254 3579 est,
3298 3512 3366 3566 ad
3423 3511 3637 3566 easdem

2053 3624 2265 3664 rursum
2305 3621 2363 3662 se
2400 3605 2671 3669 conferet,
2712 3604 2864 3675 quasi
2901 3603 3104 3658 similes
3144 3603 3428 3658 inventura
3463 3618 3476 3655 :
3517 3617 3637 3671 qua:

2053 3713 2228 3757 autem
2261 3700 2516 3771 principia
2555 3699 2668 3769 ipsa
2697 3698 2831 3753 adeo
2860 3696 3084 3752 molesta
3121 3704 3338 3766 experta
3367 3702 3480 3759 est,
3512 3695 3638 3764 quid

2054 3794 2155 3848 sibi
2203 3792 2432 3857 volens,
2482 3798 2574 3845 aut
2623 3804 2883 3860 sperans,
2930 3787 3295 3842 molestiarum
3346 3784 3640 3856 periculum

2054 3883 2256 3938 faciet?
2285 3881 2419 3936 Nam
2449 3882 2494 3935 si
2522 3880 2640 3950 quis
2667 3879 2733 3934 ad
2763 3889 3119 3934 mercaturam
3152 3876 3386 3931 animum
3413 3874 3636 3943 appulit,

2054 3977 2101 4031 si
2129 3982 2409 4044 antequam
2439 3971 2726 4041 quidquam
2755 3970 2888 4024 lucri
2919 3967 3108 4032 faciat,
3141 3966 3297 4020 simul
3327 3981 3390 4020 ac
3417 3980 3449 4019 e
3483 3973 3638 4034 portu

2056 4069 2203 4132 exiit,
2229 4065 2559 4134 naufragium
2592 4062 2746 4128 fecit,
2779 4077 2884 4116 non
2917 4061 3070 4114 facile
3099 4066 3451 4114 mercaturam
3489 4066 3638 4127 post-

2058 4158 2158 4213 hac
2180 4155 2484 4221 exercebit;
2517 4156 2588 4208 ita
2615 4160 3030 4208 consentaneum
3057 4159 3158 4216 est,
3187 4149 3323 4203 hanc
3349 4149 3512 4201 multa
3538 4145 3639 4204 sibi

2058 4264 2089 4304 e
2119 4247 2459 4303 matrimonio
2486 4243 2716 4314 jucunda
2744 4243 3081 4312 pollicentem
3102 4282 3118 4306 ,
3147 4255 3329 4294 verum
3356 4247 3638 4307 antequam

2057 4339 2125 4394 ad
2153 4354 2216 4394 ea
2240 4339 2377 4392 bene
2407 4334 2742 4406 percipienda
2774 4333 3051 4404 pervenire
3079 4338 3271 4401 queat,
3329 4339 3529 4384 tantum
3557 4329 3636 4386 lu-

2059 4440 2201 4485 ctum
2232 4426 2724 4498 deprehendentem
2750 4467 2764 4492 ,
2794 4439 2972 4479 rerutn
3002 4423 3348 4478 humanarum
3379 4427 3656 4490 amorem”

2060 4521 2160 4576 nisi
2190 4519 2342 4575 valde
2371 4518 2440 4573 sit
2482 4519 2875 4587 intemperans,
2922 4515 3208 4584 deponere.
3252 4514 3553 4582 Quinetiam
3593 4513 3658 4569 si»

2061 4613 2214 4668 valde
2243 4614 2308 4668 iis
2336 4611 2600 4667 afﬁciatur
2627 4617 2786 4679 atque
2812 4608 2998 4674 inhiet,
3027 4607 3270 4676 principii
3301 4615 3476 4661 tamen
3508 4606 3640 4676 injn.

2062 4706 2307 4761 cunditas
2335 4704 2464 4758 satis
2489 4703 2677 4757 idonea
2705 4710 2806 4767 est,
2834 4717 2951 4770 quae
2979 4715 3191 4755 omnem
3217 4699 3520 4767 exstinguat
3545 4713 3642 4752 cu.-

2061 4797 2354 4866 piditatem.
2380 4795 2530 4849 Tunc
2557 4794 2698 4849 enim
2731 4793 2782 4846 in
2813 4793 2896 4857 iis,
2930 4807 3049 4861 qua:
3088 4790 3417 4858 suscepimus
3437 4830 3452 4852 ,
3481 4788 3645 4857 petis-

2062 4889 2254 4944 simum
2286 4901 2629 4956 perseverare
2661 4883 3064 4948 consuevimus,
3095 4896 3214 4935 cum
3247 4879 3500 4960 principia
3530 4878 3647 4948 ipsa-

2063 4995 2126 5035 ex
2155 4979 2418 5035 sententia
2460 4976 2857 5048 processerint;
2893 4975 3036 5045 quod
3075 4974 3120 5029 si
3163 4973 3229 5027 ab
3272 4972 3464 5036 initio,
3488 4981 3667 5040 atque-

2064 5074 2130 5126 ah
2162 5071 2324 5141 ipsis,
2357 5080 2414 5124 ut
2445 5071 2512 5124 ita
2555 5070 2780 5124 dixerim
2802 5111 2816 5134 ,
2858 5067 3161 5121 carceribus
3204 5067 3253 5118 in
3286 5063 3556 5117 molestias
3589 5078 3652 5116 ac

2064 5165 2401 5220 difﬁcultates
2427 5164 2769 5226 incurrimus,
2806 5161 2984 5214 statim
3013 5157 3270 5227 cupiditas
3299 5154 3553 5219 defervet,
3589 5170 3651 5208 ao

2067 5265 2232 5310 totum
2281 5255 2550 5324 negotium
2600 5253 2932 5322 deponimus.
2983 5247 3376 5316 Quamobrem,
3422 5260 3662 5314 quarunt

2067 5348 2348 5401 immatura
2367 5345 2591 5400 viduitas
2614 5353 2713 5407 est,
2734 5343 2832 5396 has
2854 5341 2980 5395 mihi
3007 5341 3229 5393 alterum
3254 5338 3649 5392 matrimonium

2067 5437 2238 5492 facilis
2263 5436 2631 5505 repudiaturas
2653 5431 2945 5487 verisimile
2971 5429 3201 5494 videtur,
3225 5443 3292 5483 ne
3317 5427 3503 5482 cadent
3531 5443 3648 5482 rur-

2066 5544 2157 5584 sus
2185 5527 2570 5597 perpetiantur.
2593 5524 2724 5578 Nam
2752 5537 2869 5591 qua:
2895 5528 3072 5575 servat
3090 5519 3423 5584 viduitatem,
3451 5518 3503 5572 in
3536 5525 3650 5571 tnto

2067 5635 2127 5674 se
2168 5617 2484 5682 collocabit,
2519 5631 2618 5670 nec
2645 5614 2871 5668 similem
2903 5611 3125 5682 posthac
3165 5611 3365 5666 luctum
3405 5608 3645 5672 timebit;

2070 5728 2229 5782 quem
2255 5726 2381 5767 sane
2415 5717 2725 5782 exspectare
2766 5715 3012 5778 cogetur,
3057 5721 3173 5777 qua:
3201 5704 3434 5761 secundo
3461 5701 3644 5757 matri.
