4016 6154
354 256 456 311 διο

357 368 594 423 monium
623 366 908 423 contraxit.
936 365 1050 420 lluc
1079 363 1284 419 accedit
1311 360 1552 418 eamdem
1578 359 1790 430 quidem
1817 372 1935 414 esse

359 460 694 526 viduitatem,
728 473 832 513 non
864 465 1040 511 tamen
1071 453 1311 510 eamdem
1341 447 1587 506 omnibus
1617 449 1786 504 viduis
1814 465 1936 518 pro-

359 551 585 618 positam
627 563 744 605 esse
783 546 1116 612 mercedem,
1146 545 1239 600 sed
1272 543 1360 598 uni
1404 542 1750 612 ampliorem,
1785 538 1936 593 alteri

361 640 677 708 parciorem.
713 638 840 706 Quae
863 638 1004 693 enim
1041 636 1110 690 ab
1147 633 1501 689 adolescentia
1533 632 1716 701 jugum
1757 644 1938 684 susce-

359 737 581 798 perunt,
613 728 779 783 multo
807 727 1008 797 majore
1049 725 1252 779 honore
1286 723 1554 793 potientur
1575 763 1590 788 ,
1623 730 1779 792 atque
1819 735 1938 773 am-

361 821 619 890 plioribus
651 818 992 882 muneribus;
1038 833 1156 886 qua:
1195 824 1371 870 autem
1402 815 1454 869 in
1499 815 1610 884 ipsa
1636 813 1746 882 jam
1781 827 1939 868 sene-

361 921 527 977 ctute,
556 926 660 964 non
693 925 842 979 teque
867 916 1026 978 atque
1056 906 1180 961 illae.
1208 905 1344 974 Quid
1380 903 1493 958 ita?
1523 903 1673 970 Quod
1700 902 1784 956 illa
1825 902 1942 972 qui-

360 1002 514 1067 dem,
543 1016 661 1056 cum
705 1000 867 1054 multa
896 999 1206 1063 obstarent,
1251 997 1320 1052 ob
1347 996 1441 1050 Dei
1483 996 1726 1048 timorem
1764 993 1941 1047 omnia

361 1092 462 1147 sibi
511 1090 821 1162 perferenda
865 1089 1034 1153 duxit,
1082 1087 1204 1143 huic
1242 1095 1418 1140 autem
1462 1084 1608 1139 nullo
1647 1081 1841 1137 sudore
1879 1097 1942 1137 ac

364 1184 548 1238 labore
587 1197 725 1254 opus
765 1183 859 1236 fuit
885 1199 900 1238 :
928 1182 1046 1252 quis
1090 1181 1231 1236 enim
1279 1179 1448 1244 labor,
1496 1177 1585 1232 ubi
1629 1175 1759 1231 nihil
1801 1175 1944 1246 quod

363 1275 469 1329 vim
516 1273 746 1329 afferat?
797 1272 1253 1339 Quemadmodum
1303 1271 1496 1341 igitur,
1546 1284 1666 1340 qua:
1713 1268 1943 1337 seipsam

365 1364 516 1418 alteri
546 1364 659 1418 viro
685 1363 856 1431 didit,
889 1363 938 1418 ei
963 1404 978 1428 ,
1019 1378 1137 1432 qua;
1168 1362 1380 1416 unicum
1413 1360 1656 1430 agnovit,
1688 1357 1950 1415 concedat

365 1461 578 1524 Oportet
611 1471 622 1505 :
658 1454 728 1508 ita
756 1468 874 1523 quae
914 1453 966 1506 in
1000 1451 1228 1520 ipsomet
1254 1451 1424 1522 aetatis
1459 1451 1590 1505 flore
1617 1450 1669 1505 in
1695 1449 1947 1506 viduitate

367 1553 711 1615 perseverat,
740 1545 896 1614 longo
926 1544 1202 1598 intervallo
1245 1557 1362 1598 eam
1384 1584 1399 1610 ,
1432 1559 1549 1614 quae
1586 1543 1639 1596 in
1677 1550 1949 1597 senectute

367 1636 540 1689 virum
581 1635 774 1699 amisit,
819 1635 1058 1688 anteibit.
1105 1634 1266 1703 Atqui
1311 1643 1535 1702 utraque
1563 1647 1728 1685 unum
1768 1630 1951 1684 habuit

367 1728 575 1795 virum,
615 1727 710 1782 sed
742 1727 854 1782 haec
897 1737 1072 1780 tamen
1115 1727 1288 1795 ipsum
1327 1725 1585 1779 castitatis
1626 1722 1948 1778 curriculum

370 1820 634 1884 confecit,
663 1819 752 1873 illa
781 1833 912 1874 vero
940 1819 1098 1887 longo
1127 1817 1276 1871 abest
1306 1815 1606 1870 intervallo.
1655 1813 1816 1884 Igitur
1843 1828 1950 1868 non

369 1915 438 1969 ad
469 1915 703 1969 laborem
745 1913 916 1968 solum
937 1954 952 1979 ,
983 1911 1075 1966 sed
1102 1911 1262 1966 etiam
1291 1909 1357 1963 ad
1388 1907 1689 1964 mercedem
1719 1918 1949 1976 spectes.

371 2005 461 2060 Sic
491 2005 740 2074 pleraque
767 2003 1016 2058 virtutum
1044 2001 1217 2055 ofﬁcia
1242 1999 1478 2055 difficilia
1507 1998 1661 2054 nobis
1682 1998 1948 2065 videntur,

371 2111 491 2149 cum
539 2095 763 2150 sudores
811 2105 968 2164 atque
1019 2107 1312 2157 aerumnas,
1345 2107 1462 2161 quae
1492 2089 1782 2145 subeunda:
1807 2097 1950 2155 sunt,

372 2187 583 2241 assidue
605 2186 784 2240 animo
806 2200 1102 2253 versamus,
1127 2199 1299 2254 neque
1324 2184 1592 2253 proposita
1618 2181 1720 2236 illis
1737 2182 1953 2252 prmmia

373 2275 868 2331 animadvertimus.

449 2367 567 2424 Una
603 2386 715 2422 cum
767 2367 1020 2423 laboribus
1058 2369 1269 2439 pra'mia
1317 2383 1509 2438 quoque
1555 2365 1846 2437 spectanda.
1883 2391 1955 2404 -—-

376 2462 528 2530 Quod
557 2463 777 2517 minime
802 2461 1100 2516 faciendum
1129 2470 1230 2526 est,
1255 2459 1349 2514 sed
1374 2459 1772 2528 circumspectis
1797 2457 1955 2513 simul

378 2553 646 2609 laboribus
687 2568 750 2608 ac
779 2553 1012 2624 praemiis
1041 2566 1248 2606 summa
1290 2549 1666 2614 subducenda;
1699 2557 1826 2602 tunc
1863 2564 1958 2602 au-

380 2659 484 2701 tem
505 2689 522 2716 ,
553 2657 610 2702 ut
638 2662 768 2702 vere
809 2653 964 2714 sunt,
1009 2646 1082 2700 ita
1107 2659 1138 2698 a
1167 2644 1319 2700 nobis
1349 2643 1521 2698 facilia
1558 2641 1955 2713 judicabuntur.

378 2736 510 2793 Nam
537 2737 624 2806 qui
651 2737 703 2790 in
732 2736 873 2790 bello
895 2735 1152 2805 praeclare
1174 2748 1232 2790 se
1251 2733 1408 2805 gerit,
1437 2747 1545 2788 non
1563 2732 1781 2787 vulnera
1807 2731 1961 2787 dum-

380 2835 554 2892 taxat,
583 2840 737 2880 casus
765 2841 828 2881 ac
853 2835 1110 2894 mortem,
1139 2825 1243 2881 sed
1269 2827 1428 2880 etiam
1458 2834 1684 2894 tropaea,
1709 2823 1958 2879 victorias

379 2924 707 2987 caeterosque
731 2917 964 2973 honores
989 2932 1176 2974 omnes
1199 2925 1453 2987 reputans
1476 2916 1530 2970 in
1557 2915 1723 2970 aciem
1752 2915 1960 2970 fortiter

381 3005 656 3064 descendit
703 3025 716 3062 :
758 3009 837 3066 sic
885 3008 1112 3080 agricola
1163 3023 1270 3066 non
1323 3007 1500 3064 solum
1552 3006 1818 3075 laborem,
1866 3006 1958 3078 qui

1068 258 1126 310 S.
1161 256 1442 312 .IOANNIS
1477 254 1963 311 CHRYSOSTOMI
1998 252 2319 308 ARCHIEP.
2362 243 2907 308 CONSTANTI'NOP.

3509 245 3615 302 620

2037 358 2235 414 arando
2273 375 2338 414 ac
2378 359 2629 416 fodiendo
2653 360 2944 416 sumendus
2969 368 3086 427 est,
3125 357 3217 414 sed
3245 358 3406 414 etiam
3436 373 3612 414 aream

2037 463 2100 502 ac
2145 449 2424 504 toreularia
2459 451 2528 506 ob
2560 451 2743 506 oculos
2785 465 3125 521 proponens,
3170 450 3415 504 alacriter
3456 463 3620 519 opera

2040 555 2134 595 sua
2165 552 2334 612 urget.
2380 542 2563 598 Itidem
2603 543 2760 613 igitur
2797 551 2853 598 et
2889 557 2987 598 nos
3014 557 3108 613 spe
3148 543 3287 598 bona
3327 557 3620 598 aerumnam

2042 631 2308 686 viduitatis
2334 632 2502 687 levem
2529 633 2832 698 reddamus,
2860 642 3018 702 atque
3042 647 3108 688 eo
3135 633 3304 702 magis
3335 647 3434 686 nos
3457 647 3618 702 quam

2042 721 2136 786 illi,
2167 723 2308 791 quod
2338 722 2441 778 illis
2466 723 2680 792 quidem
2701 723 2865 777 multa
2893 737 3034 792 saepe
3054 738 3120 778 ex
3151 723 3236 791 iis,
3268 738 3388 792 qua:
3414 723 3464 778 in
3491 722 3623 792 ipsis

2042 817 2142 870 sita
2173 830 2280 870 non
2309 823 2481 881 erant,
2509 815 2962 886 exspectationem
2991 815 3382 884 praeciderunt;
3414 823 3623 869 nostras

2044 916 2220 962 autem
2259 923 2381 978 spes
2425 923 2584 963 nemo
2624 916 2707 963 est
2750 909 2838 978 qui
2880 906 3201 972 confundat,
3242 905 3345 961 nisi
3380 907 3623 960 voluntas

2046 1006 2224 1052 nostra
2249 999 2554 1053 accesserit.
2584 998 2713 1064 Qua:
2743 997 2943 1052 utinam
2977 1012 3082 1052 non
3112 996 3344 1059 accedat,
3376 995 3470 1050 sed
3497 994 3624 1050 illud

2048 1089 2321 1143 nobiscum
2370 1089 2662 1159 cogitantes
2711 1088 2922 1142 viduam
2966 1103 2996 1140 a
3045 1087 3245 1157 virgine
3289 1102 3394 1142 non
3438 1087 3626 1156 procul

2047 1181 2236 1236 abesse
2255 1221 2270 1247 ,
2300 1191 2458 1251 atque
2484 1181 2644 1236 etiam
2676 1180 2943 1235 interdum
2988 1180 3134 1234 illam
3161 1179 3480 1234 antecellere
3501 1218 3516 1244 ,
3549 1179 3632 1232 ni-

2049 1273 2242 1328 mirum
2261 1313 2276 1337 ,
2305 1286 2424 1325 cum
2454 1271 2604 1341 virgo
2634 1271 2860 1341 negotiis
2885 1285 2944 1325 se
2981 1270 3264 1340 implicarit
3297 1287 3310 1325 :
3347 1268 3509 1324 Vidua
3527 1282 3629 1320 au-

2054 1372 2156 1419 tem
2187 1378 2252 1417 ex
2273 1363 2423 1418 Pauli
2449 1363 2735 1418 sententia-
2759 1363 2983 1416 desolata
3007 1372 3052 1416 et
3077 1363 3128 1414 in
3150 1361 3258 1415 Deo
3281 1377 3420 1428 spem
3444 1375 3632 1430 ponens

2050 1454 2284 1508 institerit
2323 1453 2745 1508 obsecrationibus
2772 1461 2818 1506 et
2857 1452 3165 1506 orationibus
3195 1450 3282 1521 (1.
3308 1449 3438 1504 Tim.
3463 1450 3516 1504 5.
3540 1449 3630 1518 5),

2051 1555 2212 1616 atque
2239 1545 2305 1600 ab
2334 1545 2490 1615 hujus
2521 1546 2645 1600 vitae
2685 1544 2911 1614 negotiis
2940 1543 3272 1599 abstinuerit.
3313 1541 3370 1597 In
3409 1555 3628 1596 arenam

2056 1639 2193 1692 hanc
2219 1637 2607 1693 descendamus
2637 1646 2694 1692 ut
2734 1652 2851 1706 qua:
2880 1636 3003 1691 inde
3034 1650 3130 1690 nos
3155 1644 3372 1689 manent
3412 1631 3633 1704 praemia

2055 1746 2463 1800 consequamur.
2490 1730 2634 1796 Haec,
2664 1745 2770 1784 non
2797 1744 2902 1798 quo
2931 1727 3228 1782 necessaria
3249 1725 3632 1796 judicaremus,

2056 1823 2327 1877 attulimus
2347 1863 2363 1890 ,
2390 1830 2480 1876 aut
2509 1835 2615 1891 quo
2640 1821 2787 1886 illas,
2816 1835 2934 1889 quze
2963 1820 3018 1873 in
3043 1818 3297 1873 viduitate
3328 1829 3636 1886 permanere

2057 1913 2261 1980 nolunt,
2288 1911 2794 1977 condemnaremus,
2823 1909 2915 1964 sed
2945 1909 3046 1963 hoc
3075 1923 3236 1962 unum
3266 1906 3636 1962 cohortatione

2058 2002 2524 2072 admonitioneque
2550 2009 2732 2056 nostra
2757 2010 2994 2070 agentes,
3022 2007 3080 2053 ut
3106 2013 3174 2053 ne
3203 2007 3356 2052 terra:
3385 2005 3639 2066 perpetuo

2059 2095 2230 2149 affixa:
2262 2094 2470 2148 haerere
2504 2092 2689 2160 velint,
2734 2091 2828 2146 sed
2870 2090 3035 2145 semel
3074 2089 3259 2155 soluta;
3302 2088 3353 2141 in
3395 2087 3638 2142 libertate

2062 2193 2331 2252 maneant,
2356 2185 2421 2239 ad
2442 2184 2631 2239 caelum
2667 2185 2921 2252 aSpirent,
2949 2180 3218 2236 caelestem
3241 2176 3451 2233 vivendi
3478 2177 3641 2230 ratio-

2063 2294 2185 2334 nem
2212 2276 2519 2342 adhibeant,
2545 2290 2606 2329 ac
2632 2274 2827 2344 juncta:
2849 2272 3060 2327 Christo
3080 2287 3143 2327 ea
3163 2272 3339 2326 omnia
3365 2278 3635 2340 prmstenl,

2061 2386 2181 2442 qua:
2207 2370 2274 2424 iis
2295 2368 2634 2434 conveniunt,
2659 2381 2777 2435 qua:
2801 2375 3006 2419 tantum
3028 2372 3197 2419 nacta:
3218 2373 3342 2418 sunt
3363 2376 3640 2432 Sponsum:

2059 2462 2309 2533 quoniam
2353 2459 2526 2529 ipsum
2578 2457 2771 2513 decet‘
2801 2457 2975 2512 omnis
3025 2455 3212 2525 gloria,
3244 2454 3414 2508 honor
3439 2462 3491 2507 et
3516 2452 3646 2506 ado-

2060 2555 2197 2608 ratio
2226 2567 2329 2606 una
2357 2565 2476 2605 cum
2503 2558 2718 2618 experte
2748 2545 2994 2618 principii
3019 2547 3174 2600 Patre
3203 2559 3264 2600 ac
3288 2542 3495 2598 viviflco
3518 2557 3643 2595 san-

2064 2655 2256 2713 ctoque
2286 2643 2453 2712 ipsius
2483 2639 2684 2709 Spiritu
2703 2679 2718 2707 ,
2752 2653 2893 2694 nunc
2930 2645 2985 2694 et
3011 2650 3256 2708 semper,
3284 2643 3340 2690 et
3366 2635 3422 2689 in
3448 2632 3645 2689 saecula

2063 2735 2404 2792 saeculorum.
2431 2733 2621 2788 Amen.

2129 2954 2146 2986 ι
2182 2951 2412 3014 quoniam
2431 2948 2588 3014 ipsum
2610 2948 2760 3014 (tecet,
2786 2953 2891 3014 etc._
2912 2953 3029 3014 tunc
3064 2939 3538 3014 vulgata-0009111510
3559 2939 3650 2990 d0-

2069 3023 2146 3068 est
2168 3004 2218 3066 ἰὰ
2238 3013 2390 3076 Colb.,
2415 3004 2588 3077 estque
2611 3004 2812 3062 fortasse
2835 3004 3210 3060 additamentum
3233 3004 3430 3054 librarii.
