4016 6154
199 212 306 269 6Ῑ9

195 327 391 397 «ζον-ται
416 327 602 384 τούτου
639 332 883 402 μισθοὺς,
919 335 1032 389 ἀλλ’
1059 339 1115 390 αἱ
1137 340 1235 409 μὲν
1267 341 1504 410 πλείους,
1539 347 1591 396 αἱ
1619 345 1675 398 δὲ
1709 347 1862 401 ἐλάτ-

191 441 345 490 τους.
393 429 458 483 Δί
494 432 595 501 μὲν
631 433 741 504 γὰρ
780 436 840 488 ὲν
883 437 1092 509 νεότητι
1133 440 1224 493 τὸν
1260 441 1423 510 ζυγὸν
1465 443 1863 516 άναδεξάμεναι

191 524 440 588 πλείονος
478 527 878 584 ἀπολαύσονται
909 534 1002 586 καὶ
1039 534 1139 604 τῆς
1167 537 1332 607 τιμῆς
1361 539 1454 591 καὶ
1482 540 1579 611 τῆς
1629 539 1860 612 δωρεᾶς,

189 619 248 671 αί
283 619 347 672 δὲ
386 621 518 692 πρὸς
550 623 699 695 αὐτῷ
725 625 805 696 τῷ
839 627 985 698 γήρᾳ.
1014 629 1112 698 οὐχ
1137 630 1338 700 ὁμοίως
1382 632 1638 696 ἐκείναις.
1668 635 1732 688 Τί
1764 635 1862 703 δή·

189 732 364 782 ποτε;
398 717 514 770 ’Ὁτι
545 719 577 790 ἡ
614 720 714 790 μὲν
745 721 952 775 πολλῶν
988 721 1139 796 [559]
1169 725 1341 779 όντων
1378 726 1484 780 τῶν
1519 729 1862 799 κωλυμάτων

186 811 278 864 διὰ
305 811 399 865 τὸν
439 811 533 866 τοῦ
569 815 705 868 Θεοῦ
757 817 920 887 φόϐον
963 818 1140 872 πάντα
1168 820 1460 892 ἠνέσχετο,
1485 821 1620 895 αὕτη
1653 824 1711 878 δὲ
1741 826 1862 879 οὐδὲ

190 908 404 979 βρκχὺν
437 911 636 982 ἱδρῶτα
665 912 956 983 ὑπέμεινεν
982 915 1103 969 οὐδὲ
1130 917 1290 970 πόνον
1308 933 1323 948 ⁸
1345 918 1462 982 πῶς
1486 919 1618 992 γὰρ,
1648 921 1860 986 οὐδενὸς

187 1004 344 1067 ὄντος
383 1006 706 1077 πράγματος
739 1009 833 1062 τοῦ
865 1009 986 1080 βίαν
1025 1011 1390 1082 παρέχοντος;
1426 1013 1636 1083 Ὥσπερ
1682 1009 1775 1068 οὗν
1824 1017 1859 1085 ἡ

186 1101 428 1175 δευτέρῳ
462 1103 626 1159 δοῦσα
668 1107 868 1176 ἑαυτὴν
901 1107 1136 1162 ὲλάττων
1167 1108 1286 1162 ἐστὶ
1321 1111 1421 1180 τῆς
1449 1111 1540 1164 τὸν
1566 1109 1664 1163 ἕνα
1694 1109 1861 1181 ἄνδρα

187 1199 446 1271 ἐχούσης,
473 1201 644 1266 οὕτως
670 1204 703 1274 ὴ
729 1205 787 1258 ἐν
813 1204 1011 1276 χηρείᾳ
1042 1204 1279 1275 μένουσα
1304 1207 1361 1260 ὲν
1389 1207 1524 1278 αὐτῇ
1553 1209 1619 1277 τῇ
1648 1206 1860 1277 νεότητι

187 1297 372 1369 πολλῷ
404 1299 484 1372 τῷ
519 1301 702 1372 μέτρῳ
731 1302 830 1373 τὴν
861 1303 916 1355 ἐν
936 1302 1016 1374 τῷ
1050 1305 1198 1375 γήρᾳ
1235 1305 1325 1358 τὸν
1358 1305 1528 1376 ἄνδρα
1556 1304 1861 1359 άποὸαλοῦ-

187 1410 284 1446 σαν
321 1395 430 1447 ὑπε
442 1397 753 1466 ρακοντίσαι
781 1398 1067 1470 δυνήσεται
1123 1399 1302 1454 καίτοι
1329 1417 1394 1470 γε
1416 1400 1751 1472 ἀμφοτέραις
1779 1395 1859 1464 είς

185 1492 413 1560 γέγονεν
442 1496 471 1547 6
507 1494 666 1566 ἀνὴρ,
701 1494 816 1550 ἀλλ’
855 1497 1006 1567 ὅμως
1036 1496 1177 1568 αὕτη
1229 1497 1327 1568 μὲν
1363 1496 1454 1551 τὸν
1487 1497 1588 1568 τῆς
1637 1496 1860 1564 ἁγνείας

185 1587 388 1658 έδραμε
420 1588 652 1660 δρόμον,
691 1591 872 1663 ἐκείνη
917 1592 974 1644 δὲ
1011 1591 1228 1657 πολλοῖς
1253 1593 1553 1664 ἀπελείφθη
1590 1595 1703 1656 τοῖς
1733 1609 1861 1646 στα⁹

186 1685 335 1749 δίοις.
384 1687 483 1758 Μὴ
524 1687 701 1741 τοίνυν
747 1688 840 1742 τὸν
885 1690 1046 1742 πόνον
1095 1689 1212 1760 ῐδῃς
1251 1689 1431 1760 μόνον,
1481 1687 1616 1742 ἀλλὰ
1648 1687 1744 1740 καὶ
1771 1685 1864 1741 τὸν

189 1781 407 1851 μισθόν.
453 1783 565 1836 Καὶ
594 1782 706 1854 γὰρ
744 1783 814 1836 τὰ
854 1783 1025 1838 πολλὰ
1064 1783 1172 1839 τῶν
1203 1784 1645 1855 κατορθωμάτων
1690 1781 1864 1846 οὕτως

186 1879 315 1949 ἡμῖν
353 1879 598 1933 δύσκολα
631 1879 901 1949 φαίνεται,
932 1882 1015 1935 ὅτι
1053 1881 1146 1935 τὸν
1174 1881 1371 1953 μόχθον
1401 1881 1580 1935 αὐτῶν
1613 1880 1708 1934 καὶ⁸
1737 1880 1865 1943 τοὺς

192 1975 431 2048 ἱδρῶτας
461 1976 703 2047 συνεχῶς
732 1976 1054 2047 στρέφοντες
1083 1979 1208 2042 τοὺς
1247 1975 1640 2049 ἀποκειμένους
1679 1975 1866 2038 αὐτοῖς

192 2072 426 2143 μισθοὺς
471 2073 572 2126 οὐκ
617 2074 675 2126 ὲν
717 2071 794 2144 νῷ
840 2073 1208 2146 λαμϐάνομεν.
1265 2074 1403 2128 Ἀλλ’
1446 2075 1545 2144 οὐχ
1591 2072 1732 2126 οὕτω
1783 2071 1865 2125 δεῖ

188 2172 388 2235 ποιεῖν,
413 2169 549 2223 ἀλλὰ
570 2168 751 2224 πάντα
775 2170 906 2242 όμοῦ
929 2170 1240 2239 λογίζεσθαι
1269 2171 1407 2242 μετὰ
1434 2171 1542 2224 τῶν
1565 2170 1744 2223 πόνων
1770 2167 1867 2222 καὶ

186 2271 281 2336 τὰς
318 2271 587 2343 ἀμοιϐὰς,
625 2271 721 2324 καὶ
751 2270 921 2334 οὕτως
951 2268 1150 2325 εὔκολα
1193 2273 1324 2343 ἡμῖν
1359 2271 1641 2340 φανεῖται,
1676 2265 1865 2336 ὥσπερ

187 2365 277 2424 οὖν
305 2370 414 2423 καὶ
451 2367 600 2422 ἔστιν
627 2365 846 2422 εὔκολα.
877 2367 990 2421 Καὶ
1019 2367 1127 2440 γὰρ
1150 2370 1178 2422 6
1216 2368 1472 2439 ἀριστεὺς
1500 2366 1560 2419 ού
1589 2364 1659 2419 τὰ
1695 2363 1866 2435 τραύ-

193 2487 336 2540 ματα
366 2467 556 2540 μόνον,
580 2466 703 2520 οὐδὲ
737 2467 808 2522 τὰ
838 2467 1128 2538 πτώματα,
1157 2467 1277 2521 οὐδὲ
1305 2468 1396 2521 τὸν
1427 2466 1654 2521 θάνατον
1678 2504 1693 2530 ,
1729 2463 1869 2517 ἀλλὰ

190 2569 281 2621 καὶ
305 2565 386 2619 τὰ
431 2564 674 2636 τρόπαια
717 2563 812 2617 καὶ
845 2563 946 2628 τὰς
970 2563 1124 2628 νίκας
1170 2565 1266 2619 κει)⁴
1310 2563 1409 2627 τὰς
1453 2561 1616 2626 ἄλλας
1650 2559 1870 2623 ἁπάσας

191 2661 662 2732 ἀναλογισάμενος
685 2662 852 2733 τιμὰς
879 2660 1051 2726 οὕτως
1073 2662 1167 2715 ἐπὶ
1186 2661 1286 2733 τὴν
1308 2659 1588 2732 ἀριστείαν
1614 2657 1866 2729 ἔρχεταιο

192 2761 285 2818 καὶ
316 2762 350 2815 6
371 2757 622 2830 γεωργὸς
650 2757 710 2812 δὲ
735 2757 853 2830 οὐχὶ
878 2757 974 2830 τὴν
999 2758 1187 2830 ἄροσιν
1215 2757 1398 2830 μόνον,
1424 2755 1546 2811 οὐδὲ
1583 2755 1674 2810 τὸν
1699 2756 1758 2810 ἐν
1791 2751 1870 2826 τῷ

1413 231 1500 284 DE
1539 230 1678 287 NON
1721 231 2068 290 ITERANDO
2107 237 2464 296 CONJUGIO.

3527 248 3631 302 6‘20

1970 353 2232 408 σκάπτειν
2262 353 2421 406 πόνον
2443 393 2457 417 ,
2488 353 2623 408 ἀλλὰ
2658 355 2752 408 καὶ
2776 356 2872 428 τὴν
2897 358 3030 423 ἅλω,
3061 359 3154 412 καὶ
3182 358 3282 424 τὰς
3306 360 3498 431 ληνοὺς
3526 362 3633 431 πρὸ

1963 447 2073 501 τῶν
2106 448 2398 520 ὀφθαλμῶν
2434 448 2567 515 θεὶς,
2595 449 2739 504 οὕτω
2766 451 2875 506 τῶν
2913 452 3090 524 ἔργων
3120 454 3442 524 ἐφάπτεται.
3474 455 3632 510 Οὕτω

1965 544 2060 599 καὶ
2107 547 2267 616 ἡμεῖς
2305 547 2424 608 ταῖς
2460 545 2639 599 ἐλπίσι
2669 549 2789 610 ταῖς
2833 552 3102 618 χρησταῖς
3134 549 3224 605 τὸν
3263 549 3366 620 τῆς
3405 551 3632 621 χηρείας

1965 640 2165 712 μόχθον
2195 641 2657 712 ἐπικουφίσωμεν,
2682 643 2779 697 καὶ
2802 644 2980 716 πολλῷ
3012 645 3213 715 μᾶλλον
3239 648 3400 717 ἡμεῖς
3437 647 3471 716 ἢ
3500 648 3635 699 ἐκεῖ·

1962 753 2072 790 νοι·
2105 735 2330 798 ἐκείνοις
2361 736 2458 808 μὲν
2485 737 2593 809 γὰρ
2627 736 2796 791 πολλὰ
2830 739 3092 804 πολλάκις
3129 739 3240 793 τῶν
3270 741 3368 794 οὐκ
3411 741 3496 792 ἐπ’
3531 741 3630 793 αύ-

1962 833 2075 895 τοῖς
2099 832 2364 903 κειμένων
2385 833 2483 904 τὴν
2515 835 2844 906 προσδοκίαν
2883 835 3122 906 διέκοψε,
3150 839 3248 901 τὰς
3272 837 3328 890 δὲ
3354 839 3631 908 ἡμετέρας

1961 928 2181 994 ἐλπίδας
2219 931 2396 995 οὐδεὶς
2431 933 2459 984 6
2494 932 2869 1002 καταισχύνων
2907 933 3090 999 ἐστὶν,
3124 933 3190 986 ἂν
3240 933 3316 1004 μὴ
3363 932 3636 1004 βουληθῶ-

1964 1041 2064 1094 μεν
2103 1025 2273 1079 αύτοί.
2307 1027 2399 1095 Μὴ
2427 1027 2490 1098 δὴ
2524 1026 2902 1098 βουληθῶμεν,
2929 1027 3042 1081 ἀλλ’
3082 1029 3431 1098 ὲννοήσαντες
3467 1027 3540 1090 ὼς
3569 1028 3628 1080 ού

1961 1119 2140 1192 πολλῷ
2161 1122 2263 1191 τῆς
2283 1123 2552 1193 παρθένου
2575 1124 2608 1194 ἡ
2629 1124 2775 1194 χήρα
2798 1123 3045 1177 λείπεται
3064 1121 3202 1191 (ἔστι
3222 1123 3278 1176 δὲ
3300 1124 3432 1176 ὅπου
3462 1124 3631 1195 αὐτὴν

1959 1215 2056 1268 καὶ
2085 1214 2542 1288 ὑπερηκόντισεν,
2577 1218 2706 1272 ὅταν
2734 1219 2766 1288 ἡ
2798 1218 2898 1288 μὲν
2933 1217 3201 1289 παρθένος
3232 1217 3631 1288 περιπλέκηται

1960 1309 2280 1382 πράγμασιν
2299 1352 2314 1376 ,
2349 1313 2416 1365 Ἡ
2439 1313 2495 1365 δὲ
2517 1314 2693 1382 χήρα,
2723 1313 2861 1367 κατὰ
2885 1315 2974 1367 τὸν
2991 1312 3224 1379 Παῦλον,
3241 1312 3628 1382 μεμονωμένη

1960 1407 2059 1461 καὶ
2081 1408 2408 1468 ἐλπίζουσα
2430 1408 2528 1462 ἐπὶ
2552 1408 2658 1462 τὸν
2671 1409 2822 1464 Θεὸν
2844 1408 3259 1478 προσκαρτερῇ
3278 1409 3407 1475 ταῖς
3423 1408 3632 1473 δεήσε-

1959 1516 2023 1556 σι
2049 1501 2147 1555 καὶ
2175 1503 2304 1569 ταῖς
2325 1503 2719 1572 προσευχαῖς,
2746 1505 2839 1557 καὶ
2868 1503 2974 1556 τῶν
3001 1503 3268 1574 βιωτικῶν
3294 1504 3635 1574 πραγμάτων

1962 1596 2288 1667 ἀπέχηται),
2317 1597 2704 1668 άναδεξώμεθα
2726 1599 2820 1651 τὸν
2854 1598 3040 1667 ἀγῶνα
3068 1596 3288 1664 τοῦτον,
3318 1599 3406 1650 ἵνα
3437 1596 3546 1649 τῶν
3576 1599 3634 1649 ἐν

1964 1693 2114 1764 αὐτῷ
2142 1694 2425 1763 στεφάνων
2447 1693 2720 1765 τύχωμεν.
2751 1693 2935 1748 Ταῦτα
2960 1696 3088 1766 ὑμῖν
3113 1695 3214 1749 οὐκ
3244 1694 3492 1764 ἀνάγκης
3519 1694 3634 1746 ἓνε-

1966 1806 2060 1842 κεν
2098 1787 2349 1860 εἴρηται,
2396 1790 2548 1856 οὐδὲ,
2579 1792 2716 1862 ὅπερ
2747 1791 2914 1861 ἔφην,
2947 1791 3404 1855 καταδικάζοντες
3440 1789 3540 1852 τὰς
3573 1791 3633 1842 οὐ

1967 1885 2296 1956 βουλομένας
2323 1885 2604 1956 χηρεύειν,
2630 1888 2723 1940 ἐπὶ
2745 1886 2952 1958 ταύτην
2973 1887 3209 1959 ήλθομεν
3238 1887 3339 1958 τὴν
3369 1885 3636 1956 παραίνε-

1969 1996 2053 2033 σιν
2071 2021 2086 2046 ,
2115 1981 2250 2034 ἀλλὰ
2276 1981 2676 2052 προτρέποντες
2709 1981 2804 2035 καὶ¹
2833 1982 3295 2054 παρακαλοῦντες,
3323 1983 3396 2054 μὴ
3429 1983 3523 2036 ἐπὶ
3545 1998 3637 2034 το-

1970 2076 2158 2130 σοῦτον
2197 2076 2552 2148 προσδεθῆναι
2585 2080 2650 2150 τῇ
2682 2081 2774 2149 γῇ,
2822 2080 2938 2132 ἀλλ’
2978 2079 3126 2144 ἅπαξ
3157 2077 3412 2142 λυθείσας
3457 2081 3639 2148 μένειν

1964 2170 2278 2244 ἐλευθέρας,
2309 2173 2404 2226 καὶ
2428 2172 2518 2227 τὸν
2543 2174 2768 2244 οὐρανὸν
2794 2175 3097 2246 ἐπιζητεῖν,
3122 2176 3216 2227 καὶ
3237 2174 3335 2244 τὴν
3362 2171 3638 2226 πολιτείαν

1965 2268 2364 2322 ἐπιδείκνυσθαι
2387 2268 2485 2339 τὴν
2509 2269 2644 2335 ἐκεῖ,
2680 2271 2774 2322 καὶ
2800 2269 3172 2341 άρμοσθείσας
3192 2270 3270 2341 τῷ
3294 2269 3515 2340 Χριστῷ
3541 2267 3635 2320 οὖ-

1965 2383 2071 2431 τως
2117 2366 2332 2420 ἅπαντα
2375 2365 2661 2438 πράττειν,
2701 2367 2778 2430 ὼς
2827 2367 3070 2438 προσῆκε
3108 2367 3207 2431 τὰς
3248 2367 3339 2420 τὸν
3395 2366 3638 2419 τοιοῦτον

1968 2463 2194 2536 ἐχούσας
2237 2462 2500 2534 νυμφίον,
2543 2463 2624 2516 ὅτι
2658 2462 2807 2535 αὑτῷ
2841 2463 3041 2534 πρέπει
3093 2465 3244 2517 πᾶσα
3302 2463 3450 2529 δόξα,
3501 2459 3637 2531 τιμὴ

1966 2560 2060 2613 καὶ
2083 2558 2474 2632 προσκύνησις,
2500 2560 2595 2613 σὺν
2618 2558 2694 2630 τῷ
2717 2558 2940 2630 ὰνάρχῳ
2962 2560 3138 2630 Πατρὶ
3163 2559 3256 2613 καὶ
3277 2557 3352 2628 τῷ
3384 2553 3636 2624 ζωοποιῷ

1974 2656 2069 2708 καὶ
2106 2653 2246 2724 ἁγίῳ
2287 2653 2452 2708 αὑτοῦ
2495 2652 2804 2725 Πνεύματι,
2851 2653 2948 2710 νῦν
2994 2652 3089 2710 καὶ
3125 2654 3249 2724 ἀεὶ,
3275 2652 3371 2708 καὶ
3399 2652 3478 2716 εἰς
3511 2649 3638 2712 τοὺς

1975 2752 2175 2819 αἰῶνας
2207 2752 2314 2808 τῶν
2349 2751 2581 2807 αἰώνων.
2627 2748 2832 2827 Ἀμήν..
