4050 6160
500 264 595 320 ϐίίι

1835 461 2193 475 -'_————

1191 259 1247 315 S.
1287 259 1575 316 JOANNIS
1611 251 2106 313 CHRYSOSTOMI
2146 251 2468 311 ARCHIEP.
2513 247 3058 309 CONSTANTINOP.

3650 247 3767 304 6‘29.

2927 439 3756 471 Μ

521 446 3146 486 WW-

1255 694 1382 783 IN
1486 685 1916 780 LIBROS

2020 685 2167 775 DE
2271 677 3026 774 SACERDOTIO

1772 959 2503 1082 MONITUM.

1899 1235 2381 1262 η--ι-...ι--υ

579 1429 730 1505 1560]
751 1426 946 1484 Ελίιιιίἰ
960 1423 1141 1495 operis
1157 1426 1533 1494 argumentum
1547 1430 1610 1472 ex
1637 1415 1754 1487 ipso
1776 1413 1895 1484 eius
1913 1426 2084 1483 prom-

513 1504 625 1580 tnio
648 1535 978 1578 nnuuamur.
1009 1516 1270 1577 Basilius,
1308 1513 1448 1567 inter
1474 1511 1683 1567 amicos
1704 1504 2083 1577 Chrysostomi

521 1617 848 1687 praecipuus,
881 1611 1074 1666 iisdem
1098 1615 1259 1677 atque
1287 1605 1375 1659 ille
1408 1601 1709 1674 magistris,
1757 1598 1949 1654 iisdem
2001 1596 2084 1651 di-

521 1706 768 1775 sciplinis
790 1716 1007 1772 operam
1039 1698 1188 1754 dedit
1215 1715 1226 1748 :
1267 1711 1365 1765 par
1393 1703 1512 1748 erat
1537 1690 1819 1760 utriusque
1847 1687 2084 1751 animus,

519 1813 613 1866 par
647 1794 862 1866 generis
903 1789 1186 1852 conditio;
1229 1801 1395 1840 unum
1448 1783 1589 1838 circa
1646 1783 1771 1836 vita:
1818 1779 2086 1834 rationem

515 1885 878 1956 propositum,
931 1878 1190 1935 amicitiae
1240 1873 1458 1929 vinculo
1508 1879 1897 1940 opportunum.
1947 1866 2084 1920 Cum

517 1993 644 2030 vero
673 1975 978 2045 proximum
1003 1979 1148 2026 esset
1178 1977 1237 2023 ut
1270 1965 1504 2020 Basilius
1534 1965 1699 2018 vitam
1723 1958 2081 2014 monasticam

515 2070 950 2138 amplecteretur,
987 2072 1116 2117 tunc
1175 2061 1600 2130 Chrysostomus
1650 2054 1769 2110 foro
1802 2067 2087 2122 scelusque

517 2162 768 2214 addictus
801 2154 986 2212 studia
1033 2155 1088 2209 in
1141 2150 1415 2208 contraria
1475 2147 1801 2204 declinabat.
1853 2144 2090 2200 Basilius

515 2269 665 2311 vero,
696 2251 787 2320 qui
823 2244 1200 2318 Chrysostomi
1240 2243 1542 2298 amicitiam
1570 2249 1624 2296 et
1661 2237 2082 2294 contubernium

519 2343 699 2412 magni
725 2340 974 2403 faciebat,
1010 2338 1112 2390 hoc
1159 2335 1226 2389 ab
1267 2349 1332 2388 eo
1377 2333 1593 2388 demum
1645 2329 1976 2401 impetravit,
2031 2337 2092 2386 ut

518 2439 679 2487 domo
736 2441 966 2498 uterque
1019 2443 1117 2484 sua
1166 2425 1354 2481 relicta
1404 2437 1694 2479 commune
1752 2419 2088 2477 domicilium

517 2529 830 2583 incolerent.
861 2523 986 2578 litec
1025 2520 1269 2578 consilia
1301 2518 1392 2574 ubi
1448 2517 1684 2588 primum
1720 2515 1892 2571 sensit
1920 2515 2094 2585 Chry-

518 2619 740 2674 sostomi
775 2627 968 2678 mater,
1007 2613 1177 2666 lilium
1209 2625 1276 2664 ne
1314 2625 1375 2664 se
1404 2609 1621 2664 deserat
1653 2606 1908 2662 admistis
1933 2605 2090 2660 blan-

516 2713 664 2766 ditiis
689 2711 962 2771 hortatur,
999 2706 1241 2774 dumque
1277 2701 1382 2772 ipsi
1427 2717 1460 2755 a
1497 2698 1726 2770 pristina
1782 2712 1919 2768 pene
1967 2713 2092 2752 sen-

519 2806 686 2860 tentia
719 2803 954 2857 abducto
1017 2799 1184 2853 instat
1222 2795 1476 2860 Basilius,
1535 2793 1726 2848 eadem
1758 2807 1879 2862 qme
1940 2791 2092 2861 prius

517 2896 842 2964 efﬂagitans,
875 2906 1003 2946 cccc
1047 2888 1191 2943 fama
1247 2885 1487 2955 undique
1533 2883 1845 2954 percrebuit
1881 2891 2094 2936 utrum-

521 3005 626 3056 que
657 2987 708 3039 in
745 2982 1106 3053 episcopalem
1143 2979 1458 3050 dignitatem
1486 2973 1917 3046 promovendum
1942 2988 2088 3030 esse.

520 3078 637 3131 Iloc
672 3074 903 3145 perculsi
947 3072 1108 3126 ambo
1147 3083 1367 3124 rumore
1397 3067 1556 3137 longe
1609 3065 1876 3122 dissimile
1917 3064 2096 3121 consi-

520 3173 652 3224 lium
693 3169 918 3232 incunt;
954 3163 1186 3218 Basilius
1219 3171 1389 3216 totum
1416 3160 1493 3214 rei
1519 3158 1788 3228 judicium
1824 3157 2094 3228 permittit

519 3264 718 3327 amico,
753 3261 804 3314 in
860 3265 1154 3326 utrumque
1184 3260 1432 3323 paratus,
1482 3251 1598 3306 sive
1639 3249 2092 3306 consentiendum

518 3359 630 3412 sive
659 3351 972 3424 fugiendum
1004 3359 1192 3412 esset;
1220 3345 1645 3416 Chrysostomus
1697 3358 1848 3408 vero,
1901 3343 1994 3413 qui
2035 3358 2095 3398 se

519 3459 669 3503 tanto
700 3447 904 3499 honore
925 3455 1152 3510 prorsus
1183 3438 1495 3506 indignum,
1531 3435 1767 3490 amicum
1827 3451 1954 3491 vero
2008 3434 2097 3489 di-

518 3537 840 3609 gnissimum
893 3531 1167 3593 censebat,
1209 3543 1277 3584 ne
1317 3536 1425 3582 tam
1471 3527 1664 3582 idoneo
1703 3527 1953 3582 ministro
1992 3526 2098 3582 Ec-

519 3629 742 3683 clesiam
763 3622 853 3677 Dei
883 3621 1135 3692 privaret,
1153 3619 1240 3688 pia
1262 3634 1394 3673 usus
1423 3627 1559 3681 arte,
1580 3615 1714 3670 nihil
1732 3630 1924 3685 urgere
1940 3615 2095 3682 dixit,

520 3720 736 3774 scdhac
773 3717 838 3772 de
871 3732 926 3770 rc
976 3721 1160 3784 postea
1216 3727 1316 3766 suo
1372 3720 1615 3780 tempore
1677 3707 2096 3763 deliberandum

521 3828 641 3866 esse
667 3829 681 3864 :
709 3826 771 3864 ea
797 3807 1004 3863 scilicet
1033 3811 1232 3869 mente,
1273 3811 1329 3857 ut
1374 3803 1628 3857 incautus
1655 3797 1892 3855 Basilius
1932 3813 2096 3867 cape-

522 3912 669 3955 retur
691 3910 745 3955 et
770 3895 1134 3967 episcopalem
1164 3895 1412 3949 ordinem
1456 3893 1539 3946 vel
1573 3893 1774 3946 invitus
1803 3890 2091 3959 acciperet.

526 3995 645 4062 Ipse
678 4007 806 4046 vero
831 3988 1047 4044 interim
1075 4001 1197 4042 sese
1241 3983 1572 4039 occultavit:
1605 3997 1802 4052 resque
1840 3996 1938 4050 pro
1967 3990 2096 4034 voto

517 4084 597 4140 illi
628 4082 833 4147 cessit;
882 4089 1073 4149 captus
1102 4077 1248 4134 enim
1281 4074 1540 4140 Basilius,
1576 4071 1676 4128 etsi
1730 4070 1822 4126 diu
1857 4082 2093 4125 relucta-

514 4190 628 4240 tus,
663 4175 946 4229 ordinatus
1003 4181 1181 4226 tamen
1241 4175 1346 4224 est.
1403 4166 1542 4221 llinc
1600 4163 1854 4236 quaerelze
1911 4163 2094 4218 Basilii

511 4269 662 4339 apud
689 4267 1156 4338 Chrysostomum,
1185 4271 1239 4317 et
1265 4258 1649 4330 responsiones
1687 4253 2092 4326 Chrysostomi,

511 4363 675 4430 queis
709 4368 878 4416 totum
917 4374 1056 4428 opus
1115 4354 1316 4424 dialogi
1370 4366 1523 4407 more
1572 4349 1969 4414 constituitur;
2020 4346 2096 4402 ibi

522 4466 650 4503 vero
679 4450 746 4504 de
773 4449 1036 4518 dignitate
1065 4455 1120 4502 et
1146 4444 1324 4500 cilicio
1355 4442 1700 4499 sacerdotum
1734 4449 1844 4495 tam
1881 4437 2096 4510 egregie

518 4540 762 4607 loquitur
809 4545 1032 4591 sanctus
1089 4537 1319 4601 doctor,
1372 4543 1435 4587 ut
1493 4533 1582 4588 hic
1632 4532 1769 4586 liber
1835 4529 2093 4585 omnibus

517 4645 737 4698 semper
773 4627 1120 4682 admirationi
1160 4626 1344 4681 fuerit.
1383 4625 1624 4681 Isidorus
1653 4632 1799 4679 certe
1818 4621 2094 4679 Pelusiota

518 4722 684 4790 epist.
722 4718 824 4773 156
856 4718 977 4772 libri
1024 4732 1062 4782 t,
1102 4715 1326 4770 Nullum
1365 4716 1527 4778 enim,
1590 4714 1687 4778 ait,
1746 4713 1974 4780 nullum,
2010 4715 2096 4768 in-

520 4830 700 4884 quam,
732 4821 910 4882 pectus
958 4809 1116 4878 hujus
1151 4809 1304 4862 lectio
1332 4808 1648 4878 penetravit,
1699 4807 1836 4877 quod
1875 4824 1977 4862 non
2013 4807 2096 4860 di-

521 4908 641 4959 vino
672 4920 849 4958 amore
872 4903 1129 4956 sauciarit
1154 4917 1172 4953 :
1201 4889 1552 4954 veneranda‘m
1590 4901 1778 4970 quippe
1802 4915 1910 4954 rem
1935 4909 2096 4967 atque

521 4999 673 5052 aditu
712 4996 971 5066 difficilem
1005 4992 1362 5048 sacerdotium
1410 5008 1520 5046 esse
1567 4991 1919 5056 demonstrat,
1953 4992 2096 5061 ejus-

517 5106 618 5159 que
675 5089 771 5140 rite
809 5085 1221 5139 administrandi
1275 5084 1536 5138 rationem
1595 5084 1762 5137 docet.
1813 5081 1955 5135 Nam
1995 5083 2092 5136 Dei

519 5195 837 5233 arcanorum
864 5178 1076 5246 sapiens
1126 5176 1215 5230 ille
1247 5177 1500 5244 interpres
1531 5173 1788 5238 Joannes,
1845 5174 2095 5244 Byzantii

515 5271 808 5339 episcopus,
834 5279 989 5338 atque
1031 5266 1159 5319 adeo
1188 5266 1348 5318 totius
1377 5264 1630 5321 Ecclesia:
1659 5263 1864 5330 oculus,
1896 5263 2093 5318 librum

519 5359 670 5412 illum
690 5368 798 5412 tant
827 5356 1093 5412 subtiliter
1119 5366 1166 5409 et
1197 5365 1440 5410 accurate
1469 5357 1819 5419 concinnavit,
1844 5365 1899 5408 ut
1921 5371 2096 5408 omnes

519 5448 1036 5518 tantquisecundum
1061 5446 1158 5502 Dei
1186 5447 1636 5518 placitum,quam
1665 5448 1754 5516 qui
1779 5447 2098 5517 negligenter

517 5536 813 5591 sacerdotio
861 5521 1184 5607 funguntur,
1229 5535 1311 5590 hic
1354 5546 1464 5590 tum
1505 5538 1720 5593 virtutes
1767 5546 1878 5590 tum
1925 5536 2096 5605 alieno

517 5629 687 5682 siones
705 5644 825 5681 suas
847 5638 1246 5697 reprwsentatas
1270 5630 1555 5685 inveniant.
1587 5629 1786 5686 Suidas
1803 5644 1934 5684 vero
1953 5629 2098 5683 hunc

520 5721 715 5775 librum
745 5721 1006 5776 eximium
1031 5736 1150 5778 esse
1173 5723 1394 5795 dicitrc‘f)
1426 5741 1483 5777 τε
1508 5722 1751 5793 Mannert
1781 5724 1845 5792 τῇ
1879 5721 2093 5790 ῃάσεε,

2187 1405 2281 1462 καὶ
2317 1408 2382 1479 τῇ
2417 1406 2673 1480 λειότητι,
2704 1409 2796 1462 καὶ
2824 1411 2899 1480 τῷ
2921 1409 3102 1465 κάλλει
3129 1412 3237 1465 τῶν
3274 1412 3574 1485 ὀνομάτων,
3600 1434 3621 1468 ‹
3651 1424 3772 1472 tum

2186 1499 2517 1556 sublimitate
2554 1511 2612 1557 et
2655 1501 2928 1570 dictione,
2971 1513 3087 1558 tum
3131 1505 3354 1562 lenitate
3397 1517 3453 1562 et
3494 1509 3773 1580 elegantia

2185 1591 2498 1648 verborum.
2536 1611 2557 1646 ι
3806 1591 3811 1597 ’

2261 1683 2368 1741 Sed
2433 1685 2583 1741 circa
2621 1686 2764 1743 hanc
2823 1687 3111 1743 historiam
3171 1689 3381 1760 aliquot
3432 1693 3772 1761 quastiones

2191 1785 2528 1833 moventur:
2567 1779 2747 1848 primo
2794 1794 2906 1848 quo
2959 1787 3204 1851 tempore
3261 1783 3396 1853 haec,
3431 1799 3554 1854 qua:
3601 1800 3774 1855 supra

2189 1882 2410 1924 narrata
2453 1879 2602 1936 sunt,
2643 1871 3012 1943 contigerint;
3051 1873 3250 1930 deinde
3277 1877 3403 1946 quis
3434 1877 3504 1932 sit
3536 1878 3627 1932 ille
3663 1878 3776 1933 Ba-

2193 1961 2352 2018 silius
2389 2001 2406 2028 ,
2455 1961 2838 2033 Chrysostomi
2895 1964 3129 2030 amicus,
3189 1975 3246 2022 et
3319 1968 3479 2038 cujus
3529 1969 3777 2027 civitatis

2189 2055 2484 2125 episcopus
2543 2055 2614 2111 sit
2687 2055 3014 2122 ordinatus;
3073 2059 3294 2114 demum
3352 2076 3464 2130 quo
3517 2070 3773 2132 tempore

2189 2146 2626 2218 Chrysostomus
2667 2147 2831 2203 hosce
2863 2147 3033 2204 libros
3061 2150 3309 2205 ediderit.
3343 2150 3502 2217 Quod
3557 2160 3778 2222 spectat

2193 2237 2262 2293 ad
2291 2246 2502 2307 tempus
2529 2246 2759 2307 peracta:
2781 2239 2882 2302 rei,
2913 2248 3122 2294 certum
3155 2248 3264 2310 est,
3295 2242 3412 2312 ipso
3443 2243 3779 2299 testiﬁcante

2195 2331 2610 2402 Chrysostomo,
2641 2330 2693 2386 id
2724 2331 2990 2387 accidisse
3020 2348 3144 2388 cum
3178 2334 3355 2389 adhuc
3389 2335 3477 2390 ille
3500 2337 3556 2390 in
3584 2336 3772 2393 forum

2194 2421 2452 2493 frequens
2480 2422 2794 2490 ventitaret,
2821 2430 2876 2477 et
2927 2439 3106 2478 scena:
3133 2423 3533 2482 oblectamenta
3582 2439 3772 2486 secta-

2197 2524 2393 2580 retur;
2422 2522 2587 2584 atque
2626 2514 2763 2569 adeo
2801 2523 2926 2569 ante
2955 2530 3156 2569 annum
3188 2515 3312 2585 375,
3341 2534 3452 2588 quo
3495 2535 3619 2574 cum
3653 2528 3775 2577 tar.

2200 2608 2426 2663 dissime
2455 2607 2509 2662 in
2544 2607 2893 2663 solitudinem
2937 2624 2996 2663 se
3028 2609 3297 2678 centulit,
3335 2611 3428 2666 ubi
3467 2625 3563 2669 sex
3609 2617 3778 2674 annis

2205 2699 2466 2754 severiori
2499 2698 2806 2769 disciplina:
2835 2716 2957 2755 sese
2981 2709 3153 2756 totum
3187 2703 3332 2758 dedit
3365 2721 3380 2758 :
3415 2720 3591 2776 neque
3621 2709 3775 2764 enim

2199 2797 2323 2859 post
2361 2787 2513 2843 illum
2548 2803 2847 2855 secessum,
2879 2790 2961 2844 vel
2991 2789 3302 2848 forensibus
3331 2796 3513 2851 causis
3545 2812 3776 2867 operam

2197 2881 2367 2946 dedit,
2397 2881 2481 2936 vel
2513 2896 2687 2936 scenae
2751 2883 3058 2951 spectacula
3101 2892 3342 2940 sectatus
3379 2895 3467 2942 est
3498 2904 3772 2961 unquam.

2205 2971 2425 3026 Certum
2461 2980 2545 3027 est
2573 2971 2784 3039 itidem,
2818 2973 2940 3042 ipso
2973 2984 3166 3028 sancto
3213 2974 3437 3031 doctore
3485 2990 3776 3046 narrante,

2196 3083 2321 3122 cum
2367 3070 2484 3123 haec
2521 3077 2839 3139 agerentur,
2866 3068 2978 3138 jam
3017 3068 3472 3140 Chrysostomum
3525 3083 3578 3128 et
3611 3073 3778 3132 Basi-

2199 3157 2334 3212 lium
2368 3158 2654 3228 magistris
2688 3167 2740 3212 et
2779 3156 3097 3213 doctoribus
3141 3158 3484 3226 valedixisse,
3534 3178 3775 3232 quorum

2197 3258 2515 3321 postremus
2570 3248 2750 3304 luerat
2797 3247 3066 3304 Diodorus
3097 3249 3405 3306 Tarsensis.
3443 3253 3580 3309 lluic
3641 3273 3778 3315 vero

2197 3358 2416 3413 operam
2454 3342 2658 3397 dabant
2699 3350 2930 3410 uterque
2985 3356 3131 3396 anno
3171 3344 3392 3398 circiter
3431 3346 3529 3400 57l
3569 3364 3583 3414 ;
3623 3351 3775 3407 unde

2201 3445 2467 3505 sequatur
2496 3450 2558 3488 ea
2589 3432 2773 3488 omnia
2831 3433 2922 3486 illo
2968 3433 3237 3488 accidisse
3270 3436 3448 3504 spatio
3498 3441 3644 3508 quod
3685 3443 3778 3495 in-

2200 3526 2407 3583 terlluit
2440 3541 2616 3579 annos
2659 3524 2800 3578 inter
2841 3523 2947 3578 572
2975 3534 3031 3578 et
3062 3525 3190 3588 575,
3224 3541 3402 3596 neque
3441 3530 3552 3584 ullo
3605 3532 3777 3588 modo

2199 3635 2362 3690 posse
2390 3618 2578 3674 istbtec
2605 3617 2690 3672 vel
2723 3618 2871 3688 prius
2903 3617 2987 3672 vel
3015 3627 3202 3688 postea
3235 3619 3426 3675 locari.
3488 3623 3773 3682 Adversus

2201 3713 2342 3766 hanc
2370 3721 2549 3764 tamen
2581 3710 2952 3780 chronologize
3016 3711 3287 3767 rationem
3319 3713 3529 3784 aliquot
3577 3732 3779 3772 exsur-

2200 3813 2333 3873 gunt
2367 3800 2707 3856 dillicultates
2745 3817 2759 3853 :
2816 3815 2940 3855 nam
2975 3801 3021 3856 si
3085 3817 3230 3856 anno
3275 3803 3380 3858 574
3409 3805 3492 3861 vcl
3549 3807 3776 3864 circiter

2203 3894 2627 3964 Chrysostomus
2651 3902 2710 3947 ut
2740 3893 3030 3963 cpiscopus
3057 3894 3404 3951 ordinaretur
3428 3903 3768 3970 perquisitus

2201 3997 2305 4052 est,
2343 4003 2466 4042 cum
2497 3993 2682 4054 utpote
2714 3993 2877 4040 natus
2907 4001 3053 4040 anno
3084 3986 3186 4040 547
3223 3988 3305 4042 vel
3337 3990 3586 4055 circiter,
3616 4010 3770 4050 anno

2202 4075 2308 4132 δ’λῶ
2342 4090 2662 4131 vicesimum
2713 4075 3002 4145 septimum
3056 4075 3274 4131 circiter
3319 4094 3523 4134 annum
3564 4097 3773 4154 ageret,

2201 4168 2440 4222 nondum
2457 4166 2704 4234 attigerat
2717 4174 2929 4221 :etatem
2949 4182 2979 4220 a
2993 4167 3204 4236 synodo
3219 4166 3644 4228 Neocmsariensi
3673 4193 3775 4245 pro

2204 4257 2534 4330 presbyteris
2565 4257 2869 4328 deligendis
2918 4259 3271 4329 assignatam,
3314 4253 3537 4332 triginia
3579 4265 3772 4320 videli-

2205 4360 2291 4407 ect
2323 4366 2630 4404 annorum:
2668 4352 2945 4420 quomodo
2979 4365 3108 4422 ergo
3134 4361 3346 4421 poterat
3375 4352 3429 4407 in
3451 4355 3769 4426 episcopum

2203 4440 2495 4511 cooptari?
2532 4439 2610 4495 Ad
2645 4440 2758 4494 haec
2788 4455 2938 4504 vero,
2974 4441 3295 4511 priusquam
3342 4429 3770 4517 Chrysostomus
3819 4507 3823 4511 ,

2201 4531 2270 4586 ad
2313 4531 2688 4602 episcopatum
2723 4530 3154 4600 perquireretur,
3202 4543 3377 4589 mater
3412 4535 3529 4603 ejus
3585 4539 3766 4606 ipsum

2197 4625 2486 4694 alloquens
2523 4639 2582 4678 se
2632 4621 2746 4693 jam
2788 4625 3169 4691 consenuisse,
3221 4637 3276 4680 et
3305 4628 3515 4682 obitum
3571 4646 3768 4700 prope-

2196 4717 2339 4772 diem
2383 4723 2699 4784 exspectare
2737 4714 2909 4769 dicit:
2967 4716 3030 4768 Ol
3086 4717 3144 4770 δὲ
3185 4720 3558 4789 γεγηρακότες
3609 4722 3770 4792 ἡμεῖς

2195 4807 2350 4861 οὐδὲν
2401 4806 2585 4878 ἕτερον
2649 4805 2682 4876 ἢ
2735 4806 2825 4860 τὸν
2881 4807 3108 4861 Θάνατον
3179 4810 3552 4881 ἀναμένομενο
3619 4813 3771 4882 atqui

2196 4898 2642 4969 Chrysostomus,
2685 4907 2744 4952 ut
2801 4898 2916 4968 ipse
2970 4908 3188 4964 narrat,
3253 4911 3379 4955 ante
3445 4903 3769 4958 vicesimum

2200 4989 2391 5044 matris
2419 5003 2623 5042 annum
2679 4995 2840 5042 natus
2893 4997 2998 5054 est,
3062 4990 3205 5043 unde
3268 5006 3534 5060 sequatur
3569 4993 3767 5062 ipsam,

2197 5095 2322 5134 eum
2348 5079 2774 5147 (Ilirysostomus
2805 5078 2858 5132 in
2891 5080 3267 5150 episcopatum
3299 5082 3636 5150 perquisitas
3662 5095 3766 5148 est,

2199 5171 2442 5226 nondum
2486 5171 2966 5240 quadragesimum
3019 5172 3312 5241 septimum
3364 5174 3609 5242 attigisse
3668 5193 3766 5229 ano

2197 5279 2350 5329 num,
2379 5272 2434 5318 ct
2463 5263 2554 5333 qui
2593 5272 2803 5333 poterat
2839 5263 2930 5318 illa
2965 5263 3077 5333 jam
3121 5264 3302 5318 vetula
3332 5274 3386 5318 et
3434 5282 3528 5334 per
3555 5276 3769 5320 :ctatem

2199 5357 2358 5410 morti
2387 5345 2633 5426 proxima
2674 5355 2840 5411 esse?
2883 5354 2977 5410 liae
3019 5371 3181 5426 porro
3218 5357 3564 5414 diﬂicultates
3597 5361 3769 5428 majo-

2201 5462 2290 5501 res
2322 5447 2572 5509 evadent,
2609 5446 2655 5500 si
2707 5445 2763 5499 in
2821 5461 3023 5501 annum
3069 5447 3196 5511 573,
3249 5449 3329 5502 vel
3385 5451 3437 5502 in
3476 5451 3604 5516 572,
3657 5453 3772 5506 lucc

2202 5539 2527 5607 perquisitio
2583 5539 2913 5594 retrahatur.
2978 5540 3176 5596 Verum
3235 5543 3349 5598 haec
3410 5551 3766 5613 quantumvis

2200 5629 2502 5697 probabilia
2541 5629 2829 5684 videantur
2891 5629 3067 5703 [56”,
3099 5647 3166 5686 nc
3225 5633 3514 5688 minimum
3551 5636 3766 5705 quidem

2201 5735 2303 5775 nos
2362 5734 2392 5775 a
2453 5719 2634 5789 priore
2705 5723 2976 5778 sententia
3067 5723 3419 5780 dimoveant:
3475 5741 3604 5781 nam
3667 5743 3766 5792 eae,
