4050 6160
461 245 562 302 621
575 247 590 269 ⁵

459 373 604 428 quas
631 357 796 413 modo
821 358 1127 427 posuimus,
1159 357 1422 427 temporis
1446 365 1587 412 nota
1618 355 1843 412 omnino
1873 361 2036 409 certae

467 451 746 505 videntur.
785 449 942 518 Quod
980 459 1160 505 autem
1191 458 1418 520 urgente
1444 464 1578 504 casu
1607 463 1672 504 ac
1703 447 2035 502 necessitate

465 543 726 613 quapiam
754 542 859 596 viri
897 543 1135 597 nondum
1174 541 1393 612 triginta
1441 556 1615 597 annos
1670 539 1878 594 emensi
1917 539 2034 608 epi-

461 631 616 700 scOpi
663 629 963 699 antiquitus
1004 631 1174 687 creati
1223 630 1594 696 fueriuI,_nou
1633 637 1792 685 vacat
1845 645 2035 685 exem-

465 723 614 792 plis:
646 722 750 778 etsi
800 722 888 777 illa
944 723 1237 778 admodum
1292 739 1419 779 rara
1471 723 1601 779 sint.
1661 721 1719 778 S.
1753 717 2035 794 Remigius

457 813 664 883 quippe
695 813 984 870 Remensis
1011 814 1304 884 episcopus
1337 823 1556 871 creatus
1587 826 1691 878 est,
1737 830 1862 869 cum
1897 815 2037 870 duo-

458 917 581 955 rum
619 917 785 972 supra
812 902 1000 973 viginti
1033 917 1302 958 annorum
1350 912 1535 960 esset:
1569 913 1624 959 et
1687 903 2033 960 Eleuther-ius

457 994 686 1063 quidam
716 994 908 1064 viginti
966 1010 1242 1051 annorum
1303 995 1627 1052 adolescens
1677 995 1746 1050 ab
1801 996 2032 1052 Auieeto

459 1101 598 1155 papa
621 1087 912 1156 episcopus
937 1080 1145 1143 missus
1174 1095 1260 1142 est
1293 1087 1349 1142 in
1378 1085 1679 1158 Illyricum.
1714 1087 1868 1154 Quod
1908 1103 2034 1159 spe-

455 1187 572 1232 ctat
610 1188 796 1234 autem
825 1179 892 1234 ad
928 1185 1159 1235 matrem
1191 1178 1598 1253 Chrysostomi,
1632 1195 1756 1250 qua
1785 1194 1905 1237 sese
1935 1195 2030 1236 ve-

453 1269 627 1324 tulam
656 1278 710 1324 et
731 1271 891 1325 morti
915 1271 1220 1341 proximam
1247 1272 1483 1339 dicebat,
1513 1288 1640 1328 cum
1666 1272 2031 1344 quadraginta

456 1369 672 1429 septem
702 1369 911 1415 tantum
943 1375 1220 1417 annorum
1251 1373 1436 1420 esset:
1483 1364 1599 1420 hac
1645 1364 1790 1420 dicta
1837 1368 2030 1422 matris

454 1450 632 1506 tilium
679 1452 1082 1523 compellanlis,
1131 1463 1186 1510 et
1245 1470 1314 1511 ne
1348 1469 1407 1511 se
1461 1456 1679 1512 deserat
1729 1456 2026 1525 hortantis,

450 1558 566 1598 non
595 1552 726 1600 sunt
752 1544 820 1599 ad
847 1545 1085 1601 litteram
1112 1545 1451 1618 accipienda.
1482 1545 1640 1614 Nam,
1669 1557 1730 1602 ut
1759 1549 1886 1603 alibi
1918 1563 2028 1604 non

451 1636 627 1689 semel
657 1637 990 1703 monuimus,
1019 1636 1066 1692 si
1098 1652 1165 1692 ex
1215 1637 1378 1694 dictis
1433 1637 1770 1709 huiusmodi,
1825 1641 2027 1710 quibus

450 1743 630 1793 senes,
667 1735 913 1782 extrema:
974 1729 1258 1784 senectutis
1310 1729 1593 1796 homines;
1629 1731 1710 1786 vel
1762 1730 2026 1795 vicissim,

441 1819 688 1889 juvenes,
733 1818 1124 1886 adolescentes,
1162 1821 1312 1890 pueri
1344 1830 1864 1888 commemorantur,
1917 1822 2031 1877 cal-

451 1912 643 1965 culum
677 1910 938 1980 temporis
980 1925 1331 1981 poneremus,
1368 1911 1572 1982 passim
1612 1912 2025 1984 chronologiam

454 2003 818 2074 pessumdare
843 2010 1177 2074 opus;esset.
1661 2025 1665 2030 ’

528 2094 651 2150 Jam
684 2097 751 2152 de
777 2095 984 2151 Basilio
1020 2095 1403 2167 Chrysostomi
1432 2097 1632 2166 amico,
1678 2099 1802 2168 quis
1835 2114 2029 2169 nempe

451 2187 686 2256 cuiusve
765 2189 1004 2246 civitatis
1077 2189 1373 2261 episcopus
1456 2190 1644 2258 fuerit,
1724 2193 2020 2264 agendum.

452 2278 753 2346 Socrates,
818 2294 982 2350 quem
1053 2281 1213 2335 multi
1280 2282 1540 2352 deinceps
1602 2285 1776 2339 secuti
1850 2294 2022 2350 sunt,

451 2370 532 2424 ait
573 2385 694 2425 esse
749 2369 1012 2426 Basilium
1063 2370 1318 2442 Magnum
1350 2373 1486 2436 ;sed
1512 2382 1598 2428 est
1642 2373 1773 2428 illud
1805 2375 2018 2446 ἀπροσ-

446 2458 716 2524 διόνυσον,
760 2467 822 2514 ut
875 2474 1038 2516 nemo
1065 2476 1175 2515 non
1208 2461 1375 2516 videt.
1421 2460 1701 2532 Siquidem
1767 2463 1858 2518 ille
1911 2463 2029 2519 Ca-

455 2551 722 2605 sariensis
755 2551 1046 2622 episcopus
1075 2551 1528 2624 Chrysostomum
1582 2561 1832 2609 nostrum
1871 2563 2030 2610 atate

454 2643 618 2713 longe
647 2644 923 2714 pracedit,
955 2645 1202 2701 nec‘ullo
1246 2647 1411 2702 modo
1442 2647 1752 2702 studiorum
1784 2645 1904 2716 ejus
1933 2662 2027 2702 so-

451 2735 595 2800 cius,
635 2752 738 2792 nec
771 2737 1078 2794 Antiochia
1118 2739 1405 2797 ordinatus
1433 2755 1556 2796 esse
1613 2741 1832 2810 potuit:
1890 2741 2022 2811 quid

450 2829 612 2900 plura
636 2829 837 2897 dicam,
861 2833 1082 2901 quando
1109 2833 1286 2902 palam
1316 2841 1400 2888 est
1424 2833 1533 2888 lahi
1557 2833 1835 2889 Socratem
1863 2834 1887 2888 ἲ
1916 2832 2028 2890 Nec

451 2921 671 2978 felicius
691 2921 948 2989 Photius,
977 2923 1070 2993 qui
1096 2931 1250 2994 putat
1271 2939 1393 2980 esse
1418 2924 1674 2981 Basiliam
1710 2924 2027 2982 Seleucieu-

449 3029 592 3078 sem,
616 3029 779 3085 quem
820 3029 967 3070 anno
994 3015 1100 3069 572
1123 3015 1214 3071 vix
1245 3025 1431 3072 natum
1467 3029 1747 3088 putamus,
1784 3017 2030 3089 quando-

448 3106 670 3177 quidem
729 3122 874 3161 anno
910 3106 1010 3161 451
1066 3108 1279 3179 synodo
1323 3109 1758 3165 Chalcedonensi
1805 3111 2025 3181 episco-

449 3213 555 3266 pus
582 3196 856 3265 interfuit,
893 3206 947 3254 et
973 3211 1120 3254 anno
1153 3199 1262 3255 458
1291 3200 1612 3270 imperatori
1665 3197 1832 3256 Leoni
1882 3202 2026 3258 seri--

448 3287 581 3356 psit.
613 3285 731 3342 Non
763 3287 1019 3344 audiendi
1051 3289 1178 3345 item
1210 3291 1479 3355 videntur,
1519 3291 1611 3362 qui
1659 3274 1852 3362 putant
1911 3291 2026 3349 lfa-

449 3379 659 3433 ximum
700 3379 1078 3451 Chrysostomi
1110 3381 1347 3438 amicum
1402 3385 1654 3440 eumdem
1712 3400 1833 3440 esse
1865 3393 2029 3456 atque

452 3473 720 3528 Basilium
779 3476 833 3527 in
874 3473 960 3528 his
989 3473 1068 3528 De
1097 3473 1393 3529 sacerdotio
1425 3474 1582 3530 libris
1623 3485 2026 3532 memoratum:

450 3583 578 3621 nam
611 3581 878 3636 quorsum
919 3566 1006 3620 illa
1041 3567 1324 3621 nominum
1355 3577 1464 3622 tam
1501 3566 1847 3622 dissimilium
1878 3581 2028 3623 com-

449 3660 682 3715 mutatio
707 3660 730 3715 ?
755 3658 1034 3718 Omnibus
1066 3660 1231 3732 igitur
1259 3671 1511 3718 accurate
1539 3660 1821 3732 perpensis
1841 3702 1858 3730 ,
1887 3662 2028 3717 veri-

1562 239 1651 295 DE
1690 236 2144 297 SACERDOTIO.
2181 268 2252 284 —-
2278 237 2616 295 MONITUM.

3583 234 3710 292 623'

2142 353 2321 409 simile
2350 363 2481 424 puto
2508 353 2770 408 Basiliqu
2827 368 2952 408 eum
3005 367 3146 420 esse,
3174 351 3268 422 qui
3330 351 3538 422 syuodo
3566 349 3711 406 Con-

2143 443 2646 514 s:antinopolitaua
2711 458 2856 498 anno
2909 443 3008 499 581
3063 441 3352 512 episcopus
3406 440 3712 510 Raphauea

2141 533 2476 597 subscribit,
2535 533 2804 604 siquidem
2857 540 3078 603 tempus
3131 532 3378 601 apprime
3433 531 3707 600 quadrat:

2146 624 2446 695 Baphanea
2478 623 2532 680 in
2596 624 2754 698 Syria
2787 640 2954 696 prope
3005 623 3350 679 Antiochiam
3400 622 3505 675 sita
3555 629 3708 677 erat:

2139 719 2462 774 commodus
2513 731 2647 774 sane
2698 719 2887 786 locus,
2943 726 3003 772 ut
3055 715 3286 772 Joannis
3338 713 3709 786 Chrysostomi

2138 807 2410 880 frequenti
2440 809 2748 881 colloquio,
2797 810 2909 866 imo
2940 809 3105 864 etiam
3152 807 3512 863 contubernio
3561 807 3710 861 frue-

2139 910 2290 957 retur
2321 901 2587 969 Basilius,
2630 902 2777 973 quod
2830 902 2884 957 in
2923 901 3031 956 line
3076 899 3275 971 dialogi
3316 913 3375 955 se
3419 905 3711 970 peroptare

2137 995 2291 1053 dicit.
2621 991 2624 994 ’

2211 1091 2398 1148 Restat
2427 1101 2488 1144 ut
2517 1104 2692 1160 pauca
2727 1089 2973 1146 dicamus
3018 1089 3086 1145 de
3121 1097 3362 1159 tempore
3391 1102 3501 1159 quo
3545 1087 3708 1142 hosce

2141 1182 2320 1239 libros
2351 1182 2521 1238 edidit
2553 1181 3022 1253 Chrysostomus:
3058 1196 3234 1251 neque
3256 1181 3402 1234 enim
3455 1179 3708 1234 audiendi

2138 1282 2270 1330 sunt
2301 1273 2340 1328 ii
2395 1272 2490 1344 qui
2526 1272 2716 1328 volunt
2766 1273 2955 1329 eodem
3003 1273 3120 1342 ipso
3165 1280 3428 1341 tempore,
3473 1286 3584 1341 quo
3621 1287 3708 1326 res

2136 1374 2360 1437 peracta
2395 1374 2499 1431 est,
2529 1365 2646 1420 hac
2676 1364 2966 1435 scripsisse
2997 1364 3056 1418 S.
3091 1363 3394 1419 doctorem.
3423 1362 3703 1432 Siquidem

2135 1457 2220 1514 vel
2250 1457 2366 1529 ipsa
2404 1455 2653 1513 ordiendi
2717 1455 2856 1510 ratio
2911 1455 3131 1525 aliquod
3191 1455 3436 1523 elapsum
3495 1463 3707 1522 tempus

2133 1549 2465 1616 subiudicat,
2501 1557 2556 1603 et
2582 1547 2753 1603 series
2782 1554 2894 1602 tota
2919 1562 3032 1600 rem
3063 1545 3394 1611 meditatam,
3423 1554 3476 1600 et
3509 1546 3562 1598 in
3594 1545 3706 1598 ozio

2133 1642 2455 1698 adornatam
2486 1653 2598 1710 pra
2633 1653 2693 1694 se
2723 1638 2850 1694 fert.
2887 1637 2976 1692 Ait
3009 1636 3264 1692 Socrates
3292 1637 3365 1692 lib
3395 1651 3468 1702 rt,
3497 1652 3617 1706 cap.
3647 1637 3703 1700 3,

2130 1737 2605 1808 Cbrysostomum,
2651 1746 2776 1787 cum
2824 1729 3090 1786 diaconus
3131 1739 3311 1794 esset,
3363 1731 3462 1784 Iros
3512 1729 3703 1784 condi-

2130 1829 2278 1884 disse
2311 1827 2501 1888 lihros,
2534 1823 2741 1879 scilicet
2769 1823 2840 1878 ab
2874 1837 3019 1877 anno
3060 1822 3157 1878 581
3221 1821 3288 1876 ad
3323 1837 3522 1876 annum
3575 1819 3702 1887 586,

2131 1933 2240 1989 quo
2281 1916 2336 1970 in
2371 1912 2767 1984 presbyterium
2805 1910 3050 1965 adlectus
3090 1919 3191 1964 est.
3226 1907 3502 1963 Palladius
3549 1922 3700 1970 vero,

2129 2007 2432 2065 secundum
2503 2002 3002 2073 interpretationem
3089 1999 3340 2054 Latinam
3420 1999 3701 2053 Ambrosii

2129 2097 2588 2164 Camaldulensis,
2629 2096 2683 2150 in
2734 2109 2953 2149 secessu
2988 2102 3041 2146 et
3063 2091 3356 2148 solitudine
3409 2091 3522 2144 hac
3548 2091 3698 2144 illum

2128 2193 2364 2248 edidisse
2427 2197 2635 2255 narrat,
2667 2187 2878 2242 scilicet
2909 2186 2976 2240 ab
3008 2199 3152 2239 anno
3215 2184 3430 2239 circiter
3466 2184 3561 2237 ’571
3626 2184 3694 2238 ad

2132 2284 2258 2349 381,
2294 2295 2404 2353 quo
2442 2295 2509 2336 ex
2557 2280 2774 2335 deserto
2814 2279 2866 2332 in
2923 2269 3120 2332 urbem"
3167 2277 3345 2332 rediit.
3400 2275 3702 2330 Palladium

2131 2389 2268 2431 sane
2301 2373 2681 2428 incunctanter
2731 2385 3105 2439 sequeremur,
3143 2378 3330 2438 utpote
3373 2367 3702 2439 Chrysosto-

2133 2480 2224 2522 mo
2254 2463 2516 2535 aqualem
2551 2473 2606 2518 et
2635 2461 2854 2516 aliunde
2882 2460 2985 2515 ﬁde
3011 2459 3334 2531 digniorem,
3359 2460 3404 2516 si
3434 2461 3485 2514 in
3512 2461 3702 2516 Graeco

2135 2553 2307 2622 textu,
2332 2571 2496 2627 quem
2523 2554 2694 2610 edidit
2722 2552 3002 2607 Emericus
3047 2551 3312 2623 Bigotius,
3345 2553 3533 2606 cadi-ni
3585 2554 3702 2622 ipsa

2131 2650 2442 2720 legerentur
2468 2664 2483 2715 ;
2515 2646 2610 2702 sed
2638 2660 2762 2700 cum
2806 2643 2879 2699 ibi
2916 2659 2984 2700 ne
3011 2643 3117 2715 γρῦ
3145 2643 3378 2713 quidem
3393 2644 3494 2699 hac
3551 2648 3616 2698 de
3645 2659 3702 2699 re

2132 2745 2466 2808 compareat,
2499 2752 2528 2791 a
2557 2735 2768 2791 calculo
2795 2734 3020 2790 ferendo
3047 2733 3485 2804 supersedemus.
3515 2733 3703 2804 Neque

2130 2830 2278 2887 enim
2312 2829 2588 2883 Ambrosii
2640 2827 3080 2883 Camaldulensis
3132 2825 3422 2882 lectionem
3480 2827 3703 2884 omnino

2127 2921 2477 2994 rejicicndam
2507 2929 2764 2990 putamus
2790 2939 2804 2976 :
2834 2918 3102 2990 siquidem
3136 2917 3228 2974 ille
3265 2934 3373 2973 non
3406 2919 3522 2974 hac
3549 2934 3702 2974 som-

2127 3013 2330 3070 niando
2381 3021 2723 3068 commentus
2769 3011 3014 3077 videtur,
3061 3012 3155 3066 sed
3189 3012 3279 3066 illa
3318 3011 3704 3080 interpretatus

2129 3121 2272 3174 esse,
2304 3121 2426 3175 qua
2459 3104 2515 3158 in
2546 3102 2732 3173 aliquo
2773 3103 3069 3173 exemplari
3119 3103 3310 3158 Graco
3361 3105 3699 3175 legebantur.

2129 3197 2204 3254 Ut
2230 3206 2289 3254 ut
2323 3213 2449 3254 vero
2471 3197 2564 3264 sit,
2597 3195 2734 3250 nihil
2764 3197 2830 3251 de
2864 3205 3105 3267 tempore
3152 3204 3478 3260 statuemus,
3531 3195 3704 3250 donec

2133 3291 2412 3362 quidpiam
2441 3290 2644 3346 certius
2680 3297 2940 3360 emergat.

2204 3381 2710 3452 lnterpretationcm
2743 3381 2997 3435 Germani
3028 3380 3226 3444 Brixii,
3281 3379 3406 3434 licet
3463 3378 3699 3447 aliquam

2133 3475 2418 3545 elegantia
2447 3475 2683 3545 speciem
2725 3488 2835 3542 pra
2862 3488 2921 3527 se
2951 3471 3145 3537 ferret,
3175 3480 3358 3540 utpote
3385 3486 3504 3540 qua
3540 3485 3702 3540 para-

2129 3566 2357 3638 phrasin
2385 3574 2600 3637 saperet
2630 3581 2807 3636 neque
2840 3566 2910 3620 ita
2948 3575 3200 3619 accurate
3235 3562 3561 3618 concinnata
3611 3576 3700 3617 es-

2131 3669 2235 3726 set,
2265 3659 2579 3730 rejecimus,
2612 3672 2922 3728 novamque
2948 3656 3278 3727 paravimus.
