4050 6160
1261 437 1655 513 SANCTI
1711 431 2136 507 PATRIS
2201 428 2611 503 NOSTBI

762 496 1655 764 JOANWNWIVS"
1703 496 3164 753 éﬁﬁisésmm

977 861 1299 1020 DE
1430 843 2970 1018 SACERDOTIO

1725 1133 1990 1230 πίβτί
2039 1152 2226 1228 sex.

1036 345 1388 358 Μ

1389 1456 1864 1566 LIBER

1939 1359 2589 1556 Simus.

1745 1627 2206 1656 ________._

807 1762 912 1797 llic
941 1759 1110 1796 INSUN‘I‘
1133 1753 1271 1790 ιωῐιο
1291 1752 1469 1788 PRIMO:

344 1865 378 1905 l.
418 1855 615 1906 Basilius
635 1852 857 1901 omnibus
876 1845 1191 1910 Chrysostomi
1209 1843 1375 1910 amicis
1389 1833 1656 1907 antecellit.
1723 1897 1733 1907 .

347 1927 396 1967 tt.
437 1905 694 1966 concordia
743 1905 1308 1971 BasiliietChrysostomi,
1335 1909 1387 1952 et
1407 1905 1672 1950 communis
1693 1905 1817 1945 circa
1851 1905 1936 1942 res

411 1991 585 2028 omnes
605 1974 955 2046 disquisitioui
1027 2041 1123 2046 ωῌ
1171 2003 1264 2046 ξεῖ-
1307 2023 1565 2046 -ψςηηω
1609 2021 1621 2046 ε

349 2016 976 2096 in.""§i:iieii"iiia'eﬁiiziiis,
1018 2041 1127 2080 cum
1171 2028 1268 2078 vita
1307 2023 1568 2074 monastica
1609 2016 1822 2068 ineunda
1863 2027 1937 2065 es-

353 2171 403 2211 lv
413 2107 1040 2220 migroposnumeommunis
1061 2149 1365 2199 habitationis
1386 2146 1658 2206 utriusque.

353 2234 407 2273 ν.
441 2218 599 2271 Matris
617 2218 877 2266 blanditia;

353 2268 427 2333 ii.
443 2268 604 2330 Fraus
625 2291 719 2340 qua
745 2280 792 2326 in
815 2270 1113 2340 ordiriatione
1137 2268 1750 2340 usus_est_Chrysostomus.

357 2330 446 2393 iii.
482 2330 889 2390 Βιιδίιὶὶὶωευδειὶο
902 2336 1132 2398 modesta
1158 2339 1211 2381 et
1234 2330 1489 2398 siniplcx.‘
1707 2387 1718 2398 '

355 2389 462 2455 iiii.
487 2389 803 2466 Chrysostomi
827 2396 1049 2466 defensio
1071 2408 1180 2466 cum
1202 2389 1591 2466 reprehensione
1601 2389 1882 2466 conjuncta.

357 2445 732 2526 iil'iiiﬁgiiifé'i
743 2445 1047 2522 tempestiva
1083 2445 1455 2504 fraude'utilitas
1477 2465 1490 2500 :
1512 2449 1668 2499 thesis
1702 2445 1767 2496 'et
1786 2445 1921 2494 locus

418 2536 700 2578 communis.

1120 2648 1192 2663 —

437 2748 487 2800 Ι.
519 2743 744 2798 Basilius
769 2739 996 2794 omnibus
1021 2730 1364 2805 Chrysostomi
1383 2729 1554 2783 amicis
1581 2725 1851 2780 antecellit.
1871 2751 1943 2762 —

365 2836 492 2892 Mihi
536 2832 750 2902 quidem
779 2829 934 2884 amici
960 2826 1263 2895 complures
1307 2821 1486 2885 fuere,
1541 2818 1682 2887 iique
1705 2811 1942 2886 germani

362 2935 417 2981 et
445 2924 585 2988 veri,
616 2921 707 2992 qui
745 2919 993 2974 amicitiae.
1033 2918 1180 2984 leges
1219 2922 1273 2969 et
1300 2912 1464 2984 probe
1505 2908 1862 2978 intelligerent
1889 2912 1944 2960 et

361 3015 640 3084 diligenter
655 3011 1000 3067 observarent
1019 3025 1031 3059 :
1055 3006 1245 3060 horum
1263 3018 1392 3057 vero
1411 2998 1760 3070 complurium
1782 3011 1940 3063 unus,

361 3107 454 3175 qui
477 3113 702 3162 caeteros
725 3117 910 3157 omnes
951 3099 1183 3155 amicitia
1212 3097 1366 3166 longe
1394 3093 1708 3164 superabat,
1739 3097 1943 3145 tantum

365 3201 484 3254 illos
514 3206 656 3252 retro
683 3195 979 3264 relinquere
1007 3190 1286 3256 studebat,
1315 3194 1570 3258 quantum
1601 3181 1678 3238 illi
1707 3181 1944 3251 reliquos

367 3289 705 3345 mediocriter
743 3299 867 3355 erga
913 3297 1000 3338 me
1041 3280 1279 3337 allectos.
1319 3278 1369 3334 ls
1401 3292 1467 3333 ex
1507 3290 1691 3331 eorum
1722 3287 1946 3328 numero

364 3389 508 3446 erat,
549 3378 638 3449 qui
682 3375 833 3430 lateri
863 3388 982 3429 meo
1012 3379 1270 3442 perpetuo
1301 3368 1604 3422 haererent:
1632 3363 1828 3420 etenim
1857 3362 1948 3416 iis-

366 3473 490 3527 dcm
526 3481 637 3524 tum
664 3467 954 3536 disciplinis
984 3472 1094 3518 tum
1124 3459 1392 3530 magistris
1420 3471 1635 3527 operam
1682 3455 1944 3511 dedimus.

369 3563 543 3619 Unum
573 3560 849 3628 utriusque
884 3563 1000 3611 erat
1035 3555 1175 3609 circa
1203 3553 1384 3607 literas
1411 3549 1643 3604 studium
1663 3588 1679 3615 ,
1708 3562 1812 3602 una
1836 3545 1949 3601 sol-

371 3650 609 3713 licitudo,
638 3665 732 3720 par
759 3645 1082 3703 desiderium
1116 3643 1304 3698 iisdem
1331 3657 1397 3698 ex
1427 3642 1586 3696 rebus
1615 3648 1816 3694 natum.
1838 3637 1948 3693 Ne-

370 3760 473 3812 que
499 3743 638 3797 enim
667 3741 838 3796 solum
868 3754 988 3794 cum
1016 3737 1082 3792 ad
1113 3735 1392 3806 magistros
1419 3735 1830 3801 ventitaremus,
1855 3731 1950 3787 sed

371 3834 529 3888 etiam
561 3845 680 3885 cum
708 3829 855 3884 illinc
886 3841 1132 3898 egressos
1165 3825 1447 3880 consilium
1488 3825 1622 3879 inire
1647 3831 1948 3894 oporteret,

371 3921 514 3994 quod
535 3920 870 3991 prmstautius
885 3919 1006 3973 vitae
1024 3931 1191 3988 genus
1212 3916 1364 3971 nobis
1384 3913 1768 3986 capessendum
1788 3921 1950 3980 esset,

358 3999 502 4072 'tunc
525 4015 684 4070 etiam
713 4013 851 4068 idem
881 4024 1175 4067 consensus
1200 4009 1508 4080 apparebat.

443 4108 499 4160 ‘2.
532 4104 814 4160 Concordia
854 4102 1036 4157 Basilii
1063 4111 1110 4156 et
1146 4099 1490 4171 Chrysostomi
1511 4140 1528 4168 ,
1579 4109 1626 4153 et
1676 4098 1954 4152 communis

375 4201 510 4254 circa
535 4214 616 4252 res
641 4212 810 4251 omnes
835 4194 1136 4265 disquisitio.
1167 4222 1237 4233 —
1266 4191 1433 4246 Erant
1459 4199 1513 4246 et
1537 4190 1640 4244 alia
1669 4205 1789 4260 quae
1821 4189 1956 4244 hanc

376 4290 714 4347 concordiam
738 4289 944 4343 firmam
963 4287 1436 4354 inconcussamque
1456 4291 1746 4340 servarent.
1775 4283 1956 4353 Neque

377 4382 521 4437 enim
547 4380 616 4435 ob
650 4381 834 4450 patriae
863 4379 1264 4449 amplitudinem
1291 4378 1426 4432 alter
1449 4377 1702 4432 adversus
1731 4377 1954 4431 alterum

380 4487 441 4526 se
465 4469 655 4526 efferre
682 4477 924 4538 poterat:
956 4469 1084 4522 mihi
1116 4483 1221 4523 non
1252 4483 1382 4539 opes
1407 4483 1627 4523 summa:
1657 4476 1828 4532 erant,
1859 4482 1960 4522 nec

380 4564 474 4620 illc
501 4570 739 4616 extrema
784 4558 1123 4628 premebatur
1149 4560 1322 4628 inopia
1356 4577 1369 4614 :
1411 4559 1519 4614 imo
1561 4567 1614 4614 et
1653 4559 1958 4612 facultatum

378 4652 596 4708 modum
645 4649 896 4720 propositi
942 4649 1138 4717 paritas
1184 4649 1573 4703 armalabaiur:
1614 4662 1709 4716 par
1751 4646 1960 4716 generis

380 4742 615 4798 conditio
639 4747 756 4795 erat
776 4780 792 4806 ,
821 4737 1104 4808 omniaque
1130 4737 1195 4792 ad
1221 4737 1534 4792 sententiam
1566 4746 1800 4791 nostram
1827 4750 1959 4790 con-

379 4835 687 4891 currebant.

452 4929 506 4985 5.
538 4927 742 4982 Statera
769 4924 1049 4995 inaequalis,
1080 4937 1195 4976 (um
1221 4921 1323 4975 vita
1347 4921 1618 4974 monastica
1640 4918 1858 4972 ineunda
1886 4934 1963 4972 es-

381 5029 474 5074 set.
501 5047 574 5059 —
600 5018 732 5073 Cum
765 5025 940 5070 autem
973 5028 1272 5085 proxrmum
1299 5020 1441 5068 esset
1470 5019 1527 5066 ut
1550 5011 1734 5066 beatus
1763 5011 1853 5066 ille
1881 5011 1963 5065 vir

385 5109 765 5166 monachorum
805 5109 965 5162 vitam
1007 5120 1293 5174 veramque
1340 5103 1726 5173 philosophiam
1755 5102 1960 5172 ample-

384 5210 641 5266 cteretur,
666 5201 775 5270 jam
803 5215 907 5254 non
937 5212 1032 5267 par
1058 5207 1174 5251 erat
1197 5205 1414 5259 statera,
1444 5194 1536 5249 sed
1564 5194 1679 5265 ejus
1705 5197 1847 5258 lanx,
1874 5202 1959 5246 ut-

387 5300 510 5361 pote
538 5291 723 5358 levior,
753 5290 991 5345 sublimis
1028 5287 1331 5353 ferebatur;
1365 5301 1463 5355 ego
1488 5300 1616 5339 vero
1650 5284 1830 5338 mundi
1870 5299 1963 5338 cu-

387 5383 694 5453 piditatibus
728 5384 963 5437 irretitus
1001 5381 1205 5434 lancem
1249 5393 1453 5437 meam.
1483 5375 1802 5445 juvenilibus
1826 5390 1960 5428 onu-

389 5485 524 5530 Stam
547 5472 969 5541 cogitationibus,
991 5471 1372 5541 deprimebam.
1390 5470 1485 5525 llic
1500 5468 1710 5523 demum
1733 5467 1962 5521 amicitia

390 5565 601 5635 quidem
627 5563 795 5627 firma,
829 5573 885 5617 ut
910 5572 1053 5630 ante,
1081 5563 1346 5628 manebat,
1370 5561 1461 5616 sed
1488 5559 1812 5615 consuetudo
1837 5559 1961 5612 diri-

393 5657 671 5714 mebatur:
701 5669 872 5724 neque
915 5654 1055 5711 enim
1100 5669 1203 5710 una
1234 5653 1428 5711 versari
1471 5661 1712 5723 poterant
1739 5651 1828 5724 qui
1856 5667 1961 5708 non

2039 1721 2226 1777 iisdem
2254 1717 2441 1772 studiis
2467 1722 2791 1770 tenerentur.
2819 1713 3082 1770 Caeterum
3113 1713 3198 1768 ubi
3223 1721 3277 1769 et
3305 1713 3415 1782 ipse
3441 1727 3470 1769 a
3501 1712 3620 1768 vita:

2039 1811 2196 1882 hujus
2220 1807 2469 1863 fluctibus
2493 1814 2650 1876 caput
2674 1805 2941 1876 paululum
2964 1805 3130 1871 erexi,
3154 1819 3239 1860 me
3263 1805 3348 1859 ille
3367 1805 3622 1860 ambabus

2038 1899 2392 1972 apprehendit
2435 1897 2680 1952 manibus
2714 1915 2727 1951 :
2772 1904 2828 1951 at
2869 1911 2937 1950 ne
2982 1895 3060 1950 sic
3101 1895 3314 1965 quidem
3354 1897 3622 1965 potuimus

2039 1990 2398 2061 mqualitatem
2451 1987 2730 2058 pristinam
2786 1986 3042 2043 retinere.
3103 1986 3311 2042 Etenim
3362 2001 3483 2040 cum
3536 1987 3623 2041 ille

2043 2098 2142 2138 nos
2179 2091 2418 2152 tempore
2442 2079 2842 2144 antevertisset,
2873 2078 3173 2148 ardensque
3217 2079 3448 2137 studium
3475 2078 3627 2133 exhi-

2043 2173 2282 2237 buisset,
2328 2185 2513 2226 rursus
2554 2170 2833 2226 sublimior
2863 2168 3151 2238 ferebatur,
3186 2170 3238 2225 in
3280 2169 3442 2224 altum
3471 2169 3627 2226 valde

2042 2263 2299 2318 sublatus.

2112 2369 2168 2423 4.
2208 2366 2536 2438 Propositum
2578 2366 2855 2422 communis
2892 2366 3213 2422 habitationis
3247 2368 3525 2438 utriusque.
3556 2397 3629 2409 —-

2043 2459 2291 2514 Attamen
2314 2458 2487 2512 bonus
2515 2473 2634 2512 cum
2662 2464 2806 2512 esset
2832 2457 3224 2527 amicitiamque
3248 2466 3485 2511 nostram
3513 2472 3627 2512 ma-

2043 2552 2134 2621 gni
2165 2550 2382 2616 faceret,
2413 2564 2443 2602 a
2468 2559 2784 2604 cancrorum
2812 2549 3050 2603 omnium
3074 2547 3424 2603 contubernio
3447 2562 3506 2604 se
3530 2549 3628 2603 ab-

2045 2641 2284 2706 ducens,
2331 2639 2607 2694 nobiscum
2645 2638 2791 2694 omni
2832 2646 3072 2708 tempore
3113 2637 3449 2706 versabatur,
3487 2639 3629 2709 quod

2046 2742 2204 2788 antea
2234 2732 2334 2802 ipsi
2354 2732 2408 2786 in
2437 2738 2561 2786 voto
2588 2739 2722 2797 erat,
2754 2729 2869 2795 sed,
2898 2737 2954 2786 ut
2979 2730 3110 2797 dixi,
3137 2745 3168 2785 a
3201 2730 3425 2801 segnitie
3451 2739 3632 2786 nostra

2046 2823 2346 2895 prohibitus
2372 2821 2568 2878 fuerat.
2597 2821 2781 2892 Neque
2805 2821 2948 2877 enim
2978 2829 3186 2891 poterat
3209 2822 3275 2889 is,
3307 2822 3396 2892 qui
3419 2821 3634 2892 judiciis

2049 2926 2104 2972 et
2132 2916 2251 2971 foro
2293 2914 2534 2970 haerebat
2568 2923 2623 2969 et
2657 2929 2832 2969 scenze
2878 2913 3266 2970 oblectamenta
3306 2915 3631 2983 sectabatur,

2048 3022 2172 3062 cum
2194 3021 2259 3062 eo
2279 3021 2423 3076 srepe
2445 3005 2668 3073 versari,
2695 3005 2784 3074 qui
2805 3004 2955 3060 libris
2974 3003 3184 3060 deditus
3204 3004 3256 3059 in
3281 3003 3453 3060 forum
3480 3023 3636 3061 num-

2047 3113 2205 3168 quam
2226 3097 2532 3152 ventitaret.
2559 3095 2921 3162 Quamobrem
2944 3111 3061 3150 cum
3087 3104 3243 3151 antea
3268 3096 3512 3164 repulsus
3539 3112 3636 3151 nos

2047 3188 2116 3243 ad
2138 3187 2382 3244 eamdem
2411 3187 2529 3242 vita:
2555 3185 2864 3241 societatem
2890 3184 3200 3256 accepisset,
3229 3186 3368 3255 quod
3390 3189 3500 3255 jam
3528 3187 3638 3257 pri-

2047 3278 2168 3334 dem
2193 3277 2515 3333 desiderium
2543 3276 2885 3346 parturiebat,
2915 3275 3196 3331 confestim
3225 3278 3450 3347 peperit,
3477 3292 3539 3332 ac
3567 3293 3638 3333 ne

2049 3370 2322 3425 minimam
2350 3367 2563 3438 quidem
2586 3367 2687 3422 dici
2715 3377 2920 3436 partem
2945 3380 2973 3419 a
3004 3366 3158 3421 nobis
3183 3367 3372 3422 abesse
3397 3367 3636 3437 patieba-

2028 3468 2174 3536 tur:
2207 3459 2303 3515 sed
2328 3458 2541 3514 assidue
2563 3457 2891 3522 hortabatur,
2921 3463 2979 3510 ut
3001 3455 3160 3511 domo
3188 3465 3408 3526 uterque
3431 3472 3524 3512 sua
3555 3473 3639 3512 re-

2052 3551 2175 3606 licta
2209 3565 2493 3606 commune
2533 3548 2854 3604 domicilium
2899 3548 3292 3604 incoleremus:
3324 3563 3430 3620 quo
3468 3549 3638 3621 impe-

2051 3650 2189 3699 trato
2209 3644 2319 3711 jam
2348 3657 2436 3697 res
2461 3643 2516 3696 in
2545 3641 2788 3697 manibus
2812 3648 2949 3696 erat.

2123 3742 2178 3796 5.
2209 3739 2392 3794 Matris
2419 3739 2693 3794 blanditiae.
2719 3768 2791 3779 —
2819 3739 3016 3794 Verum
3053 3739 3280 3795 assiduae
3306 3739 3490 3795 matris
3521 3739 3640 3794 ille-

2052 3830 2227 3885 cebrre
2253 3829 2589 3893 obstiterunt,
2621 3828 2906 3898 quominus
2948 3827 3084 3884 hanc
3110 3829 3185 3884 illi
3206 3830 3429 3900 gratiam
3454 3829 3642 3884 redde-

2053 3938 2204 3988 rem;
2239 3922 2345 3976 imo
2395 3936 2546 3990 vero,
2577 3921 2858 3992 quominus
2884 3921 2937 3976 id
2972 3921 3214 3976 beneficii
3245 3923 3312 3978 ab
3339 3937 3404 3977 eo
3428 3922 3641 3992 accipe-

2053 4030 2188 4070 rem.
2228 4013 2514 4069 Enimvero
2553 4013 2643 4068 ubi
2689 4015 2777 4068 illa
2829 4013 3046 4069 odorata
3085 4023 3165 4070 est
3205 4031 3291 4070 me
3338 4015 3390 4069 id
3433 4016 3641 4072 consilii

2056 4104 2211 4166 inire.
2242 4104 2427 4159 dextra
2453 4104 2844 4174 apprehensum
2875 4105 3165 4160 introduxit
3185 4121 3273 4160 me
3301 4105 3350 4159 in
3375 4105 3640 4176 peculiare

2057 4196 2158 4250 sibi
2186 4195 2507 4250 domicilium
2527 4236 2543 4261 ,
2579 4210 2643 4250 ac
2671 4210 2756 4251 me
2793 4209 2956 4264 prope
2985 4195 3180 4250 lectum
3201 4237 3216 4263 ,
3249 4195 3340 4249 ubi
3370 4211 3455 4250 me
3487 4198 3642 4250 enixa

2041 4285 2260 4351 fuerat,
2293 4269 2525 4340 assidere
2554 4285 2722 4355 jusso,
2757 4286 2968 4341 emissis
2991 4286 3342 4356 lacrymarum
3376 4286 3605 4341 fontibus
3626 4329 3642 4355 ,

2060 4376 2189 4446 ipsis
2219 4375 2468 4446 lacrymis
2492 4376 2875 4432 miserabiliora
2902 4377 3060 4432 verba
3088 4378 3416 4446 proferebat,
3451 4378 3534 4433 his
3560 4396 3646 4434 mc

2058 4465 2390 4536 gemebunda
2415 4465 2775 4535 compellans:
2805 4464 2939 4534 Ego,
2968 4466 3169 4535 inquit,
3203 4467 3295 4534 fili,
3329 4468 3520 4523 virtute
3551 4484 3645 4538 pa-

2060 4554 2165 4611 tris
2199 4556 2270 4610 tui
2309 4571 2413 4610 non
2461 4555 2629 4610 multo
2672 4564 2910 4626 tempore
2955 4557 3026 4610 ita
3073 4557 3387 4626 providente
3431 4561 3647 4613 numine

2062 4645 2165 4700 frui
2207 4646 2373 4715 potui.
2419 4645 2552 4700 Nam
2595 4656 2777 4716 partus
2822 4645 2899 4700 tui
2944 4646 3157 4703 dolores
3186 4650 3456 4720 excipiens
3504 4651 3647 4705 illius

2063 4737 2268 4803 obitus,
2300 4746 2350 4792 te
2376 4739 2628 4808 pupillum
2649 4779 2663 4803 ,
2695 4753 2780 4793 me
2809 4737 3019 4794 viduam
3054 4751 3369 4809 praemature
3397 4743 3644 4812 reliquit,

2063 4827 2257 4882 additis
2293 4827 2560 4882 viduitatis
2603 4828 2989 4895 incommodis,
3036 4845 3154 4899 qua:
3201 4832 3436 4901 expertis
3474 4833 3647 4887 solum

2065 4918 2229 4987 probe
2254 4927 2377 4972 nota
2400 4926 2542 4972 sunt.
2567 4918 2754 4973 Nullus
2781 4919 2920 4974 enim
2963 4934 3141 4975 sermo
3171 4921 3315 4976 illam
3360 4931 3649 4992 tempesta-

2067 5016 2172 5064 tem
2201 5023 2264 5063 ac
2292 5008 2575 5078 procellam
2607 5009 2905 5079 exprimere
2937 5010 3136 5079 possit,
3167 5026 3325 5080 quam
3351 5014 3526 5081 puella
3557 5029 3648 5068 su-

2067 5103 2172 5170 bit,
2189 5118 2323 5158 cum
2350 5117 2519 5172 nuper
2543 5117 2573 5157 e
2602 5102 2760 5158 domo
2783 5103 2948 5173 patris
2975 5104 3166 5159 emissa
3184 5145 3199 5170 ,
3231 5119 3294 5160 ac
3319 5108 3649 5175 negotiorum

2066 5198 2308 5269 imperita
2329 5241 2344 5266 ,
2375 5207 2592 5268 repente
2621 5199 2762 5253 luctu
2798 5199 3111 5253 intolerabili
3144 5199 3416 5268 perculsa,
3449 5201 3652 5254 sollici-

2068 5290 2308 5345 tudinem
2331 5298 2486 5344 zetate
2504 5304 2567 5344 ac
2588 5304 2716 5344 sexu
2738 5304 2834 5344 suo
2854 5288 3107 5358 majorem
3135 5290 3404 5362 suscipere
3424 5290 3649 5360 cogitur.

2066 5380 2208 5448 Opus
2236 5380 2376 5435 enim
2407 5389 2488 5434 est
2512 5394 2784 5434 servorum
2826 5379 3084 5449 ignaviam
3111 5383 3426 5447 emendare,
3459 5383 3650 5451 ncqui-

2069 5470 2192 5523 tiam
2221 5471 2524 5535 observare,
2556 5477 2899 5538 cognatorum
2940 5469 3156 5524 insidias
3181 5473 3520 5540 propulsare,
3554 5489 3650 5541 pu-

2068 5560 2396 5615 blicanorum
2430 5561 2695 5614 molestias
2727 5571 2781 5616 et
2805 5560 2856 5614 in
2886 5560 3226 5631 vectigalibus
3251 5563 3521 5632 exigendis
3551 5565 3652 5618 iiu-

2071 5651 2375 5708 manitatcm
2406 5652 2608 5708 fortiter
2628 5652 2787 5710 ferre.
2815 5652 2966 5722 Quod
2994 5655 3036 5711 si
3066 5653 3129 5722 is,
3154 5652 3240 5724 qui
3264 5666 3492 5712 mortem
3519 5654 3653 5723 obit,
