4050 6160
269 333 368 390 6,5
417 354 422 359 .

267 452 469 523 prolem
490 449 790 520 relinquat;
817 449 862 505 si
883 448 952 506 sit
975 448 1192 518 femina,
1220 462 1463 519 magnam
1490 447 1670 517 utique
1695 443 1851 500 matri

264 558 447 598 curam
472 542 713 609 exhibet,
744 542 838 598 sed
871 550 1046 598 tamen
1075 540 1370 610 sumptibus
1399 547 1453 594 et
1480 548 1623 593 metu
1654 552 1851 592 vacan—

268 645 373 691 tem
399 653 412 688 :
445 643 498 690 at
526 635 666 689 filius
686 635 951 690 sexcentis
973 632 1206 704 quotidie
1229 631 1508 686 timoribus
1525 631 1694 699 replet
1716 629 1853 684 mul-

267 729 439 798 lisque
478 727 956 792 sollicitudinibus;
999 727 1153 780 mitto
1190 725 1331 780 enim
1369 726 1711 794 pecuniarum
1753 738 1850 777 ex-

263 833 506 889 pensam,
529 833 687 888 quam
713 817 931 872 multam
958 815 1133 872 facere
1153 816 1358 887 cogitur
1381 824 1570 881 mater,
1592 815 1636 868 si
1657 813 1852 869 libera-

263 913 385 968 liter
413 912 562 966 illum
587 910 817 966 educare
852 908 1050 978 cupiat.
1091 908 1176 964 Me
1216 917 1390 962 tamen
1435 906 1620 960 horum
1650 904 1849 960 nullum

261 1003 327 1057 ad
353 1003 550 1059 alteras
585 1001 796 1070 nuptias
822 1001 907 1056 vel
937 1000 1004 1054 ad
1041 1000 1268 1058 alterum
1308 1001 1360 1055 in
1406 998 1568 1067 patris
1597 997 1671 1052 tui
1708 997 1851 1053 aedes

263 1092 622 1148 inducendum
662 1105 916 1161 sponsum
959 1091 1253 1158 permovit;
1297 1088 1391 1144 sed
1432 1089 1483 1143 in
1529 1087 1758 1157 procella
1796 1094 1851 1142 et

262 1187 472 1242 turbine
513 1186 714 1251 mansi,
760 1185 1094 1254 ferreamque
1131 1183 1402 1238 viduitatis
1432 1181 1698 1236 fornacem
1741 1195 1848 1235 non

259 1278 444 1341 evasi,
489 1277 660 1347 primo
689 1275 904 1344 quidem
933 1289 1165 1344 superno
1205 1274 1331 1328 fulta
1365 1272 1629 1338 subsidio,
1655 1271 1850 1327 deinde

259 1387 368 1427 non
400 1371 612 1426 modico
654 1370 784 1423 mihi
813 1369 866 1423 in
898 1367 1282 1422 calamitatibus
1314 1365 1502 1420 solatio
1526 1372 1669 1427 erat,
1705 1361 1846 1432 quod

259 1463 467 1517 vultum
491 1460 796 1530 frequenter
821 1470 964 1513 tuum
991 1457 1306 1526 aspicerem,
1331 1468 1394 1510 ac
1413 1455 1582 1509 vivam
1610 1452 1852 1508 defuncti-

259 1554 550 1624 imaginem
571 1565 862 1612 servarem,
881 1548 1166 1623 quasillum
1186 1553 1429 1600 accurate
1450 1543 1692 1599 referret.
1715 1542 1848 1609 Qua-

257 1652 482 1713 pr0pter
508 1657 629 1695 cum
659 1640 833 1695 adhuc
868 1639 1041 1694 infans
1065 1651 1243 1703 esses,
1274 1634 1500 1690 necdum
1527 1633 1667 1702 loqui
1698 1632 1848 1686 valc-

257 1751 383 1802 res,
425 1749 548 1789 cum
590 1733 825 1788 maxime
856 1730 1006 1802 pueri
1055 1737 1301 1798 parentes
1337 1727 1603 1782 oblectare
1637 1725 1850 1791 solent,

257 1842 469 1898 magna:
497 1826 626 1880 mihi
653 1824 1002 1879 consolationi
1026 1821 1187 1875 fuisti.
1209 1820 1390 1890 Neque
1412 1818 1538 1872 illud
1566 1816 1696 1872 mihi
1720 1817 1846 1871 vitio

258 1928 472 1974 vertere
498 1917 693 1987 possis,
724 1914 866 1985 quod
894 1914 1014 1968 licet
1043 1911 1350 1966 viduitatem
1378 1908 1584 1964 fortiter
1611 1907 1843 1972 tulerim,

260 2021 516 2080 paternas
559 2016 734 2061 tamen
777 2005 846 2060 ob
881 2002 1150 2058 viduitatis
1186 1999 1578 2056 incommodum
1611 1998 1701 2052 tibi
1742 1998 1843 2050 mi-

261 2102 471 2157 nuerim
502 2099 808 2163 facultates,
838 2095 979 2166 quod
1010 2095 1188 2149 multis
1225 2092 1277 2146 in
1315 2090 1540 2145 orbitate
1568 2087 1853 2142 infeliciter

260 2191 525 2246 accidisse
552 2188 712 2242 novi:
746 2202 867 2240 nam
903 2186 1019 2240 illas
1055 2183 1150 2238 tibi
1189 2183 1420 2251 integras
1449 2179 1680 2241 servavi,
1724 2177 1845 2231 licet

261 2282 397 2337 nihil
422 2294 608 2336 eorum
636 2288 937 2347 sumptuum
969 2272 1416 2345 praetermiserim,
1442 2269 1531 2340 qui
1557 2268 1624 2323 ad
1650 2267 1844 2322 libera-

259 2373 368 2430 lem
397 2370 784 2427 institutionem
812 2377 951 2422 tuam
975 2362 1261 2420 necessarii
1285 2368 1437 2416 crant
1461 2379 1474 2414 :
1507 2358 1663 2428 idque
1681 2373 1747 2414 ex
1771 2356 1845 2410 fa-

258 2461 707 2520 cultatibus'meis
733 2473 905 2529 exque
931 2454 1169 2527 pecuniis
1185 2496 1199 2518 ,
1226 2467 1358 2523 quas
1384 2466 1414 2506 e
1440 2450 1600 2504 domo
1628 2455 1843 2519 paterna

259 2557 568 2612 attuleram.
599 2553 677 2608 Ne
705 2566 832 2606 vero
861 2557 1012 2620 putes
1048 2562 1136 2602 me
1161 2545 1252 2599 tibi
1291 2541 1696 2612 cxprobrantem
1729 2537 1844 2592 ilth

259 2648 444 2702 dicere
468 2663 482 2699 :
515 2643 609 2699 sed
647 2658 742 2711 pro
770 2640 854 2694 his
877 2637 1122 2692 omnibus
1158 2649 1316 2690 unam
1344 2630 1553 2703 postulo
1586 2628 1804 2699 gratiam
1823 2663 1847 2692 ,

261 2753 330 2792 ne
373 2752 461 2790 me
506 2735 668 2789 altera
712 2730 966 2785 viduitate
1011 2727 1279 2792 involvas,
1327 2738 1428 2776 neu
1467 2721 1696 2790 sopitum
1732 2719 1841 2786 jam

260 2829 463 2883 luctum
527 2825 704 2879 denuo
758 2821 993 2883 excites,
1050 2831 1237 2872 verum
1287 2822 1513 2868 mortem
1568 2817 1844 2885 exspectes

259 2935 437 2976 meam
472 2937 488 2972 :
527 2918 653 2972 hinc
693 2915 916 2968 fortasse
958 2910 1104 2966 brevi
1143 2904 1512 2977 emigrandum
1550 2901 1682 2958 mihi
1720 2900 1841 2956 erit.

261 3013 393 3068 Nam
421 3011 644 3081 juvenes
671 3005 884 3078 quidem
909 3003 974 3058 ad
1011 3009 1314 3073 provectam
1342 2996 1555 3067 perduci
1595 3001 1843 3049 senectu-

262 3114 373 3160 tem
408 3117 626 3173 spcrare
659 3105 911 3172 possunt;
945 3110 1044 3151 nos
1068 3102 1274 3159 autem,
1304 3091 1393 3160 qui
1433 3086 1842 3150 consenuimus,

261 3197 396 3252 nihil
424 3195 569 3248 aliud
606 3207 765 3262 quam
806 3195 1031 3243 mortem
1064 3182 1451 3255 praestolamur.
1493 3177 1626 3234 Cum
1665 3177 1850 3246 itaque

259 3306 349 3345 me
380 3299 538 3344 terra:
574 3283 886 3350 tradideris,
916 3281 1188 3353 patrisque
1223 3276 1432 3332 ossibus
1467 3269 1842 3336 admiscueris,

261 3384 448 3453 longas
474 3379 729 3448 suscipito
758 3373 1206 3447 peregrinationes
1222 3411 1238 3437 ,
1267 3377 1321 3423 et
1347 3365 1718 3437 quodcumque
1744 3376 1842 3415 vo-

259 3476 428 3531 lueris
452 3473 668 3542 pelagus
698 3468 965 3540 trajicito:
998 3477 1156 3520 nemo
1181 3471 1306 3516 tunc
1333 3457 1696 3530 prohibiturus
1721 3460 1840 3508 est:

259 3577 516 3623 ctetcrum
551 3564 722 3620 donec
747 3561 1070 3630 respiramus
1089 3597 1105 3623 ,
1139 3552 1543 3610 contubernium
1569 3561 1746 3602 meum
1777 3560 1844 3599 ne

259 3672 504 3728 respuas,
533 3670 635 3710 neu
657 3655 709 3708 in
731 3652 824 3707 Dei
844 3650 1192 3706 oii'ensionem
1215 3654 1414 3701 temere
1435 3643 1693 3705 incurras,
1716 3638 1842 3692 dum
1872 3670 1874 3672 τ

261 3767 362 3807 nos
408 3749 539 3804 nihil
585 3756 761 3802 tamen
804 3745 959 3799 laesus
998 3757 1028 3796 a
1072 3739 1224 3795 nobis
1271 3745 1350 3791 tot
1390 3735 1541 3789 malis
1584 3731 1842 3786 involves.

262 3842 474 3897 Etenim
502 3840 545 3894 si
573 3835 824 3907 conqueri
855 3842 1005 3904 potes
1023 3873 1039 3898 ,
1079 3829 1221 3901 quod
1250 3836 1302 3884 te
1328 3827 1395 3882 ad
1427 3823 1720 3879 mundanas
1747 3835 1842 3875 cu-

260 3948 349 3988 ras
374 3929 700 4003 pertraham,
728 3942 788 3981 ac
806 3924 1032 3993 negotiis
1061 3920 1364 3992 prospicere
1394 3917 1498 3972 tuis
1525 3928 1710 3984 cogam
1731 3953 1745 3976 ,
1774 3926 1844 3967 ne

261 4001 410 4093 leges
452 4031 688 4082 natum,
721 4031 789 4070 ne
825 4012 1220 4075 educationem,
1261 4022 1328 4063 ne
1369 4001 1842 4065 consuetudinem,

263 4090 368 4169 neu
407 4109 550 4164 aliud
575 4106 841 4179 quidpiam
867 4101 1193 4166 reverearis,
1219 4097 1312 4152 sed
1341 4110 1438 4150 nos
1466 4103 1731 4162 tamquam
1760 4090 1844 4144 in-

261 4205 547 4260 sidiatores
571 4211 624 4255 et
643 4199 884 4254 inimicos
903 4195 1056 4265 fuge;
1081 4192 1163 4247 sin
1183 4204 1311 4247 vero
1331 4187 1460 4242 nihil
1487 4199 1591 4240 non
1617 4185 1841 4254 agimus,

261 4305 322 4350 ut
350 4293 442 4350 tibi
475 4293 638 4346 otium
671 4301 915 4359 paremus
943 4284 1008 4338 ad
1036 4276 1601 4337 vitam‘instituendam
1621 4315 1636 4340 ,
1667 4274 1713 4328 si
1747 4274 1846 4325 mi-

261 4401 366 4440 nus
390 4382 536 4438 aliud
561 4380 858 4440 vinculum,
892 4385 1037 4432 certe
1066 4375 1168 4428 hoc
1194 4385 1358 4427 unum
1387 4377 1440 4423 te
1465 4365 1604 4438 apud
1629 4379 1727 4418 nos
1755 4362 1850 4417 dc-

261 4478 453 4531 tineat.
481 4472 614 4528 Nam
649 4469 856 4526 etiamsi
887 4477 937 4522 te
963 4481 994 4520 a
1019 4464 1282 4520 sexcentis
1307 4461 1425 4516 aliis
1461 4457 1627 4513 amari
1664 4456 1810 4512 dicas
1829 4496 1844 4520 ,

264 4567 443 4621 nullus
477 4563 572 4618 tibi
607 4569 808 4616 tantam
839 4557 1131 4613 libertatem
1157 4551 1490 4623 procurabit,
1523 4547 1850 4619 quandoqui-

263 4659 389 4713 dem
432 4669 590 4710 nemo
631 4660 744 4718 est,
791 4649 875 4706 cui
922 4645 1242 4703 existimatio
1289 4651 1376 4696 tua
1414 4653 1567 4710 teque
1611 4651 1674 4692 ac
1719 4635 1848 4690 mihi

261 4763 388 4804 cara
416 4747 504 4802 sit.

339 4842 393 4894 ὓ.
423 4838 592 4891 Fraus
614 4850 714 4903 qua
732 4834 786 4887 in
806 4829 1119 4886 ordinatione
1140 4841 1264 4880 usus
1282 4832 1354 4879 est
1371 4821 1853 4891 marmorum“.—

269 4933 395 4988 llaac
422 4941 476 4985 et
504 4929 585 4982 his
610 4927 763 4996 plura
789 4923 972 4978 matris
992 4919 1155 4974 verba
1182 4924 1334 4971 erant
1361 4931 1375 4967 :
1407 4927 1526 4982 qua:
1547 4925 1666 4964 cum
1686 4922 1850 4978 gene-

268 5040 400 5082 roso
443 5022 519 5078 illi
570 5021 688 5074 viro
715 5015 1077 5072 renuntiarem
1105 5051 1119 5074 ,
1173 5009 1264 5063 ilic
1310 5005 1506 5060 nedum
1550 4999 1853 5069 hujusmodi

259 5115 450 5172 verbis
491 5115 796 5167 moveretur
814 5147 828 5170 ,
856 5104 1030 5158 acrius
1054 5101 1213 5156 etiam
1261 5095 1491 5152 instabat
1515 5091 1706 5148 eadem
1741 5090 1856 5158 ipsa

263 5223 387 5278 qua:
422 5204 568 5274 prius
592 5199 910 5268 efflagitans.
925 5193 1052 5248 Haec
1070 5205 1190 5246 cum
1211 5189 1349 5242 inter
1377 5198 1481 5239 nos
1496 5193 1858 5244 versaremus,

267 5270 361 5354 illo
381 5270 690 5365 frequenter
718 5290 974 5350 instante,
1004 5297 1089 5338 me
1105 5281 1373 5336 abnuente
1397 5317 1411 5341 ,
1435 5282 1658 5330 exortus
1682 5270 1861 5325 subite

1503 323 1591 383 DE
1626 326 2078 386 SACERDOTIO.
2119 330 2247 387 LIB.
2291 332 2333 389 l.

3432 346 3536 400 626

1959 443 2058 501 bus
2077 448 2272 505 auditis
2289 490 2306 518 ,
2334 463 2432 522 ego
2475 449 2664 506 timore
2691 451 2848 509 simul
2873 461 2927 510 et
2965 453 3295 512 haesitatione
3325 461 3534 528 percul-

1956 552 2050 594 sus
2075 553 2192 593 sum
2217 581 2234 606 ,
2264 542 2456 597 timore
2477 581 2492 608 ,
2525 558 2592 598 ne
2618 544 2812 600 invitus
2854 560 3111 616 raperer;
3165 547 3496 606 haesitatione
3517 593 3534 618 ,

1956 643 2078 682 cum
2124 629 2417 687 identidem
2460 631 2814 704 disquirercm
2843 652 2950 706 quo
2995 648 3146 705 pacto
3174 639 3302 694 viris
3331 641 3436 696 illis
3483 643 3535 698 in

1957 730 2192 778 mentem
2220 724 2457 780 venisset
2481 723 2550 780 de
2573 725 2724 780 nobis
2745 726 3032 796 quidquam
3062 728 3361 798 hujusmodi
3388 733 3537 801 cogi-

1955 818 2070 868 tare
2094 827 2108 865 :
2132 826 2254 866 nam
2283 814 2541 883 meipsum
2587 816 2882 887 inspicienti
2912 819 3042 873 nihil
3069 824 3412 877 succurrebat
3443 823 3536 878 illo

1954 900 2172 972 dignum
2218 902 2444 960 honore.
2488 904 2798 962 Generosus
2823 920 2998 964 autem
3029 911 3137 975 ille,
3183 927 3270 966 me
3306 915 3530 968 seorsim

1955 995 2315 1061 conveniens,
2346 1011 2468 1052 cum
2517 996 2710 1053 famam
2736 1002 2886 1070 quasi
2914 1003 3178 1072 ignoranti
3229 1006 3489 1074 aperisset
3512 1048 3530 1074 ,

1932 1083 2174 1154 rogabat
2192 1125 2208 1152 ,
2236 1094 2297 1140 ut
2320 1087 2765 1156 quemadmodum
2794 1100 2938 1157 ante,
2971 1093 3057 1147 hic
3085 1093 3245 1148 etiam
3273 1093 3532 1152 factorum

1953 1175 2404 1247 consiliorumque
2418 1186 2696 1234 consortes
2712 1179 3014 1236 videremur
3037 1199 3050 1234 :
3071 1191 3312 1252 paratum
3334 1199 3393 1239 se
3412 1200 3533 1242 esse

1954 1267 2020 1322 ad
2046 1269 2301 1324 utramvis
2323 1269 2460 1324 viam
2491 1270 2843 1339 amplecterer
2860 1312 2877 1336 ,
2909 1272 3019 1326 sive
3046 1270 3352 1342 fugiendum
3375 1316 3392 1341 ,
3417 1276 3532 1330 sive

1953 1359 2396 1417 consentiendum
2419 1369 2590 1426 esset,
2623 1361 3068 1431 persequendam.
3110 1361 3239 1432 Ejus
3279 1378 3378 1433 ego
3412 1364 3531 1418 ani-

1953 1464 2097 1504 mmn
2135 1451 2472 1519 conspicatus
2497 1489 2514 1517 ,
2560 1450 2920 1520 damnumque
2957 1461 3104 1506 ratus
3142 1467 3227 1507 me
3271 1453 3532 1508 universa:

1953 1539 2206 1594 Ecclesiae
2231 1540 2528 1607 illaturum,
2551 1540 2598 1594 si
2625 1549 2729 1595 tam
2754 1541 2920 1610 probo
2938 1583 2953 1604 ,
2992 1549 3098 1596 tam
3125 1541 3192 1595 ad
3237 1542 3525 1596 multorum

1953 1631 2319 1700 praefecturam
2348 1631 2542 1689 idoneo
2577 1631 2775 1701 juvene
2802 1648 3016 1702 gregem
3058 1632 3255 1688 Christi
3293 1633 3361 1688 ob
3386 1634 3532 1688 infir-

1953 1723 2189 1778 mitatem
2227 1738 2403 1779 meam
2450 1724 2718 1795 privarem
2741 1765 2757 1790 ,
2789 1725 2931 1794 quod
2961 1727 3012 1780 in
3043 1726 3224 1782 animo
3265 1735 3381 1782 erat
3426 1742 3529 1782 non

1951 1812 2127 1868 delexi
2152 1853 2169 1879 ,
2194 1813 2294 1869 etsi
2323 1823 2478 1868 antea
2527 1814 2731 1870 nullum
2759 1816 3100 1870 consiliorum
3145 1831 3382 1870 meorum
3431 1817 3530 1886 ipsi

1951 1905 2297 1960 occultassem
2332 1923 2346 1961 :
2401 1905 2496 1962 sed
2519 1923 2646 1964 cum
2663 1906 3058 1977 respondissem
3103 1922 3165 1962 ea
3192 1907 3260 1962 de
3305 1923 3365 1962 re
3405 1924 3532 1962 cou-

1950 1995 2290 2050 saltationem
2309 1995 2454 2052 aliud
2477 1996 2533 2050 in
2561 2005 2767 2065 tempus
2791 1995 3135 2064 rcjiciendatn
3160 2011 3318 2063 esse;
3349 2011 3524 2066 neque

1950 2086 2091 2141 enim
2132 2085 2185 2140 id
2226 2086 2278 2140 in
2321 2086 2600 2155 praesentia
2645 2101 2877 2156 urgere:
2911 2087 3092 2140 Statim
3132 2087 3369 2156 persuasi
3403 2087 3530 2143 nihil

1955 2188 2239 2248 propterea
2272 2178 2564 2233 curandum
2609 2191 2729 2233 esse
2769 2219 2784 2243 ,
2815 2177 3164 2248 fiduciamque
3212 2179 3414 2245 indidi,
3443 2194 3530 2234 me

1949 2269 2188 2339 ejusdem
2238 2270 2517 2324 sententia:
2570 2277 2872 2323 consortem
2901 2268 3048 2333 fore,
3099 2270 3143 2323 si
3183 2269 3395 2338 querulo
3441 2285 3530 2325 res

1950 2358 2250 2430 hujusmodi
2275 2360 2627 2428 contingeret.
2653 2358 2802 2412 Haud
2832 2358 2899 2411 ita
2932 2359 3101 2412 multo
3117 2358 3305 2426 elapso
3327 2368 3531 2427 tempo-

1949 2465 2008 2505 re
2029 2491 2044 2518 ,
2075 2464 2198 2505 cum
2247 2449 2292 2504 is
2321 2449 2408 2518 qui
2441 2464 2537 2503 nos
2564 2448 2906 2503 ordinaturus
2946 2457 3062 2502 erat
3104 2447 3442 2512 advenisset,
3466 2464 3529 2503 ac

1948 2556 2034 2594 me
2082 2541 2196 2609 ipse
2232 2540 2614 2603 occultassem,
2668 2538 2857 2593 borum
2909 2538 3122 2608 ignarus
3148 2538 3236 2593 ille
3273 2539 3422 2608 quasi
3461 2541 3528 2594 ad

1946 2631 2089 2692 aliud
2120 2630 2387 2701 negotium
2415 2630 2652 2697 ducitur,
2689 2630 2980 2699 iugumque
3023 2631 3213 2698 accipit
3243 2671 3260 2698 ,
3307 2645 3528 2699 sperans

1949 2739 2036 2778 me
2055 2767 2070 2791 ,
2101 2732 2159 2779 ut
2183 2725 2532 2794 promiseram
2552 2765 2567 2790 ,
2598 2722 2815 2794 perinde
2845 2730 3194 2792 sequuturum
3224 2738 3344 2778 esse
3377 2740 3390 2776 :
3421 2721 3529 2778 imo

1951 2816 2128 2886 potius
2153 2831 2212 2870 se
2232 2856 2247 2880 ,
2276 2831 2363 2871 me
2413 2823 2682 2886 prteeunte
2700 2856 2715 2880 ,
2747 2823 3119 2884 sequuturum.
3153 2815 3362 2868 Etenim
3391 2830 3527 2870 non-

1949 2909 2078 2962 nulli
2104 2923 2172 2963 ex
2203 2908 2267 2962 iis
2293 2907 2384 2977 qui
2409 2907 2630 2962 aderant
2658 2907 2898 2961 videntes
2924 2922 3043 2961 eum
3067 2947 3085 2972 ,
3114 2905 3256 2975 quod
3280 2921 3526 2976 compre-

1950 2998 2146 3053 hensus
2184 3005 2360 3062 esset,
2406 3011 2548 3066 (εει-θ
2595 2995 2890 3061 ferentem,
2943 2996 2997 3050 ei
3023 2996 3184 3051 verba
3226 2995 3522 3062 dederunt,

1949 3091 2244 3144 clamantes
2269 3129 2283 3154 ,
2313 3088 2598 3142 absurdum
2640 3100 2760 3142 esse
2782 3127 2798 3152 ,
2827 3102 2949 3141 eum
2988 3087 3079 3155 qui
3105 3087 3351 3140 omnibus
3390 3087 3530 3141 fero-

1948 3182 2061 3237 cior
2085 3180 2388 3245 videbatur,
2405 3194 2492 3233 me
2520 3177 2881 3247 designantes,
2905 3191 3024 3231 cum
3055 3191 3246 3246 magna
3269 3176 3526 3231 modestia

1948 3271 2162 3326 Patrum
2209 3269 2399 3338 placito
2453 3267 2887 3335 obtemperasse;
2933 3265 3078 3319 illum
3132 3273 3309 3319 autem
3357 3266 3524 3318 multo

1949 3359 2344 3433 prudentiorem
2375 3366 2429 3413 et
2451 3357 2859 3412 moderatiorem
2886 3356 3151 3422 ferocire,
3175 3371 3364 3410 vanam
3402 3355 3520 3424 glo-

1948 3456 2080 3510 riam
2124 3462 2410 3522 appetere,
2466 3449 2896 3512 subsultantem,
2948 3447 3303 3511 rcsilientem,
3356 3460 3516 3512 repu-

1948 3551 2215 3616 gnantem.
2233 3543 2330 3598 llis
2353 3539 2442 3595 ille
2455 3537 2993 3606 verbisobsequutus,
3024 3545 3301 3604 postquam
3329 3533 3527 3588 audivit

1948 3649 2035 3688 me
2068 3632 2350 3702 aufugisse,
2383 3628 2548 3684 tristis
2586 3625 2870 3682 admodum
2922 3639 3011 3682 me
3051 3625 3195 3689 adit,
3224 3624 3532 3692 assidetque

1947 3722 2298 3789 mihi-,vcrba
2335 3718 2515 3775 facere
2559 3717 2813 3785 cupiens;
2842 3729 3026 3769 verum
3075 3714 3238 3768 animi
3286 3713 3528 3783 angustia

1947 3813 2194 3869 detentus
2212 3851 2228 3876 ,
2255 3825 2376 3866 cum
2405 3823 2524 3864 eam
2544 3848 2558 3874 ,
2591 3821 2745 3876 quam
2768 3819 2958 3876 passus
2986 3803 3194 3870 fuerat,
3218 3804 3324 3858 vim
3351 3802 3527 3858 decla-

1949 3918 2069 3959 rare
2097 3917 2201 3957 non
2225 3910 2447 3970 posset,
2477 3899 2528 3953 in
2559 3898 2676 3967 ipso
2701 3896 2810 3950 oris
2835 3895 2981 3949 hiatu
3005 3893 3108 3949 fari
3130 3895 3528 3964 prohibebatur,

1948 4008 2180 4049 maerore
2203 3991 2502 4045 orationem
2532 3996 2820 4057 antequam
2858 3985 3048 4040 dentes
3077 3984 3370 4040 transiliret
3395 4025 3408 4048 ,
3441 3984 3525 4038 in-

1950 4093 2328 4155 terrumpente.
2375 4082 2525 4138 Illum
2556 4096 2656 4151 ego
2698 4080 2917 4135 intuitus
2963 4078 3212 4149 lacrymis
3257 4077 3528 4146 perfusum

1950 4179 2232 4246 animoque
2253 4175 2522 4230 turbatum
2542 4212 2565 4239 ,
2585 4172 2663 4226 rei
2689 4184 2904 4226 causam
2929 4170 3150 4225 edoctus
3171 4211 3186 4236 ,
3216 4170 3377 4222 multa
3401 4183 3528 4222 cum

1950 4272 2217 4340 voluptate
2245 4269 2298 4322 in
2325 4267 2493 4322 risum
2525 4263 2740 4333 prorupi
2761 4302 2780 4329 ,
2805 4261 3302 4332 apprehensumque
3335 4259 3528 4314 dexte-

1953 4378 2009 4418 ra
2034 4358 2334 4416 deosculari
2362 4365 2587 4413 conatus
2613 4369 2728 4409 sum
2753 4395 2775 4421 ,
2798 4354 3013 4421 Deoque
3053 4351 3279 4422 gloriam
3322 4347 3527 4404 refere-

1951 4453 2108 4516 bam,
2141 4448 2282 4518 quod
2327 4446 2746 4506 machinamenta
2789 4442 2920 4496 mihi
2969 4449 3116 4496 recte
3167 4454 3230 4494 ac
3278 4453 3374 4508 pro
3401 4449 3534 4494 voto

1953 4543 2260 4598 cessissent.
2292 4537 2386 4592 Ille
2422 4545 2484 4591 ut
2529 4549 2615 4590 me
2643 4534 2820 4588 laetum
2854 4531 3182 4600 hilaremque
3211 4528 3386 4595 vidit,
3437 4527 3534 4587 ubi

1954 4635 2182 4704 primum
2224 4645 2284 4686 se
2329 4627 2536 4684 anobis
2581 4625 2861 4696 deceptum
2887 4637 3006 4678 esse
3032 4620 3444 4687 animadvertit,
3474 4618 3532 4674 id

1955 4727 2111 4795 longe
2133 4722 2347 4795 gravius
2373 4719 2751 4788 indigniusque
2774 4714 2997 4770 ferebat.

2025 4818 2078 4871 ’1.
2099 4814 2282 4869 Basilii
2303 4811 2560 4866 accusatio
2589 4807 2814 4862 modesta
2839 4815 2888 4860 et
2928 4803 3162 4874 simplex.
3181 4830 3254 4842 —
3276 4801 3446 4856 Porro
3461 4797 3539 4852 ab

1944 4903 2442 4976 illaperturbatione
2456 4899 2640 4957 sedato
2663 4911 2949 4968 parumper
2978 4891 3317 4956 animo,Etsi,
3338 4889 3536 4959 inquit,

1960 5007 2142 5069 partes
2163 5005 2373 5050 nostras
2398 4991 2671 5062 respueris
2689 5030 2710 5057 ,
2725 5003 2789 5043 ac
2814 4986 3012 5042 nullam
3033 4984 3142 5053 jam
3173 4980 3346 5036 nostri
3370 4979 3534 5035 ratio-

1961 5105 2083 5147 nem
2111 5089 2338 5152 habeas,
2389 5100 2489 5140 nec
2531 5092 2679 5138 certe
2719 5080 2837 5135 seio
2871 5093 2972 5149 qua
3003 5076 3072 5132 de
3110 5088 3270 5130 causa
3298 5070 3534 5140 oportuit

1962 5182 2148 5238 saltem
2194 5189 2246 5234 te
2289 5169 2693 5233 existimationis
2734 5179 2839 5225 tuae
2884 5181 3066 5222 curam
3109 5164 3323 5219 habere.
3385 5160 3539 5214 Nune

1963 5289 2092 5329 vero
2113 5269 2351 5327 omnium
2400 5281 2494 5320 ora
2523 5261 2814 5334 aperuisti,
2857 5267 3014 5327 teque
3039 5269 3106 5310 ex
3134 5253 3308 5307 inanis
3351 5249 3543 5320 gloriae

1965 5379 2146 5420 amore
2167 5361 2343 5418 cuncti
2381 5358 2564 5413 dicunt
2588 5354 2690 5408 hoc
2717 5349 3069 5406 ministerium
3094 5358 3412 5408 recusassc,
3438 5355 3541 5396 nec

1967 5455 2242 5526 quisquam
2272 5461 2355 5506 est
2381 5449 2469 5518 qui
2493 5458 2544 5501 te
2567 5445 2635 5500 ab
2682 5444 2781 5498 hac
2808 5437 3176 5495 criminatione
3200 5435 3416 5490 eximat.
3445 5432 3544 5486 Mi—

1969 5547 2022 5602 hi
2048 5553 2224 5601 autem
2269 5557 2337 5596 ne
2365 5542 2418 5594 in
2461 5539 2632 5592 forum
2679 5533 2892 5606 quidem
2937 5527 3197 5583 ventitare
3237 5525 3546 5580 licet:tam

1971 5637 2125 5695 multi
2157 5649 2350 5702 nempe
2389 5639 2511 5685 sunt
2539 5628 2629 5698 qui
2672 5639 2774 5680 nos
2802 5620 3159 5683 conveniunt,
3205 5631 3268 5670 ac
3307 5613 3550 5685 quotidie

1978 5735 2240 5788 incusant.
2271 5725 2401 5782 Nam
2429 5721 2635 5793 quaties
2665 5732 2750 5774 me
2779 5717 2837 5772 in
2863 5725 3196 5786 quacumque
3216 5707 3368 5764 urbis
3395 5713 3551 5775 parte

274 5359 795 5449 rumor-utrumque
839 5375 1110 5431 turbavit:
1143 5371 1281 5425 iam
1327 5366 1470 5422 enim
1510 5373 1627 5420 erat
1667 5375 1772 5416 nos
1793 5359 1860 5413 ad

269 5479 630 5553 episcopalem
681 5471 990 5543 dignitatem
1023 5469 1040 5498 ³
1079 5459 1468 5536 promovendos
1532 5469 1672 5511 esse.
1737 5452 1864 5520 Qui-

335 5655 353 5686 ι
389 5649 530 5702 savii.
559 5649 612 5697 in
635 5651 800 5700 textu,
817 5637 983 5690 Morel.
1008 5644 1060 5687 et
1083 5637 1287 5702 maxima
1311 5644 1422 5692 pars
1439 5627 1662 5702 Νεῖλε-αα
1685 5625 1867 5702 episco-

273 5689 745 5776 pdanudiémiaétii
757 5689 931 5767 ,t'savil.
957 5703 1006 5751 iu
1029 5699 1243 5760 margine
1262 5689 1325 5747 et
1339 5699 1542 5757 quatuor
1557 5698 1692 5750 Mss,
1707 5689 1771 5738 ad
1795 5699 1868 5738 sa-

273 5774 558 5827 cadmiam.
