  <div class='ocr_page' id='page_1' title='image "/cluster/home/n/w/nwhite01/storage/ocr_20150623/48/mdp.39015032114640/107.png"; bbox 0 0 4050 6160; ppageno 0'>
   <div class='ocr_carea' id='block_1_1' title="bbox 481 353 584 408">
    <p class='ocr_par' dir='ltr' id='par_1_1' title="bbox 481 353 584 408">
     <span class='ocr_line' id='line_1_1' title="bbox 481 353 584 408; baseline 0.039 -4"><span class='ocrx_word' id='word_1_1' title='bbox 481 353 584 408; x_wconf 68' lang='grc'><strong>627</strong></span> 
     </span>
    </p>
   </div>
   <div class='ocr_carea' id='block_1_2' title="bbox 483 455 2052 533">
    <p class='ocr_par' dir='ltr' id='par_1_2' title="bbox 483 455 2052 533">
     <span class='ocr_line' id='line_1_2' title="bbox 483 455 2052 533; baseline -0.008 -12"><span class='ocrx_word' id='word_1_2' title='bbox 483 467 696 533; x_wconf 86' lang='lat' dir='ltr'><strong>vident,</strong></span> <span class='ocrx_word' id='word_1_3' title='bbox 729 463 954 518; x_wconf 85' lang='lat' dir='ltr'><strong>seorsim</strong></span> <span class='ocrx_word' id='word_1_4' title='bbox 989 459 1270 516; x_wconf 88' lang='lat' dir='ltr'><strong>adductum</strong></span> <span class='ocrx_word' id='word_1_5' title='bbox 1317 457 1604 513; x_wconf 78' lang='lat' dir='ltr'><strong>familiares</strong></span> <span class='ocrx_word' id='word_1_6' title='bbox 1648 456 1816 512; x_wconf 91' lang='lat' dir='ltr'><strong>nostri</strong></span> <span class='ocrx_word' id='word_1_7' title='bbox 1863 470 1949 510; x_wconf 92' lang='lat' dir='ltr'><strong>me</strong></span> <span class='ocrx_word' id='word_1_8' title='bbox 1997 455 2052 508; x_wconf 93' lang='lat' dir='ltr'><strong>in</strong></span> 
     </span>
    </p>
   </div>
   <div class='ocr_carea' id='block_1_3' title="bbox 483 545 2056 621">
    <p class='ocr_par' dir='ltr' id='par_1_3' title="bbox 483 545 2056 621">
     <span class='ocr_line' id='line_1_3' title="bbox 483 545 2056 621; baseline -0.008 -10"><span class='ocrx_word' id='word_1_9' title='bbox 483 556 770 611; x_wconf 79' lang='lat' dir='ltr'><strong>maximam</strong></span> <span class='ocrx_word' id='word_1_10' title='bbox 801 551 1040 608; x_wconf 85' lang='lat' dir='ltr'><strong>criminis</strong></span> <span class='ocrx_word' id='word_1_11' title='bbox 1070 560 1270 621; x_wconf 82' lang='lat' dir='ltr'><strong>partem</strong></span> <span class='ocrx_word' id='word_1_12' title='bbox 1300 558 1510 604; x_wconf 91' lang='lat' dir='ltr'><strong>vocant.</strong></span> <span class='ocrx_word' id='word_1_13' title='bbox 1545 548 1670 617; x_wconf 89' lang='lat' dir='ltr'><strong>Ejus</strong></span> <span class='ocrx_word' id='word_1_14' title='bbox 1697 545 1901 601; x_wconf 89' lang='lat' dir='ltr'><strong>consilii</strong></span> <span class='ocrx_word' id='word_1_15' title='bbox 1931 561 2056 616; x_wconf 88' lang='lat' dir='ltr'><strong>gna-</strong></span> 
     </span>
    </p>
   </div>
   <div class='ocr_carea' id='block_1_4' title="bbox 485 637 2053 712">
    <p class='ocr_par' dir='ltr' id='par_1_4' title="bbox 485 637 2053 712">
     <span class='ocr_line' id='line_1_4' title="bbox 485 637 2053 712; baseline -0.007 -12"><span class='ocrx_word' id='word_1_16' title='bbox 485 660 577 700; x_wconf 87' lang='lat' dir='ltr'><strong>rus</strong></span> <span class='ocrx_word' id='word_1_17' title='bbox 601 687 618 712; x_wconf 93' lang='lat'><strong>,</strong></span> <span class='ocrx_word' id='word_1_18' title='bbox 666 645 846 707; x_wconf 85' lang='lat' dir='ltr'><strong>aiunt,</strong></span> <span class='ocrx_word' id='word_1_19' title='bbox 881 643 1078 697; x_wconf 91' lang='lat' dir='ltr'><strong>nullam</strong></span> <span class='ocrx_word' id='word_1_20' title='bbox 1109 642 1249 696; x_wconf 91' lang='lat' dir='ltr'><strong>enim</strong></span> <span class='ocrx_word' id='word_1_21' title='bbox 1291 655 1468 695; x_wconf 91' lang='lat' dir='ltr'><strong>rerum</strong></span> <span class='ocrx_word' id='word_1_22' title='bbox 1514 638 1581 693; x_wconf 85' lang='lat' dir='ltr'><strong>ad</strong></span> <span class='ocrx_word' id='word_1_23' title='bbox 1609 653 1730 692; x_wconf 89' lang='lat' dir='ltr'><strong>eum</strong></span> <span class='ocrx_word' id='word_1_24' title='bbox 1775 637 2053 707; x_wconf 89' lang='lat' dir='ltr'><strong>pertinen-</strong></span> 
     </span>
    </p>
   </div>
   <div class='ocr_carea' id='block_1_5' title="bbox 485 727 2052 803">
    <p class='ocr_par' dir='ltr' id='par_1_5' title="bbox 485 727 2052 803">
     <span class='ocr_line' id='line_1_5' title="bbox 485 727 2052 803; baseline -0.005 -15"><span class='ocrx_word' id='word_1_25' title='bbox 485 737 614 788; x_wconf 93' lang='lat' dir='ltr'><strong>tium</strong></span> <span class='ocrx_word' id='word_1_26' title='bbox 647 734 956 803; x_wconf 78' lang='lat' dir='ltr'><strong>ignorabas,</strong></span> <span class='ocrx_word' id='word_1_27' title='bbox 986 731 1117 785; x_wconf 89' lang='lat' dir='ltr'><strong>nihil</strong></span> <span class='ocrx_word' id='word_1_28' title='bbox 1147 731 1382 800; x_wconf 74' lang='lat' dir='ltr'><strong>oportuit</strong></span> <span class='ocrx_word' id='word_1_29' title='bbox 1420 730 1754 784; x_wconf 90' lang='lat' dir='ltr'><strong>dissimulare</strong></span> <span class='ocrx_word' id='word_1_30' title='bbox 1774 768 1788 793; x_wconf 88' lang='lat'><strong>,</strong></span> <span class='ocrx_word' id='word_1_31' title='bbox 1820 727 1912 782; x_wconf 92' lang='lat' dir='ltr'><strong>sed</strong></span> <span class='ocrx_word' id='word_1_32' title='bbox 1941 741 2052 781; x_wconf 90' lang='lat' dir='ltr'><strong>rem</strong></span> 
     </span>
    </p>
   </div>
   <div class='ocr_carea' id='block_1_6' title="bbox 486 821 2054 892">
    <p class='ocr_par' dir='ltr' id='par_1_6' title="bbox 486 821 2054 892">
     <span class='ocr_line' id='line_1_6' title="bbox 486 821 2054 892; baseline -0.005 -13"><span class='ocrx_word' id='word_1_33' title='bbox 486 827 759 880; x_wconf 91' lang='lat' dir='ltr'><strong>nobiscum</strong></span> <span class='ocrx_word' id='word_1_34' title='bbox 804 824 1212 890; x_wconf 83' lang='lat' dir='ltr'><strong>communicare,</strong></span> <span class='ocrx_word' id='word_1_35' title='bbox 1249 837 1422 892; x_wconf 90' lang='lat' dir='ltr'><strong>neque</strong></span> <span class='ocrx_word' id='word_1_36' title='bbox 1459 821 1713 876; x_wconf 90' lang='lat' dir='ltr'><strong>defuisset</strong></span> <span class='ocrx_word' id='word_1_37' title='bbox 1769 834 1857 874; x_wconf 85' lang='lat' dir='ltr'><strong>ars</strong></span> <span class='ocrx_word' id='word_1_38' title='bbox 1883 861 1898 884; x_wconf 92' lang='lat'><strong>,</strong></span> <span class='ocrx_word' id='word_1_39' title='bbox 1951 832 2054 887; x_wconf 89' lang='lat' dir='ltr'><strong>qua</strong></span> 
     </span>
    </p>
   </div>
   <div class='ocr_carea' id='block_1_7' title="bbox 490 909 2057 982">
    <p class='ocr_par' dir='ltr' id='par_1_7' title="bbox 490 909 2057 982">
     <span class='ocr_line' id='line_1_7' title="bbox 490 909 2057 982; baseline -0.004 -13"><span class='ocrx_word' id='word_1_40' title='bbox 490 915 637 969; x_wconf 83' lang='lat' dir='ltr'><strong>illum</strong></span> <span class='ocrx_word' id='word_1_41' title='bbox 669 915 723 968; x_wconf 90' lang='lat' dir='ltr'><strong>in</strong></span> <span class='ocrx_word' id='word_1_42' title='bbox 774 914 905 968; x_wconf 78' lang='lat' dir='ltr'><strong>retia</strong></span> <span class='ocrx_word' id='word_1_43' title='bbox 929 913 1336 982; x_wconf 83' lang='lat' dir='ltr'><strong>conjiceremus.</strong></span> <span class='ocrx_word' id='word_1_44' title='bbox 1358 911 1440 966; x_wconf 86' lang='lat' dir='ltr'><strong>Me</strong></span> <span class='ocrx_word' id='word_1_45' title='bbox 1457 926 1584 965; x_wconf 88' lang='lat' dir='ltr'><strong>vero</strong></span> <span class='ocrx_word' id='word_1_46' title='bbox 1611 910 1760 965; x_wconf 83' lang='lat' dir='ltr'><strong>fateri</strong></span> <span class='ocrx_word' id='word_1_47' title='bbox 1787 909 1950 979; x_wconf 88' lang='lat' dir='ltr'><strong>pudet</strong></span> <span class='ocrx_word' id='word_1_48' title='bbox 1975 909 2057 962; x_wconf 90' lang='lat' dir='ltr'><strong>di-</strong></span> 
     </span>
    </p>
   </div>
   <div class='ocr_carea' id='block_1_8' title="bbox 487 1001 2056 1072">
    <p class='ocr_par' dir='ltr' id='par_1_8' title="bbox 487 1001 2056 1072">
     <span class='ocr_line' id='line_1_8' title="bbox 487 1001 2056 1072; baseline -0.004 -12"><span class='ocrx_word' id='word_1_49' title='bbox 487 1020 611 1060; x_wconf 87' lang='lat' dir='ltr'><strong>cere</strong></span> <span class='ocrx_word' id='word_1_50' title='bbox 636 1046 650 1071; x_wconf 91' lang='lat'><strong>,</strong></span> <span class='ocrx_word' id='word_1_51' title='bbox 687 1021 773 1059; x_wconf 90' lang='lat' dir='ltr'><strong>me</strong></span> <span class='ocrx_word' id='word_1_52' title='bbox 797 1005 849 1058; x_wconf 90' lang='lat' dir='ltr'><strong>id</strong></span> <span class='ocrx_word' id='word_1_53' title='bbox 873 1005 1152 1060; x_wconf 88' lang='lat' dir='ltr'><strong>consilium</strong></span> <span class='ocrx_word' id='word_1_54' title='bbox 1180 1019 1210 1057; x_wconf 92' lang='lat' dir='ltr'><strong>a</strong></span> <span class='ocrx_word' id='word_1_55' title='bbox 1236 1011 1289 1058; x_wconf 93' lang='lat' dir='ltr'><strong>te</strong></span> <span class='ocrx_word' id='word_1_56' title='bbox 1311 1005 1418 1071; x_wconf 91' lang='lat' dir='ltr'><strong>jam</strong></span> <span class='ocrx_word' id='word_1_57' title='bbox 1449 1002 1656 1072; x_wconf 85' lang='lat' dir='ltr'><strong>pridem</strong></span> <span class='ocrx_word' id='word_1_58' title='bbox 1687 1001 1873 1055; x_wconf 90' lang='lat' dir='ltr'><strong>initum</strong></span> <span class='ocrx_word' id='word_1_59' title='bbox 1903 1001 2056 1070; x_wconf 68' lang='lat' dir='ltr'><strong>ignoo</strong></span> 
     </span>
    </p>
   </div>
   <div class='ocr_carea' id='block_1_9' title="bbox 487 1092 2053 1160">
    <p class='ocr_par' dir='ltr' id='par_1_9' title="bbox 487 1092 2053 1160">
     <span class='ocr_line' id='line_1_9' title="bbox 487 1092 2053 1160; baseline -0.006 -9"><span class='ocrx_word' id='word_1_60' title='bbox 487 1112 640 1160; x_wconf 88' lang='lat' dir='ltr'><strong>rare,</strong></span> <span class='ocrx_word' id='word_1_61' title='bbox 673 1112 741 1150; x_wconf 92' lang='lat' dir='ltr'><strong>ne</strong></span> <span class='ocrx_word' id='word_1_62' title='bbox 783 1097 858 1151; x_wconf 92' lang='lat' dir='ltr'><strong>illi</strong></span> <span class='ocrx_word' id='word_1_63' title='bbox 901 1096 1186 1150; x_wconf 86' lang='lat' dir='ltr'><strong>amicitiam</strong></span> <span class='ocrx_word' id='word_1_64' title='bbox 1215 1101 1451 1148; x_wconf 91' lang='lat' dir='ltr'><strong>nostram</strong></span> <span class='ocrx_word' id='word_1_65' title='bbox 1478 1092 1651 1147; x_wconf 80' lang='lat' dir='ltr'><strong>ﬁctam</strong></span> <span class='ocrx_word' id='word_1_66' title='bbox 1681 1105 1802 1146; x_wconf 87' lang='lat' dir='ltr'><strong>esse</strong></span> <span class='ocrx_word' id='word_1_67' title='bbox 1847 1097 2053 1160; x_wconf 90' lang='lat' dir='ltr'><strong>putent.</strong></span> 
     </span>
    </p>
   </div>
   <div class='ocr_carea' id='block_1_10' title="bbox 485 1182 2058 1255">
    <p class='ocr_par' dir='ltr' id='par_1_10' title="bbox 485 1182 2058 1255">
     <span class='ocr_line' id='line_1_10' title="bbox 485 1182 2058 1255; baseline -0.004 -14"><span class='ocrx_word' id='word_1_68' title='bbox 485 1187 616 1241; x_wconf 87' lang='lat' dir='ltr'><strong>Nam</strong></span> <span class='ocrx_word' id='word_1_69' title='bbox 644 1188 686 1240; x_wconf 89' lang='lat' dir='ltr'><strong>si</strong></span> <span class='ocrx_word' id='word_1_70' title='bbox 715 1187 786 1242; x_wconf 91' lang='lat' dir='ltr'><strong>ita</strong></span> <span class='ocrx_word' id='word_1_71' title='bbox 811 1194 921 1253; x_wconf 91' lang='lat' dir='ltr'><strong>est,</strong></span> <span class='ocrx_word' id='word_1_72' title='bbox 959 1195 1017 1240; x_wconf 93' lang='lat' dir='ltr'><strong>ut</strong></span> <span class='ocrx_word' id='word_1_73' title='bbox 1049 1201 1171 1241; x_wconf 85' lang='lat' dir='ltr'><strong>vere</strong></span> <span class='ocrx_word' id='word_1_74' title='bbox 1199 1193 1302 1251; x_wconf 87' lang='lat' dir='ltr'><strong>est,</strong></span> <span class='ocrx_word' id='word_1_75' title='bbox 1357 1185 1497 1255; x_wconf 91' lang='lat' dir='ltr'><strong>quod</strong></span> <span class='ocrx_word' id='word_1_76' title='bbox 1520 1199 1587 1239; x_wconf 89' lang='lat' dir='ltr'><strong>ne</strong></span> <span class='ocrx_word' id='word_1_77' title='bbox 1619 1193 1671 1238; x_wconf 93' lang='lat' dir='ltr'><strong>tu</strong></span> <span class='ocrx_word' id='word_1_78' title='bbox 1699 1182 1910 1253; x_wconf 87' lang='lat' dir='ltr'><strong>quidem</strong></span> <span class='ocrx_word' id='word_1_79' title='bbox 1937 1188 2058 1251; x_wconf 89' lang='lat' dir='ltr'><strong>post</strong></span> 
     </span>
    </p>
   </div>
   <div class='ocr_carea' id='block_1_11' title="bbox 489 1276 2058 1346">
    <p class='ocr_par' dir='ltr' id='par_1_11' title="bbox 489 1276 2058 1346">
     <span class='ocr_line' id='line_1_11' title="bbox 489 1276 2058 1346; baseline -0.002 -15"><span class='ocrx_word' id='word_1_80' title='bbox 489 1279 610 1331; x_wconf 90' lang='lat' dir='ltr'><strong>talia</strong></span> <span class='ocrx_word' id='word_1_81' title='bbox 639 1286 784 1346; x_wconf 85' lang='lat' dir='ltr'><strong>gesta</strong></span> <span class='ocrx_word' id='word_1_82' title='bbox 812 1278 1031 1331; x_wconf 86' lang='lat' dir='ltr'><strong>inficiari</strong></span> <span class='ocrx_word' id='word_1_83' title='bbox 1063 1277 1261 1346; x_wconf 87' lang='lat' dir='ltr'><strong>possis,</strong></span> <span class='ocrx_word' id='word_1_84' title='bbox 1309 1291 1415 1331; x_wconf 92' lang='lat' dir='ltr'><strong>non</strong></span> <span class='ocrx_word' id='word_1_85' title='bbox 1441 1291 1471 1330; x_wconf 91' lang='lat' dir='ltr'><strong>e</strong></span> <span class='ocrx_word' id='word_1_86' title='bbox 1513 1291 1575 1331; x_wconf 91' lang='lat' dir='ltr'><strong>re</strong></span> <span class='ocrx_word' id='word_1_87' title='bbox 1614 1276 1771 1330; x_wconf 90' lang='lat' dir='ltr'><strong>fuerit</strong></span> <span class='ocrx_word' id='word_1_88' title='bbox 1808 1282 2058 1328; x_wconf 86' lang='lat' dir='ltr'><strong>externos</strong></span> 
     </span>
    </p>
   </div>
   <div class='ocr_carea' id='block_1_12' title="bbox 490 1363 2055 1437">
    <p class='ocr_par' dir='ltr' id='par_1_12' title="bbox 490 1363 2055 1437">
     <span class='ocr_line' id='line_1_12' title="bbox 490 1363 2055 1437; baseline -0.001 -17"><span class='ocrx_word' id='word_1_89' title='bbox 490 1367 764 1433; x_wconf 75' lang='lat' dir='ltr'><strong>homines,</strong></span> <span class='ocrx_word' id='word_1_90' title='bbox 813 1369 906 1437; x_wconf 88' lang='lat' dir='ltr'><strong>qui</strong></span> <span class='ocrx_word' id='word_1_91' title='bbox 953 1368 1036 1422; x_wconf 88' lang='lat' dir='ltr'><strong>vel</strong></span> <span class='ocrx_word' id='word_1_92' title='bbox 1080 1367 1402 1422; x_wconf 89' lang='lat' dir='ltr'><strong>mediocrem</strong></span> <span class='ocrx_word' id='word_1_93' title='bbox 1447 1366 1513 1421; x_wconf 92' lang='lat' dir='ltr'><strong>de</strong></span> <span class='ocrx_word' id='word_1_94' title='bbox 1557 1365 1713 1420; x_wconf 90' lang='lat' dir='ltr'><strong>nobis</strong></span> <span class='ocrx_word' id='word_1_95' title='bbox 1751 1363 2055 1434; x_wconf 89' lang='lat' dir='ltr'><strong>opinionem</strong></span> 
     </span>
    </p>
   </div>
   <div class='ocr_carea' id='block_1_13' title="bbox 488 1456 2058 1528">
    <p class='ocr_par' dir='ltr' id='par_1_13' title="bbox 488 1456 2058 1528">
     <span class='ocr_line' id='line_1_13' title="bbox 488 1456 2058 1528; baseline 0.001 -17"><span class='ocrx_word' id='word_1_96' title='bbox 488 1456 718 1522; x_wconf 84' lang='lat' dir='ltr'><strong>habent,</strong></span> <span class='ocrx_word' id='word_1_97' title='bbox 746 1458 881 1512; x_wconf 89' lang='lat' dir='ltr'><strong>mala</strong></span> <span class='ocrx_word' id='word_1_98' title='bbox 911 1458 1083 1513; x_wconf 90' lang='lat' dir='ltr'><strong>celare</strong></span> <span class='ocrx_word' id='word_1_99' title='bbox 1143 1467 1348 1513; x_wconf 92' lang='lat' dir='ltr'><strong>nostra.</strong></span> <span class='ocrx_word' id='word_1_100' title='bbox 1381 1458 1514 1513; x_wconf 80' lang='lat' dir='ltr'><strong>Rem</strong></span> <span class='ocrx_word' id='word_1_101' title='bbox 1546 1459 1722 1528; x_wconf 83' lang='lat' dir='ltr'><strong>itaque</strong></span> <span class='ocrx_word' id='word_1_102' title='bbox 1751 1466 1809 1512; x_wconf 93' lang='lat' dir='ltr'><strong>ut</strong></span> <span class='ocrx_word' id='word_1_103' title='bbox 1834 1473 1960 1513; x_wconf 91' lang='lat' dir='ltr'><strong>vere</strong></span> <span class='ocrx_word' id='word_1_104' title='bbox 1999 1471 2058 1512; x_wconf 88' lang='lat' dir='ltr'><strong>se</strong></span> 
     </span>
    </p>
   </div>
   <div class='ocr_carea' id='block_1_14' title="bbox 489 1546 2059 1620">
    <p class='ocr_par' dir='ltr' id='par_1_14' title="bbox 489 1546 2059 1620">
     <span class='ocr_line' id='line_1_14' title="bbox 489 1546 2059 1620; baseline 0.003 -21"><span class='ocrx_word' id='word_1_105' title='bbox 489 1546 648 1601; x_wconf 85' lang='lat' dir='ltr'><strong>habet</strong></span> <span class='ocrx_word' id='word_1_106' title='bbox 690 1548 792 1602; x_wconf 91' lang='lat' dir='ltr'><strong>illis</strong></span> <span class='ocrx_word' id='word_1_107' title='bbox 821 1549 1028 1617; x_wconf 88' lang='lat' dir='ltr'><strong>aperire</strong></span> <span class='ocrx_word' id='word_1_108' title='bbox 1071 1565 1294 1616; x_wconf 87' lang='lat' dir='ltr'><strong>vereor,</strong></span> <span class='ocrx_word' id='word_1_109' title='bbox 1327 1550 1420 1604; x_wconf 91' lang='lat' dir='ltr'><strong>sed</strong></span> <span class='ocrx_word' id='word_1_110' title='bbox 1469 1559 1644 1604; x_wconf 89' lang='lat' dir='ltr'><strong>tacere</strong></span> <span class='ocrx_word' id='word_1_111' title='bbox 1687 1565 1883 1620; x_wconf 91' lang='lat' dir='ltr'><strong>cogor,</strong></span> <span class='ocrx_word' id='word_1_112' title='bbox 1930 1564 2059 1604; x_wconf 85' lang='lat' dir='ltr'><strong>ocu-</strong></span> 
     </span>
    </p>
   </div>
   <div class='ocr_carea' id='block_1_15' title="bbox 491 1636 2059 1709">
    <p class='ocr_par' dir='ltr' id='par_1_15' title="bbox 491 1636 2059 1709">
     <span class='ocr_line' id='line_1_15' title="bbox 491 1636 2059 1709; baseline 0.003 -21"><span class='ocrx_word' id='word_1_113' title='bbox 491 1636 675 1706; x_wconf 85' lang='lat' dir='ltr'><strong>losque</strong></span> <span class='ocrx_word' id='word_1_114' title='bbox 715 1639 768 1691; x_wconf 91' lang='lat' dir='ltr'><strong>in</strong></span> <span class='ocrx_word' id='word_1_115' title='bbox 801 1647 993 1693; x_wconf 88' lang='lat' dir='ltr'><strong>terram</strong></span> <span class='ocrx_word' id='word_1_116' title='bbox 1019 1639 1301 1694; x_wconf 90' lang='lat' dir='ltr'><strong>demittere</strong></span> <span class='ocrx_word' id='word_1_117' title='bbox 1324 1680 1337 1703; x_wconf 92' lang='lat'><strong>,</strong></span> <span class='ocrx_word' id='word_1_118' title='bbox 1364 1648 1524 1709; x_wconf 89' lang='lat' dir='ltr'><strong>atque</strong></span> <span class='ocrx_word' id='word_1_119' title='bbox 1565 1639 1632 1693; x_wconf 88' lang='lat' dir='ltr'><strong>ab</strong></span> <span class='ocrx_word' id='word_1_120' title='bbox 1656 1639 2059 1693; x_wconf 88' lang='lat' dir='ltr'><strong>occurrentibus</strong></span> 
     </span>
    </p>
   </div>
   <div class='ocr_carea' id='block_1_16' title="bbox 489 1729 2059 1800">
    <p class='ocr_par' dir='ltr' id='par_1_16' title="bbox 489 1729 2059 1800">
     <span class='ocr_line' id='line_1_16' title="bbox 489 1729 2059 1800; baseline 0.001 -17"><span class='ocrx_word' id='word_1_121' title='bbox 489 1729 757 1785; x_wconf 85' lang='lat' dir='ltr'><strong>declinare</strong></span> <span class='ocrx_word' id='word_1_122' title='bbox 782 1737 834 1785; x_wconf 89' lang='lat' dir='ltr'><strong>et</strong></span> <span class='ocrx_word' id='word_1_123' title='bbox 860 1732 1086 1786; x_wconf 89' lang='lat' dir='ltr'><strong>resilire.</strong></span> <span class='ocrx_word' id='word_1_124' title='bbox 1117 1731 1327 1786; x_wconf 83' lang='lat' dir='ltr'><strong>Etenim</strong></span> <span class='ocrx_word' id='word_1_125' title='bbox 1364 1731 1486 1785; x_wconf 91' lang='lat' dir='ltr'><strong>licet</strong></span> <span class='ocrx_word' id='word_1_126' title='bbox 1513 1731 1658 1800; x_wconf 89' lang='lat' dir='ltr'><strong>prius</strong></span> <span class='ocrx_word' id='word_1_127' title='bbox 1685 1730 1813 1784; x_wconf 91' lang='lat' dir='ltr'><strong>illud</strong></span> <span class='ocrx_word' id='word_1_128' title='bbox 1856 1731 2059 1784; x_wconf 86' lang='lat' dir='ltr'><strong>crimen</strong></span> 
     </span>
    </p>
   </div>
   <div class='ocr_carea' id='block_1_17' title="bbox 489 1820 2056 1891">
    <p class='ocr_par' dir='ltr' id='par_1_17' title="bbox 489 1820 2056 1891">
     <span class='ocr_line' id='line_1_17' title="bbox 489 1820 2056 1891; baseline 0 -16"><span class='ocrx_word' id='word_1_129' title='bbox 489 1820 754 1891; x_wconf 79' lang='lat' dir='ltr'><strong>effugiam,</strong></span> <span class='ocrx_word' id='word_1_130' title='bbox 781 1830 946 1878; x_wconf 84' lang='lat' dir='ltr'><strong>restat</strong></span> <span class='ocrx_word' id='word_1_131' title='bbox 969 1831 1141 1877; x_wconf 91' lang='lat' dir='ltr'><strong>tamen</strong></span> <span class='ocrx_word' id='word_1_132' title='bbox 1164 1830 1222 1876; x_wconf 91' lang='lat' dir='ltr'><strong>ut</strong></span> <span class='ocrx_word' id='word_1_133' title='bbox 1247 1821 1506 1876; x_wconf 89' lang='lat' dir='ltr'><strong>mendacii</strong></span> <span class='ocrx_word' id='word_1_134' title='bbox 1529 1823 1826 1876; x_wconf 88' lang='lat' dir='ltr'><strong>necessario</strong></span> <span class='ocrx_word' id='word_1_135' title='bbox 1845 1836 2056 1890; x_wconf 89' lang='lat' dir='ltr'><strong>arguar.</strong></span> 
     </span>
    </p>
   </div>
   <div class='ocr_carea' id='block_1_18' title="bbox 488 1911 2058 1982">
    <p class='ocr_par' dir='ltr' id='par_1_18' title="bbox 488 1911 2058 1982">
     <span class='ocr_line' id='line_1_18' title="bbox 488 1911 2058 1982; baseline 0.001 -17"><span class='ocrx_word' id='word_1_136' title='bbox 488 1911 666 1981; x_wconf 84' lang='lat' dir='ltr'><strong>Neque</strong></span> <span class='ocrx_word' id='word_1_137' title='bbox 685 1913 827 1967; x_wconf 91' lang='lat' dir='ltr'><strong>enim</strong></span> <span class='ocrx_word' id='word_1_138' title='bbox 853 1913 1073 1968; x_wconf 90' lang='lat' dir='ltr'><strong>credent</strong></span> <span class='ocrx_word' id='word_1_139' title='bbox 1093 1928 1326 1982; x_wconf 91' lang='lat' dir='ltr'><strong>unquam</strong></span> <span class='ocrx_word' id='word_1_140' title='bbox 1353 1913 1482 1967; x_wconf 90' lang='lat' dir='ltr'><strong>mihi</strong></span> <span class='ocrx_word' id='word_1_141' title='bbox 1513 1912 1708 1968; x_wconf 89' lang='lat' dir='ltr'><strong>dicenti</strong></span> <span class='ocrx_word' id='word_1_142' title='bbox 1731 1922 1782 1967; x_wconf 92' lang='lat' dir='ltr'><strong>te</strong></span> <span class='ocrx_word' id='word_1_143' title='bbox 1809 1913 2058 1967; x_wconf 89' lang='lat' dir='ltr'><strong>Basilium</strong></span> 
     </span>
    </p>
   </div>
   <div class='ocr_carea' id='block_1_19' title="bbox 494 2003 2059 2074">
    <p class='ocr_par' dir='ltr' id='par_1_19' title="bbox 494 2003 2059 2074">
     <span class='ocr_line' id='line_1_19' title="bbox 494 2003 2059 2074; baseline -0.001 -17"><span class='ocrx_word' id='word_1_144' title='bbox 494 2003 547 2057; x_wconf 91' lang='lat' dir='ltr'><strong>in</strong></span> <span class='ocrx_word' id='word_1_145' title='bbox 574 2017 759 2056; x_wconf 91' lang='lat' dir='ltr'><strong>eorum</strong></span> <span class='ocrx_word' id='word_1_146' title='bbox 791 2018 1013 2058; x_wconf 90' lang='lat' dir='ltr'><strong>numero</strong></span> <span class='ocrx_word' id='word_1_147' title='bbox 1035 2004 1274 2073; x_wconf 88' lang='lat' dir='ltr'><strong>posuisse</strong></span> <span class='ocrx_word' id='word_1_148' title='bbox 1293 2045 1309 2070; x_wconf 90' lang='lat'><strong>,</strong></span> <span class='ocrx_word' id='word_1_149' title='bbox 1339 2004 1530 2074; x_wconf 92' lang='lat' dir='ltr'><strong>quibus</strong></span> <span class='ocrx_word' id='word_1_150' title='bbox 1571 2017 1763 2058; x_wconf 90' lang='lat' dir='ltr'><strong>arcana</strong></span> <span class='ocrx_word' id='word_1_151' title='bbox 1791 2003 1928 2057; x_wconf 88' lang='lat' dir='ltr'><strong>scire</strong></span> <span class='ocrx_word' id='word_1_152' title='bbox 1971 2011 2059 2056; x_wconf 90' lang='lat' dir='ltr'><strong>tua</strong></span> 
     </span>
    </p>
   </div>
   <div class='ocr_carea' id='block_1_20' title="bbox 487 2091 2059 2161">
    <p class='ocr_par' dir='ltr' id='par_1_20' title="bbox 487 2091 2059 2161">
     <span class='ocr_line' id='line_1_20' title="bbox 487 2091 2059 2161; baseline 0.001 -18"><span class='ocrx_word' id='word_1_153' title='bbox 487 2107 591 2144; x_wconf 91' lang='lat' dir='ltr'><strong>non</strong></span> <span class='ocrx_word' id='word_1_154' title='bbox 645 2091 786 2145; x_wconf 90' lang='lat' dir='ltr'><strong>licet.</strong></span> <span class='ocrx_word' id='word_1_155' title='bbox 814 2091 1008 2147; x_wconf 80' lang='lat' dir='ltr'><strong>Verum</strong></span> <span class='ocrx_word' id='word_1_156' title='bbox 1037 2092 1150 2146; x_wconf 69' lang='lat' dir='ltr'><strong>haec</strong></span> <span class='ocrx_word' id='word_1_157' title='bbox 1175 2106 1281 2146; x_wconf 92' lang='lat' dir='ltr'><strong>non</strong></span> <span class='ocrx_word' id='word_1_158' title='bbox 1311 2092 1532 2146; x_wconf 92' lang='lat' dir='ltr'><strong>multum</strong></span> <span class='ocrx_word' id='word_1_159' title='bbox 1557 2107 1687 2146; x_wconf 84' lang='lat' dir='ltr'><strong>curo</strong></span> <span class='ocrx_word' id='word_1_160' title='bbox 1707 2135 1722 2156; x_wconf 81' lang='lat'><strong>,</strong></span> <span class='ocrx_word' id='word_1_161' title='bbox 1753 2091 1964 2161; x_wconf 87' lang='lat' dir='ltr'><strong>quando</strong></span> <span class='ocrx_word' id='word_1_162' title='bbox 1989 2092 2059 2145; x_wconf 89' lang='lat' dir='ltr'><strong>ita</strong></span> 
     </span>
    </p>
   </div>
   <div class='ocr_carea' id='block_1_21' title="bbox 488 2179 2059 2252">
    <p class='ocr_par' dir='ltr' id='par_1_21' title="bbox 488 2179 2059 2252">
     <span class='ocr_line' id='line_1_21' title="bbox 488 2179 2059 2252; baseline 0.002 -19"><span class='ocrx_word' id='word_1_163' title='bbox 488 2180 582 2233; x_wconf 90' lang='lat' dir='ltr'><strong>tibi</strong></span> <span class='ocrx_word' id='word_1_164' title='bbox 607 2179 835 2248; x_wconf 85' lang='lat' dir='ltr'><strong>jucunda</strong></span> <span class='ocrx_word' id='word_1_165' title='bbox 882 2179 1068 2245; x_wconf 88' lang='lat' dir='ltr'><strong>fuere;</strong></span> <span class='ocrx_word' id='word_1_166' title='bbox 1096 2188 1151 2234; x_wconf 88' lang='lat' dir='ltr'><strong>at</strong></span> <span class='ocrx_word' id='word_1_167' title='bbox 1176 2181 1438 2251; x_wconf 91' lang='lat' dir='ltr'><strong>reliquum</strong></span> <span class='ocrx_word' id='word_1_168' title='bbox 1480 2181 1713 2236; x_wconf 83' lang='lat' dir='ltr'><strong>dedecus</strong></span> <span class='ocrx_word' id='word_1_169' title='bbox 1743 2223 1758 2248; x_wconf 96' lang='lat'><strong>,</strong></span> <span class='ocrx_word' id='word_1_170' title='bbox 1793 2183 1882 2252; x_wconf 85' lang='lat' dir='ltr'><strong>qui</strong></span> <span class='ocrx_word' id='word_1_171' title='bbox 1919 2181 2059 2236; x_wconf 90' lang='lat' dir='ltr'><strong>ferre</strong></span> 
     </span>
    </p>
   </div>
   <div class='ocr_carea' id='block_1_22' title="bbox 491 2270 2061 2343">
    <p class='ocr_par' dir='ltr' id='par_1_22' title="bbox 491 2270 2061 2343">
     <span class='ocr_line' id='line_1_22' title="bbox 491 2270 2061 2343; baseline 0.003 -20"><span class='ocrx_word' id='word_1_172' title='bbox 491 2271 790 2340; x_wconf 83' lang='lat' dir='ltr'><strong>possimus?</strong></span> <span class='ocrx_word' id='word_1_173' title='bbox 817 2270 948 2325; x_wconf 89' lang='lat' dir='ltr'><strong>Nam</strong></span> <span class='ocrx_word' id='word_1_174' title='bbox 977 2271 1067 2324; x_wconf 88' lang='lat' dir='ltr'><strong>alii</strong></span> <span class='ocrx_word' id='word_1_175' title='bbox 1111 2281 1164 2326; x_wconf 89' lang='lat' dir='ltr'><strong>te</strong></span> <span class='ocrx_word' id='word_1_176' title='bbox 1199 2273 1512 2342; x_wconf 71' lang='lat' dir='ltr'><strong>arrogantiae</strong></span> <span class='ocrx_word' id='word_1_177' title='bbox 1539 2313 1555 2338; x_wconf 89' lang='lat'><strong>,</strong></span> <span class='ocrx_word' id='word_1_178' title='bbox 1590 2273 1677 2326; x_wconf 88' lang='lat' dir='ltr'><strong>alii</strong></span> <span class='ocrx_word' id='word_1_179' title='bbox 1699 2288 1851 2326; x_wconf 80' lang='lat' dir='ltr'><strong>vanae</strong></span> <span class='ocrx_word' id='word_1_180' title='bbox 1879 2272 2061 2343; x_wconf 65' lang='lat' dir='ltr'><strong>gloriae</strong></span> 
     </span>
    </p>
   </div>
   <div class='ocr_carea' id='block_1_23' title="bbox 489 2359 2063 2431">
    <p class='ocr_par' dir='ltr' id='par_1_23' title="bbox 489 2359 2063 2431">
     <span class='ocr_line' id='line_1_23' title="bbox 489 2359 2063 2431; baseline 0.003 -19"><span class='ocrx_word' id='word_1_181' title='bbox 489 2367 738 2413; x_wconf 88' lang='lat' dir='ltr'><strong>accusant</strong></span> <span class='ocrx_word' id='word_1_182' title='bbox 771 2375 787 2424; x_wconf 91' lang='lat'><strong>;</strong></span> <span class='ocrx_word' id='word_1_183' title='bbox 831 2359 917 2428; x_wconf 87' lang='lat' dir='ltr'><strong>qui</strong></span> <span class='ocrx_word' id='word_1_184' title='bbox 947 2370 1121 2414; x_wconf 90' lang='lat' dir='ltr'><strong>autem</strong></span> <span class='ocrx_word' id='word_1_185' title='bbox 1146 2361 1250 2415; x_wconf 91' lang='lat' dir='ltr'><strong>reis</strong></span> <span class='ocrx_word' id='word_1_186' title='bbox 1275 2361 1449 2414; x_wconf 90' lang='lat' dir='ltr'><strong>minus</strong></span> <span class='ocrx_word' id='word_1_187' title='bbox 1497 2376 1712 2431; x_wconf 88' lang='lat' dir='ltr'><strong>parcere</strong></span> <span class='ocrx_word' id='word_1_188' title='bbox 1742 2362 1962 2428; x_wconf 88' lang='lat' dir='ltr'><strong>volunt,</strong></span> <span class='ocrx_word' id='word_1_189' title='bbox 2007 2369 2063 2416; x_wconf 92' lang='lat' dir='ltr'><strong>et</strong></span> 
     </span>
    </p>
   </div>
   <div class='ocr_carea' id='block_1_24' title="bbox 492 2449 2058 2520">
    <p class='ocr_par' dir='ltr' id='par_1_24' title="bbox 492 2449 2058 2520">
     <span class='ocr_line' id='line_1_24' title="bbox 492 2449 2058 2520; baseline 0.002 -17"><span class='ocrx_word' id='word_1_190' title='bbox 492 2451 610 2504; x_wconf 75' lang='lat' dir='ltr'><strong>hare</strong></span> <span class='ocrx_word' id='word_1_191' title='bbox 632 2459 852 2519; x_wconf 89' lang='lat' dir='ltr'><strong>utraque</strong></span> <span class='ocrx_word' id='word_1_192' title='bbox 874 2449 1231 2519; x_wconf 88' lang='lat' dir='ltr'><strong>improperant</strong></span> <span class='ocrx_word' id='word_1_193' title='bbox 1252 2489 1268 2516; x_wconf 92' lang='lat'><strong>,</strong></span> <span class='ocrx_word' id='word_1_194' title='bbox 1294 2459 1346 2504; x_wconf 92' lang='lat' dir='ltr'><strong>et</strong></span> <span class='ocrx_word' id='word_1_195' title='bbox 1368 2459 1624 2520; x_wconf 71' lang='lat' dir='ltr'><strong>prteterea</strong></span> <span class='ocrx_word' id='word_1_196' title='bbox 1649 2451 1903 2520; x_wconf 88' lang='lat' dir='ltr'><strong>adjiciunt</strong></span> <span class='ocrx_word' id='word_1_197' title='bbox 1919 2465 2058 2518; x_wconf 90' lang='lat' dir='ltr'><strong>eam,</strong></span> 
     </span>
    </p>
   </div>
   <div class='ocr_carea' id='block_1_25' title="bbox 490 2541 2060 2610">
    <p class='ocr_par' dir='ltr' id='par_1_25' title="bbox 490 2541 2060 2610">
     <span class='ocr_line' id='line_1_25' title="bbox 490 2541 2060 2610; baseline 0.002 -17"><span class='ocrx_word' id='word_1_198' title='bbox 490 2557 645 2610; x_wconf 88' lang='lat' dir='ltr'><strong>quam</strong></span> <span class='ocrx_word' id='word_1_199' title='bbox 674 2542 736 2595; x_wconf 92' lang='lat' dir='ltr'><strong>iis</strong></span> <span class='ocrx_word' id='word_1_200' title='bbox 762 2541 850 2610; x_wconf 90' lang='lat' dir='ltr'><strong>qui</strong></span> <span class='ocrx_word' id='word_1_201' title='bbox 881 2557 977 2596; x_wconf 94' lang='lat' dir='ltr'><strong>nos</strong></span> <span class='ocrx_word' id='word_1_202' title='bbox 1005 2541 1204 2596; x_wconf 89' lang='lat' dir='ltr'><strong>honore</strong></span> <span class='ocrx_word' id='word_1_203' title='bbox 1229 2541 1520 2596; x_wconf 71' lang='lat' dir='ltr'><strong>affecerunt</strong></span> <span class='ocrx_word' id='word_1_204' title='bbox 1556 2543 1847 2607; x_wconf 90' lang='lat' dir='ltr'><strong>intulimus,</strong></span> <span class='ocrx_word' id='word_1_205' title='bbox 1873 2551 2060 2596; x_wconf 87' lang='lat' dir='ltr'><strong>contu-</strong></span> 
     </span>
    </p>
   </div>
   <div class='ocr_carea' id='block_1_26' title="bbox 490 2630 2058 2701">
    <p class='ocr_par' dir='ltr' id='par_1_26' title="bbox 490 2630 2058 2701">
     <span class='ocr_line' id='line_1_26' title="bbox 490 2630 2058 2701; baseline 0.001 -16"><span class='ocrx_word' id='word_1_206' title='bbox 490 2630 742 2696; x_wconf 84' lang='lat' dir='ltr'><strong>meliam,</strong></span> <span class='ocrx_word' id='word_1_207' title='bbox 774 2645 906 2699; x_wconf 92' lang='lat' dir='ltr'><strong>quos</strong></span> <span class='ocrx_word' id='word_1_208' title='bbox 948 2631 1106 2685; x_wconf 90' lang='lat' dir='ltr'><strong>etiam</strong></span> <span class='ocrx_word' id='word_1_209' title='bbox 1149 2631 1330 2685; x_wconf 91' lang='lat' dir='ltr'><strong>dicunt</strong></span> <span class='ocrx_word' id='word_1_210' title='bbox 1371 2630 1485 2685; x_wconf 65' lang='lat' dir='ltr'><strong>hinc</strong></span> <span class='ocrx_word' id='word_1_211' title='bbox 1521 2633 1642 2700; x_wconf 86' lang='lat' dir='ltr'><strong>jure</strong></span> <span class='ocrx_word' id='word_1_212' title='bbox 1681 2646 1866 2701; x_wconf 88' lang='lat' dir='ltr'><strong>passos</strong></span> <span class='ocrx_word' id='word_1_213' title='bbox 1907 2647 2058 2700; x_wconf 89' lang='lat' dir='ltr'><strong>esse,</strong></span> 
     </span>
    </p>
   </div>
   <div class='ocr_carea' id='block_1_27' title="bbox 495 2720 2063 2791">
    <p class='ocr_par' dir='ltr' id='par_1_27' title="bbox 495 2720 2063 2791">
     <span class='ocr_line' id='line_1_27' title="bbox 495 2720 2063 2791; baseline 0.003 -18"><span class='ocrx_word' id='word_1_214' title='bbox 495 2721 602 2774; x_wconf 92' lang='lat' dir='ltr'><strong>imo</strong></span> <span class='ocrx_word' id='word_1_215' title='bbox 622 2720 864 2789; x_wconf 84' lang='lat' dir='ltr'><strong>graviora</strong></span> <span class='ocrx_word' id='word_1_216' title='bbox 886 2720 1259 2789; x_wconf 88' lang='lat' dir='ltr'><strong>promeruisse;</strong></span> <span class='ocrx_word' id='word_1_217' title='bbox 1281 2729 1459 2788; x_wconf 89' lang='lat' dir='ltr'><strong>utpote</strong></span> <span class='ocrx_word' id='word_1_218' title='bbox 1475 2720 1563 2789; x_wconf 91' lang='lat' dir='ltr'><strong>qui</strong></span> <span class='ocrx_word' id='word_1_219' title='bbox 1590 2729 1666 2774; x_wconf 93' lang='lat' dir='ltr'><strong>tot</strong></span> <span class='ocrx_word' id='word_1_220' title='bbox 1685 2721 1947 2791; x_wconf 89' lang='lat' dir='ltr'><strong>tantisque</strong></span> <span class='ocrx_word' id='word_1_221' title='bbox 1973 2736 2063 2777; x_wconf 88' lang='lat' dir='ltr'><strong>re-</strong></span> 
     </span>
    </p>
   </div>
   <div class='ocr_carea' id='block_1_28' title="bbox 493 2811 2059 2880">
    <p class='ocr_par' dir='ltr' id='par_1_28' title="bbox 493 2811 2059 2880">
     <span class='ocr_line' id='line_1_28' title="bbox 493 2811 2059 2880; baseline 0.001 -15"><span class='ocrx_word' id='word_1_222' title='bbox 493 2811 632 2866; x_wconf 90' lang='lat' dir='ltr'><strong>lictis</strong></span> <span class='ocrx_word' id='word_1_223' title='bbox 659 2811 806 2878; x_wconf 90' lang='lat' dir='ltr'><strong>viris,</strong></span> <span class='ocrx_word' id='word_1_224' title='bbox 824 2826 1014 2880; x_wconf 90' lang='lat' dir='ltr'><strong>pueros</strong></span> <span class='ocrx_word' id='word_1_225' title='bbox 1031 2812 1142 2865; x_wconf 90' lang='lat' dir='ltr'><strong>heri</strong></span> <span class='ocrx_word' id='word_1_226' title='bbox 1163 2827 1224 2865; x_wconf 91' lang='lat' dir='ltr'><strong>ac</strong></span> <span class='ocrx_word' id='word_1_227' title='bbox 1240 2811 1618 2867; x_wconf 89' lang='lat' dir='ltr'><strong>nudiustertius</strong></span> <span class='ocrx_word' id='word_1_228' title='bbox 1638 2813 1688 2866; x_wconf 93' lang='lat' dir='ltr'><strong>in</strong></span> <span class='ocrx_word' id='word_1_229' title='bbox 1717 2813 2059 2867; x_wconf 70' lang='lat' dir='ltr'><strong>saecularibus</strong></span> 
     </span>
    </p>
   </div>
   <div class='ocr_carea' id='block_1_29' title="bbox 499 2901 2064 2971">
    <p class='ocr_par' dir='ltr' id='par_1_29' title="bbox 499 2901 2064 2971">
     <span class='ocr_line' id='line_1_29' title="bbox 499 2901 2064 2971; baseline 0.001 -16"><span class='ocrx_word' id='word_1_230' title='bbox 499 2901 642 2955; x_wconf 88' lang='lat' dir='ltr'><strong>curis</strong></span> <span class='ocrx_word' id='word_1_231' title='bbox 669 2901 931 2955; x_wconf 91' lang='lat' dir='ltr'><strong>volutatos</strong></span> <span class='ocrx_word' id='word_1_232' title='bbox 953 2940 968 2964; x_wconf 90' lang='lat'><strong>,</strong></span> <span class='ocrx_word' id='word_1_233' title='bbox 1004 2909 1061 2955; x_wconf 91' lang='lat' dir='ltr'><strong>ut</strong></span> <span class='ocrx_word' id='word_1_234' title='bbox 1087 2901 1153 2955; x_wconf 91' lang='lat' dir='ltr'><strong>ad</strong></span> <span class='ocrx_word' id='word_1_235' title='bbox 1197 2901 1356 2956; x_wconf 89' lang='lat' dir='ltr'><strong>breve</strong></span> <span class='ocrx_word' id='word_1_236' title='bbox 1387 2909 1592 2971; x_wconf 89' lang='lat' dir='ltr'><strong>tempus</strong></span> <span class='ocrx_word' id='word_1_237' title='bbox 1633 2902 1910 2970; x_wconf 87' lang='lat' dir='ltr'><strong>supercilia</strong></span> <span class='ocrx_word' id='word_1_238' title='bbox 1936 2917 2064 2957; x_wconf 89' lang='lat' dir='ltr'><strong>con-</strong></span> 
     </span>
    </p>
   </div>
   <div class='ocr_carea' id='block_1_30' title="bbox 495 2992 2060 3063">
    <p class='ocr_par' dir='ltr' id='par_1_30' title="bbox 495 2992 2060 3063">
     <span class='ocr_line' id='line_1_30' title="bbox 495 2992 2060 3063; baseline 0.001 -17"><span class='ocrx_word' id='word_1_239' title='bbox 495 2992 799 3060; x_wconf 89' lang='lat' dir='ltr'><strong>traherent,</strong></span> <span class='ocrx_word' id='word_1_240' title='bbox 828 2993 998 3062; x_wconf 88' lang='lat' dir='ltr'><strong>pullas</strong></span> <span class='ocrx_word' id='word_1_241' title='bbox 1040 3000 1215 3047; x_wconf 87' lang='lat' dir='ltr'><strong>vestes</strong></span> <span class='ocrx_word' id='word_1_242' title='bbox 1245 2992 1556 3058; x_wconf 88' lang='lat' dir='ltr'><strong>induerent,</strong></span> <span class='ocrx_word' id='word_1_243' title='bbox 1580 2992 1870 3063; x_wconf 90' lang='lat' dir='ltr'><strong>vultusque</strong></span> <span class='ocrx_word' id='word_1_244' title='bbox 1897 2994 2060 3047; x_wconf 90' lang='lat' dir='ltr'><strong>tristi-</strong></span> 
     </span>
    </p>
   </div>
   <div class='ocr_carea' id='block_1_31' title="bbox 496 3081 2062 3152">
    <p class='ocr_par' dir='ltr' id='par_1_31' title="bbox 496 3081 2062 3152">
     <span class='ocr_line' id='line_1_31' title="bbox 496 3081 2062 3152; baseline -0.001 -15"><span class='ocrx_word' id='word_1_245' title='bbox 496 3084 620 3138; x_wconf 88' lang='lat' dir='ltr'><strong>tiam</strong></span> <span class='ocrx_word' id='word_1_246' title='bbox 671 3083 1022 3149; x_wconf 89' lang='lat' dir='ltr'><strong>simularent,</strong></span> <span class='ocrx_word' id='word_1_247' title='bbox 1069 3081 1357 3152; x_wconf 91' lang='lat' dir='ltr'><strong>derepente</strong></span> <span class='ocrx_word' id='word_1_248' title='bbox 1427 3082 1494 3136; x_wconf 91' lang='lat' dir='ltr'><strong>ad</strong></span> <span class='ocrx_word' id='word_1_249' title='bbox 1547 3090 1748 3136; x_wconf 91' lang='lat' dir='ltr'><strong>tantum</strong></span> <span class='ocrx_word' id='word_1_250' title='bbox 1807 3081 2062 3137; x_wconf 89' lang='lat' dir='ltr'><strong>honorem</strong></span> 
     </span>
    </p>
   </div>
   <div class='ocr_carea' id='block_1_32' title="bbox 493 3173 2062 3244">
    <p class='ocr_par' dir='ltr' id='par_1_32' title="bbox 493 3173 2062 3244">
     <span class='ocr_line' id='line_1_32' title="bbox 493 3173 2062 3244; baseline 0.001 -17"><span class='ocrx_word' id='word_1_251' title='bbox 493 3174 836 3239; x_wconf 84' lang='lat' dir='ltr'><strong>adduxerint,</strong></span> <span class='ocrx_word' id='word_1_252' title='bbox 881 3182 1135 3244; x_wconf 91' lang='lat' dir='ltr'><strong>quantum</strong></span> <span class='ocrx_word' id='word_1_253' title='bbox 1179 3190 1246 3229; x_wconf 90' lang='lat' dir='ltr'><strong>ne</strong></span> <span class='ocrx_word' id='word_1_254' title='bbox 1289 3175 1342 3228; x_wconf 92' lang='lat' dir='ltr'><strong>in</strong></span> <span class='ocrx_word' id='word_1_255' title='bbox 1365 3175 1564 3230; x_wconf 91' lang='lat' dir='ltr'><strong>somnis</strong></span> <span class='ocrx_word' id='word_1_256' title='bbox 1607 3173 1818 3243; x_wconf 89' lang='lat' dir='ltr'><strong>quidem</strong></span> <span class='ocrx_word' id='word_1_257' title='bbox 1852 3175 2062 3244; x_wconf 89' lang='lat' dir='ltr'><strong>assequi</strong></span> 
     </span>
    </p>
   </div>
   <div class='ocr_carea' id='block_1_33' title="bbox 492 3266 2061 3337">
    <p class='ocr_par' dir='ltr' id='par_1_33' title="bbox 492 3266 2061 3337">
     <span class='ocr_line' id='line_1_33' title="bbox 492 3266 2061 3337; baseline 0 -17"><span class='ocrx_word' id='word_1_258' title='bbox 492 3268 866 3337; x_wconf 88' lang='lat' dir='ltr'><strong>speravissent.</strong></span> <span class='ocrx_word' id='word_1_259' title='bbox 897 3269 1070 3336; x_wconf 85' lang='lat' dir='ltr'><strong>Atque</strong></span> <span class='ocrx_word' id='word_1_260' title='bbox 1111 3267 1146 3321; x_wconf 94' lang='lat' dir='ltr'><strong>ii</strong></span> <span class='ocrx_word' id='word_1_261' title='bbox 1189 3266 1437 3336; x_wconf 85' lang='lat' dir='ltr'><strong>quidem,</strong></span> <span class='ocrx_word' id='word_1_262' title='bbox 1479 3267 1658 3329; x_wconf 88' lang='lat' dir='ltr'><strong>aiunt,</strong></span> <span class='ocrx_word' id='word_1_263' title='bbox 1695 3267 1781 3336; x_wconf 90' lang='lat' dir='ltr'><strong>qui</strong></span> <span class='ocrx_word' id='word_1_264' title='bbox 1821 3283 1849 3320; x_wconf 92' lang='lat' dir='ltr'><strong>a</strong></span> <span class='ocrx_word' id='word_1_265' title='bbox 1895 3267 2061 3336; x_wconf 89' lang='lat' dir='ltr'><strong>prima</strong></span> 
     </span>
    </p>
   </div>
   <div class='ocr_carea' id='block_1_34' title="bbox 493 3359 2064 3428">
    <p class='ocr_par' dir='ltr' id='par_1_34' title="bbox 493 3359 2064 3428">
     <span class='ocr_line' id='line_1_34' title="bbox 493 3359 2064 3428; baseline -0.001 -14"><span class='ocrx_word' id='word_1_266' title='bbox 493 3369 651 3414; x_wconf 67' lang='lat' dir='ltr'><strong>(etate</strong></span> <span class='ocrx_word' id='word_1_267' title='bbox 675 3360 740 3414; x_wconf 89' lang='lat' dir='ltr'><strong>ad</strong></span> <span class='ocrx_word' id='word_1_268' title='bbox 779 3368 1068 3414; x_wconf 82' lang='lat' dir='ltr'><strong>extremam</strong></span> <span class='ocrx_word' id='word_1_269' title='bbox 1122 3373 1289 3428; x_wconf 89' lang='lat' dir='ltr'><strong>usque</strong></span> <span class='ocrx_word' id='word_1_270' title='bbox 1329 3367 1653 3412; x_wconf 88' lang='lat' dir='ltr'><strong>senectutem</strong></span> <span class='ocrx_word' id='word_1_271' title='bbox 1703 3359 1926 3412; x_wconf 91' lang='lat' dir='ltr'><strong>ascesim</strong></span> <span class='ocrx_word' id='word_1_272' title='bbox 1952 3359 2064 3414; x_wconf 89' lang='lat' dir='ltr'><strong>sive</strong></span> 
     </span>
    </p>
   </div>
   <div class='ocr_carea' id='block_1_35' title="bbox 493 3448 2062 3515">
    <p class='ocr_par' dir='ltr' id='par_1_35' title="bbox 493 3448 2062 3515">
     <span class='ocr_line' id='line_1_35' title="bbox 493 3448 2062 3515; baseline -0.001 -11"><span class='ocrx_word' id='word_1_273' title='bbox 493 3451 921 3505; x_wconf 80' lang='lat' dir='ltr'><strong>exercitationem</strong></span> <span class='ocrx_word' id='word_1_274' title='bbox 948 3449 1130 3503; x_wconf 89' lang='lat' dir='ltr'><strong>sectati</strong></span> <span class='ocrx_word' id='word_1_275' title='bbox 1169 3457 1327 3515; x_wconf 90' lang='lat' dir='ltr'><strong>sunt,</strong></span> <span class='ocrx_word' id='word_1_276' title='bbox 1369 3448 1421 3501; x_wconf 93' lang='lat' dir='ltr'><strong>in</strong></span> <span class='ocrx_word' id='word_1_277' title='bbox 1460 3448 1791 3502; x_wconf 88' lang='lat' dir='ltr'><strong>subditorum</strong></span> <span class='ocrx_word' id='word_1_278' title='bbox 1840 3463 2062 3503; x_wconf 90' lang='lat' dir='ltr'><strong>numero</strong></span> 
     </span>
    </p>
   </div>
   <div class='ocr_carea' id='block_1_36' title="bbox 494 3538 2064 3609">
    <p class='ocr_par' dir='ltr' id='par_1_36' title="bbox 494 3538 2064 3609">
     <span class='ocr_line' id='line_1_36' title="bbox 494 3538 2064 3609; baseline 0.001 -16"><span class='ocrx_word' id='word_1_279' title='bbox 494 3549 617 3594; x_wconf 92' lang='lat' dir='ltr'><strong>sunt</strong></span> <span class='ocrx_word' id='word_1_280' title='bbox 645 3558 658 3604; x_wconf 91' lang='lat'><strong>;</strong></span> <span class='ocrx_word' id='word_1_281' title='bbox 694 3542 953 3609; x_wconf 89' lang='lat' dir='ltr'><strong>imperant</strong></span> <span class='ocrx_word' id='word_1_282' title='bbox 979 3549 1152 3594; x_wconf 89' lang='lat' dir='ltr'><strong>autem</strong></span> <span class='ocrx_word' id='word_1_283' title='bbox 1177 3540 1280 3593; x_wconf 89' lang='lat' dir='ltr'><strong>illis</strong></span> <span class='ocrx_word' id='word_1_284' title='bbox 1304 3539 1536 3607; x_wconf 89' lang='lat' dir='ltr'><strong>ipsorum</strong></span> <span class='ocrx_word' id='word_1_285' title='bbox 1559 3539 1650 3592; x_wconf 88' lang='lat' dir='ltr'><strong>filii</strong></span> <span class='ocrx_word' id='word_1_286' title='bbox 1669 3579 1686 3604; x_wconf 92' lang='lat'><strong>,</strong></span> <span class='ocrx_word' id='word_1_287' title='bbox 1713 3538 1801 3608; x_wconf 87' lang='lat' dir='ltr'><strong>qui</strong></span> <span class='ocrx_word' id='word_1_288' title='bbox 1831 3554 1896 3594; x_wconf 90' lang='lat' dir='ltr'><strong>ne</strong></span> <span class='ocrx_word' id='word_1_289' title='bbox 1922 3539 2064 3608; x_wconf 87' lang='lat' dir='ltr'><strong>leges</strong></span> 
     </span>
    </p>
   </div>
   <div class='ocr_carea' id='block_1_37' title="bbox 495 3626 2061 3698">
    <p class='ocr_par' dir='ltr' id='par_1_37' title="bbox 495 3626 2061 3698">
     <span class='ocr_line' id='line_1_37' title="bbox 495 3626 2061 3698; baseline 0.001 -17"><span class='ocrx_word' id='word_1_290' title='bbox 495 3630 707 3698; x_wconf 83' lang='lat' dir='ltr'><strong>quidem</strong></span> <span class='ocrx_word' id='word_1_291' title='bbox 733 3639 994 3684; x_wconf 89' lang='lat' dir='ltr'><strong>noverunt</strong></span> <span class='ocrx_word' id='word_1_292' title='bbox 1018 3629 1140 3681; x_wconf 90' lang='lat' dir='ltr'><strong>huic</strong></span> <span class='ocrx_word' id='word_1_293' title='bbox 1168 3626 1466 3682; x_wconf 89' lang='lat' dir='ltr'><strong>exercendo</strong></span> <span class='ocrx_word' id='word_1_294' title='bbox 1498 3627 1820 3697; x_wconf 75' lang='lat' dir='ltr'><strong>magistratui</strong></span> <span class='ocrx_word' id='word_1_295' title='bbox 1844 3628 2061 3696; x_wconf 86' lang='lat' dir='ltr'><strong>positas.</strong></span> 
     </span>
    </p>
   </div>
   <div class='ocr_carea' id='block_1_38' title="bbox 497 3719 2064 3790">
    <p class='ocr_par' dir='ltr' id='par_1_38' title="bbox 497 3719 2064 3790">
     <span class='ocr_line' id='line_1_38' title="bbox 497 3719 2064 3790; baseline 0.001 -16"><span class='ocrx_word' id='word_1_296' title='bbox 497 3721 621 3774; x_wconf 72' lang='lat' dir='ltr'><strong>llaec</strong></span> <span class='ocrx_word' id='word_1_297' title='bbox 647 3730 698 3775; x_wconf 91' lang='lat' dir='ltr'><strong>et</strong></span> <span class='ocrx_word' id='word_1_298' title='bbox 733 3721 881 3789; x_wconf 87' lang='lat' dir='ltr'><strong>plura</strong></span> <span class='ocrx_word' id='word_1_299' title='bbox 912 3721 1186 3789; x_wconf 89' lang='lat' dir='ltr'><strong>loquentes</strong></span> <span class='ocrx_word' id='word_1_300' title='bbox 1213 3719 1516 3789; x_wconf 84' lang='lat' dir='ltr'><strong>frequenter</strong></span> <span class='ocrx_word' id='word_1_301' title='bbox 1552 3721 1768 3773; x_wconf 89' lang='lat' dir='ltr'><strong>instant.</strong></span> <span class='ocrx_word' id='word_1_302' title='bbox 1802 3720 1912 3790; x_wconf 81' lang='lat' dir='ltr'><strong>Ego</strong></span> <span class='ocrx_word' id='word_1_303' title='bbox 1936 3735 2064 3776; x_wconf 88' lang='lat' dir='ltr'><strong>vero</strong></span> 
     </span>
    </p>
   </div>
   <div class='ocr_carea' id='block_1_39' title="bbox 495 3809 2064 3880">
    <p class='ocr_par' dir='ltr' id='par_1_39' title="bbox 495 3809 2064 3880">
     <span class='ocr_line' id='line_1_39' title="bbox 495 3809 2064 3880; baseline 0.001 -17"><span class='ocrx_word' id='word_1_304' title='bbox 495 3810 626 3879; x_wconf 88' lang='lat' dir='ltr'><strong>quid</strong></span> <span class='ocrx_word' id='word_1_305' title='bbox 665 3810 731 3864; x_wconf 92' lang='lat' dir='ltr'><strong>ad</strong></span> <span class='ocrx_word' id='word_1_306' title='bbox 761 3810 877 3865; x_wconf 65' lang='lat' dir='ltr'><strong>hare</strong></span> <span class='ocrx_word' id='word_1_307' title='bbox 901 3810 1250 3880; x_wconf 86' lang='lat' dir='ltr'><strong>respondeam</strong></span> <span class='ocrx_word' id='word_1_308' title='bbox 1294 3809 1479 3880; x_wconf 89' lang='lat' dir='ltr'><strong>ignoro</strong></span> <span class='ocrx_word' id='word_1_309' title='bbox 1508 3827 1521 3864; x_wconf 94' lang='lat'><strong>:</strong></span> <span class='ocrx_word' id='word_1_310' title='bbox 1553 3819 1606 3864; x_wconf 93' lang='lat' dir='ltr'><strong>tu</strong></span> <span class='ocrx_word' id='word_1_311' title='bbox 1626 3851 1641 3876; x_wconf 94' lang='lat'><strong>,</strong></span> <span class='ocrx_word' id='word_1_312' title='bbox 1685 3825 1894 3879; x_wconf 70' lang='lat' dir='ltr'><strong>quaeso,</strong></span> <span class='ocrx_word' id='word_1_313' title='bbox 1932 3811 2064 3866; x_wconf 92' lang='lat' dir='ltr'><strong>mihi</strong></span> 
     </span>
    </p>
   </div>
   <div class='ocr_carea' id='block_1_40' title="bbox 497 3899 2063 3970">
    <p class='ocr_par' dir='ltr' id='par_1_40' title="bbox 497 3899 2063 3970">
     <span class='ocr_line' id='line_1_40' title="bbox 497 3899 2063 3970; baseline 0.003 -16"><span class='ocrx_word' id='word_1_314' title='bbox 497 3900 848 3970; x_wconf 88' lang='lat' dir='ltr'><strong>suppeditato.</strong></span> <span class='ocrx_word' id='word_1_315' title='bbox 868 3899 1050 3970; x_wconf 83' lang='lat' dir='ltr'><strong>Neque</strong></span> <span class='ocrx_word' id='word_1_316' title='bbox 1071 3901 1211 3955; x_wconf 91' lang='lat' dir='ltr'><strong>enim</strong></span> <span class='ocrx_word' id='word_1_317' title='bbox 1238 3909 1366 3970; x_wconf 90' lang='lat' dir='ltr'><strong>puto</strong></span> <span class='ocrx_word' id='word_1_318' title='bbox 1381 3909 1582 3956; x_wconf 91' lang='lat' dir='ltr'><strong>temere</strong></span> <span class='ocrx_word' id='word_1_319' title='bbox 1615 3909 1667 3956; x_wconf 93' lang='lat' dir='ltr'><strong>te</strong></span> <span class='ocrx_word' id='word_1_320' title='bbox 1691 3909 1744 3956; x_wconf 91' lang='lat' dir='ltr'><strong>et</strong></span> <span class='ocrx_word' id='word_1_321' title='bbox 1767 3901 1880 3956; x_wconf 91' lang='lat' dir='ltr'><strong>sine</strong></span> <span class='ocrx_word' id='word_1_322' title='bbox 1904 3917 2063 3958; x_wconf 88' lang='lat' dir='ltr'><strong>causa</strong></span> 
     </span>
    </p>
   </div>
   <div class='ocr_carea' id='block_1_41' title="bbox 497 3990 2064 4062">
    <p class='ocr_par' dir='ltr' id='par_1_41' title="bbox 497 3990 2064 4062">
     <span class='ocr_line' id='line_1_41' title="bbox 497 3990 2064 4062; baseline 0.003 -19"><span class='ocrx_word' id='word_1_323' title='bbox 497 3990 693 4060; x_wconf 85' lang='lat' dir='ltr'><strong>fugisse</strong></span> <span class='ocrx_word' id='word_1_324' title='bbox 717 4000 1019 4061; x_wconf 87' lang='lat' dir='ltr'><strong>tantamque</strong></span> <span class='ocrx_word' id='word_1_325' title='bbox 1033 3993 1327 4062; x_wconf 86' lang='lat' dir='ltr'><strong>suscepisse</strong></span> <span class='ocrx_word' id='word_1_326' title='bbox 1337 3992 1589 4047; x_wconf 89' lang='lat' dir='ltr'><strong>adversus</strong></span> <span class='ocrx_word' id='word_1_327' title='bbox 1603 3993 1736 4047; x_wconf 92' lang='lat' dir='ltr'><strong>adeo</strong></span> <span class='ocrx_word' id='word_1_328' title='bbox 1755 4004 2064 4062; x_wconf 71' lang='lat' dir='ltr'><strong>praestantes</strong></span> 
     </span>
    </p>
   </div>
   <div class='ocr_carea' id='block_1_42' title="bbox 495 4082 2059 4152">
    <p class='ocr_par' dir='ltr' id='par_1_42' title="bbox 495 4082 2059 4152">
     <span class='ocr_line' id='line_1_42' title="bbox 495 4082 2059 4152; baseline 0.003 -18"><span class='ocrx_word' id='word_1_329' title='bbox 495 4082 639 4137; x_wconf 89' lang='lat' dir='ltr'><strong>viros</strong></span> <span class='ocrx_word' id='word_1_330' title='bbox 669 4083 1012 4147; x_wconf 87' lang='lat' dir='ltr'><strong>inimicitiam;</strong></span> <span class='ocrx_word' id='word_1_331' title='bbox 1038 4083 1130 4137; x_wconf 91' lang='lat' dir='ltr'><strong>sed</strong></span> <span class='ocrx_word' id='word_1_332' title='bbox 1162 4084 1464 4152; x_wconf 84' lang='lat' dir='ltr'><strong>ponderatis</strong></span> <span class='ocrx_word' id='word_1_333' title='bbox 1488 4085 1645 4139; x_wconf 88' lang='lat' dir='ltr'><strong>rebus</strong></span> <span class='ocrx_word' id='word_1_334' title='bbox 1667 4085 1732 4139; x_wconf 88' lang='lat' dir='ltr'><strong>ad</strong></span> <span class='ocrx_word' id='word_1_335' title='bbox 1758 4085 1809 4139; x_wconf 93' lang='lat' dir='ltr'><strong>id</strong></span> <span class='ocrx_word' id='word_1_336' title='bbox 1831 4085 2059 4151; x_wconf 88' lang='lat' dir='ltr'><strong>venisse,</strong></span> 
     </span>
    </p>
   </div>
   <div class='ocr_carea' id='block_1_43' title="bbox 497 4171 2064 4243">
    <p class='ocr_par' dir='ltr' id='par_1_43' title="bbox 497 4171 2064 4243">
     <span class='ocr_line' id='line_1_43' title="bbox 497 4171 2064 4243; baseline 0.002 -18"><span class='ocrx_word' id='word_1_337' title='bbox 497 4171 635 4225; x_wconf 89' lang='lat' dir='ltr'><strong>unde</strong></span> <span class='ocrx_word' id='word_1_338' title='bbox 659 4183 712 4227; x_wconf 92' lang='lat' dir='ltr'><strong>et</strong></span> <span class='ocrx_word' id='word_1_339' title='bbox 734 4173 825 4228; x_wconf 92' lang='lat' dir='ltr'><strong>tibi</strong></span> <span class='ocrx_word' id='word_1_340' title='bbox 852 4181 1088 4243; x_wconf 91' lang='lat' dir='ltr'><strong>paratam</strong></span> <span class='ocrx_word' id='word_1_341' title='bbox 1110 4173 1470 4229; x_wconf 86' lang='lat' dir='ltr'><strong>defensionem</strong></span> <span class='ocrx_word' id='word_1_342' title='bbox 1496 4173 1684 4228; x_wconf 89' lang='lat' dir='ltr'><strong>adesse</strong></span> <span class='ocrx_word' id='word_1_343' title='bbox 1704 4175 1948 4229; x_wconf 83' lang='lat' dir='ltr'><strong>arbitror.</strong></span> <span class='ocrx_word' id='word_1_344' title='bbox 1972 4175 2064 4228; x_wconf 91' lang='lat' dir='ltr'><strong>Dic</strong></span> 
     </span>
    </p>
   </div>
   <div class='ocr_carea' id='block_1_44' title="bbox 491 4265 2061 4334">
    <p class='ocr_par' dir='ltr' id='par_1_44' title="bbox 491 4265 2061 4334">
     <span class='ocr_line' id='line_1_44' title="bbox 491 4265 2061 4334; baseline 0.003 -18"><span class='ocrx_word' id='word_1_345' title='bbox 491 4277 652 4332; x_wconf 82' lang='lat' dir='ltr'><strong>ergo,</strong></span> <span class='ocrx_word' id='word_1_346' title='bbox 680 4280 803 4318; x_wconf 93' lang='lat' dir='ltr'><strong>num</strong></span> <span class='ocrx_word' id='word_1_347' title='bbox 829 4265 1025 4334; x_wconf 89' lang='lat' dir='ltr'><strong>justam</strong></span> <span class='ocrx_word' id='word_1_348' title='bbox 1056 4265 1252 4320; x_wconf 89' lang='lat' dir='ltr'><strong>habeas</strong></span> <span class='ocrx_word' id='word_1_349' title='bbox 1295 4266 1686 4320; x_wconf 81' lang='lat' dir='ltr'><strong>excusationem</strong></span> <span class='ocrx_word' id='word_1_350' title='bbox 1706 4307 1722 4332; x_wconf 92' lang='lat'><strong>,</strong></span> <span class='ocrx_word' id='word_1_351' title='bbox 1752 4280 1908 4334; x_wconf 90' lang='lat' dir='ltr'><strong>quam</strong></span> <span class='ocrx_word' id='word_1_352' title='bbox 1953 4266 2061 4320; x_wconf 89' lang='lat' dir='ltr'><strong>cri-</strong></span> 
     </span>
    </p>
   </div>
   <div class='ocr_carea' id='block_1_45' title="bbox 497 4357 2063 4426">
    <p class='ocr_par' dir='ltr' id='par_1_45' title="bbox 497 4357 2063 4426">
     <span class='ocr_line' id='line_1_45' title="bbox 497 4357 2063 4426; baseline 0.002 -18"><span class='ocrx_word' id='word_1_353' title='bbox 497 4357 840 4411; x_wconf 86' lang='lat' dir='ltr'><strong>minatoribus</strong></span> <span class='ocrx_word' id='word_1_354' title='bbox 885 4357 1184 4412; x_wconf 77' lang='lat' dir='ltr'><strong>afferamus.</strong></span> <span class='ocrx_word' id='word_1_355' title='bbox 1214 4357 1344 4411; x_wconf 91' lang='lat' dir='ltr'><strong>Nam</strong></span> <span class='ocrx_word' id='word_1_356' title='bbox 1375 4357 1442 4411; x_wconf 94' lang='lat' dir='ltr'><strong>de</strong></span> <span class='ocrx_word' id='word_1_357' title='bbox 1471 4357 1655 4426; x_wconf 89' lang='lat' dir='ltr'><strong>injuria</strong></span> <span class='ocrx_word' id='word_1_358' title='bbox 1683 4372 1783 4426; x_wconf 89' lang='lat' dir='ltr'><strong>qua</strong></span> <span class='ocrx_word' id='word_1_359' title='bbox 1816 4371 1902 4412; x_wconf 89' lang='lat' dir='ltr'><strong>me</strong></span> <span class='ocrx_word' id='word_1_360' title='bbox 1936 4357 2063 4411; x_wconf 76' lang='lat' dir='ltr'><strong>affe-</strong></span> 
     </span>
    </p>
   </div>
   <div class='ocr_carea' id='block_1_46' title="bbox 495 4444 2061 4516">
    <p class='ocr_par' dir='ltr' id='par_1_46' title="bbox 495 4444 2061 4516">
     <span class='ocr_line' id='line_1_46' title="bbox 495 4444 2061 4516; baseline 0.003 -19"><span class='ocrx_word' id='word_1_361' title='bbox 495 4444 612 4497; x_wconf 90' lang='lat' dir='ltr'><strong>cisti</strong></span> <span class='ocrx_word' id='word_1_362' title='bbox 651 4459 754 4498; x_wconf 89' lang='lat' dir='ltr'><strong>non</strong></span> <span class='ocrx_word' id='word_1_363' title='bbox 780 4447 1054 4514; x_wconf 78' lang='lat' dir='ltr'><strong>expostulo</strong></span> <span class='ocrx_word' id='word_1_364' title='bbox 1084 4456 1253 4501; x_wconf 90' lang='lat' dir='ltr'><strong>tecum</strong></span> <span class='ocrx_word' id='word_1_365' title='bbox 1275 4487 1288 4512; x_wconf 92' lang='lat'><strong>,</strong></span> <span class='ocrx_word' id='word_1_366' title='bbox 1321 4461 1426 4500; x_wconf 94' lang='lat' dir='ltr'><strong>non</strong></span> <span class='ocrx_word' id='word_1_367' title='bbox 1455 4445 1595 4516; x_wconf 87' lang='lat' dir='ltr'><strong>quod</strong></span> <span class='ocrx_word' id='word_1_368' title='bbox 1622 4445 1894 4515; x_wconf 90' lang='lat' dir='ltr'><strong>deceperis</strong></span> <span class='ocrx_word' id='word_1_369' title='bbox 1911 4487 1928 4512; x_wconf 96' lang='lat'><strong>,</strong></span> <span class='ocrx_word' id='word_1_370' title='bbox 1955 4462 2061 4501; x_wconf 86' lang='lat' dir='ltr'><strong>non</strong></span> 
     </span>
    </p>
   </div>
   <div class='ocr_carea' id='block_1_47' title="bbox 494 4534 2060 4607">
    <p class='ocr_par' dir='ltr' id='par_1_47' title="bbox 494 4534 2060 4607">
     <span class='ocr_line' id='line_1_47' title="bbox 494 4534 2060 4607; baseline 0.004 -21"><span class='ocrx_word' id='word_1_371' title='bbox 494 4534 632 4604; x_wconf 83' lang='lat' dir='ltr'><strong>quod</strong></span> <span class='ocrx_word' id='word_1_372' title='bbox 657 4535 978 4603; x_wconf 84' lang='lat' dir='ltr'><strong>prodideris,</strong></span> <span class='ocrx_word' id='word_1_373' title='bbox 1011 4554 1115 4593; x_wconf 93' lang='lat' dir='ltr'><strong>non</strong></span> <span class='ocrx_word' id='word_1_374' title='bbox 1160 4538 1300 4607; x_wconf 88' lang='lat' dir='ltr'><strong>quod</strong></span> <span class='ocrx_word' id='word_1_375' title='bbox 1344 4538 1489 4592; x_wconf 91' lang='lat' dir='ltr'><strong>omni</strong></span> <span class='ocrx_word' id='word_1_376' title='bbox 1534 4546 1770 4606; x_wconf 91' lang='lat' dir='ltr'><strong>tempore</strong></span> <span class='ocrx_word' id='word_1_377' title='bbox 1816 4538 2060 4592; x_wconf 74' lang='lat' dir='ltr'><strong>amicitia:</strong></span> 
     </span>
    </p>
   </div>
   <div class='ocr_carea' id='block_1_48' title="bbox 495 4623 2052 4696">
    <p class='ocr_par' dir='ltr' id='par_1_48' title="bbox 495 4623 2052 4696">
     <span class='ocr_line' id='line_1_48' title="bbox 495 4623 2052 4696; baseline 0.002 -18"><span class='ocrx_word' id='word_1_378' title='bbox 495 4639 629 4678; x_wconf 76' lang='lat' dir='ltr'><strong>mea:</strong></span> <span class='ocrx_word' id='word_1_379' title='bbox 659 4623 883 4677; x_wconf 83' lang='lat' dir='ltr'><strong>fructum</strong></span> <span class='ocrx_word' id='word_1_380' title='bbox 915 4626 1116 4679; x_wconf 90' lang='lat' dir='ltr'><strong>tuleris.</strong></span> <span class='ocrx_word' id='word_1_381' title='bbox 1145 4626 1252 4681; x_wconf 90' lang='lat' dir='ltr'><strong>Nos</strong></span> <span class='ocrx_word' id='word_1_382' title='bbox 1276 4626 1472 4696; x_wconf 87' lang='lat' dir='ltr'><strong>quippe</strong></span> <span class='ocrx_word' id='word_1_383' title='bbox 1497 4626 1727 4679; x_wconf 89' lang='lat' dir='ltr'><strong>animam</strong></span> <span class='ocrx_word' id='word_1_384' title='bbox 1774 4635 2008 4681; x_wconf 89' lang='lat' dir='ltr'><strong>nostram</strong></span> <span class='ocrx_word' id='word_1_385' title='bbox 2037 4667 2052 4692; x_wconf 92' lang='lat'><strong>,</strong></span> 
     </span>
    </p>
   </div>
   <div class='ocr_carea' id='block_1_49' title="bbox 493 4714 2059 4787">
    <p class='ocr_par' dir='ltr' id='par_1_49' title="bbox 493 4714 2059 4787">
     <span class='ocr_line' id='line_1_49' title="bbox 493 4714 2059 4787; baseline 0.004 -20"><span class='ocrx_word' id='word_1_386' title='bbox 493 4723 554 4768; x_wconf 90' lang='lat' dir='ltr'><strong>ut</strong></span> <span class='ocrx_word' id='word_1_387' title='bbox 585 4714 654 4768; x_wconf 79' lang='lat' dir='ltr'><strong>ita</strong></span> <span class='ocrx_word' id='word_1_388' title='bbox 683 4714 852 4768; x_wconf 92' lang='lat' dir='ltr'><strong>dicam</strong></span> <span class='ocrx_word' id='word_1_389' title='bbox 874 4758 888 4783; x_wconf 92' lang='lat'><strong>,</strong></span> <span class='ocrx_word' id='word_1_390' title='bbox 921 4715 1013 4769; x_wconf 85' lang='lat' dir='ltr'><strong>tibi</strong></span> <span class='ocrx_word' id='word_1_391' title='bbox 1040 4716 1250 4770; x_wconf 86' lang='lat' dir='ltr'><strong>allatam</strong></span> <span class='ocrx_word' id='word_1_392' title='bbox 1271 4757 1286 4781; x_wconf 93' lang='lat'><strong>,</strong></span> <span class='ocrx_word' id='word_1_393' title='bbox 1325 4717 1376 4770; x_wconf 92' lang='lat' dir='ltr'><strong>in</strong></span> <span class='ocrx_word' id='word_1_394' title='bbox 1405 4717 1648 4771; x_wconf 91' lang='lat' dir='ltr'><strong>manibus</strong></span> <span class='ocrx_word' id='word_1_395' title='bbox 1689 4717 1792 4771; x_wconf 90' lang='lat' dir='ltr'><strong>tuis</strong></span> <span class='ocrx_word' id='word_1_396' title='bbox 1820 4721 2059 4787; x_wconf 87' lang='lat' dir='ltr'><strong>reposui-</strong></span> 
     </span>
    </p>
   </div>
   <div class='ocr_carea' id='block_1_50' title="bbox 493 4806 2061 4863">
    <p class='ocr_par' dir='ltr' id='par_1_50' title="bbox 493 4806 2061 4863">
     <span class='ocr_line' id='line_1_50' title="bbox 493 4806 2061 4863; baseline 0.004 -7"><span class='ocrx_word' id='word_1_397' title='bbox 493 4820 614 4858; x_wconf 82' lang='lat' dir='ltr'><strong>mus</strong></span> <span class='ocrx_word' id='word_1_398' title='bbox 641 4823 652 4858; x_wconf 95' lang='lat'>:</span> <span class='ocrx_word' id='word_1_399' title='bbox 681 4815 735 4859; x_wconf 90' lang='lat' dir='ltr'><strong>t-u</strong></span> <span class='ocrx_word' id='word_1_400' title='bbox 755 4820 882 4859; x_wconf 86' lang='lat' dir='ltr'><strong>vero</strong></span> <span class='ocrx_word' id='word_1_401' title='bbox 909 4813 1105 4860; x_wconf 87' lang='lat' dir='ltr'><strong>tantam</strong></span> <span class='ocrx_word' id='word_1_402' title='bbox 1127 4806 1404 4860; x_wconf 80' lang='lat' dir='ltr'><strong>adversum</strong></span> <span class='ocrx_word' id='word_1_403' title='bbox 1427 4820 1526 4859; x_wconf 92' lang='lat' dir='ltr'><strong>nos</strong></span> <span class='ocrx_word' id='word_1_404' title='bbox 1545 4807 1884 4862; x_wconf 88' lang='lat' dir='ltr'><strong>calliditatem</strong></span> <span class='ocrx_word' id='word_1_405' title='bbox 1910 4809 2061 4863; x_wconf 91' lang='lat' dir='ltr'><strong>adhi-</strong></span> 
     </span>
    </p>
   </div>
   <div class='ocr_carea' id='block_1_51' title="bbox 492 4894 2058 4965">
    <p class='ocr_par' dir='ltr' id='par_1_51' title="bbox 492 4894 2058 4965">
     <span class='ocr_line' id='line_1_51' title="bbox 492 4894 2058 4965; baseline 0.003 -17"><span class='ocrx_word' id='word_1_406' title='bbox 492 4894 651 4949; x_wconf 84' lang='lat' dir='ltr'><strong>buisti</strong></span> <span class='ocrx_word' id='word_1_407' title='bbox 672 4936 685 4959; x_wconf 87' lang='lat'><strong>,</strong></span> <span class='ocrx_word' id='word_1_408' title='bbox 713 4904 960 4965; x_wconf 85' lang='lat' dir='ltr'><strong>quantam</strong></span> <span class='ocrx_word' id='word_1_409' title='bbox 981 4897 1024 4949; x_wconf 94' lang='lat' dir='ltr'><strong>si</strong></span> <span class='ocrx_word' id='word_1_410' title='bbox 1049 4895 1116 4950; x_wconf 89' lang='lat' dir='ltr'><strong>ab</strong></span> <span class='ocrx_word' id='word_1_411' title='bbox 1143 4896 1367 4950; x_wconf 85' lang='lat' dir='ltr'><strong>inimicis</strong></span> <span class='ocrx_word' id='word_1_412' title='bbox 1383 4897 1485 4950; x_wconf 89' lang='lat' dir='ltr'><strong>tuis</strong></span> <span class='ocrx_word' id='word_1_413' title='bbox 1503 4897 1794 4952; x_wconf 85' lang='lat' dir='ltr'><strong>cavendum</strong></span> <span class='ocrx_word' id='word_1_414' title='bbox 1813 4897 1905 4952; x_wconf 90' lang='lat' dir='ltr'><strong>tibi</strong></span> <span class='ocrx_word' id='word_1_415' title='bbox 1926 4899 2058 4953; x_wconf 82' lang='lat' dir='ltr'><strong>fuis-</strong></span> 
     </span>
    </p>
   </div>
   <div class='ocr_carea' id='block_1_52' title="bbox 493 4987 2059 5057">
    <p class='ocr_par' dir='ltr' id='par_1_52' title="bbox 493 4987 2059 5057">
     <span class='ocr_line' id='line_1_52' title="bbox 493 4987 2059 5057; baseline 0.003 -17"><span class='ocrx_word' id='word_1_416' title='bbox 493 4995 595 5040; x_wconf 89' lang='lat' dir='ltr'><strong>set.</strong></span> <span class='ocrx_word' id='word_1_417' title='bbox 625 4987 781 5056; x_wconf 86' lang='lat' dir='ltr'><strong>Atqui</strong></span> <span class='ocrx_word' id='word_1_418' title='bbox 809 4987 1066 5057; x_wconf 91' lang='lat' dir='ltr'><strong>oportuit,</strong></span> <span class='ocrx_word' id='word_1_419' title='bbox 1096 4988 1140 5040; x_wconf 91' lang='lat' dir='ltr'><strong>si</strong></span> <span class='ocrx_word' id='word_1_420' title='bbox 1163 4987 1439 5041; x_wconf 89' lang='lat' dir='ltr'><strong>consilium</strong></span> <span class='ocrx_word' id='word_1_421' title='bbox 1467 4987 1764 5054; x_wconf 91' lang='lat' dir='ltr'><strong>hujusmodi</strong></span> <span class='ocrx_word' id='word_1_422' title='bbox 1795 4989 1918 5044; x_wconf 90' lang='lat' dir='ltr'><strong>utile</strong></span> <span class='ocrx_word' id='word_1_423' title='bbox 1941 5004 2059 5046; x_wconf 90' lang='lat' dir='ltr'><strong>esse</strong></span> 
     </span>
    </p>
   </div>
   <div class='ocr_carea' id='block_1_53' title="bbox 496 5075 2056 5147">
    <p class='ocr_par' dir='ltr' id='par_1_53' title="bbox 496 5075 2056 5147">
     <span class='ocr_line' id='line_1_53' title="bbox 496 5075 2056 5147; baseline 0.003 -18"><span class='ocrx_word' id='word_1_424' title='bbox 496 5077 749 5146; x_wconf 87' lang='lat' dir='ltr'><strong>putabas,</strong></span> <span class='ocrx_word' id='word_1_425' title='bbox 775 5077 912 5131; x_wconf 90' lang='lat' dir='ltr'><strong>illius</strong></span> <span class='ocrx_word' id='word_1_426' title='bbox 943 5077 1144 5131; x_wconf 89' lang='lat' dir='ltr'><strong>lucrum</strong></span> <span class='ocrx_word' id='word_1_427' title='bbox 1187 5091 1292 5130; x_wconf 89' lang='lat' dir='ltr'><strong>non</strong></span> <span class='ocrx_word' id='word_1_428' title='bbox 1343 5075 1523 5146; x_wconf 88' lang='lat' dir='ltr'><strong>fugere</strong></span> <span class='ocrx_word' id='word_1_429' title='bbox 1551 5095 1566 5132; x_wconf 88' lang='lat'><strong>:</strong></span> <span class='ocrx_word' id='word_1_430' title='bbox 1599 5079 1680 5131; x_wconf 90' lang='lat' dir='ltr'><strong>sin</strong></span> <span class='ocrx_word' id='word_1_431' title='bbox 1707 5079 2018 5133; x_wconf 86' lang='lat' dir='ltr'><strong>damnosum</strong></span> <span class='ocrx_word' id='word_1_432' title='bbox 2038 5121 2056 5147; x_wconf 89' lang='lat'><strong>,</strong></span> 
     </span>
    </p>
   </div>
   <div class='ocr_carea' id='block_1_54' title="bbox 492 5167 2054 5238">
    <p class='ocr_par' dir='ltr' id='par_1_54' title="bbox 492 5167 2054 5238">
     <span class='ocr_line' id='line_1_54' title="bbox 492 5167 2054 5238; baseline 0.001 -15"><span class='ocrx_word' id='word_1_433' title='bbox 492 5182 589 5223; x_wconf 90' lang='lat' dir='ltr'><strong>nos</strong></span> <span class='ocrx_word' id='word_1_434' title='bbox 618 5183 826 5238; x_wconf 91' lang='lat' dir='ltr'><strong>quoque</strong></span> <span class='ocrx_word' id='word_1_435' title='bbox 843 5209 859 5233; x_wconf 93' lang='lat'><strong>,</strong></span> <span class='ocrx_word' id='word_1_436' title='bbox 890 5182 1023 5238; x_wconf 91' lang='lat' dir='ltr'><strong>quos</strong></span> <span class='ocrx_word' id='word_1_437' title='bbox 1041 5167 1287 5222; x_wconf 88' lang='lat' dir='ltr'><strong>omnibus</strong></span> <span class='ocrx_word' id='word_1_438' title='bbox 1311 5182 1522 5236; x_wconf 80' lang='lat' dir='ltr'><strong>semper</strong></span> <span class='ocrx_word' id='word_1_439' title='bbox 1549 5167 1800 5238; x_wconf 74' lang='lat' dir='ltr'><strong>praeferre</strong></span> <span class='ocrx_word' id='word_1_440' title='bbox 1821 5169 2054 5237; x_wconf 88' lang='lat' dir='ltr'><strong>dicebas,</strong></span> 
     </span>
    </p>
   </div>
   <div class='ocr_carea' id='block_1_55' title="bbox 491 5259 2058 5329">
    <p class='ocr_par' dir='ltr' id='par_1_55' title="bbox 491 5259 2058 5329">
     <span class='ocr_line' id='line_1_55' title="bbox 491 5259 2058 5329; baseline 0.003 -17"><span class='ocrx_word' id='word_1_441' title='bbox 491 5259 688 5313; x_wconf 87' lang='lat' dir='ltr'><strong>damno</strong></span> <span class='ocrx_word' id='word_1_442' title='bbox 714 5260 940 5328; x_wconf 89' lang='lat' dir='ltr'><strong>eripere.</strong></span> <span class='ocrx_word' id='word_1_443' title='bbox 963 5260 1040 5314; x_wconf 91' lang='lat' dir='ltr'><strong>Tu</strong></span> <span class='ocrx_word' id='word_1_444' title='bbox 1063 5274 1188 5315; x_wconf 83' lang='lat' dir='ltr'><strong>vero</strong></span> <span class='ocrx_word' id='word_1_445' title='bbox 1212 5259 1341 5313; x_wconf 83' lang='lat' dir='ltr'><strong>nihil</strong></span> <span class='ocrx_word' id='word_1_446' title='bbox 1369 5275 1472 5313; x_wconf 92' lang='lat' dir='ltr'><strong>non</strong></span> <span class='ocrx_word' id='word_1_447' title='bbox 1500 5261 1650 5329; x_wconf 82' lang='lat' dir='ltr'><strong>egisti</strong></span> <span class='ocrx_word' id='word_1_448' title='bbox 1678 5270 1736 5314; x_wconf 89' lang='lat' dir='ltr'><strong>ut</strong></span> <span class='ocrx_word' id='word_1_449' title='bbox 1764 5276 1828 5315; x_wconf 93' lang='lat' dir='ltr'><strong>eo</strong></span> <span class='ocrx_word' id='word_1_450' title='bbox 1855 5262 2058 5317; x_wconf 89' lang='lat' dir='ltr'><strong>incide-</strong></span> 
     </span>
    </p>
   </div>
   <div class='ocr_carea' id='block_1_56' title="bbox 490 5351 2056 5421">
    <p class='ocr_par' dir='ltr' id='par_1_56' title="bbox 490 5351 2056 5421">
     <span class='ocr_line' id='line_1_56' title="bbox 490 5351 2056 5421; baseline 0.003 -18"><span class='ocrx_word' id='word_1_451' title='bbox 490 5364 704 5416; x_wconf 89' lang='lat' dir='ltr'><strong>rcmus,</strong></span> <span class='ocrx_word' id='word_1_452' title='bbox 740 5365 909 5419; x_wconf 91' lang='lat' dir='ltr'><strong>neque</strong></span> <span class='ocrx_word' id='word_1_453' title='bbox 938 5351 1059 5406; x_wconf 91' lang='lat' dir='ltr'><strong>dolo</strong></span> <span class='ocrx_word' id='word_1_454' title='bbox 1085 5351 1168 5405; x_wconf 92' lang='lat' dir='ltr'><strong>vel</strong></span> <span class='ocrx_word' id='word_1_455' title='bbox 1192 5351 1527 5406; x_wconf 88' lang='lat' dir='ltr'><strong>simulatione</strong></span> <span class='ocrx_word' id='word_1_456' title='bbox 1565 5366 1697 5421; x_wconf 90' lang='lat' dir='ltr'><strong>opus</strong></span> <span class='ocrx_word' id='word_1_457' title='bbox 1726 5363 1838 5407; x_wconf 87' lang='lat' dir='ltr'><strong>erat</strong></span> <span class='ocrx_word' id='word_1_458' title='bbox 1868 5355 2056 5408; x_wconf 82' lang='lat' dir='ltr'><strong>adver-</strong></span> 
     </span>
    </p>
   </div>
   <div class='ocr_carea' id='block_1_57' title="bbox 490 5441 2056 5512">
    <p class='ocr_par' dir='ltr' id='par_1_57' title="bbox 490 5441 2056 5512">
     <span class='ocr_line' id='line_1_57' title="bbox 490 5441 2056 5512; baseline 0.006 -22"><span class='ocrx_word' id='word_1_459' title='bbox 490 5453 581 5492; x_wconf 89' lang='lat' dir='ltr'><strong>sus</strong></span> <span class='ocrx_word' id='word_1_460' title='bbox 610 5455 728 5492; x_wconf 86' lang='lat' dir='ltr'><strong>eum</strong></span> <span class='ocrx_word' id='word_1_461' title='bbox 749 5481 764 5508; x_wconf 88' lang='lat'><strong>,</strong></span> <span class='ocrx_word' id='word_1_462' title='bbox 797 5441 884 5509; x_wconf 92' lang='lat' dir='ltr'><strong>qui</strong></span> <span class='ocrx_word' id='word_1_463' title='bbox 906 5442 1019 5496; x_wconf 90' lang='lat' dir='ltr'><strong>sine</strong></span> <span class='ocrx_word' id='word_1_464' title='bbox 1043 5441 1168 5496; x_wconf 93' lang='lat' dir='ltr'><strong>dolo</strong></span> <span class='ocrx_word' id='word_1_465' title='bbox 1195 5451 1250 5494; x_wconf 88' lang='lat' dir='ltr'><strong>et</strong></span> <span class='ocrx_word' id='word_1_466' title='bbox 1273 5443 1584 5512; x_wconf 88' lang='lat' dir='ltr'><strong>simpliciter</strong></span> <span class='ocrx_word' id='word_1_467' title='bbox 1607 5443 1781 5498; x_wconf 90' lang='lat' dir='ltr'><strong>omnia</strong></span> <span class='ocrx_word' id='word_1_468' title='bbox 1804 5445 1982 5500; x_wconf 88' lang='lat' dir='ltr'><strong>dicere</strong></span> <span class='ocrx_word' id='word_1_469' title='bbox 2001 5457 2056 5500; x_wconf 91' lang='lat' dir='ltr'><strong>et</strong></span> 
     </span>
    </p>
   </div>
   <div class='ocr_carea' id='block_1_58' title="bbox 493 5529 2052 5601">
    <p class='ocr_par' dir='ltr' id='par_1_58' title="bbox 493 5529 2052 5601">
     <span class='ocr_line' id='line_1_58' title="bbox 493 5529 2052 5601; baseline 0.006 -21"><span class='ocrx_word' id='word_1_470' title='bbox 493 5542 650 5596; x_wconf 89' lang='lat' dir='ltr'><strong>agere</strong></span> <span class='ocrx_word' id='word_1_471' title='bbox 678 5529 813 5597; x_wconf 88' lang='lat' dir='ltr'><strong>apud</strong></span> <span class='ocrx_word' id='word_1_472' title='bbox 833 5540 885 5586; x_wconf 90' lang='lat' dir='ltr'><strong>te</strong></span> <span class='ocrx_word' id='word_1_473' title='bbox 915 5531 1136 5584; x_wconf 75' lang='lat' dir='ltr'><strong>solebat.</strong></span> <span class='ocrx_word' id='word_1_474' title='bbox 1159 5533 1404 5586; x_wconf 87' lang='lat' dir='ltr'><strong>Altamen</strong></span> <span class='ocrx_word' id='word_1_475' title='bbox 1425 5571 1438 5595; x_wconf 86' lang='lat'><strong>,</strong></span> <span class='ocrx_word' id='word_1_476' title='bbox 1463 5542 1519 5586; x_wconf 94' lang='lat' dir='ltr'><strong>ut</strong></span> <span class='ocrx_word' id='word_1_477' title='bbox 1541 5533 1683 5601; x_wconf 80' lang='lat' dir='ltr'><strong>dixi,</strong></span> <span class='ocrx_word' id='word_1_478' title='bbox 1707 5533 1834 5588; x_wconf 86' lang='lat' dir='ltr'><strong>nihil</strong></span> <span class='ocrx_word' id='word_1_479' title='bbox 1871 5551 2052 5590; x_wconf 89' lang='lat' dir='ltr'><strong>eorum</strong></span> 
     </span>
    </p>
   </div>
   <div class='ocr_carea' id='block_1_59' title="bbox 489 5617 2055 5696">
    <p class='ocr_par' dir='ltr' id='par_1_59' title="bbox 489 5617 2055 5696">
     <span class='ocr_line' id='line_1_59' title="bbox 489 5617 2055 5696; baseline 0.007 -26"><span class='ocrx_word' id='word_1_480' title='bbox 489 5617 698 5670; x_wconf 90' lang='lat' dir='ltr'><strong>crimini</strong></span> <span class='ocrx_word' id='word_1_481' title='bbox 719 5618 788 5671; x_wconf 89' lang='lat' dir='ltr'><strong>do</strong></span> <span class='ocrx_word' id='word_1_482' title='bbox 812 5659 826 5683; x_wconf 88' lang='lat'><strong>,</strong></span> <span class='ocrx_word' id='word_1_483' title='bbox 859 5635 1029 5689; x_wconf 90' lang='lat' dir='ltr'><strong>neque</strong></span> <span class='ocrx_word' id='word_1_484' title='bbox 1055 5621 1390 5675; x_wconf 90' lang='lat' dir='ltr'><strong>solitudinem</strong></span> <span class='ocrx_word' id='word_1_485' title='bbox 1419 5624 1682 5692; x_wconf 88' lang='lat' dir='ltr'><strong>exprobro</strong></span> <span class='ocrx_word' id='word_1_486' title='bbox 1701 5665 1716 5688; x_wconf 87' lang='lat'><strong>,</strong></span> <span class='ocrx_word' id='word_1_487' title='bbox 1747 5626 1797 5678; x_wconf 92' lang='lat' dir='ltr'><strong>in</strong></span> <span class='ocrx_word' id='word_1_488' title='bbox 1827 5642 1928 5696; x_wconf 87' lang='lat' dir='ltr'><strong>qua</strong></span> <span class='ocrx_word' id='word_1_489' title='bbox 1959 5641 2055 5681; x_wconf 88' lang='lat' dir='ltr'><strong>nos</strong></span> 
     </span>
    </p>
   </div>
   <div class='ocr_carea' id='block_1_60' title="bbox 490 5707 2048 5786">
    <p class='ocr_par' dir='ltr' id='par_1_60' title="bbox 490 5707 2048 5786">
     <span class='ocr_line' id='line_1_60' title="bbox 490 5707 2048 5786; baseline 0.005 -23"><span class='ocrx_word' id='word_1_490' title='bbox 490 5707 847 5776; x_wconf 87' lang='lat' dir='ltr'><strong>constituisti,</strong></span> <span class='ocrx_word' id='word_1_491' title='bbox 876 5724 996 5766; x_wconf 91' lang='lat' dir='ltr'><strong>cum</strong></span> <span class='ocrx_word' id='word_1_492' title='bbox 1034 5711 1294 5782; x_wconf 87' lang='lat' dir='ltr'><strong>colloquia</strong></span> <span class='ocrx_word' id='word_1_493' title='bbox 1322 5713 1408 5768; x_wconf 88' lang='lat' dir='ltr'><strong>illa</strong></span> <span class='ocrx_word' id='word_1_494' title='bbox 1437 5713 1729 5783; x_wconf 87' lang='lat' dir='ltr'><strong>abstulisti,</strong></span> <span class='ocrx_word' id='word_1_495' title='bbox 1771 5733 1833 5772; x_wconf 87' lang='lat' dir='ltr'><strong>ex</strong></span> <span class='ocrx_word' id='word_1_496' title='bbox 1860 5716 2048 5786; x_wconf 83' lang='lat' dir='ltr'><strong>quibus</strong></span> 
     </span>
    </p>
   </div>
   <div class='ocr_carea' id='block_1_61' title="bbox 1181 339 2991 402">
    <p class='ocr_par' dir='ltr' id='par_1_61' title="bbox 1181 339 2991 402">
     <span class='ocr_line' id='line_1_61' title="bbox 1181 339 2991 402; baseline -0.002 0"><span class='ocrx_word' id='word_1_497' title='bbox 1181 347 1238 402; x_wconf 79' lang='lat'><strong>8.</strong></span> <span class='ocrx_word' id='word_1_498' title='bbox 1279 343 1552 402; x_wconf 76' lang='lat' dir='ltr'><strong>JOANNIS</strong></span> <span class='ocrx_word' id='word_1_499' title='bbox 1586 339 2063 399; x_wconf 77' lang='lat' dir='ltr'><strong>CHRYSOSTOMI</strong></span> <span class='ocrx_word' id='word_1_500' title='bbox 2102 339 2418 398; x_wconf 82' lang='lat' dir='ltr'><strong>ARCIHEP.</strong></span> <span class='ocrx_word' id='word_1_501' title='bbox 2457 341 2991 399; x_wconf 76' lang='lat' dir='ltr'><strong>CONSTANTINOP.</strong></span> 
     </span>
    </p>
   </div>
   <div class='ocr_carea' id='block_1_62' title="bbox 3621 343 3726 400">
    <p class='ocr_par' dir='ltr' id='par_1_62' title="bbox 3621 343 3726 400">
     <span class='ocr_line' id='line_1_62' title="bbox 3621 343 3726 400; baseline 0 -1"><span class='ocrx_word' id='word_1_502' title='bbox 3621 343 3726 400; x_wconf 66' lang='lat'><strong>638</strong></span> 
     </span>
    </p>
   </div>
   <div class='ocr_carea' id='block_1_63' title="bbox 2158 455 3732 530">
    <p class='ocr_par' dir='ltr' id='par_1_63' title="bbox 2158 455 3732 530">
     <span class='ocr_line' id='line_1_63' title="bbox 2158 455 3732 530; baseline 0.002 -21"><span class='ocrx_word' id='word_1_503' title='bbox 2158 464 2212 509; x_wconf 94' lang='lat' dir='ltr'><strong>et</strong></span> <span class='ocrx_word' id='word_1_504' title='bbox 2237 455 2558 525; x_wconf 88' lang='lat' dir='ltr'><strong>voluptatem</strong></span> <span class='ocrx_word' id='word_1_505' title='bbox 2584 466 2639 512; x_wconf 90' lang='lat' dir='ltr'><strong>et</strong></span> <span class='ocrx_word' id='word_1_506' title='bbox 2658 458 2936 512; x_wconf 90' lang='lat' dir='ltr'><strong>utilitatem</strong></span> <span class='ocrx_word' id='word_1_507' title='bbox 2965 472 3068 512; x_wconf 94' lang='lat' dir='ltr'><strong>non</strong></span> <span class='ocrx_word' id='word_1_508' title='bbox 3090 457 3360 512; x_wconf 84' lang='lat' dir='ltr'><strong>minimam</strong></span> <span class='ocrx_word' id='word_1_509' title='bbox 3383 470 3522 527; x_wconf 64' lang='lat' dir='ltr'><strong>saepe</strong></span> <span class='ocrx_word' id='word_1_510' title='bbox 3543 472 3732 530; x_wconf 81' lang='lat' dir='ltr'><strong>carpe-</strong></span> 
     </span>
    </p>
   </div>
   <div class='ocr_carea' id='block_1_64' title="bbox 2160 545 3728 615">
    <p class='ocr_par' dir='ltr' id='par_1_64' title="bbox 2160 545 3728 615">
     <span class='ocr_line' id='line_1_64' title="bbox 2160 545 3728 615; baseline 0.003 -16"><span class='ocrx_word' id='word_1_511' title='bbox 2160 545 2368 601; x_wconf 90' lang='lat' dir='ltr'><strong>bamus.</strong></span> <span class='ocrx_word' id='word_1_512' title='bbox 2403 547 2598 601; x_wconf 78' lang='lat' dir='ltr'><strong>Verum</strong></span> <span class='ocrx_word' id='word_1_513' title='bbox 2631 547 2745 602; x_wconf 76' lang='lat' dir='ltr'><strong>hmc</strong></span> <span class='ocrx_word' id='word_1_514' title='bbox 2768 549 2945 602; x_wconf 90' lang='lat' dir='ltr'><strong>omnia</strong></span> <span class='ocrx_word' id='word_1_515' title='bbox 2961 549 3114 603; x_wconf 93' lang='lat' dir='ltr'><strong>mitto</strong></span> <span class='ocrx_word' id='word_1_516' title='bbox 3133 589 3148 615; x_wconf 96' lang='lat'><strong>,</strong></span> <span class='ocrx_word' id='word_1_517' title='bbox 3177 547 3292 603; x_wconf 74' lang='lat' dir='ltr'><strong>hare</strong></span> <span class='ocrx_word' id='word_1_518' title='bbox 3321 549 3474 602; x_wconf 88' lang='lat' dir='ltr'><strong>tacite</strong></span> <span class='ocrx_word' id='word_1_519' title='bbox 3497 558 3550 603; x_wconf 90' lang='lat' dir='ltr'><strong>et</strong></span> <span class='ocrx_word' id='word_1_520' title='bbox 3575 564 3728 603; x_wconf 88' lang='lat' dir='ltr'><strong>man-</strong></span> 
     </span>
    </p>
   </div>
   <div class='ocr_carea' id='block_1_65' title="bbox 2158 638 3726 710">
    <p class='ocr_par' dir='ltr' id='par_1_65' title="bbox 2158 638 3726 710">
     <span class='ocr_line' id='line_1_65' title="bbox 2158 638 3726 710; baseline 0.001 -19"><span class='ocrx_word' id='word_1_521' title='bbox 2158 646 2310 692; x_wconf 89' lang='lat' dir='ltr'><strong>suete</strong></span> <span class='ocrx_word' id='word_1_522' title='bbox 2339 638 2452 693; x_wconf 89' lang='lat' dir='ltr'><strong>fero</strong></span> <span class='ocrx_word' id='word_1_523' title='bbox 2483 656 2498 693; x_wconf 88' lang='lat'><strong>:</strong></span> <span class='ocrx_word' id='word_1_524' title='bbox 2525 655 2629 693; x_wconf 93' lang='lat' dir='ltr'><strong>non</strong></span> <span class='ocrx_word' id='word_1_525' title='bbox 2651 640 2793 710; x_wconf 91' lang='lat' dir='ltr'><strong>quod</strong></span> <span class='ocrx_word' id='word_1_526' title='bbox 2819 649 2874 694; x_wconf 96' lang='lat' dir='ltr'><strong>tu</strong></span> <span class='ocrx_word' id='word_1_527' title='bbox 2899 650 3174 694; x_wconf 90' lang='lat' dir='ltr'><strong>mansuete</strong></span> <span class='ocrx_word' id='word_1_528' title='bbox 3201 640 3253 693; x_wconf 94' lang='lat' dir='ltr'><strong>in</strong></span> <span class='ocrx_word' id='word_1_529' title='bbox 3285 655 3381 693; x_wconf 85' lang='lat' dir='ltr'><strong>nos</strong></span> <span class='ocrx_word' id='word_1_530' title='bbox 3406 639 3726 710; x_wconf 90' lang='lat' dir='ltr'><strong>deliqueris,</strong></span> 
     </span>
    </p>
   </div>
   <div class='ocr_carea' id='block_1_66' title="bbox 2157 728 3726 801">
    <p class='ocr_par' dir='ltr' id='par_1_66' title="bbox 2157 728 3726 801">
     <span class='ocr_line' id='line_1_66' title="bbox 2157 728 3726 801; baseline 0.001 -17"><span class='ocrx_word' id='word_1_531' title='bbox 2157 728 2251 784; x_wconf 83' lang='lat' dir='ltr'><strong>sed</strong></span> <span class='ocrx_word' id='word_1_532' title='bbox 2275 729 2416 798; x_wconf 91' lang='lat' dir='ltr'><strong>quod</strong></span> <span class='ocrx_word' id='word_1_533' title='bbox 2459 745 2575 783; x_wconf 90' lang='lat' dir='ltr'><strong>eam</strong></span> <span class='ocrx_word' id='word_1_534' title='bbox 2603 731 2734 785; x_wconf 91' lang='lat' dir='ltr'><strong>mihi</strong></span> <span class='ocrx_word' id='word_1_535' title='bbox 2763 731 2932 801; x_wconf 81' lang='lat' dir='ltr'><strong>legem</strong></span> <span class='ocrx_word' id='word_1_536' title='bbox 2959 731 3370 801; x_wconf 72' lang='lat' dir='ltr'><strong>prmscripserim</strong></span> <span class='ocrx_word' id='word_1_537' title='bbox 3399 730 3466 785; x_wconf 91' lang='lat' dir='ltr'><strong>ab</strong></span> <span class='ocrx_word' id='word_1_538' title='bbox 3495 732 3578 784; x_wconf 89' lang='lat' dir='ltr'><strong>illa</strong></span> <span class='ocrx_word' id='word_1_539' title='bbox 3606 733 3690 786; x_wconf 91' lang='lat' dir='ltr'><strong>die</strong></span> <span class='ocrx_word' id='word_1_540' title='bbox 3711 774 3726 798; x_wconf 90' lang='lat'><strong>,</strong></span> 
     </span>
    </p>
   </div>
   <div class='ocr_carea' id='block_1_67' title="bbox 2159 820 3727 892">
    <p class='ocr_par' dir='ltr' id='par_1_67' title="bbox 2159 820 3727 892">
     <span class='ocr_line' id='line_1_67' title="bbox 2159 820 3727 892; baseline 0.001 -19"><span class='ocrx_word' id='word_1_541' title='bbox 2159 835 2260 888; x_wconf 89' lang='lat' dir='ltr'><strong>qua</strong></span> <span class='ocrx_word' id='word_1_542' title='bbox 2289 820 2572 874; x_wconf 89' lang='lat' dir='ltr'><strong>amicitiam</strong></span> <span class='ocrx_word' id='word_1_543' title='bbox 2604 822 2696 876; x_wconf 89' lang='lat' dir='ltr'><strong>inii</strong></span> <span class='ocrx_word' id='word_1_544' title='bbox 2725 831 2865 876; x_wconf 91' lang='lat' dir='ltr'><strong>tuam</strong></span> <span class='ocrx_word' id='word_1_545' title='bbox 2885 863 2900 888; x_wconf 97' lang='lat'><strong>,</strong></span> <span class='ocrx_word' id='word_1_546' title='bbox 2923 831 2981 876; x_wconf 93' lang='lat' dir='ltr'><strong>ut</strong></span> <span class='ocrx_word' id='word_1_547' title='bbox 3004 822 3243 892; x_wconf 82' lang='lat' dir='ltr'><strong>quamvis</strong></span> <span class='ocrx_word' id='word_1_548' title='bbox 3277 821 3404 875; x_wconf 90' lang='lat' dir='ltr'><strong>mihi</strong></span> <span class='ocrx_word' id='word_1_549' title='bbox 3433 820 3727 876; x_wconf 89' lang='lat' dir='ltr'><strong>molestiam</strong></span> 
     </span>
    </p>
   </div>
   <div class='ocr_carea' id='block_1_68' title="bbox 2158 910 3727 983">
    <p class='ocr_par' dir='ltr' id='par_1_68' title="bbox 2158 910 3727 983">
     <span class='ocr_line' id='line_1_68' title="bbox 2158 910 3727 983; baseline 0.002 -20"><span class='ocrx_word' id='word_1_550' title='bbox 2158 910 2375 966; x_wconf 88' lang='lat' dir='ltr'><strong>afferres</strong></span> <span class='ocrx_word' id='word_1_551' title='bbox 2393 952 2409 976; x_wconf 92' lang='lat'><strong>,</strong></span> <span class='ocrx_word' id='word_1_552' title='bbox 2439 912 2637 965; x_wconf 90' lang='lat' dir='ltr'><strong>nullam</strong></span> <span class='ocrx_word' id='word_1_553' title='bbox 2665 913 2760 967; x_wconf 89' lang='lat' dir='ltr'><strong>abs</strong></span> <span class='ocrx_word' id='word_1_554' title='bbox 2788 921 2839 968; x_wconf 90' lang='lat' dir='ltr'><strong>te</strong></span> <span class='ocrx_word' id='word_1_555' title='bbox 2870 914 3163 983; x_wconf 87' lang='lat' dir='ltr'><strong>apologiam</strong></span> <span class='ocrx_word' id='word_1_556' title='bbox 3194 913 3480 982; x_wconf 83' lang='lat' dir='ltr'><strong>exigerem.</strong></span> <span class='ocrx_word' id='word_1_557' title='bbox 3517 913 3727 967; x_wconf 89' lang='lat' dir='ltr'><strong>Etenim</strong></span> 
     </span>
    </p>
   </div>
   <div class='ocr_carea' id='block_1_69' title="bbox 2159 1000 3732 1072">
    <p class='ocr_par' dir='ltr' id='par_1_69' title="bbox 2159 1000 3732 1072">
     <span class='ocr_line' id='line_1_69' title="bbox 2159 1000 3732 1072; baseline 0.002 -18"><span class='ocrx_word' id='word_1_558' title='bbox 2159 1000 2300 1070; x_wconf 91' lang='lat' dir='ltr'><strong>quod</strong></span> <span class='ocrx_word' id='word_1_559' title='bbox 2327 1015 2431 1055; x_wconf 94' lang='lat' dir='ltr'><strong>non</strong></span> <span class='ocrx_word' id='word_1_560' title='bbox 2459 1002 2723 1057; x_wconf 90' lang='lat' dir='ltr'><strong>mediocre</strong></span> <span class='ocrx_word' id='word_1_561' title='bbox 2752 1003 2881 1057; x_wconf 91' lang='lat' dir='ltr'><strong>mihi</strong></span> <span class='ocrx_word' id='word_1_562' title='bbox 2909 1003 3159 1058; x_wconf 88' lang='lat' dir='ltr'><strong>damnum</strong></span> <span class='ocrx_word' id='word_1_563' title='bbox 3189 1004 3465 1070; x_wconf 89' lang='lat' dir='ltr'><strong>intuleris,</strong></span> <span class='ocrx_word' id='word_1_564' title='bbox 3495 1004 3607 1072; x_wconf 85' lang='lat' dir='ltr'><strong>ipse</strong></span> <span class='ocrx_word' id='word_1_565' title='bbox 3633 1019 3732 1057; x_wconf 87' lang='lat' dir='ltr'><strong>no-</strong></span> 
     </span>
    </p>
   </div>
   <div class='ocr_carea' id='block_1_70' title="bbox 2160 1093 3731 1163">
    <p class='ocr_par' dir='ltr' id='par_1_70' title="bbox 2160 1093 3731 1163">
     <span class='ocr_line' id='line_1_70' title="bbox 2160 1093 3731 1163; baseline 0.001 -16"><span class='ocrx_word' id='word_1_566' title='bbox 2160 1093 2262 1159; x_wconf 81' lang='lat' dir='ltr'><strong>sti,</strong></span> <span class='ocrx_word' id='word_1_567' title='bbox 2295 1094 2339 1148; x_wconf 88' lang='lat' dir='ltr'><strong>si</strong></span> <span class='ocrx_word' id='word_1_568' title='bbox 2370 1094 2528 1147; x_wconf 90' lang='lat' dir='ltr'><strong>modo</strong></span> <span class='ocrx_word' id='word_1_569' title='bbox 2557 1095 2861 1150; x_wconf 85' lang='lat' dir='ltr'><strong>meminisse</strong></span> <span class='ocrx_word' id='word_1_570' title='bbox 2887 1096 3020 1149; x_wconf 87' lang='lat' dir='ltr'><strong>velis</strong></span> <span class='ocrx_word' id='word_1_571' title='bbox 3059 1110 3363 1150; x_wconf 91' lang='lat' dir='ltr'><strong>sermonum</strong></span> <span class='ocrx_word' id='word_1_572' title='bbox 3389 1135 3404 1161; x_wconf 91' lang='lat'><strong>,</strong></span> <span class='ocrx_word' id='word_1_573' title='bbox 3436 1103 3548 1149; x_wconf 92' lang='lat' dir='ltr'><strong>tum</strong></span> <span class='ocrx_word' id='word_1_574' title='bbox 3596 1108 3731 1163; x_wconf 90' lang='lat' dir='ltr'><strong>quos</strong></span> 
     </span>
    </p>
   </div>
   <div class='ocr_carea' id='block_1_71' title="bbox 2160 1183 3732 1255">
    <p class='ocr_par' dir='ltr' id='par_1_71' title="bbox 2160 1183 3732 1255">
     <span class='ocr_line' id='line_1_71' title="bbox 2160 1183 3732 1255; baseline 0.002 -18"><span class='ocrx_word' id='word_1_575' title='bbox 2160 1184 2326 1237; x_wconf 89' lang='lat' dir='ltr'><strong>exteri</strong></span> <span class='ocrx_word' id='word_1_576' title='bbox 2355 1183 2423 1239; x_wconf 89' lang='lat' dir='ltr'><strong>de</strong></span> <span class='ocrx_word' id='word_1_577' title='bbox 2457 1184 2607 1238; x_wconf 87' lang='lat' dir='ltr'><strong>nobis</strong></span> <span class='ocrx_word' id='word_1_578' title='bbox 2627 1225 2642 1248; x_wconf 92' lang='lat'><strong>,</strong></span> <span class='ocrx_word' id='word_1_579' title='bbox 2671 1193 2786 1239; x_wconf 91' lang='lat' dir='ltr'><strong>tum</strong></span> <span class='ocrx_word' id='word_1_580' title='bbox 2813 1199 2946 1255; x_wconf 88' lang='lat' dir='ltr'><strong>quos</strong></span> <span class='ocrx_word' id='word_1_581' title='bbox 2974 1200 3070 1240; x_wconf 90' lang='lat' dir='ltr'><strong>nos</strong></span> <span class='ocrx_word' id='word_1_582' title='bbox 3096 1185 3162 1240; x_wconf 92' lang='lat' dir='ltr'><strong>de</strong></span> <span class='ocrx_word' id='word_1_583' title='bbox 3190 1186 3342 1240; x_wconf 90' lang='lat' dir='ltr'><strong>nobis</strong></span> <span class='ocrx_word' id='word_1_584' title='bbox 3384 1186 3514 1254; x_wconf 88' lang='lat' dir='ltr'><strong>ipsis</strong></span> <span class='ocrx_word' id='word_1_585' title='bbox 3543 1200 3732 1254; x_wconf 86' lang='lat' dir='ltr'><strong>perpe-</strong></span> 
     </span>
    </p>
   </div>
   <div class='ocr_carea' id='block_1_72' title="bbox 2163 1273 3734 1344">
    <p class='ocr_par' dir='ltr' id='par_1_72' title="bbox 2163 1273 3734 1344">
     <span class='ocr_line' id='line_1_72' title="bbox 2163 1273 3734 1344; baseline 0.001 -18"><span class='ocrx_word' id='word_1_586' title='bbox 2163 1281 2252 1326; x_wconf 89' lang='lat' dir='ltr'><strong>tuo</strong></span> <span class='ocrx_word' id='word_1_587' title='bbox 2280 1273 2581 1328; x_wconf 89' lang='lat' dir='ltr'><strong>habuimus.</strong></span> <span class='ocrx_word' id='word_1_588' title='bbox 2596 1275 2659 1329; x_wconf 86' lang='lat' dir='ltr'><strong>Hi</strong></span> <span class='ocrx_word' id='word_1_589' title='bbox 2681 1289 2840 1344; x_wconf 90' lang='lat' dir='ltr'><strong>porro</strong></span> <span class='ocrx_word' id='word_1_590' title='bbox 2865 1289 3140 1330; x_wconf 90' lang='lat' dir='ltr'><strong>sermones</strong></span> <span class='ocrx_word' id='word_1_591' title='bbox 3158 1283 3310 1330; x_wconf 90' lang='lat' dir='ltr'><strong>erant</strong></span> <span class='ocrx_word' id='word_1_592' title='bbox 3328 1316 3343 1340; x_wconf 93' lang='lat'><strong>,</strong></span> <span class='ocrx_word' id='word_1_593' title='bbox 3366 1291 3614 1344; x_wconf 90' lang='lat' dir='ltr'><strong>magnum</strong></span> <span class='ocrx_word' id='word_1_594' title='bbox 3635 1290 3734 1329; x_wconf 87' lang='lat' dir='ltr'><strong>no-</strong></span> 
     </span>
    </p>
   </div>
   <div class='ocr_carea' id='block_1_73' title="bbox 2161 1347 3733 1437">
    <p class='ocr_par' dir='ltr' id='par_1_73' title="bbox 2161 1347 3733 1437">
     <span class='ocr_line' id='line_1_73' title="bbox 2161 1347 3733 1437; baseline 0.001 -19"><span class='ocrx_word' id='word_1_595' title='bbox 2161 1363 2243 1418; x_wconf 87' lang='lat' dir='ltr'><strong>bis</strong></span> <span class='ocrx_word' id='word_1_596' title='bbox 2270 1364 2382 1420; x_wconf 88' lang='lat' dir='ltr'><strong>fore</strong></span> <span class='ocrx_word' id='word_1_597' title='bbox 2405 1365 2608 1421; x_wconf 89' lang='lat' dir='ltr'><strong>lucrum</strong></span> <span class='ocrx_word' id='word_1_598' title='bbox 2629 1382 2694 1421; x_wconf 89' lang='lat' dir='ltr'><strong>ex</strong></span> <span class='ocrx_word' id='word_1_599' title='bbox 2723 1347 3001 1421; x_wconf 80' lang='lat' dir='ltr'><strong>concordia</strong></span> <span class='ocrx_word' id='word_1_600' title='bbox 3020 1409 3034 1434; x_wconf 91' lang='lat'><strong>,</strong></span> <span class='ocrx_word' id='word_1_601' title='bbox 3060 1367 3472 1437; x_wconf 86' lang='lat' dir='ltr'><strong>praesidiumque</strong></span> <span class='ocrx_word' id='word_1_602' title='bbox 3500 1383 3563 1422; x_wconf 91' lang='lat' dir='ltr'><strong>ex</strong></span> <span class='ocrx_word' id='word_1_603' title='bbox 3593 1367 3733 1421; x_wconf 80' lang='lat' dir='ltr'><strong>tuni-</strong></span> 
     </span>
    </p>
   </div>
   <div class='ocr_carea' id='block_1_74' title="bbox 2160 1453 3735 1526">
    <p class='ocr_par' dir='ltr' id='par_1_74' title="bbox 2160 1453 3735 1526">
     <span class='ocr_line' id='line_1_74' title="bbox 2160 1453 3735 1526; baseline 0.003 -18"><span class='ocrx_word' id='word_1_604' title='bbox 2160 1453 2282 1508; x_wconf 91' lang='lat' dir='ltr'><strong>citia</strong></span> <span class='ocrx_word' id='word_1_605' title='bbox 2308 1463 2508 1510; x_wconf 89' lang='lat' dir='ltr'><strong>mutua.</strong></span> <span class='ocrx_word' id='word_1_606' title='bbox 2538 1456 2746 1526; x_wconf 83' lang='lat' dir='ltr'><strong>Aliique</strong></span> <span class='ocrx_word' id='word_1_607' title='bbox 2768 1471 2954 1510; x_wconf 87' lang='lat' dir='ltr'><strong>omnes</strong></span> <span class='ocrx_word' id='word_1_608' title='bbox 2972 1456 3238 1524; x_wconf 90' lang='lat' dir='ltr'><strong>dicebant,</strong></span> <span class='ocrx_word' id='word_1_609' title='bbox 3265 1458 3382 1512; x_wconf 90' lang='lat' dir='ltr'><strong>aliis</strong></span> <span class='ocrx_word' id='word_1_610' title='bbox 3409 1459 3564 1511; x_wconf 91' lang='lat' dir='ltr'><strong>etiam</strong></span> <span class='ocrx_word' id='word_1_611' title='bbox 3595 1459 3735 1512; x_wconf 82' lang='lat' dir='ltr'><strong>bene</strong></span> 
     </span>
    </p>
   </div>
   <div class='ocr_carea' id='block_1_75' title="bbox 2161 1545 3731 1604">
    <p class='ocr_par' dir='ltr' id='par_1_75' title="bbox 2161 1545 3731 1604">
     <span class='ocr_line' id='line_1_75' title="bbox 2161 1545 3731 1604; baseline 0.004 -6"><span class='ocrx_word' id='word_1_612' title='bbox 2161 1545 2340 1600; x_wconf 88' lang='lat' dir='ltr'><strong>multis</strong></span> <span class='ocrx_word' id='word_1_613' title='bbox 2367 1561 2471 1600; x_wconf 91' lang='lat' dir='ltr'><strong>non</strong></span> <span class='ocrx_word' id='word_1_614' title='bbox 2497 1546 2719 1602; x_wconf 69' lang='lat' dir='ltr'><strong>modicae</strong></span> <span class='ocrx_word' id='word_1_615' title='bbox 2735 1547 2942 1601; x_wconf 89' lang='lat' dir='ltr'><strong>utilitati</strong></span> <span class='ocrx_word' id='word_1_616' title='bbox 2969 1547 3079 1603; x_wconf 89' lang='lat' dir='ltr'><strong>fore</strong></span> <span class='ocrx_word' id='word_1_617' title='bbox 3103 1547 3440 1602; x_wconf 88' lang='lat' dir='ltr'><strong>concordiam</strong></span> <span class='ocrx_word' id='word_1_618' title='bbox 3457 1557 3731 1604; x_wconf 88' lang='lat' dir='ltr'><strong>nostram:</strong></span> 
     </span>
    </p>
   </div>
   <div class='ocr_carea' id='block_1_76' title="bbox 2161 1638 3730 1710">
    <p class='ocr_par' dir='ltr' id='par_1_76' title="bbox 2161 1638 3730 1710">
     <span class='ocr_line' id='line_1_76' title="bbox 2161 1638 3730 1710; baseline 0.001 -18"><span class='ocrx_word' id='word_1_619' title='bbox 2161 1652 2259 1707; x_wconf 89' lang='lat' dir='ltr'><strong>ego</strong></span> <span class='ocrx_word' id='word_1_620' title='bbox 2281 1652 2409 1692; x_wconf 90' lang='lat' dir='ltr'><strong>vero</strong></span> <span class='ocrx_word' id='word_1_621' title='bbox 2429 1679 2445 1701; x_wconf 93' lang='lat'><strong>,</strong></span> <span class='ocrx_word' id='word_1_622' title='bbox 2477 1638 2617 1708; x_wconf 89' lang='lat' dir='ltr'><strong>quod</strong></span> <span class='ocrx_word' id='word_1_623' title='bbox 2645 1639 2711 1694; x_wconf 90' lang='lat' dir='ltr'><strong>ad</strong></span> <span class='ocrx_word' id='word_1_624' title='bbox 2759 1654 2843 1694; x_wconf 92' lang='lat' dir='ltr'><strong>me</strong></span> <span class='ocrx_word' id='word_1_625' title='bbox 2871 1639 3089 1704; x_wconf 88' lang='lat' dir='ltr'><strong>attinet,</strong></span> <span class='ocrx_word' id='word_1_626' title='bbox 3132 1654 3420 1710; x_wconf 90' lang='lat' dir='ltr'><strong>numquam</strong></span> <span class='ocrx_word' id='word_1_627' title='bbox 3451 1640 3730 1694; x_wconf 90' lang='lat' dir='ltr'><strong>utilitatem</strong></span> 
     </span>
    </p>
   </div>
   <div class='ocr_carea' id='block_1_77' title="bbox 2161 1727 3730 1798">
    <p class='ocr_par' dir='ltr' id='par_1_77' title="bbox 2161 1727 3730 1798">
     <span class='ocr_line' id='line_1_77' title="bbox 2161 1727 3730 1798; baseline 0.002 -19"><span class='ocrx_word' id='word_1_628' title='bbox 2161 1727 2386 1796; x_wconf 90' lang='lat' dir='ltr'><strong>cuipiam</strong></span> <span class='ocrx_word' id='word_1_629' title='bbox 2412 1741 2569 1796; x_wconf 91' lang='lat' dir='ltr'><strong>posse</strong></span> <span class='ocrx_word' id='word_1_630' title='bbox 2594 1743 2682 1782; x_wconf 92' lang='lat' dir='ltr'><strong>me</strong></span> <span class='ocrx_word' id='word_1_631' title='bbox 2705 1736 2956 1798; x_wconf 61' lang='lat' dir='ltr'><strong>praestare</strong></span> <span class='ocrx_word' id='word_1_632' title='bbox 2988 1730 3202 1798; x_wconf 84' lang='lat' dir='ltr'><strong>putavi;</strong></span> <span class='ocrx_word' id='word_1_633' title='bbox 3230 1730 3467 1786; x_wconf 91' lang='lat' dir='ltr'><strong>dicebam</strong></span> <span class='ocrx_word' id='word_1_634' title='bbox 3513 1739 3687 1785; x_wconf 90' lang='lat' dir='ltr'><strong>tamen</strong></span> <span class='ocrx_word' id='word_1_635' title='bbox 3711 1771 3730 1798; x_wconf 90' lang='lat'><strong>,</strong></span> 
     </span>
    </p>
   </div>
   <div class='ocr_carea' id='block_1_78' title="bbox 2163 1814 3731 1889">
    <p class='ocr_par' dir='ltr' id='par_1_78' title="bbox 2163 1814 3731 1889">
     <span class='ocr_line' id='line_1_78' title="bbox 2163 1814 3731 1889; baseline 0.004 -21"><span class='ocrx_word' id='word_1_636' title='bbox 2163 1814 2265 1869; x_wconf 90' lang='lat' dir='ltr'><strong>hoc</strong></span> <span class='ocrx_word' id='word_1_637' title='bbox 2293 1815 2482 1870; x_wconf 88' lang='lat' dir='ltr'><strong>saltem</strong></span> <span class='ocrx_word' id='word_1_638' title='bbox 2513 1832 2611 1871; x_wconf 92' lang='lat' dir='ltr'><strong>nos</strong></span> <span class='ocrx_word' id='word_1_639' title='bbox 2639 1817 2842 1873; x_wconf 91' lang='lat' dir='ltr'><strong>lucrum</strong></span> <span class='ocrx_word' id='word_1_640' title='bbox 2879 1834 2984 1873; x_wconf 90' lang='lat' dir='ltr'><strong>non</strong></span> <span class='ocrx_word' id='word_1_641' title='bbox 3011 1835 3234 1889; x_wconf 88' lang='lat' dir='ltr'><strong>parvum</strong></span> <span class='ocrx_word' id='word_1_642' title='bbox 3266 1837 3331 1875; x_wconf 91' lang='lat' dir='ltr'><strong>ex</strong></span> <span class='ocrx_word' id='word_1_643' title='bbox 3375 1822 3602 1875; x_wconf 91' lang='lat' dir='ltr'><strong>amicitia</strong></span> <span class='ocrx_word' id='word_1_644' title='bbox 3631 1821 3731 1875; x_wconf 84' lang='lat' dir='ltr'><strong>de-</strong></span> 
     </span>
    </p>
   </div>
   <div class='ocr_carea' id='block_1_79' title="bbox 2161 1909 3731 1981">
    <p class='ocr_par' dir='ltr' id='par_1_79' title="bbox 2161 1909 3731 1981">
     <span class='ocr_line' id='line_1_79' title="bbox 2161 1909 3731 1981; baseline 0.003 -20"><span class='ocrx_word' id='word_1_645' title='bbox 2161 1915 2437 1974; x_wconf 89' lang='lat' dir='ltr'><strong>cerpturos</strong></span> <span class='ocrx_word' id='word_1_646' title='bbox 2466 1922 2586 1962; x_wconf 90' lang='lat' dir='ltr'><strong>esse</strong></span> <span class='ocrx_word' id='word_1_647' title='bbox 2604 1949 2619 1976; x_wconf 93' lang='lat'><strong>,</strong></span> <span class='ocrx_word' id='word_1_648' title='bbox 2653 1909 2794 1978; x_wconf 91' lang='lat' dir='ltr'><strong>quod</strong></span> <span class='ocrx_word' id='word_1_649' title='bbox 2821 1909 2884 1963; x_wconf 92' lang='lat' dir='ltr'><strong>iis</strong></span> <span class='ocrx_word' id='word_1_650' title='bbox 2908 1911 2995 1980; x_wconf 89' lang='lat' dir='ltr'><strong>qui</strong></span> <span class='ocrx_word' id='word_1_651' title='bbox 3037 1926 3133 1965; x_wconf 90' lang='lat' dir='ltr'><strong>nos</strong></span> <span class='ocrx_word' id='word_1_652' title='bbox 3163 1927 3468 1981; x_wconf 86' lang='lat' dir='ltr'><strong>oppugnare</strong></span> <span class='ocrx_word' id='word_1_653' title='bbox 3495 1913 3731 1977; x_wconf 89' lang='lat' dir='ltr'><strong>vellent,</strong></span> 
     </span>
    </p>
   </div>
   <div class='ocr_carea' id='block_1_80' title="bbox 2165 1995 3732 2066">
    <p class='ocr_par' dir='ltr' id='par_1_80' title="bbox 2165 1995 3732 2066">
     <span class='ocr_line' id='line_1_80' title="bbox 2165 1995 3732 2066; baseline 0.004 -16"><span class='ocrx_word' id='word_1_654' title='bbox 2165 1995 2598 2066; x_wconf 88' lang='lat' dir='ltr'><strong>inexpugnabiles</strong></span> <span class='ocrx_word' id='word_1_655' title='bbox 2629 1996 2789 2052; x_wconf 88' lang='lat' dir='ltr'><strong>futuri</strong></span> <span class='ocrx_word' id='word_1_656' title='bbox 2819 2014 3079 2055; x_wconf 91' lang='lat' dir='ltr'><strong>essemus.</strong></span> <span class='ocrx_word' id='word_1_657' title='bbox 3128 2001 3254 2055; x_wconf 71' lang='lat' dir='ltr'><strong>Haec</strong></span> <span class='ocrx_word' id='word_1_658' title='bbox 3284 2001 3375 2055; x_wconf 91' lang='lat' dir='ltr'><strong>tibi</strong></span> <span class='ocrx_word' id='word_1_659' title='bbox 3419 2002 3471 2055; x_wconf 93' lang='lat' dir='ltr'><strong>in</strong></span> <span class='ocrx_word' id='word_1_660' title='bbox 3499 2012 3732 2057; x_wconf 91' lang='lat' dir='ltr'><strong>mentem</strong></span> 
     </span>
    </p>
   </div>
   <div class='ocr_carea' id='block_1_81' title="bbox 2162 2091 3728 2163">
    <p class='ocr_par' dir='ltr' id='par_1_81' title="bbox 2162 2091 3728 2163">
     <span class='ocr_line' id='line_1_81' title="bbox 2162 2091 3728 2163; baseline 0.005 -23"><span class='ocrx_word' id='word_1_661' title='bbox 2162 2101 2415 2142; x_wconf 88' lang='lat' dir='ltr'><strong>revocare</strong></span> <span class='ocrx_word' id='word_1_662' title='bbox 2453 2104 2738 2158; x_wconf 88' lang='lat' dir='ltr'><strong>numquam</strong></span> <span class='ocrx_word' id='word_1_663' title='bbox 2774 2091 3044 2146; x_wconf 88' lang='lat' dir='ltr'><strong>cessabam</strong></span> <span class='ocrx_word' id='word_1_664' title='bbox 3077 2109 3092 2146; x_wconf 89' lang='lat'><strong>:</strong></span> <span class='ocrx_word' id='word_1_665' title='bbox 3122 2092 3345 2146; x_wconf 80' lang='lat' dir='ltr'><strong>Difficile</strong></span> <span class='ocrx_word' id='word_1_666' title='bbox 3373 2101 3456 2146; x_wconf 93' lang='lat' dir='ltr'><strong>est</strong></span> <span class='ocrx_word' id='word_1_667' title='bbox 3486 2102 3728 2163; x_wconf 89' lang='lat' dir='ltr'><strong>tempus,</strong></span> 
     </span>
    </p>
   </div>
   <div class='ocr_carea' id='block_1_82' title="bbox 2163 2176 3728 2249">
    <p class='ocr_par' dir='ltr' id='par_1_82' title="bbox 2163 2176 3728 2249">
     <span class='ocr_line' id='line_1_82' title="bbox 2163 2176 3728 2249; baseline 0.004 -19"><span class='ocrx_word' id='word_1_668' title='bbox 2163 2176 2501 2232; x_wconf 88' lang='lat' dir='ltr'><strong>insidiatores</strong></span> <span class='ocrx_word' id='word_1_669' title='bbox 2531 2179 2717 2245; x_wconf 92' lang='lat' dir='ltr'><strong>multi,</strong></span> <span class='ocrx_word' id='word_1_670' title='bbox 2754 2195 3003 2249; x_wconf 88' lang='lat' dir='ltr'><strong>germana</strong></span> <span class='ocrx_word' id='word_1_671' title='bbox 3037 2182 3232 2236; x_wconf 90' lang='lat' dir='ltr'><strong>caritas</strong></span> <span class='ocrx_word' id='word_1_672' title='bbox 3261 2184 3548 2248; x_wconf 87' lang='lat' dir='ltr'><strong>exstincta,</strong></span> <span class='ocrx_word' id='word_1_673' title='bbox 3588 2184 3728 2236; x_wconf 84' lang='lat' dir='ltr'><strong>invi-</strong></span> 
     </span>
    </p>
   </div>
   <div class='ocr_carea' id='block_1_83' title="bbox 2164 2264 3728 2341">
    <p class='ocr_par' dir='ltr' id='par_1_83' title="bbox 2164 2264 3728 2341">
     <span class='ocr_line' id='line_1_83' title="bbox 2164 2264 3728 2341; baseline 0.005 -23"><span class='ocrx_word' id='word_1_674' title='bbox 2164 2264 2265 2319; x_wconf 73' lang='lat' dir='ltr'><strong>dia:</strong></span> <span class='ocrx_word' id='word_1_675' title='bbox 2285 2266 2548 2335; x_wconf 90' lang='lat' dir='ltr'><strong>pernicies</strong></span> <span class='ocrx_word' id='word_1_676' title='bbox 2569 2267 2686 2336; x_wconf 92' lang='lat' dir='ltr'><strong>ejus</strong></span> <span class='ocrx_word' id='word_1_677' title='bbox 2714 2269 2887 2322; x_wconf 90' lang='lat' dir='ltr'><strong>locum</strong></span> <span class='ocrx_word' id='word_1_678' title='bbox 2914 2269 3109 2335; x_wconf 89' lang='lat' dir='ltr'><strong>subiit,</strong></span> <span class='ocrx_word' id='word_1_679' title='bbox 3137 2270 3190 2325; x_wconf 91' lang='lat' dir='ltr'><strong>in</strong></span> <span class='ocrx_word' id='word_1_680' title='bbox 3217 2272 3392 2326; x_wconf 89' lang='lat' dir='ltr'><strong>medio</strong></span> <span class='ocrx_word' id='word_1_681' title='bbox 3417 2272 3728 2341; x_wconf 90' lang='lat' dir='ltr'><strong>laqueorum</strong></span> 
     </span>
    </p>
   </div>
   <div class='ocr_carea' id='block_1_84' title="bbox 2164 2356 3734 2427">
    <p class='ocr_par' dir='ltr' id='par_1_84' title="bbox 2164 2356 3734 2427">
     <span class='ocr_line' id='line_1_84' title="bbox 2164 2356 3734 2427; baseline 0.008 -20"><span class='ocrx_word' id='word_1_682' title='bbox 2164 2356 2560 2426; x_wconf 85' lang='lat' dir='ltr'><strong>progredimur,</strong></span> <span class='ocrx_word' id='word_1_683' title='bbox 2610 2361 2665 2412; x_wconf 90' lang='lat' dir='ltr'><strong>in</strong></span> <span class='ocrx_word' id='word_1_684' title='bbox 2728 2359 2902 2427; x_wconf 86' lang='lat' dir='ltr'><strong>pinnis</strong></span> <span class='ocrx_word' id='word_1_685' title='bbox 2955 2361 3161 2416; x_wconf 91' lang='lat' dir='ltr'><strong>urbium</strong></span> <span class='ocrx_word' id='word_1_686' title='bbox 3214 2362 3542 2416; x_wconf 84' lang='lat' dir='ltr'><strong>ambulamus</strong></span> <span class='ocrx_word' id='word_1_687' title='bbox 3598 2380 3612 2418; x_wconf 94' lang='lat'><strong>:</strong></span> <span class='ocrx_word' id='word_1_688' title='bbox 3665 2364 3734 2419; x_wconf 87' lang='lat' dir='ltr'><strong>ad</strong></span> 
     </span>
    </p>
   </div>
   <div class='ocr_carea' id='block_1_85' title="bbox 2162 2447 3735 2522">
    <p class='ocr_par' dir='ltr' id='par_1_85' title="bbox 2162 2447 3735 2522">
     <span class='ocr_line' id='line_1_85' title="bbox 2162 2447 3735 2522; baseline 0.006 -24"><span class='ocrx_word' id='word_1_689' title='bbox 2162 2447 2492 2515; x_wconf 90' lang='lat' dir='ltr'><strong>gaudendum</strong></span> <span class='ocrx_word' id='word_1_690' title='bbox 2522 2447 2590 2503; x_wconf 89' lang='lat' dir='ltr'><strong>de</strong></span> <span class='ocrx_word' id='word_1_691' title='bbox 2612 2449 2767 2504; x_wconf 87' lang='lat' dir='ltr'><strong>malis</strong></span> <span class='ocrx_word' id='word_1_692' title='bbox 2793 2450 2988 2504; x_wconf 90' lang='lat' dir='ltr'><strong>nostris</strong></span> <span class='ocrx_word' id='word_1_693' title='bbox 3015 2452 3179 2520; x_wconf 89' lang='lat' dir='ltr'><strong>parati</strong></span> <span class='ocrx_word' id='word_1_694' title='bbox 3207 2462 3349 2516; x_wconf 86' lang='lat' dir='ltr'><strong>sunt,</strong></span> <span class='ocrx_word' id='word_1_695' title='bbox 3379 2453 3424 2507; x_wconf 91' lang='lat' dir='ltr'><strong>si</strong></span> <span class='ocrx_word' id='word_1_696' title='bbox 3452 2452 3574 2522; x_wconf 90' lang='lat' dir='ltr'><strong>quid</strong></span> <span class='ocrx_word' id='word_1_697' title='bbox 3599 2452 3735 2508; x_wconf 90' lang='lat' dir='ltr'><strong>forte</strong></span> 
     </span>
    </p>
   </div>
   <div class='ocr_carea' id='block_1_86' title="bbox 2165 2536 3736 2611">
    <p class='ocr_par' dir='ltr' id='par_1_86' title="bbox 2165 2536 3736 2611">
     <span class='ocr_line' id='line_1_86' title="bbox 2165 2536 3736 2611; baseline 0.005 -22"><span class='ocrx_word' id='word_1_698' title='bbox 2165 2536 2436 2591; x_wconf 89' lang='lat' dir='ltr'><strong>sinistrum</strong></span> <span class='ocrx_word' id='word_1_699' title='bbox 2463 2537 2739 2606; x_wconf 89' lang='lat' dir='ltr'><strong>acciderit,</strong></span> <span class='ocrx_word' id='word_1_700' title='bbox 2763 2539 2939 2608; x_wconf 92' lang='lat' dir='ltr'><strong>multi,</strong></span> <span class='ocrx_word' id='word_1_701' title='bbox 2964 2548 3016 2595; x_wconf 94' lang='lat' dir='ltr'><strong>et</strong></span> <span class='ocrx_word' id='word_1_702' title='bbox 3033 2541 3264 2611; x_wconf 91' lang='lat' dir='ltr'><strong>undique</strong></span> <span class='ocrx_word' id='word_1_703' title='bbox 3295 2543 3526 2608; x_wconf 88' lang='lat' dir='ltr'><strong>instant;</strong></span> <span class='ocrx_word' id='word_1_704' title='bbox 3577 2557 3736 2597; x_wconf 89' lang='lat' dir='ltr'><strong>nemo</strong></span> 
     </span>
    </p>
   </div>
   <div class='ocr_carea' id='block_1_87' title="bbox 2165 2631 3730 2703">
    <p class='ocr_par' dir='ltr' id='par_1_87' title="bbox 2165 2631 3730 2703">
     <span class='ocr_line' id='line_1_87' title="bbox 2165 2631 3730 2703; baseline 0.005 -23"><span class='ocrx_word' id='word_1_705' title='bbox 2165 2644 2292 2683; x_wconf 88' lang='lat' dir='ltr'><strong>vero</strong></span> <span class='ocrx_word' id='word_1_706' title='bbox 2311 2639 2393 2684; x_wconf 93' lang='lat' dir='ltr'><strong>est</strong></span> <span class='ocrx_word' id='word_1_707' title='bbox 2435 2631 2524 2699; x_wconf 93' lang='lat' dir='ltr'><strong>qui</strong></span> <span class='ocrx_word' id='word_1_708' title='bbox 2556 2633 2723 2686; x_wconf 91' lang='lat' dir='ltr'><strong>vicem</strong></span> <span class='ocrx_word' id='word_1_709' title='bbox 2755 2641 2988 2686; x_wconf 90' lang='lat' dir='ltr'><strong>nostram</strong></span> <span class='ocrx_word' id='word_1_710' title='bbox 3017 2633 3220 2697; x_wconf 89' lang='lat' dir='ltr'><strong>doleat,</strong></span> <span class='ocrx_word' id='word_1_711' title='bbox 3247 2634 3329 2688; x_wconf 84' lang='lat' dir='ltr'><strong>vel</strong></span> <span class='ocrx_word' id='word_1_712' title='bbox 3357 2634 3542 2688; x_wconf 90' lang='lat' dir='ltr'><strong>saltem</strong></span> <span class='ocrx_word' id='word_1_713' title='bbox 3575 2635 3730 2703; x_wconf 88' lang='lat' dir='ltr'><strong>pauci</strong></span> 
     </span>
    </p>
   </div>
   <div class='ocr_carea' id='block_1_88' title="bbox 2166 2720 3735 2793">
    <p class='ocr_par' dir='ltr' id='par_1_88' title="bbox 2166 2720 3735 2793">
     <span class='ocr_line' id='line_1_88' title="bbox 2166 2720 3735 2793; baseline 0.003 -19"><span class='ocrx_word' id='word_1_714' title='bbox 2166 2720 2465 2789; x_wconf 86' lang='lat' dir='ltr'><strong>bujusmodi</strong></span> <span class='ocrx_word' id='word_1_715' title='bbox 2494 2729 2638 2775; x_wconf 91' lang='lat' dir='ltr'><strong>sunt.</strong></span> <span class='ocrx_word' id='word_1_716' title='bbox 2656 2721 2788 2776; x_wconf 82' lang='lat' dir='ltr'><strong>Vide</strong></span> <span class='ocrx_word' id='word_1_717' title='bbox 2807 2737 2876 2778; x_wconf 92' lang='lat' dir='ltr'><strong>ne</strong></span> <span class='ocrx_word' id='word_1_718' title='bbox 2909 2723 2952 2777; x_wconf 92' lang='lat' dir='ltr'><strong>si</strong></span> <span class='ocrx_word' id='word_1_719' title='bbox 2977 2723 3372 2793; x_wconf 87' lang='lat' dir='ltr'><strong>disjungamur,</strong></span> <span class='ocrx_word' id='word_1_720' title='bbox 3403 2724 3566 2778; x_wconf 89' lang='lat' dir='ltr'><strong>risum</strong></span> <span class='ocrx_word' id='word_1_721' title='bbox 3593 2725 3735 2778; x_wconf 84' lang='lat' dir='ltr'><strong>mul-</strong></span> 
     </span>
    </p>
   </div>
   <div class='ocr_carea' id='block_1_89' title="bbox 2166 2813 3731 2886">
    <p class='ocr_par' dir='ltr' id='par_1_89' title="bbox 2166 2813 3731 2886">
     <span class='ocr_line' id='line_1_89' title="bbox 2166 2813 3731 2886; baseline 0.004 -20"><span class='ocrx_word' id='word_1_722' title='bbox 2166 2820 2274 2866; x_wconf 91' lang='lat' dir='ltr'><strong>tum</strong></span> <span class='ocrx_word' id='word_1_723' title='bbox 2300 2813 2414 2867; x_wconf 88' lang='lat' dir='ltr'><strong>aliis</strong></span> <span class='ocrx_word' id='word_1_724' title='bbox 2441 2828 2781 2880; x_wconf 91' lang='lat' dir='ltr'><strong>moveamus,</strong></span> <span class='ocrx_word' id='word_1_725' title='bbox 2825 2816 3040 2886; x_wconf 91' lang='lat' dir='ltr'><strong>risuque</strong></span> <span class='ocrx_word' id='word_1_726' title='bbox 3081 2817 3380 2886; x_wconf 87' lang='lat' dir='ltr'><strong>graviorem</strong></span> <span class='ocrx_word' id='word_1_727' title='bbox 3420 2818 3683 2886; x_wconf 90' lang='lat' dir='ltr'><strong>jacturam</strong></span> <span class='ocrx_word' id='word_1_728' title='bbox 3716 2836 3731 2873; x_wconf 93' lang='lat'>:</span> 
     </span>
    </p>
   </div>
   <div class='ocr_carea' id='block_1_90' title="bbox 2165 2902 3737 2978">
    <p class='ocr_par' dir='ltr' id='par_1_90' title="bbox 2165 2902 3737 2978">
     <span class='ocr_line' id='line_1_90' title="bbox 2165 2902 3737 2978; baseline 0.005 -23"><span class='ocrx_word' id='word_1_729' title='bbox 2165 2902 2350 2956; x_wconf 80' lang='lat' dir='ltr'><strong>Frater</strong></span> <span class='ocrx_word' id='word_1_730' title='bbox 2387 2905 2472 2972; x_wconf 83' lang='lat' dir='ltr'><strong>qui</strong></span> <span class='ocrx_word' id='word_1_731' title='bbox 2498 2906 2768 2976; x_wconf 84' lang='lat' dir='ltr'><strong>adjuvatur</strong></span> <span class='ocrx_word' id='word_1_732' title='bbox 2794 2922 2825 2958; x_wconf 87' lang='lat' dir='ltr'><strong>a</strong></span> <span class='ocrx_word' id='word_1_733' title='bbox 2845 2909 3005 2978; x_wconf 80' lang='lat' dir='ltr'><strong>fratre</strong></span> <span class='ocrx_word' id='word_1_734' title='bbox 3023 2949 3039 2972; x_wconf 84' lang='lat'><strong>,</strong></span> <span class='ocrx_word' id='word_1_735' title='bbox 3062 2908 3205 2974; x_wconf 80' lang='lat' dir='ltr'><strong>quasi</strong></span> <span class='ocrx_word' id='word_1_736' title='bbox 3230 2909 3404 2962; x_wconf 76' lang='lat' dir='ltr'><strong>civitas</strong></span> <span class='ocrx_word' id='word_1_737' title='bbox 3438 2910 3628 2962; x_wconf 86' lang='lat' dir='ltr'><strong>munita</strong></span> <span class='ocrx_word' id='word_1_738' title='bbox 3647 2951 3661 2971; x_wconf 91' lang='lat'><strong>,</strong></span> <span class='ocrx_word' id='word_1_739' title='bbox 3689 2918 3737 2963; x_wconf 86' lang='lat' dir='ltr'><strong>et</strong></span> 
     </span>
    </p>
   </div>
   <div class='ocr_carea' id='block_1_91' title="bbox 2163 2994 3732 3070">
    <p class='ocr_par' dir='ltr' id='par_1_91' title="bbox 2163 2994 3732 3070">
     <span class='ocr_line' id='line_1_91' title="bbox 2163 2994 3732 3070; baseline 0.006 -26"><span class='ocrx_word' id='word_1_740' title='bbox 2163 2994 2306 3062; x_wconf 76' lang='lat' dir='ltr'><strong>quasi</strong></span> <span class='ocrx_word' id='word_1_741' title='bbox 2341 3009 2550 3063; x_wconf 80' lang='lat' dir='ltr'><strong>regnum</strong></span> <span class='ocrx_word' id='word_1_742' title='bbox 2577 2995 2792 3049; x_wconf 70' lang='lat' dir='ltr'><strong>vectibus</strong></span> <span class='ocrx_word' id='word_1_743' title='bbox 2839 2998 3094 3064; x_wconf 83' lang='lat' dir='ltr'><strong>ﬁrmatum</strong></span> <span class='ocrx_word' id='word_1_744' title='bbox 3120 2996 3297 3067; x_wconf 81' lang='lat' dir='ltr'><strong>(Prov.</strong></span> <span class='ocrx_word' id='word_1_745' title='bbox 3349 2998 3436 3052; x_wconf 78' lang='grc'><strong>18.</strong></span> <span class='ocrx_word' id='word_1_746' title='bbox 3469 2999 3580 3070; x_wconf 75' lang='grc'><strong>19).</strong></span> <span class='ocrx_word' id='word_1_747' title='bbox 3612 2998 3692 3053; x_wconf 87' lang='lat' dir='ltr'><strong>Ne</strong></span> <span class='ocrx_word' id='word_1_748' title='bbox 3715 3040 3732 3063; x_wconf 88' lang='lat'><strong>,</strong></span> 
     </span>
    </p>
   </div>
   <div class='ocr_carea' id='block_1_92' title="bbox 2164 3085 3734 3159">
    <p class='ocr_par' dir='ltr' id='par_1_92' title="bbox 2164 3085 3734 3159">
     <span class='ocr_line' id='line_1_92' title="bbox 2164 3085 3734 3159; baseline 0.004 -23"><span class='ocrx_word' id='word_1_749' title='bbox 2164 3099 2365 3153; x_wconf 64' lang='lat' dir='ltr'><strong>quaeso,</strong></span> <span class='ocrx_word' id='word_1_750' title='bbox 2397 3085 2533 3140; x_wconf 89' lang='lat' dir='ltr'><strong>hanc</strong></span> <span class='ocrx_word' id='word_1_751' title='bbox 2557 3086 2817 3140; x_wconf 91' lang='lat' dir='ltr'><strong>dissolvas</strong></span> <span class='ocrx_word' id='word_1_752' title='bbox 2841 3088 3305 3155; x_wconf 89' lang='lat' dir='ltr'><strong>necessitudinem,</strong></span> <span class='ocrx_word' id='word_1_753' title='bbox 3329 3105 3498 3159; x_wconf 88' lang='lat' dir='ltr'><strong>neque</strong></span> <span class='ocrx_word' id='word_1_754' title='bbox 3527 3099 3734 3144; x_wconf 86' lang='lat' dir='ltr'><strong>vectem</strong></span> 
     </span>
    </p>
   </div>
   <div class='ocr_carea' id='block_1_93' title="bbox 2165 3173 3740 3247">
    <p class='ocr_par' dir='ltr' id='par_1_93' title="bbox 2165 3173 3740 3247">
     <span class='ocr_line' id='line_1_93' title="bbox 2165 3173 3740 3247; baseline 0.004 -20"><span class='ocrx_word' id='word_1_755' title='bbox 2165 3173 2455 3245; x_wconf 90' lang='lat' dir='ltr'><strong>dirumpas.</strong></span> <span class='ocrx_word' id='word_1_756' title='bbox 2485 3174 2610 3230; x_wconf 65' lang='lat' dir='ltr'><strong>Haec</strong></span> <span class='ocrx_word' id='word_1_757' title='bbox 2637 3185 2692 3230; x_wconf 93' lang='lat' dir='ltr'><strong>et</strong></span> <span class='ocrx_word' id='word_1_758' title='bbox 2715 3177 2796 3232; x_wconf 91' lang='lat' dir='ltr'><strong>his</strong></span> <span class='ocrx_word' id='word_1_759' title='bbox 2819 3179 2965 3246; x_wconf 90' lang='lat' dir='ltr'><strong>plura</strong></span> <span class='ocrx_word' id='word_1_760' title='bbox 2994 3193 3136 3247; x_wconf 59' lang='lat' dir='ltr'><strong>saepe</strong></span> <span class='ocrx_word' id='word_1_761' title='bbox 3164 3178 3400 3233; x_wconf 88' lang='lat' dir='ltr'><strong>dicebam</strong></span> <span class='ocrx_word' id='word_1_762' title='bbox 3422 3223 3436 3245; x_wconf 93' lang='lat'><strong>,</strong></span> <span class='ocrx_word' id='word_1_763' title='bbox 3482 3180 3612 3234; x_wconf 90' lang='lat' dir='ltr'><strong>nihil</strong></span> <span class='ocrx_word' id='word_1_764' title='bbox 3640 3196 3740 3233; x_wconf 86' lang='lat' dir='ltr'><strong>un-</strong></span> 
     </span>
    </p>
   </div>
   <div class='ocr_carea' id='block_1_94' title="bbox 2166 3263 3736 3335">
    <p class='ocr_par' dir='ltr' id='par_1_94' title="bbox 2166 3263 3736 3335">
     <span class='ocr_line' id='line_1_94' title="bbox 2166 3263 3736 3335; baseline 0.006 -20"><span class='ocrx_word' id='word_1_765' title='bbox 2166 3278 2324 3332; x_wconf 89' lang='lat' dir='ltr'><strong>quam</strong></span> <span class='ocrx_word' id='word_1_766' title='bbox 2365 3263 2664 3334; x_wconf 89' lang='lat' dir='ltr'><strong>hujusmodi</strong></span> <span class='ocrx_word' id='word_1_767' title='bbox 2703 3267 3012 3335; x_wconf 81' lang='lat' dir='ltr'><strong>suSpicans,</strong></span> <span class='ocrx_word' id='word_1_768' title='bbox 3059 3268 3151 3322; x_wconf 92' lang='lat' dir='ltr'><strong>sed</strong></span> <span class='ocrx_word' id='word_1_769' title='bbox 3193 3277 3244 3324; x_wconf 90' lang='lat' dir='ltr'><strong>te</strong></span> <span class='ocrx_word' id='word_1_770' title='bbox 3287 3283 3420 3323; x_wconf 87' lang='lat' dir='ltr'><strong>sano</strong></span> <span class='ocrx_word' id='word_1_771' title='bbox 3448 3270 3736 3324; x_wconf 89' lang='lat' dir='ltr'><strong>admodum</strong></span> 
     </span>
    </p>
   </div>
   <div class='ocr_carea' id='block_1_95' title="bbox 2164 3351 3734 3428">
    <p class='ocr_par' dir='ltr' id='par_1_95' title="bbox 2164 3351 3734 3428">
     <span class='ocr_line' id='line_1_95' title="bbox 2164 3351 3734 3428; baseline 0.006 -22"><span class='ocrx_word' id='word_1_772' title='bbox 2164 3351 2344 3407; x_wconf 89' lang='lat' dir='ltr'><strong>animo</strong></span> <span class='ocrx_word' id='word_1_773' title='bbox 2391 3370 2513 3425; x_wconf 88' lang='lat' dir='ltr'><strong>erga</strong></span> <span class='ocrx_word' id='word_1_774' title='bbox 2567 3371 2665 3410; x_wconf 92' lang='lat' dir='ltr'><strong>nos</strong></span> <span class='ocrx_word' id='word_1_775' title='bbox 2705 3372 2822 3411; x_wconf 91' lang='lat' dir='ltr'><strong>esse</strong></span> <span class='ocrx_word' id='word_1_776' title='bbox 2867 3367 3096 3428; x_wconf 90' lang='lat' dir='ltr'><strong>putans,</strong></span> <span class='ocrx_word' id='word_1_777' title='bbox 3137 3368 3293 3428; x_wconf 90' lang='lat' dir='ltr'><strong>atque</strong></span> <span class='ocrx_word' id='word_1_778' title='bbox 3335 3374 3400 3414; x_wconf 91' lang='lat' dir='ltr'><strong>ex</strong></span> <span class='ocrx_word' id='word_1_779' title='bbox 3449 3360 3734 3415; x_wconf 85' lang='lat' dir='ltr'><strong>abundanti</strong></span> 
     </span>
    </p>
   </div>
   <div class='ocr_carea' id='block_1_96' title="bbox 2165 3444 3735 3520">
    <p class='ocr_par' dir='ltr' id='par_1_96' title="bbox 2165 3444 3735 3520">
     <span class='ocr_line' id='line_1_96' title="bbox 2165 3444 3735 3520; baseline 0.006 -23"><span class='ocrx_word' id='word_1_780' title='bbox 2165 3444 2424 3499; x_wconf 90' lang='lat' dir='ltr'><strong>medelam</strong></span> <span class='ocrx_word' id='word_1_781' title='bbox 2462 3460 2592 3502; x_wconf 90' lang='lat' dir='ltr'><strong>sano</strong></span> <span class='ocrx_word' id='word_1_782' title='bbox 2619 3447 2869 3503; x_wconf 88' lang='lat' dir='ltr'><strong>adhibere</strong></span> <span class='ocrx_word' id='word_1_783' title='bbox 2894 3464 3084 3504; x_wconf 89' lang='lat' dir='ltr'><strong>curans</strong></span> <span class='ocrx_word' id='word_1_784' title='bbox 3102 3491 3118 3514; x_wconf 86' lang='lat'><strong>,</strong></span> <span class='ocrx_word' id='word_1_785' title='bbox 3147 3465 3244 3505; x_wconf 92' lang='lat' dir='ltr'><strong>nec</strong></span> <span class='ocrx_word' id='word_1_786' title='bbox 3267 3451 3694 3506; x_wconf 81' lang='lat' dir='ltr'><strong>animadvertetis</strong></span> <span class='ocrx_word' id='word_1_787' title='bbox 3713 3492 3735 3520; x_wconf 86' lang='lat'><strong>,</strong></span> 
     </span>
    </p>
   </div>
   <div class='ocr_carea' id='block_1_97' title="bbox 2166 3539 3737 3610">
    <p class='ocr_par' dir='ltr' id='par_1_97' title="bbox 2166 3539 3737 3610">
     <span class='ocr_line' id='line_1_97' title="bbox 2166 3539 3737 3610; baseline 0.006 -22"><span class='ocrx_word' id='word_1_788' title='bbox 2166 3542 2222 3588; x_wconf 91' lang='lat' dir='ltr'><strong>ut</strong></span> <span class='ocrx_word' id='word_1_789' title='bbox 2248 3543 2426 3604; x_wconf 90' lang='lat' dir='ltr'><strong>patet,</strong></span> <span class='ocrx_word' id='word_1_790' title='bbox 2455 3552 2540 3590; x_wconf 90' lang='lat' dir='ltr'><strong>me</strong></span> <span class='ocrx_word' id='word_1_791' title='bbox 2565 3539 2839 3607; x_wconf 68' lang='lat' dir='ltr'><strong>aegrotanti</strong></span> <span class='ocrx_word' id='word_1_792' title='bbox 2874 3539 3107 3594; x_wconf 90' lang='lat' dir='ltr'><strong>remedia</strong></span> <span class='ocrx_word' id='word_1_793' title='bbox 3145 3554 3440 3610; x_wconf 88' lang='lat' dir='ltr'><strong>apponere,</strong></span> <span class='ocrx_word' id='word_1_794' title='bbox 3464 3550 3519 3594; x_wconf 88' lang='lat' dir='ltr'><strong>at</strong></span> <span class='ocrx_word' id='word_1_795' title='bbox 3560 3556 3628 3596; x_wconf 92' lang='lat' dir='ltr'><strong>ne</strong></span> <span class='ocrx_word' id='word_1_796' title='bbox 3657 3543 3737 3597; x_wconf 91' lang='lat' dir='ltr'><strong>sic</strong></span> 
     </span>
    </p>
   </div>
   <div class='ocr_carea' id='block_1_98' title="bbox 2165 3627 3734 3702">
    <p class='ocr_par' dir='ltr' id='par_1_98' title="bbox 2165 3627 3734 3702">
     <span class='ocr_line' id='line_1_98' title="bbox 2165 3627 3734 3702; baseline 0.006 -22"><span class='ocrx_word' id='word_1_797' title='bbox 2165 3627 2378 3696; x_wconf 87' lang='lat' dir='ltr'><strong>quidem</strong></span> <span class='ocrx_word' id='word_1_798' title='bbox 2426 3629 2606 3684; x_wconf 86' lang='lat' dir='ltr'><strong>infelix</strong></span> <span class='ocrx_word' id='word_1_799' title='bbox 2663 3630 2929 3700; x_wconf 89' lang='lat' dir='ltr'><strong>quidpiam</strong></span> <span class='ocrx_word' id='word_1_800' title='bbox 2977 3631 3212 3686; x_wconf 90' lang='lat' dir='ltr'><strong>lucratus</strong></span> <span class='ocrx_word' id='word_1_801' title='bbox 3254 3647 3412 3700; x_wconf 93' lang='lat' dir='ltr'><strong>sum,</strong></span> <span class='ocrx_word' id='word_1_802' title='bbox 3455 3648 3626 3702; x_wconf 90' lang='lat' dir='ltr'><strong>neque</strong></span> <span class='ocrx_word' id='word_1_803' title='bbox 3667 3649 3734 3690; x_wconf 85' lang='lat' dir='ltr'><strong>ex</strong></span> 
     </span>
    </p>
   </div>
   <div class='ocr_carea' id='block_1_99' title="bbox 2167 3721 3731 3793">
    <p class='ocr_par' dir='ltr' id='par_1_99' title="bbox 2167 3721 3731 3793">
     <span class='ocr_line' id='line_1_99' title="bbox 2167 3721 3731 3793; baseline 0.004 -20"><span class='ocrx_word' id='word_1_804' title='bbox 2167 3728 2307 3774; x_wconf 88' lang='lat' dir='ltr'><strong>tanta</strong></span> <span class='ocrx_word' id='word_1_805' title='bbox 2332 3721 2420 3774; x_wconf 92' lang='lat' dir='ltr'><strong>illa</strong></span> <span class='ocrx_word' id='word_1_806' title='bbox 2445 3723 2650 3776; x_wconf 87' lang='lat' dir='ltr'><strong>cautela</strong></span> <span class='ocrx_word' id='word_1_807' title='bbox 2675 3722 2803 3776; x_wconf 92' lang='lat' dir='ltr'><strong>mihi</strong></span> <span class='ocrx_word' id='word_1_808' title='bbox 2823 3723 3107 3793; x_wconf 89' lang='lat' dir='ltr'><strong>quidquam</strong></span> <span class='ocrx_word' id='word_1_809' title='bbox 3127 3725 3348 3779; x_wconf 90' lang='lat' dir='ltr'><strong>accessit</strong></span> <span class='ocrx_word' id='word_1_810' title='bbox 3369 3725 3731 3779; x_wconf 89' lang='lat' dir='ltr'><strong>emolumenti.</strong></span> 
     </span>
    </p>
   </div>
   <div class='ocr_carea' id='block_1_100' title="bbox 2165 3808 3730 3883">
    <p class='ocr_par' dir='ltr' id='par_1_100' title="bbox 2165 3808 3730 3883">
     <span class='ocr_line' id='line_1_100' title="bbox 2165 3808 3730 3883; baseline 0.005 -21"><span class='ocrx_word' id='word_1_811' title='bbox 2165 3808 2357 3863; x_wconf 89' lang='lat' dir='ltr'><strong>Omnia</strong></span> <span class='ocrx_word' id='word_1_812' title='bbox 2375 3811 2568 3880; x_wconf 90' lang='lat' dir='ltr'><strong>quippe</strong></span> <span class='ocrx_word' id='word_1_813' title='bbox 2582 3812 2668 3864; x_wconf 91' lang='lat' dir='ltr'><strong>illa</strong></span> <span class='ocrx_word' id='word_1_814' title='bbox 2687 3812 2962 3866; x_wconf 89' lang='lat' dir='ltr'><strong>confertim</strong></span> <span class='ocrx_word' id='word_1_815' title='bbox 2981 3814 3284 3883; x_wconf 86' lang='lat' dir='ltr'><strong>projiciens,</strong></span> <span class='ocrx_word' id='word_1_816' title='bbox 3298 3830 3468 3883; x_wconf 88' lang='lat' dir='ltr'><strong>neque</strong></span> <span class='ocrx_word' id='word_1_817' title='bbox 3484 3813 3534 3867; x_wconf 94' lang='lat' dir='ltr'><strong>id</strong></span> <span class='ocrx_word' id='word_1_818' title='bbox 3557 3825 3730 3870; x_wconf 81' lang='lat' dir='ltr'><strong>tecum</strong></span> 
     </span>
    </p>
   </div>
   <div class='ocr_carea' id='block_1_101' title="bbox 2165 3903 3733 3974">
    <p class='ocr_par' dir='ltr' id='par_1_101' title="bbox 2165 3903 3733 3974">
     <span class='ocr_line' id='line_1_101' title="bbox 2165 3903 3733 3974; baseline 0.004 -22"><span class='ocrx_word' id='word_1_819' title='bbox 2165 3908 2434 3967; x_wconf 89' lang='lat' dir='ltr'><strong>reputans,</strong></span> <span class='ocrx_word' id='word_1_820' title='bbox 2452 3915 2540 3954; x_wconf 92' lang='lat' dir='ltr'><strong>me</strong></span> <span class='ocrx_word' id='word_1_821' title='bbox 2560 3908 2823 3970; x_wconf 87' lang='lat' dir='ltr'><strong>tamquam</strong></span> <span class='ocrx_word' id='word_1_822' title='bbox 2844 3917 3030 3956; x_wconf 90' lang='lat' dir='ltr'><strong>navem</strong></span> <span class='ocrx_word' id='word_1_823' title='bbox 3053 3917 3158 3957; x_wconf 91' lang='lat' dir='ltr'><strong>non</strong></span> <span class='ocrx_word' id='word_1_824' title='bbox 3171 3903 3497 3958; x_wconf 86' lang='lat' dir='ltr'><strong>saburralam</strong></span> <span class='ocrx_word' id='word_1_825' title='bbox 3522 3904 3573 3958; x_wconf 94' lang='lat' dir='ltr'><strong>in</strong></span> <span class='ocrx_word' id='word_1_826' title='bbox 3596 3905 3733 3974; x_wconf 89' lang='lat' dir='ltr'><strong>pela-</strong></span> 
     </span>
    </p>
   </div>
   <div class='ocr_carea' id='block_1_102' title="bbox 2163 3988 3732 4063">
    <p class='ocr_par' dir='ltr' id='par_1_102' title="bbox 2163 3988 3732 4063">
     <span class='ocr_line' id='line_1_102' title="bbox 2163 3988 3732 4063; baseline 0.006 -22"><span class='ocrx_word' id='word_1_827' title='bbox 2163 4003 2262 4057; x_wconf 86' lang='lat' dir='ltr'><strong>gus</strong></span> <span class='ocrx_word' id='word_1_828' title='bbox 2314 3988 2628 4044; x_wconf 90' lang='lat' dir='ltr'><strong>immensum</strong></span> <span class='ocrx_word' id='word_1_829' title='bbox 2671 3991 2924 4058; x_wconf 90' lang='lat' dir='ltr'><strong>emisisti,</strong></span> <span class='ocrx_word' id='word_1_830' title='bbox 2957 3992 3088 4046; x_wconf 91' lang='lat' dir='ltr'><strong>nihil</strong></span> <span class='ocrx_word' id='word_1_831' title='bbox 3138 3993 3376 4063; x_wconf 87' lang='lat' dir='ltr'><strong>cogitans</strong></span> <span class='ocrx_word' id='word_1_832' title='bbox 3411 3993 3732 4050; x_wconf 88' lang='lat' dir='ltr'><strong>decumanos</strong></span> 
     </span>
    </p>
   </div>
   <div class='ocr_carea' id='block_1_103' title="bbox 2166 4077 3728 4148">
    <p class='ocr_par' dir='ltr' id='par_1_103' title="bbox 2166 4077 3728 4148">
     <span class='ocr_line' id='line_1_103' title="bbox 2166 4077 3728 4148; baseline 0.005 -17"><span class='ocrx_word' id='word_1_833' title='bbox 2166 4078 2284 4132; x_wconf 92' lang='lat' dir='ltr'><strong>illos</strong></span> <span class='ocrx_word' id='word_1_834' title='bbox 2313 4077 2502 4133; x_wconf 85' lang='lat' dir='ltr'><strong>ﬂuctus</strong></span> <span class='ocrx_word' id='word_1_835' title='bbox 2525 4121 2540 4145; x_wconf 93' lang='lat'><strong>,</strong></span> <span class='ocrx_word' id='word_1_836' title='bbox 2571 4096 2705 4148; x_wconf 91' lang='lat' dir='ltr'><strong>quos</strong></span> <span class='ocrx_word' id='word_1_837' title='bbox 2731 4097 2816 4137; x_wconf 91' lang='lat' dir='ltr'><strong>me</strong></span> <span class='ocrx_word' id='word_1_838' title='bbox 2840 4083 3101 4137; x_wconf 90' lang='lat' dir='ltr'><strong>sustinere</strong></span> <span class='ocrx_word' id='word_1_839' title='bbox 3131 4098 3349 4138; x_wconf 87' lang='lat' dir='ltr'><strong>necesse</strong></span> <span class='ocrx_word' id='word_1_840' title='bbox 3387 4093 3489 4139; x_wconf 91' lang='lat' dir='ltr'><strong>est.</strong></span> <span class='ocrx_word' id='word_1_841' title='bbox 3522 4085 3650 4139; x_wconf 85' lang='lat' dir='ltr'><strong>Nam</strong></span> <span class='ocrx_word' id='word_1_842' title='bbox 3683 4087 3728 4141; x_wconf 92' lang='lat' dir='ltr'><strong>si</strong></span> 
     </span>
    </p>
   </div>
   <div class='ocr_carea' id='block_1_104' title="bbox 2166 4173 3729 4242">
    <p class='ocr_par' dir='ltr' id='par_1_104' title="bbox 2166 4173 3729 4242">
     <span class='ocr_line' id='line_1_104' title="bbox 2166 4173 3729 4242; baseline 0.004 -16"><span class='ocrx_word' id='word_1_843' title='bbox 2166 4173 2433 4242; x_wconf 87' lang='lat' dir='ltr'><strong>contingat</strong></span> <span class='ocrx_word' id='word_1_844' title='bbox 2461 4173 2545 4228; x_wconf 89' lang='lat' dir='ltr'><strong>vel</strong></span> <span class='ocrx_word' id='word_1_845' title='bbox 2571 4175 2890 4229; x_wconf 91' lang='lat' dir='ltr'><strong>calumniam</strong></span> <span class='ocrx_word' id='word_1_846' title='bbox 2913 4215 2928 4241; x_wconf 95' lang='lat'><strong>,</strong></span> <span class='ocrx_word' id='word_1_847' title='bbox 2961 4177 3042 4230; x_wconf 91' lang='lat' dir='ltr'><strong>vel</strong></span> <span class='ocrx_word' id='word_1_848' title='bbox 3066 4175 3410 4241; x_wconf 90' lang='lat' dir='ltr'><strong>cachinnum,</strong></span> <span class='ocrx_word' id='word_1_849' title='bbox 3445 4177 3531 4231; x_wconf 88' lang='lat' dir='ltr'><strong>vel</strong></span> <span class='ocrx_word' id='word_1_850' title='bbox 3573 4179 3729 4231; x_wconf 88' lang='lat' dir='ltr'><strong>aliam</strong></span> 
     </span>
    </p>
   </div>
   <div class='ocr_carea' id='block_1_105' title="bbox 2164 4263 3729 4335">
    <p class='ocr_par' dir='ltr' id='par_1_105' title="bbox 2164 4263 3729 4335">
     <span class='ocr_line' id='line_1_105' title="bbox 2164 4263 3729 4335; baseline 0.004 -21"><span class='ocrx_word' id='word_1_851' title='bbox 2164 4263 2401 4332; x_wconf 81' lang='lat' dir='ltr'><strong>quamvis</strong></span> <span class='ocrx_word' id='word_1_852' title='bbox 2427 4264 2802 4318; x_wconf 84' lang='lat' dir='ltr'><strong>contumeliam</strong></span> <span class='ocrx_word' id='word_1_853' title='bbox 2847 4274 2900 4319; x_wconf 91' lang='lat' dir='ltr'><strong>et</strong></span> <span class='ocrx_word' id='word_1_854' title='bbox 2947 4265 3243 4320; x_wconf 90' lang='lat' dir='ltr'><strong>molestiam</strong></span> <span class='ocrx_word' id='word_1_855' title='bbox 3273 4267 3326 4319; x_wconf 87' lang='lat' dir='ltr'><strong>in</strong></span> <span class='ocrx_word' id='word_1_856' title='bbox 3365 4281 3462 4321; x_wconf 89' lang='lat' dir='ltr'><strong>nos</strong></span> <span class='ocrx_word' id='word_1_857' title='bbox 3508 4267 3729 4335; x_wconf 85' lang='lat' dir='ltr'><strong>inferri,</strong></span> 
     </span>
    </p>
   </div>
   <div class='ocr_carea' id='block_1_106' title="bbox 2163 4355 3728 4424">
    <p class='ocr_par' dir='ltr' id='par_1_106' title="bbox 2163 4355 3728 4424">
     <span class='ocr_line' id='line_1_106' title="bbox 2163 4355 3728 4424; baseline 0.004 -18"><span class='ocrx_word' id='word_1_858' title='bbox 2163 4366 2304 4422; x_wconf 72' lang='lat' dir='ltr'><strong>smpe</strong></span> <span class='ocrx_word' id='word_1_859' title='bbox 2347 4361 2520 4408; x_wconf 89' lang='lat' dir='ltr'><strong>autem</strong></span> <span class='ocrx_word' id='word_1_860' title='bbox 2561 4355 2722 4408; x_wconf 90' lang='lat' dir='ltr'><strong>multa</strong></span> <span class='ocrx_word' id='word_1_861' title='bbox 2761 4355 3061 4424; x_wconf 85' lang='lat' dir='ltr'><strong>bujusmodi</strong></span> <span class='ocrx_word' id='word_1_862' title='bbox 3105 4358 3405 4412; x_wconf 87' lang='lat' dir='ltr'><strong>necessario</strong></span> <span class='ocrx_word' id='word_1_863' title='bbox 3443 4359 3687 4413; x_wconf 88' lang='lat' dir='ltr'><strong>accidunt</strong></span> <span class='ocrx_word' id='word_1_864' title='bbox 3713 4401 3728 4423; x_wconf 85' lang='lat'><strong>,</strong></span> 
     </span>
    </p>
   </div>
   <div class='ocr_carea' id='block_1_107' title="bbox 2163 4442 3730 4516">
    <p class='ocr_par' dir='ltr' id='par_1_107' title="bbox 2163 4442 3730 4516">
     <span class='ocr_line' id='line_1_107' title="bbox 2163 4442 3730 4516; baseline 0.004 -20"><span class='ocrx_word' id='word_1_865' title='bbox 2163 4442 2229 4496; x_wconf 85' lang='lat' dir='ltr'><strong>ad</strong></span> <span class='ocrx_word' id='word_1_866' title='bbox 2257 4458 2412 4512; x_wconf 91' lang='lat' dir='ltr'><strong>quem</strong></span> <span class='ocrx_word' id='word_1_867' title='bbox 2442 4443 2850 4513; x_wconf 81' lang='lat' dir='ltr'><strong>confugiemus?</strong></span> <span class='ocrx_word' id='word_1_868' title='bbox 2875 4446 3012 4514; x_wconf 88' lang='lat' dir='ltr'><strong>apud</strong></span> <span class='ocrx_word' id='word_1_869' title='bbox 3048 4461 3208 4515; x_wconf 90' lang='lat' dir='ltr'><strong>quem</strong></span> <span class='ocrx_word' id='word_1_870' title='bbox 3231 4447 3496 4516; x_wconf 89' lang='lat' dir='ltr'><strong>angustias</strong></span> <span class='ocrx_word' id='word_1_871' title='bbox 3523 4457 3730 4503; x_wconf 89' lang='lat' dir='ltr'><strong>nostras</strong></span> 
     </span>
    </p>
   </div>
   <div class='ocr_carea' id='block_1_108' title="bbox 2163 4533 3730 4606">
    <p class='ocr_par' dir='ltr' id='par_1_108' title="bbox 2163 4533 3730 4606">
     <span class='ocr_line' id='line_1_108' title="bbox 2163 4533 3730 4606; baseline 0.003 -20"><span class='ocrx_word' id='word_1_872' title='bbox 2163 4533 2604 4589; x_wconf 86' lang='lat' dir='ltr'><strong>exonerabimus?</strong></span> <span class='ocrx_word' id='word_1_873' title='bbox 2629 4535 2748 4604; x_wconf 89' lang='lat' dir='ltr'><strong>quis</strong></span> <span class='ocrx_word' id='word_1_874' title='bbox 2771 4534 3135 4590; x_wconf 85' lang='lat' dir='ltr'><strong>defensionem</strong></span> <span class='ocrx_word' id='word_1_875' title='bbox 3181 4537 3433 4606; x_wconf 90' lang='lat' dir='ltr'><strong>suscipiet</strong></span> <span class='ocrx_word' id='word_1_876' title='bbox 3457 4540 3730 4592; x_wconf 79' lang='lat' dir='ltr'><strong>nostram?</strong></span> 
     </span>
    </p>
   </div>
   <div class='ocr_carea' id='block_1_109' title="bbox 2163 4621 3734 4695">
    <p class='ocr_par' dir='ltr' id='par_1_109' title="bbox 2163 4621 3734 4695">
     <span class='ocr_line' id='line_1_109' title="bbox 2163 4621 3734 4695; baseline 0.004 -19"><span class='ocrx_word' id='word_1_877' title='bbox 2163 4625 2281 4692; x_wconf 92' lang='lat' dir='ltr'><strong>quis</strong></span> <span class='ocrx_word' id='word_1_878' title='bbox 2307 4625 2552 4679; x_wconf 76' lang='lat' dir='ltr'><strong>maeroris</strong></span> <span class='ocrx_word' id='word_1_879' title='bbox 2593 4621 2840 4680; x_wconf 80' lang='lat' dir='ltr'><strong>auctores</strong></span> <span class='ocrx_word' id='word_1_880' title='bbox 2882 4625 3134 4681; x_wconf 90' lang='lat' dir='ltr'><strong>retundet</strong></span> <span class='ocrx_word' id='word_1_881' title='bbox 3169 4635 3328 4695; x_wconf 90' lang='lat' dir='ltr'><strong>atque</strong></span> <span class='ocrx_word' id='word_1_882' title='bbox 3370 4627 3605 4692; x_wconf 91' lang='lat' dir='ltr'><strong>sedabit,</strong></span> <span class='ocrx_word' id='word_1_883' title='bbox 3637 4644 3734 4683; x_wconf 88' lang='lat' dir='ltr'><strong>no-</strong></span> 
     </span>
    </p>
   </div>
   <div class='ocr_carea' id='block_1_110' title="bbox 2162 4715 3728 4787">
    <p class='ocr_par' dir='ltr' id='par_1_110' title="bbox 2162 4715 3728 4787">
     <span class='ocr_line' id='line_1_110' title="bbox 2162 4715 3728 4787; baseline 0.003 -19"><span class='ocrx_word' id='word_1_884' title='bbox 2162 4715 2346 4784; x_wconf 90' lang='lat' dir='ltr'><strong>bisque</strong></span> <span class='ocrx_word' id='word_1_885' title='bbox 2401 4717 2642 4771; x_wconf 91' lang='lat' dir='ltr'><strong>dolorum</strong></span> <span class='ocrx_word' id='word_1_886' title='bbox 2693 4717 2850 4772; x_wconf 85' lang='lat' dir='ltr'><strong>finem</strong></span> <span class='ocrx_word' id='word_1_887' title='bbox 2899 4718 3089 4783; x_wconf 89' lang='lat' dir='ltr'><strong>faciet,</strong></span> <span class='ocrx_word' id='word_1_888' title='bbox 3137 4726 3190 4773; x_wconf 92' lang='lat' dir='ltr'><strong>et</strong></span> <span class='ocrx_word' id='word_1_889' title='bbox 3235 4719 3480 4773; x_wconf 86' lang='lat' dir='ltr'><strong>solatium</strong></span> <span class='ocrx_word' id='word_1_890' title='bbox 3513 4719 3728 4787; x_wconf 75' lang='lat' dir='ltr'><strong>afferet,</strong></span> 
     </span>
    </p>
   </div>
   <div class='ocr_carea' id='block_1_111' title="bbox 2163 4808 3731 4880">
    <p class='ocr_par' dir='ltr' id='par_1_111' title="bbox 2163 4808 3731 4880">
     <span class='ocr_line' id='line_1_111' title="bbox 2163 4808 3731 4880; baseline 0.004 -23"><span class='ocrx_word' id='word_1_891' title='bbox 2163 4815 2478 4874; x_wconf 88' lang='lat' dir='ltr'><strong>paratosque</strong></span> <span class='ocrx_word' id='word_1_892' title='bbox 2505 4822 2602 4861; x_wconf 89' lang='lat' dir='ltr'><strong>nos</strong></span> <span class='ocrx_word' id='word_1_893' title='bbox 2640 4808 2826 4862; x_wconf 88' lang='lat' dir='ltr'><strong>reddet</strong></span> <span class='ocrx_word' id='word_1_894' title='bbox 2847 4808 2914 4862; x_wconf 85' lang='lat' dir='ltr'><strong>ad</strong></span> <span class='ocrx_word' id='word_1_895' title='bbox 2942 4808 3162 4863; x_wconf 89' lang='lat' dir='ltr'><strong>aliorum</strong></span> <span class='ocrx_word' id='word_1_896' title='bbox 3195 4808 3441 4864; x_wconf 89' lang='lat' dir='ltr'><strong>ferendas</strong></span> <span class='ocrx_word' id='word_1_897' title='bbox 3467 4810 3731 4880; x_wconf 77' lang='lat' dir='ltr'><strong>ineptias?</strong></span> 
     </span>
    </p>
   </div>
   <div class='ocr_carea' id='block_1_112' title="bbox 2163 4894 3731 4970">
    <p class='ocr_par' dir='ltr' id='par_1_112' title="bbox 2163 4894 3731 4970">
     <span class='ocr_line' id='line_1_112' title="bbox 2163 4894 3731 4970; baseline 0.004 -21"><span class='ocrx_word' id='word_1_898' title='bbox 2163 4894 2330 4950; x_wconf 86' lang='lat' dir='ltr'><strong>Nemo</strong></span> <span class='ocrx_word' id='word_1_899' title='bbox 2357 4910 2484 4950; x_wconf 84' lang='lat' dir='ltr'><strong>sane</strong></span> <span class='ocrx_word' id='word_1_900' title='bbox 2513 4896 2696 4963; x_wconf 86' lang='lat' dir='ltr'><strong>adest,</strong></span> <span class='ocrx_word' id='word_1_901' title='bbox 2727 4906 2780 4952; x_wconf 90' lang='lat' dir='ltr'><strong>te</strong></span> <span class='ocrx_word' id='word_1_902' title='bbox 2806 4899 2874 4952; x_wconf 88' lang='lat' dir='ltr'><strong>ab</strong></span> <span class='ocrx_word' id='word_1_903' title='bbox 2894 4898 2996 4952; x_wconf 88' lang='lat' dir='ltr'><strong>hoc</strong></span> <span class='ocrx_word' id='word_1_904' title='bbox 3021 4901 3330 4966; x_wconf 84' lang='lat' dir='ltr'><strong>gravissimo</strong></span> <span class='ocrx_word' id='word_1_905' title='bbox 3363 4901 3505 4955; x_wconf 91' lang='lat' dir='ltr'><strong>bello</strong></span> <span class='ocrx_word' id='word_1_906' title='bbox 3547 4902 3731 4970; x_wconf 88' lang='lat' dir='ltr'><strong>procul</strong></span> 
     </span>
    </p>
   </div>
   <div class='ocr_carea' id='block_1_113' title="bbox 2164 4989 3732 5058">
    <p class='ocr_par' dir='ltr' id='par_1_113' title="bbox 2164 4989 3732 5058">
     <span class='ocr_line' id='line_1_113' title="bbox 2164 4989 3732 5058; baseline 0.004 -19"><span class='ocrx_word' id='word_1_907' title='bbox 2164 4995 2370 5040; x_wconf 91' lang='lat' dir='ltr'><strong>remoto</strong></span> <span class='ocrx_word' id='word_1_908' title='bbox 2393 5026 2408 5051; x_wconf 96' lang='lat'><strong>,</strong></span> <span class='ocrx_word' id='word_1_909' title='bbox 2445 4995 2503 5040; x_wconf 93' lang='lat' dir='ltr'><strong>ut</strong></span> <span class='ocrx_word' id='word_1_910' title='bbox 2537 5003 2606 5041; x_wconf 88' lang='lat' dir='ltr'><strong>ne</strong></span> <span class='ocrx_word' id='word_1_911' title='bbox 2645 4989 2928 5042; x_wconf 87' lang='lat' dir='ltr'><strong>clamorem</strong></span> <span class='ocrx_word' id='word_1_912' title='bbox 2959 4989 3170 5058; x_wconf 76' lang='lat' dir='ltr'><strong>quidem</strong></span> <span class='ocrx_word' id='word_1_913' title='bbox 3211 5005 3384 5044; x_wconf 89' lang='lat' dir='ltr'><strong>meum</strong></span> <span class='ocrx_word' id='word_1_914' title='bbox 3425 4990 3608 5045; x_wconf 88' lang='lat' dir='ltr'><strong>audire</strong></span> <span class='ocrx_word' id='word_1_915' title='bbox 3639 5007 3732 5045; x_wconf 78' lang='lat' dir='ltr'><strong>va-</strong></span> 
     </span>
    </p>
   </div>
   <div class='ocr_carea' id='block_1_114' title="bbox 2163 5078 3725 5149">
    <p class='ocr_par' dir='ltr' id='par_1_114' title="bbox 2163 5078 3725 5149">
     <span class='ocr_line' id='line_1_114' title="bbox 2163 5078 3725 5149; baseline 0.004 -18"><span class='ocrx_word' id='word_1_916' title='bbox 2163 5078 2292 5132; x_wconf 90' lang='lat' dir='ltr'><strong>leas.</strong></span> <span class='ocrx_word' id='word_1_917' title='bbox 2339 5079 2420 5133; x_wconf 84' lang='lat' dir='ltr'><strong>An</strong></span> <span class='ocrx_word' id='word_1_918' title='bbox 2467 5080 2604 5132; x_wconf 89' lang='lat' dir='ltr'><strong>nosti</strong></span> <span class='ocrx_word' id='word_1_919' title='bbox 2643 5088 2897 5149; x_wconf 84' lang='lat' dir='ltr'><strong>quantum</strong></span> <span class='ocrx_word' id='word_1_920' title='bbox 2945 5081 3224 5135; x_wconf 87' lang='lat' dir='ltr'><strong>admiseris</strong></span> <span class='ocrx_word' id='word_1_921' title='bbox 3269 5082 3502 5136; x_wconf 87' lang='lat' dir='ltr'><strong>malum?</strong></span> <span class='ocrx_word' id='word_1_922' title='bbox 3545 5099 3613 5136; x_wconf 87' lang='lat' dir='ltr'><strong>an</strong></span> <span class='ocrx_word' id='word_1_923' title='bbox 3639 5084 3725 5138; x_wconf 87' lang='lat' dir='ltr'><strong>vel</strong></span> 
     </span>
    </p>
   </div>
   <div class='ocr_carea' id='block_1_115' title="bbox 2162 5172 3731 5242">
    <p class='ocr_par' dir='ltr' id='par_1_115' title="bbox 2162 5172 3731 5242">
     <span class='ocr_line' id='line_1_115' title="bbox 2162 5172 3731 5242; baseline 0.003 -19"><span class='ocrx_word' id='word_1_924' title='bbox 2162 5183 2336 5234; x_wconf 86' lang='lat' dir='ltr'><strong>nunc,</strong></span> <span class='ocrx_word' id='word_1_925' title='bbox 2369 5178 2645 5238; x_wconf 88' lang='lat' dir='ltr'><strong>postquam</strong></span> <span class='ocrx_word' id='word_1_926' title='bbox 2677 5172 3012 5237; x_wconf 89' lang='lat' dir='ltr'><strong>percussisti,</strong></span> <span class='ocrx_word' id='word_1_927' title='bbox 3055 5173 3298 5240; x_wconf 87' lang='lat' dir='ltr'><strong>agnoscis</strong></span> <span class='ocrx_word' id='word_1_928' title='bbox 3358 5188 3514 5242; x_wconf 89' lang='lat' dir='ltr'><strong>quam</strong></span> <span class='ocrx_word' id='word_1_929' title='bbox 3566 5173 3731 5227; x_wconf 88' lang='lat' dir='ltr'><strong>letale</strong></span> 
     </span>
    </p>
   </div>
   <div class='ocr_carea' id='block_1_116' title="bbox 2161 5261 3726 5318">
    <p class='ocr_par' dir='ltr' id='par_1_116' title="bbox 2161 5261 3726 5318">
     <span class='ocr_line' id='line_1_116' title="bbox 2161 5261 3726 5318; baseline 0.002 -4"><span class='ocrx_word' id='word_1_930' title='bbox 2161 5261 2290 5314; x_wconf 91' lang='lat' dir='ltr'><strong>mihi</strong></span> <span class='ocrx_word' id='word_1_931' title='bbox 2319 5263 2506 5315; x_wconf 90' lang='lat' dir='ltr'><strong>vulnus</strong></span> <span class='ocrx_word' id='word_1_932' title='bbox 2534 5262 2827 5316; x_wconf 84' lang='lat' dir='ltr'><strong>inﬂixeris?</strong></span> <span class='ocrx_word' id='word_1_933' title='bbox 2854 5262 3047 5316; x_wconf 90' lang='lat' dir='ltr'><strong>Verum</strong></span> <span class='ocrx_word' id='word_1_934' title='bbox 3085 5264 3198 5318; x_wconf 67' lang='lat' dir='ltr'><strong>hare</strong></span> <span class='ocrx_word' id='word_1_935' title='bbox 3237 5265 3393 5317; x_wconf 89' lang='lat' dir='ltr'><strong>missa</strong></span> <span class='ocrx_word' id='word_1_936' title='bbox 3436 5263 3726 5317; x_wconf 87' lang='lat' dir='ltr'><strong>faciamus:</strong></span> 
     </span>
    </p>
   </div>
   <div class='ocr_carea' id='block_1_117' title="bbox 2161 5351 3729 5422">
    <p class='ocr_par' dir='ltr' id='par_1_117' title="bbox 2161 5351 3729 5422">
     <span class='ocr_line' id='line_1_117' title="bbox 2161 5351 3729 5422; baseline 0.001 -18"><span class='ocrx_word' id='word_1_937' title='bbox 2161 5366 2334 5420; x_wconf 89' lang='lat' dir='ltr'><strong>neque</strong></span> <span class='ocrx_word' id='word_1_938' title='bbox 2362 5352 2499 5404; x_wconf 92' lang='lat' dir='ltr'><strong>enim</strong></span> <span class='ocrx_word' id='word_1_939' title='bbox 2528 5351 2779 5419; x_wconf 90' lang='lat' dir='ltr'><strong>deinceps</strong></span> <span class='ocrx_word' id='word_1_940' title='bbox 2805 5361 3052 5420; x_wconf 89' lang='lat' dir='ltr'><strong>poterunt</strong></span> <span class='ocrx_word' id='word_1_941' title='bbox 3076 5368 3138 5408; x_wconf 90' lang='lat' dir='ltr'><strong>ea</strong></span> <span class='ocrx_word' id='word_1_942' title='bbox 3163 5354 3414 5419; x_wconf 87' lang='lat' dir='ltr'><strong>dissolvi,</strong></span> <span class='ocrx_word' id='word_1_943' title='bbox 3446 5369 3563 5422; x_wconf 82' lang='lat' dir='ltr'><strong>qua:</strong></span> <span class='ocrx_word' id='word_1_944' title='bbox 3595 5353 3729 5407; x_wconf 90' lang='lat' dir='ltr'><strong>facta</strong></span> 
     </span>
    </p>
   </div>
   <div class='ocr_carea' id='block_1_118' title="bbox 2160 5444 3729 5512">
    <p class='ocr_par' dir='ltr' id='par_1_118' title="bbox 2160 5444 3729 5512">
     <span class='ocr_line' id='line_1_118' title="bbox 2160 5444 3729 5512; baseline 0 -16"><span class='ocrx_word' id='word_1_945' title='bbox 2160 5452 2316 5508; x_wconf 91' lang='lat' dir='ltr'><strong>sunt,</strong></span> <span class='ocrx_word' id='word_1_946' title='bbox 2348 5458 2518 5510; x_wconf 88' lang='lat' dir='ltr'><strong>neque</strong></span> <span class='ocrx_word' id='word_1_947' title='bbox 2557 5444 2728 5497; x_wconf 88' lang='lat' dir='ltr'><strong>exitus</strong></span> <span class='ocrx_word' id='word_1_948' title='bbox 2767 5445 2985 5512; x_wconf 89' lang='lat' dir='ltr'><strong>reperiri</strong></span> <span class='ocrx_word' id='word_1_949' title='bbox 3038 5445 3089 5498; x_wconf 93' lang='lat' dir='ltr'><strong>in</strong></span> <span class='ocrx_word' id='word_1_950' title='bbox 3132 5445 3292 5498; x_wconf 87' lang='lat' dir='ltr'><strong>rebus</strong></span> <span class='ocrx_word' id='word_1_951' title='bbox 3332 5446 3472 5498; x_wconf 91' lang='lat' dir='ltr'><strong>exitu</strong></span> <span class='ocrx_word' id='word_1_952' title='bbox 3499 5447 3729 5498; x_wconf 91' lang='lat' dir='ltr'><strong>carenti-</strong></span> 
     </span>
    </p>
   </div>
   <div class='ocr_carea' id='block_1_119' title="bbox 2161 5531 3729 5603">
    <p class='ocr_par' dir='ltr' id='par_1_119' title="bbox 2161 5531 3729 5603">
     <span class='ocr_line' id='line_1_119' title="bbox 2161 5531 3729 5603; baseline 0.002 -19"><span class='ocrx_word' id='word_1_953' title='bbox 2161 5532 2278 5584; x_wconf 86' lang='lat' dir='ltr'><strong>bus.</strong></span> <span class='ocrx_word' id='word_1_954' title='bbox 2316 5531 2449 5597; x_wconf 86' lang='lat' dir='ltr'><strong>Quid</strong></span> <span class='ocrx_word' id='word_1_955' title='bbox 2481 5547 2639 5599; x_wconf 91' lang='lat' dir='ltr'><strong>porro</strong></span> <span class='ocrx_word' id='word_1_956' title='bbox 2689 5532 2754 5585; x_wconf 91' lang='lat' dir='ltr'><strong>ad</strong></span> <span class='ocrx_word' id='word_1_957' title='bbox 2801 5541 3012 5586; x_wconf 77' lang='lat' dir='ltr'><strong>exteros</strong></span> <span class='ocrx_word' id='word_1_958' title='bbox 3063 5533 3337 5587; x_wconf 86' lang='lat' dir='ltr'><strong>dicemus?</strong></span> <span class='ocrx_word' id='word_1_959' title='bbox 3377 5533 3501 5603; x_wconf 80' lang='lat' dir='ltr'><strong>quid</strong></span> <span class='ocrx_word' id='word_1_960' title='bbox 3545 5547 3729 5587; x_wconf 88' lang='lat' dir='ltr'><strong>eorum</strong></span> 
     </span>
    </p>
   </div>
   <div class='ocr_carea' id='block_1_120' title="bbox 2159 5626 3133 5694">
    <p class='ocr_par' dir='ltr' id='par_1_120' title="bbox 2159 5626 3133 5694">
     <span class='ocr_line' id='line_1_120' title="bbox 2159 5626 3133 5694; baseline 0 -15"><span class='ocrx_word' id='word_1_961' title='bbox 2159 5626 2613 5679; x_wconf 89' lang='lat' dir='ltr'><strong>criminationibus</strong></span> <span class='ocrx_word' id='word_1_962' title='bbox 2654 5626 3133 5694; x_wconf 85' lang='lat' dir='ltr'><strong>respondebimus?</strong></span> 
     </span>
    </p>
   </div>
   <div class='ocr_carea' id='block_1_121' title="bbox 2233 5714 3726 5787">
    <p class='ocr_par' dir='ltr' id='par_1_121' title="bbox 2233 5714 3726 5787">
     <span class='ocr_line' id='line_1_121' title="bbox 2233 5714 3726 5787; baseline -0.001 -17"><span class='ocrx_word' id='word_1_963' title='bbox 2233 5717 2284 5770; x_wconf 92' lang='lat'><strong>8.</strong></span> <span class='ocrx_word' id='word_1_964' title='bbox 2310 5714 2648 5785; x_wconf 72' lang='lat' dir='ltr'><strong>Clzrysostomi</strong></span> <span class='ocrx_word' id='word_1_965' title='bbox 2665 5716 2888 5787; x_wconf 81' lang='lat' dir='ltr'><strong>defensio</strong></span> <span class='ocrx_word' id='word_1_966' title='bbox 2909 5733 3020 5770; x_wconf 83' lang='lat' dir='ltr'><strong>cum</strong></span> <span class='ocrx_word' id='word_1_967' title='bbox 3041 5717 3420 5787; x_wconf 78' lang='lat' dir='ltr'><strong>reprehensione</strong></span> <span class='ocrx_word' id='word_1_968' title='bbox 3440 5718 3726 5785; x_wconf 82' lang='lat' dir='ltr'><strong>coniuncta.</strong></span> 
     </span>
    </p>
   </div>
  </div>
