4050 6160
238 255 334 308 627
1232 245 1305 287 "‘"

230 365 383 423 νέντα
414 384 521 421 που
541 365 644 440 τῆς
670 368 878 433 πόλεως
909 380 958 436 ο,
984 363 1239 431 λαϐόντες
1266 369 1578 439 καταμόνας
1619 368 1734 422 ὅσοι
1771 369 1908 440 πρὸς

230 457 370 527 ήμάς
405 456 625 518 οἰκείως
676 455 898 526 ἔχουσι,
951 455 1029 526 τῷ
1060 456 1269 509 πλείονί
1311 473 1377 527 με
1424 456 1527 526 τῆς
1574 448 1910 528 κατηγορίας

228 543 589 598 ὑποϐάλλουσι
623 544 803 615 μέρει.
856 543 1047 597 Εἰδότα
1079 543 1190 615 γάρ
1219 544 1384 597 αὑτοῦ
1410 546 1510 615 τὴν
1539 543 1786 616 γνώμην,
1807 562 1910 615 φα-

228 636 331 698 σὶν,
362 634 483 688 οὑδὲ
512 632 624 705 γάρ
653 633 721 688 ἀν
745 651 804 687 σε
835 633 994 688 ἔλαθέ
1022 651 1074 688 τι
1105 634 1215 688 τῶν
1242 635 1474 700 ἐκείνου,
1504 638 1605 689 οὑκ
1635 635 1742 689 ἔδει
1768 637 1907 689 ἀπο-

230 720 558 795 ειρύψασθαι,
580 720 699 776 ἀλλ’
720 723 753 793 ή
762 726 851 793 μίν
868 721 1337 777 ἀνακοινώσασθαι
1363 724 1550 795 ἐχρῆν,
1577 724 1671 778 καὶ
1692 724 1909 788 πάντως

226 810 326 864 οὑκ
352 809 420 863 ἂν
442 811 698 880 ήπορήσα
707 827 807 881 μεν
842 811 1092 881 μηχανῆς
1116 810 1252 881 πρὸς
1281 810 1379 882 τὴν
1413 812 1605 884 ἀγραν.
1658 810 1801 881 Ἐγὼ
1829 812 1907 877 δέ,

225 899 307 952 ὅτι
335 897 436 968 μέν
484 915 544 951 σε
585 897 689 951 οὑκ
731 898 877 969 ⁴ᾔδειν
922 900 986 951 ἐκ
1025 898 1219 951 πολλοῦ
1285 897 1459 953 ταῦτα
1502 899 1908 971 βουλευόμενον,

223 987 553 1058 αἰσχύνομαι
600 986 694 1042 καὶ
740 985 978 1057 ἐρυθριῶ
1021 985 1161 1058 πρὸς
1196 987 1436 1050 ἐκείνους
1474 989 1669 1051 εἰπεῖν,
1698 989 1910 1059 μήποτε

226 1076 321 1129 καὶ
348 1076 641 1148 ὑπόκρισιν
662 1075 762 1147 τὴν
792 1075 1067 1146 ἡμετέραν
1100 1070 1242 1129 εἶναι
1288 1076 1554 1147 νομίσωσι
1601 1077 1805 1146 φιλίαν.
1846 1078 1910 1130 ΕΞ

223 1163 334 1235 γὰρ
362 1164 459 1218 καὶ
490 1164 661 1227 ἐστιν,
692 1162 883 1234 ὥσπερ
913 1158 1005 1216 οὖν
1035 1162 1128 1216 καὶ
1165 1162 1332 1230 ἐστιν,
1370 1164 1464 1219 καὶ
1505 1164 1628 1217 οὑδέ
1655 1162 1720 1217 ἂν
1747 1164 1911 1229 αὐτὸς

221 1251 561 1323 ἀρνηθείης,
608 1251 668 1318 ἐξ
704 1241 781 1305 ὧν
829 1253 909 1315 είς
955 1251 1103 1323 ἡμᾶς
1159 1250 1402 1323 ἔπραξας
1454 1251 1579 1306 νῦνο
1612 1251 1749 1305 ἀλλά
1784 1253 1911 1315 τοὺς

221 1338 425 1403 ἔξωθεν
458 1340 549 1392 καὶ
578 1338 809 1410 μετρίαν
848 1337 978 1407 γοῦν
1014 1338 1144 1409 περὶ
1177 1338 1333 1409 ήμῶν
1362 1338 1585 1410 ἔχοντας
1619 1338 1777 1404 δόξαν
1810 1356 1912 1392 κα-

220 1424 314 1478 λὸν
361 1425 435 1480 τὰ
485 1425 736 1497 ἡμέτερα
780 1424 1043 1495 κρύπτειν
1078 1425 1244 1481 κακά.
1281 1426 1470 1480 Είπεῖν
1507 1427 1606 1496 μὲν
1639 1423 1732 1480 οὖν
1774 1428 1912 1498 πρὸς

220 1513 423 1575 αὐτοὺς
459 1511 711 1582 τάληθὲς,
738 1512 832 1566 καὶ
863 1512 939 1574 ὡς
963 1510 1080 1582 ἔχει
1110 1512 1181 1566 τά
1206 1511 1327 1565 καθ’
1345 1514 1510 1583 ἡμᾶς,
1544 1512 1687 1566 ὀκνῶ
1706 1530 1719 1543 ·
1741 1513 1911 1582 ἀναγ-

220 1600 463 1671 κάζομαι
493 1600 552 1652 δέ
573 1598 759 1653 λοιπὸν
789 1600 998 1671 σιωπᾷν
1026 1599 1120 1652 καὶ¹
1142 1598 1372 1654 κύπτειν
1404 1603 1485 1663 είς
1519 1600 1623 1671 γῆν
1655 1602 1749 1654 καὶ
1783 1602 1910 1665 τοὺς

220 1687 583 1751 ἀπαντῶντας
632 1686 999 1759 ἐκτρέπεσθαι
1046 1687 1143 1741 καὶ
1179 1688 1487 1760 ἀποπηδῷ.
1520 1689 1640 1743 Κᾶν
1672 1689 1780 1760 γὰρ
1812 1689 1910 1760 τὴν

218 1777 498 1850 προτέραν
523 1775 750 1844 ἐκφύγω
783 1776 1150 1845 κατάγνωσιν,
1176 1775 1406 1846 ψεύδους
1450 1777 1665 1848 ἀνάγκη
1702 1795 1769 1848 με
1797 1777 1914 1847 κρί-

219 1866 415 1921 νεσθαι
441 1864 652 1919 λοιπόν.
680 1865 818 1919 Οὐδὲ
847 1864 957 1936 γάρ
982 1863 1300 1936 ἐθελήσουσι
1331 1882 1418 1936 μοι
1438 1864 1730 1919 πιστεῦσαί
1756 1882 1908 1931 ποτε,

219 1955 307 2009 ὅτι
329 1955 428 2008 καὶ
458 1952 740 2008 Βασίλειον
765 1952 903 2024 μετά
929 1951 1040 2006 τῶν
1088 1952 1263 2007 ἀλλων
1296 1951 1491 2018 ἔταξας
1511 1992 1525 2017 ,
1552 1947 1634 2017 οἷς
1661 1954 1722 2007 ού
1754 1952 1912 2025 Θέμις

222 2044 426 2098 εἰδέναι
474 2042 545 2096 τὰ
577 2041 668 2096 σά.
708 2041 869 2095 Ἀλλά
910 2040 1117 2094 τούτων
1168 2042 1267 2113 μὲν
1299 2042 1361 2095 ού
1406 2040 1573 2105 πολύς
1620 2059 1709 2112 μοι
1732 2041 1909 2110 λόγος,

221 2131 415 2202 ἐπειδή
452 2147 535 2184 σοι
563 2129 726 2184 τοῦτο
753 2129 980 2199 γέγονεν
1007 2128 1106 2199 ήδύ
1126 2147 1141 2161 ο
1172 2130 1272 2202 τὴν
1306 2129 1363 2184 δὲ
1389 2128 1582 2201 λοιπὴν
1609 2129 1638 2169 ιι
1673 2129 1792 2193 πῶς
1828 2129 1911 2182 οἵ.

221 2236 395 2291 σομεν
422 2217 690 2289 αἰσχύνην
715 2234 730 2284 ;
762 2218 825 2270 Οί
851 2217 951 2288 μὲν
975 2215 1085 2288 γάρ
1110 2217 1368 2281 ἀπονοίας
1386 2258 1400 2280 ,
1434 2218 1485 2270 οἱ
1519 2216 1576 2271 δὲ
1610 2215 1912 2287 φιλοδοξίας

222 2325 285 2361 σε
311 2308 623 2380 γράφονται
642 2323 655 2336 ·
704 2305 820 2358 ὅσοι
857 2304 913 2357 δέ
944 2306 1081 2358 εἰσιν
1110 2304 1484 2376 ἀφειδέστεροι
1515 2303 1623 2358 τῶν
1651 2304 1912 2375 αἰτιωμέ-

218 2414 349 2457 νων,
384 2393 564 2448 ταῦτά
589 2411 649 2446 τε
688 2394 824 2465 ἡμῖν
878 2391 1169 2463 ἀμφότερα
1221 2392 1547 2461 ἐγκαλοῦσιν
1599 2388 1738 2462 ὁμοῦ
1764 2433 1779 2458 ,
1815 2391 1910 2444 καὶ
1940 2410 1945 2415 λ

220 2480 582 2555 προστιθέασι
609 2482 709 2551 τήν
734 2483 814 2543 είς
844 2480 971 2543 τοὺς
999 2480 1365 2551 τετιμηκότας
1396 2479 1576 2552 ὕϐριν,
1594 2478 1779 2533 δίκαια
1808 2495 1909 2532 πε-

221 2570 481 2625 πονθέναι
517 2570 770 2639 λέγοντες
805 2568 1023 2632 αὐτοὺς,
1058 2569 1154 2622 καὶ
1191 2569 1241 2621 εί
1292 2567 1516 2640 μείζονα
1562 2567 1768 2622 τούτων
1796 2568 1913 2622 ἀτι-

224 2656 532 2730 μασθέντες
559 2657 751 2728 ἔτυχον
791 2656 919 2727 παρ’
972 2655 1150 2727 ἡμῶν,
1183 2657 1268 2709 ὅτι
1309 2655 1601 2720 τοσούτους
1630 2656 1725 2710 καὶ
1762 2655 1913 2728 τηλι-

220 2746 455 2809 κούτονς
484 2745 720 2815 ἀφέντες
750 2743 971 2814 ἄνδρας,
1002 2744 1261 2814 μειράκια
1307 2743 1437 2814 χθές
1481 2744 1579 2797 καὶ
1610 2743 1805 2817 πρώην
1831 2744 1910 2799 ἐτι

220 2837 344 2899 ταῖς
368 2832 468 2887 τοῦ
500 2833 617 2904 βίου
640 2832 933 2904 μερίμναις
955 2831 1432 2903 ἐγκαλινδούμενα,
1462 2832 1549 2887 ἵνα
1564 2833 1754 2904 χρόνον
1780 2833 1913 2906 βρα-

222 2925 325 2994 χὺν
348 2922 451 2985 τὰς
479 2921 653 2993 ὀφρῦς
681 2919 1050 2988 συναγάγωσι,
1079 2918 1173 2973 καὶ
1205 2920 1342 2989 φαιά
1371 2920 1795 2992 περιϐάλωνται,
1818 2922 1911 2976 καὶ

223 3010 532 3079 κατήφειαν
562 3007 983 3078 ὑποκρίνωνται,
1006 3004 1268 3076 ἐξαίφνης
1297 3007 1378 3070 είς
1404 3006 1673 3079 τοσαύτην
1703 3007 1911 3078 ἤγαγον

222 3096 413 3168 τιμὴν,
445 3097 583 3165 ὅσην
609 3095 733 3149 οὐδὲ
759 3094 893 3165 ὄναρ
927 3093 1194 3165 λήψεσθαι
1230 3094 1663 3165 προσεδόκησαν.
1723 3095 1829 3148 Καὶ
1857 3096 1909 3148 οί

227 3187 328 3256 μὲν
354 3186 424 3238 ἐκ
462 3182 687 3255 πρώτης
733 3181 954 3254 ήλικίας
987 3183 1065 3244 εἰς
1102 3181 1328 3252 ἔσχατον
1364 3182 1543 3254 γῆρας
1571 3181 1668 3254 τὴν
1700 3182 1911 3236 ἐαυτῶν

225 3272 570 3336 ἐκτείναντες
597 3271 849 3340 ἄσκησιν,
885 3272 942 3323 ἐν
965 3271 1079 3333 τοῖς
1114 3268 1441 3341 ἀρχομένοις
1472 3269 1610 3324 είσίν
1631 3286 1646 3301 ·
1682 3269 1910 3342 ἄρχουσι
1956 3264 1963 3270 ’

224 3363 282 3416 δέ
306 3360 495 3415 αὐτῶν
528 3363 579 3414 οἱ
610 3360 800 3423 παῖδες
838 3358 1036 3421 αὐτῶν,
1071 3359 1166 3411 καὶ
1206 3358 1343 3428 μηδέ
1384 3357 1509 3422 τοὺς
1541 3356 1739 3428 νόμους
1771 3360 1913 3429 ἀκη-

226 3449 415 3514 κοότες
441 3448 566 3503 καθ’
598 3446 692 3510 οὒς
715 3445 923 3516 ταύτην
955 3445 1035 3499 δεῖ
1063 3445 1285 3499 διοικεῖν
1305 3444 1405 3517 τὴν
1430 3446 1606 3516 ἀρχήν
1640 3456 1687 3499 ο.
1726 3446 1911 3499 Ταῦτα

225 3536 323 3591 καὶ
355 3537 581 3590 πλείονα
616 3533 823 3588 τούτων
860 3533 1109 3603 λέγοντες
1136 3532 1377 3604 συνεχῶς
1399 3534 1530 3604 ήμῖν
1568 3533 1907 3603 ἐπιφύονται.

238 3626 384 3696 Ἐγὼ
415 3625 521 3679 δὲὸ
545 3641 601 3678 τι
638 3624 738 3694 μὲν
779 3621 1194 3694 ἀπολογήσομαι
1242 3621 1378 3693 πρὸς
1408 3620 1583 3675 ταῦτα
1630 3623 1731 3675 οὑκ
1780 3622 1908 3693 ἔχω,

224 3713 418 3783 δέομαι
463 3712 522 3766 δέ
578 3728 672 3765 σου
709 3710 916 3783 φράσαι
954 3727 1067 3781 μοι.
1101 3709 1235 3775 Οὑδὲ
1274 3709 1384 3781 γάρ
1416 3708 1602 3774 ἀπλῶς
1630 3709 1749 3763 οὑδέ
1788 3711 1909 3782 είκῆ

222 3802 437 3870 ταύτην
469 3796 624 3872 οἶμαί
678 3817 738 3854 σε
773 3802 963 3869 φυγεῖν
994 3793 1093 3870 τὴν
1144 3796 1345 3869 φυγὴν,
1397 3798 1493 3852 καὶ
1541 3797 1680 3869 πρὸς
1710 3797 1910 3870 ἀνδρας

228 3889 373 3943 οὕτω
404 3888 679 3960 μεγάλους
710 3888 983 3958 τοσαύτην
1010 3885 1371 3953 ἀναδέξασθαι
1408 3885 1509 3957 τὴν
1533 3884 1755 3957 ἔχθραν,
1777 3886 1912 3940 ἀλλά

234 3977 374 4047 μετά
404 3993 554 4038 τινος
582 3974 847 4046 λογισμοῦ
874 3975 968 4029 καὶ
992 3973 1238 4044 σκέψεως
1264 3973 1357 4027 ἐπὶ
1379 3972 1541 4027 τοῦτο
1570 3974 1767 4037 ἐλθεῖν,
1789 3974 1911 4028 ὅθεν

230 4066 324 4119 καὶ
358 4065 520 4152 λόγον
546 4065 766 4152 ἕτοιμον
798 4059 936 4152 εἶναί
964 4078 1044 4152 σοι
1069 4060 1215 4152 πρὸς-
1234 4061 1531 4152 ἀπολογίαν
1555 4062 1906 4134 στοχάζομαι.

231 4154 367 4207 Εἰπὲ
393 4149 489 4208 οὖν
518 4152 573 4205 εί
595 4148 719 4205 τινα
736 4151 1007 4222 πρόφασιν
1024 4148 1178 4223 [567]
1197 4149 1411 4203 δικαίαν
1432 4150 1566 4220 πρὸς
1596 4151 1721 4213 τοὺς
1742 4152 1909 4219 ἐγκα-

230 4238 467 4305 λοῦντας
498 4240 844 4311 δυνησόμεθα
884 4238 1084 4308 λέγειν.
1139 4232 1244 4292 Ὧν
1294 4236 1404 4309 γὰρ
1453 4239 1614 4302 αὑτὸς
1645 4239 1910 4310 ἠδίκημαι

230 4329 383 4400 παρά
408 4327 527 4393 σοῦ,
561 4327 754 4383 οὐδένα
778 4326 996 4381 ἀπαιτῶ
1023 4326 1201 4397 λόγον,
1239 4327 1338 4398 οὑχ
1368 4320 1443 4380 ὧν
1472 4326 1782 4398 ἡπάτησας,
1813 4329 1910 4400 οὑχ

229 4410 305 4471 ὧν
331 4416 682 4489 προύδωκας,
714 4416 812 4486 οὐχ
854 4409 928 4470 ὧν
961 4416 1286 4487 ἀπήλαυσας
1325 4416 1454 4488 παρ’
1493 4416 1649 4487 ήμῶν
1697 4416 1911 4472 ἅπαντα

227 4505 321 4558 τὸν
349 4505 663 4577 ἔμπροσθεν
692 4505 902 4576 χρόνον.
943 4505 1136 4575 Ἡμεῖς
1167 4504 1270 4574 μέν
1307 4502 1415 4574 γὰρ
1464 4505 1556 4557 καὶ
1594 4503 1694 4576 τὴν
1733 4504 1911 4576 ψυχὴν

226 4594 331 4666 τὴν
351 4595 651 4666 ἡμετέραν,
680 4594 757 4658 ὡς
786 4595 982 4659 εἰπεῖν,
1002 4593 1281 4664 φέροντες,
1313 4591 1651 4664 ἐνεθήκαμέν
1675 4609 1768 4648 σου
1793 4595 1911 4658 ταῖς

228 4683 422 4754 χερσί·
460 4684 525 4736 σὺ
551 4682 609 4735 δέ
643 4682 882 4754 τοσαύτῃ
911 4683 1046 4753 πρὸς
1080 4682 1227 4753 ἡμᾶς
1254 4681 1475 4752 ἐχρήσω
1492 4682 1559 4751 τῇ
1578 4683 1908 4753 πανουργίᾳ,

225 4770 442 4842 δσῃπερ
475 4769 543 4824 ἂν
587 4771 637 4823 εί
684 4770 977 4841 πολεμίους
1030 4769 1117 4823 σοί
1150 4785 1304 4832 τινας
1361 4767 1701 4839 φυλάξασθαι
1745 4768 1913 4841 προὺ-

224 4876 402 4916 κειτο.
458 4861 650 4915 Καίτοι
691 4876 754 4929 γε
783 4860 973 4931 ἐχρῆν,
1019 4860 1068 4912 εί
1099 4859 1198 4929 μέν
1230 4858 1507 4927 ὠφέλιμον
1533 4856 1737 4927 ταύτην
1765 4858 1913 4929 ᾔδεις

221 4944 397 5003 οὖσαν
421 4948 523 5020 τὴν
544 4948 793 5019 γνώμην,
834 4948 967 5018 μηδὲ
991 4947 1164 5017 αὐτῆς
1203 4947 1265 5000 τὸ
1288 4945 1313 4984 δ
1357 4945 1551 5017 κέρδος
1595 4949 1785 5015 φυγεῖν
1805 4963 1818 4977 ο
1862 4950 1911 5000 εί

220 5038 281 5092 δὲ
312 5036 613 5107 ἐπιϐλαϐῆ.
648 5037 745 5091 καὶ¹
778 5038 946 5107 ἡμᾶς,
978 5034 1072 5100 οὒς
1099 5035 1354 5089 ἀπάντων
1378 5034 1466 5088 ἀεὶ
1495 5036 1768 5106 προτιμᾷν
1792 5035 1911 5089 ἐλε-

220 5143 343 5197 γες,
398 5127 712 5192 ἀπαλλάξαι
746 5126 847 5196 τῆς
893 5124 1114 5197 ζημίας.
1146 5125 1219 5178 Σὺ
1252 5124 1308 5177 δέ
1336 5125 1431 5177 καὶ
1457 5125 1603 5187 ὅπως
1637 5125 1911 5195 ἐμπεσού-

226 5214 373 5285 μεθα
418 5215 641 5269 ἅπαντα
686 5212 960 5285 ἔπραξας’
1009 5211 1104 5266 καὶ
1143 5211 1297 5265 δόλου
1328 5228 1410 5265 σοι
1440 5213 1535 5266 καὶ
1567 5211 1911 5283 ὑποκρίσεως

222 5304 450 5376 ἐδέησεν
480 5302 638 5356 οὐδὲν
676 5301 813 5373 πρὸς
839 5301 931 5354 τδν
960 5300 1162 5364 ἀδόλως
1207 5300 1301 5353 καὶ
1340 5299 1528 5363 ἁπλῶς
1570 5298 1788 5355 ἅπαντα
1818 5303 1912 5356 καὶ

220 5393 408 5463 λέγειν
430 5393 528 5446 καὶ
568 5390 834 5464 πράττειν
866 5389 1093 5444 εἰωθότα
1125 5388 1262 5462 πρὸς
1283 5390 1363 5443 σέ.
1409 5389 1550 5442 Ἀλλ’
1578 5390 1746 5460 ὅμως,
1773 5392 1909 5461 ὅπερ

283 5499 310 5570 ξ
338 5500 588 5570 ριιοωεε.
614 5496 819 5569 φανένῖα
840 5496 1116 5570 ﬁgunt-fear:
1135 5496 1273 5559 μέρος
1292 5493 1600 5570 ξῇςηρτὸλεῳς.

281 5556 312 5596 δ
336 5565 564 5622 Quatuor
585 5556 705 5607 mss.
730 5560 826 5622 τῷν
850 5558 901 5622 δέ
922 5556 1118 5622 λοιπῶν,
1139 5556 1265 5622 qua;
1291 5556 1442 5622 le_ctio
1472 5568 1567 5622 pou
1582 5617 1591 5622 _
1607 5557 1906 5622 spernenda.

282 5640 304 5667 ε
330 5617 543 5684 Quidam
571 5633 692 5669 mss.
719 5620 823 5666 καθ’
847 5620 926 5674 οὓς
945 5619 1119 5684 ταύτην
1135 5617 1304 5684 αύτούς
1326 5617 1516 5684 διοικεῖν
1647 5617 1814 5684 ἀρχήγ.

282 5693 308 5723 ιι
330 5678 413 5735 Sic
437 5687 660 5732 maxima
683 5692 797 5742 pars
821 5693 932 5727 mss.
966 5681 1090 5742 ladiu
1133 5688 1180 5728 el
1210 5682 1291 5728 alii
1326 5680 1452 5742 μηδέ
1490 5679 1633 5726 αὑτὸν
1673 5678 1744 5727 τό.
1783 5678 1908 5728 Infra

215 5750 347 5799 οὐδέν
369 5754 481 5812 post
503 5740 706 5801 ἐδέησεν
729 5743 866 5789 dves!
891 5743 936 5789 ia
960 5740 1107 5790 Smil.
1136 5750 1182 5790 el
1206 5743 1251 5790 in
1273 5741 1455 5801 aliquot
1490 5754 1603 5788 mss.

660 5830 935 5892 ΡΑτιιοι..
981 5831 1094 5891 Gn.
1145 5832 1405 5896 XLVIII

1557 251 1645 308 DE
1678 250 2126 309 SACERDOTIO
2165 250 2297 307 LIB.
2341 251 2378 305 Ι.

2016 368 2174 439 ἔφην,
2213 367 2367 421 οὐδὲν
2399 366 2605 420 τούτων
2625 365 2841 437 ἐγκαλῶ
2870 365 2987 431 νῦν,
3016 367 3138 422 ούδέ
3165 367 3419 446 ὀνειδίζω
3434 368 3531 443 τήν
3563 372 3700 443 ἐρη-

2016 455 2167 526 μίαν,
2203 456 2285 520 είς
2311 455 2379 527 ἢν
2422 454 2766 525 κατέστησας
2794 457 2966 527 ἡμᾶς,
3000 456 3100 521 τὰς
3136 457 3392 520 συνόδους
3434 457 3700 527 διακόψας

2011 543 2246 608 ἐκείνας,
2274 542 2334 609 ἐξ
2362 537 2437 598 ὧν
2467 545 2563 597 καὶ
2585 543 2780 616 ήδονήν
2801 544 2895 599 καὶ
2920 543 3192 615 ὠφέλειαν
3220 544 3283 597 ού
3306 545 3405 616 τὴν
3427 544 3699 616 τυχοῦσαν

2014 632 2458 705 ἐκαρπωσάμεθα
2507 631 2802 696 πολλάκιςο
2859 631 2998 687 ἀλλά
3043 632 3223 686 πάντα
3266 633 3441 686 ταῦτα
3471 632 3700 704 ἀφίημι,

2012 720 2108 774 καὶ
2131 719 2282 792 φέρω
2312 723 2436 792 σιγῇ
2468 720 2564 773 καὶ
2593 719 2785 792 πράως
2804 736 2817 750 ο
2856 720 2955 773 οὑκ
2981 720 3170 793 ἐπειδὴ
3201 721 3394 791 πράως
3438 722 3518 785 είς
3547 722 3700 792 ἡμᾶς

2015 806 2449 879 ἐπλημμέλησας
2472 850 2487 874 ,
2522 807 2640 862 ἀλλ’
2679 808 2868 881 ἐπειδὴ
2908 808 3096 862 τοῦτον
3121 808 3295 881 ἔθηκα
3336 808 3562 879 ἐμαυτῷ
3610 808 3703 862 τὸν

2015 895 2177 966 νόμον
2205 894 2314 949 ἀπὸ
2345 896 2443 964 τῆς
2475 895 2688 966 ἡμέρας
2734 895 2950 966 ἐκείνης
2978 891 3045 967 ἧς
3081 896 3182 967 τὴν
3232 896 3414 966 φιλίαν
3463 894 3703 966 ἔστερξα

2014 982 2113 1055 τὴν
2143 981 2241 1054 σὴν
2266 1022 2280 1047 ,
2328 981 2470 1054 ὑπὲρ
2518 975 2594 1035 ὧν
2624 981 2690 1036 ἂν
2717 981 2877 1055 θέλῃς
2901 984 3047 1054 ἡμᾶς
3075 983 3289 1049 λυπεῖν,
3341 983 3612 1056 μηδέποτέ
3643 1001 3705 1037 σε

2015 1073 2096 1133 εἰς
2120 1069 2417 1139 ἀπολογίας
2449 1070 2695 1142 ἀνάγκην
2729 1071 3016 1143 καθιστᾷν.
3067 1072 3241 1137 Ἐπεὶ,
3280 1072 3364 1126 ὅτι
3406 1088 3472 1141 γε
3512 1072 3572 1126 οὑ
3616 1089 3707 1143 μι-

2015 1157 2154 1226 κράν
2184 1169 2208 1197 ο
2246 1158 2352 1229 τὴν
2380 1158 2583 1229 ζημίαν
2617 1161 2751 1229 ἡμῖν
2783 1159 3086 1229 ἐπήγαγες,
3128 1155 3287 1214 οἶσθα
3309 1160 3401 1215 καὶ⁵
3437 1159 3623 1225 αὐτὸς,
3656 1159 3710 1214 εῖ

2016 1262 2080 1315 γε
2112 1246 2388 1317 μέμνησαι
2420 1247 2527 1300 τῶν
2579 1247 2862 1318 ῥημάτων,
2906 1247 3132 1301 καὶτῶν
3162 1246 3315 1319 παρά
3352 1247 3463 1300 τῶν
3505 1247 3705 1321 ἔξωθεν

2016 1335 2144 1406 περὶ
2170 1334 2347 1404 ήμῶν,
2376 1334 2469 1387 καὶ
2498 1332 2608 1387 τῶν
2634 1336 2723 1404 ὑφ’
2751 1334 2910 1407 ήμῶν
2940 1334 3253 1407 λεγομένων
3283 1335 3370 1389 ἀεί
3390 1351 3403 1367 ο
3433 1335 3606 1389 ταῦτα
3646 1336 3704 1389 δὲ

2013 1416 2105 1493 ἦν,
2146 1422 2228 1475 ὅτι
2254 1421 2389 1474 πολὺ
2430 1422 2621 1494 κέρδος
2644 1424 2775 1494 ἡμῖν
2810 1423 3109 1494 όμοψύχοις
3145 1422 3285 1478 εἷναί
3319 1441 3377 1478 τε
3413 1425 3507 1478 καὶ
3531 1423 3707 1495 φράτ-

2014 1509 2203 1564 τεσθαι
2229 1513 2295 1582 τῇ
2327 1510 2464 1583 πρὸς
2488 1511 2749 1583 ἀλλήλους
2778 1512 2951 1584 φιλίᾳ.
2980 1513 3091 1566 Καὶ
3117 1514 3165 1567 οἱ
3197 1513 3295 1583 μὲν
3314 1512 3463 1567 ἄλλοι
3501 1514 3704 1577 πάντες

2015 1597 2240 1668 ἔλεγον,
2290 1599 2388 1653 καὶ
2435 1599 2645 1670 ἑτέροις
2702 1599 2917 1664 πολλοῖς
2948 1601 3008 1653 ού
3053 1601 3259 1672 μικρὰν
3293 1600 3564 1670 ὠφέλειαν
3604 1596 3705 1673 τὴν

2017 1687 2291 1759 ἡμετέραν
2332 1688 2502 1743 οἴσειν
2541 1688 2793 1760 ὁμόνοιαν
2815 1706 2830 1719 ·
2869 1688 2982 1758 ἐγὼ
3009 1689 3066 1743 δέ
3096 1689 3367 1758 ὠφέλειαν
3420 1688 3519 1759 μὲν
3548 1690 3704 1743 οὐδέ·-

2017 1793 2145 1828 ποτε
2170 1776 2453 1847 ἐνενόησα,
2476 1776 2538 1829 τό
2562 1794 2626 1845 γε
2658 1777 2739 1840 είς
2768 1776 2869 1846 ἐμὲ
2899 1772 3056 1850 ἧκον,
3086 1777 3345 1849 παρέξειν
3374 1779 3547 1831 τισίνθ
3584 1778 3704 1832 ἔλε-

2016 1880 2111 1933 γον
2132 1863 2208 1930 δὲ,
2234 1863 2320 1917 ὅτι
2346 1862 2504 1917 τοῦτο
2537 1864 2669 1932 γοῦν
2697 1867 2791 1919 ἀπ’
2817 1865 2991 1935 αὐτῆς
3027 1865 3405 1936 κερδανοῦμεν
3429 1866 3620 1938 κέρδος
3640 1868 3703 1921 οὑ

2020 1950 2237 2023 μικρὸν,
2266 1951 2328 2004 τὸ
2350 1950 2702 2023 δυσχείρωτοι
2727 1952 2982 2021 γενέσθαι
3024 1953 3043 1992 τ
3078 1955 3192 2017 τοῖς
3221 1953 3702 2023 καταγωνίσασθαι

2017 2037 2536 2111 βουλομένοιςήμάς.
2552 2040 2664 2093 Καὶ
2681 2040 2855 2095 ταῦτά
2877 2058 2937 2094 σε
2956 2041 3390 2113 ὑπομιμνήσκων
3418 2042 3519 2096 οὑκ
3539 2044 3703 2097 ἐπαυ-

2016 2125 2197 2196 σάμην
2221 2126 2372 2179 ποτέ.
2400 2126 2652 2190 Χαλεπὸς
2679 2128 2708 2180 ὁ
2731 2127 2950 2200 καιρόςο
2993 2130 3042 2182 οἱ
3089 2128 3534 2193 ἐπιϐουλεύοντες
3573 2130 3703 2183 πολ-

2013 2214 2123 2268 λοί·
2151 2217 2211 2269 τὸ
2244 2217 2343 2288 τῆς
2376 2217 2598 2288 ἀγάπης
2632 2219 2856 2289 γνήσιον
2900 2218 3182 2274 ἀπόλωλεν
3205 2236 3219 2250 ο
3260 2220 3617 2291 ἀντεισῆκται
3643 2219 3701 2274 δὲ

2013 2305 2042 2356 ὁ
2076 2304 2178 2374 τῆς
2220 2303 2520 2374 βασκανίας
2560 2304 2812 2378 ὄλεθρος·
2840 2308 2898 2361 ἐν
2952 2307 3105 2378 μέσῳ
3144 2307 3387 2375 παγίδων
3430 2308 3703 2363 διαϐαίνο-

2017 2406 2140 2461 μεν,
2178 2392 2274 2444 καὶ
2311 2391 2405 2444 ἐπὶ
2454 2391 2735 2458 ἐπάλξεων
2774 2392 2987 2447 πόλεων
3020 2394 3435 2465 περιπατοῦμεν
3457 2410 3473 2425 ο
3510 2395 3561 2448 οί
3599 2395 3699 2466 μὲν

2014 2478 2219 2549 ἕτοιμοι
2244 2481 2360 2543 τοῖς
2380 2480 2672 2551 ἡμετέροις
2694 2480 2999 2552 ἐφησθῆναι
3031 2484 3241 2546 κακοῖς,
3262 2482 3315 2535 εί
3331 2483 3461 2535 ποτέ
3484 2499 3536 2536 τι
3562 2499 3705 2554 συμ-

2015 2564 2143 2637 ϐαίη
2162 2605 2177 2632 ,
2205 2566 2390 2621 πολλοὶ⁹
2421 2568 2514 2622 καὶ
2552 2566 2884 2639 πολλαχόθεν
2913 2571 2938 2610 8
2955 2570 3323 2642 ἐφεστήκασιν
3341 2587 3353 2601 ο
3380 2571 3480 2626 όδὲ
3506 2570 3705 2626 συναλ-

2014 2654 2202 2724 γήσων
2240 2653 2416 2717 οὐδεὶς
2443 2694 2458 2720 ,
2491 2654 2524 2725 ἥ
2570 2657 2664 2708 καὶ
2697 2655 3060 2727 εὐαρίθμητοι
3109 2658 3250 2710 λίαν.
3285 2657 3431 2728 Ὅρα
3479 2656 3553 2728 μὴ
3582 2656 3702 2710 δια-

2016 2742 2240 2804 στάντες
2262 2742 2394 2794 ποτέ
2425 2743 2594 2796 πολὺν
2627 2742 2718 2795 τὸν
2747 2742 2958 2812 γέλωτα
2979 2744 3326 2816 ὀφλήσωμεν.
3362 2745 3456 2798 καὶ
3485 2743 3581 2797 τοῦ
3605 2744 3701 2813 γέ-

2012 2826 2183 2892 λωτος
2233 2828 2456 2899 μείζονα
2496 2828 2594 2901 τὴν
2641 2830 2882 2903 ζημίαν
2934 2832 3219 2902 Ἀδελφὸς
3258 2832 3379 2887 ὑπὸ
3429 2832 3700 2903 ἀδενὶεςοῦ

2007 2919 2423 2988 ,βοηθούμενος
2444 2920 2523 2986 ὡς
2555 2923 2734 2987 πόλις
2755 2924 2965 2991 ὀχυρὰ,
2991 2924 3092 2978 καὶ
3123 2925 3204 2991 ὼς
3237 2926 3698 2996 μεμοχλειινμένη

2009 3008 2321 3072 βασιλεία.
2372 3008 2464 3079 Μὴ
2503 3008 2568 3080 δὴ
2622 3008 2883 3082 διαλύσῃς
2927 3012 3132 3084 ταύτην
3182 3012 3284 3084 τὴν
3343 3013 3699 3085 γνησιότητα,

2016 3095 2150 3165 μηδέ
2173 3095 2435 3169 διακόψῃς
2455 3096 2544 3150 τὸν
2576 3097 2790 3168 μοχλόν.
2815 3098 3000 3152 Ταῦτα
3025 3100 3120 3153 καὶ⁵
3146 3099 3218 3153 τά
3248 3100 3454 3155 τούτων
3477 3101 3700 3155 πλείονα

1979 3184 2201 3251 ,ἔλεγον
2238 3183 2475 3255 συνεχῶς
2501 3225 2517 3248 ,
2573 3186 2725 3238 οὐδὲν
2762 3186 2860 3255 μέν
2909 3204 3042 3240 ποτε
3077 3187 3403 3241 ὑποπτεύων
3435 3188 3699 3253 τοιοῦτον,

2015 3272 2152 3326 ἀλλά
2176 3273 2271 3326 καὶ
2295 3274 2436 3327 πάνυ
2479 3290 2538 3325 σε
2581 3272 2649 3326 τὰ
2696 3274 2833 3345 πρὸς
2867 3276 3015 3346 ἡμᾶς
3044 3274 3308 3344 ὑγιαίνειν
3342 3275 3599 3347 νομίζων,
3635 3279 3700 3331 ἐκ

2016 3361 2334 3432 περιουσίας
2365 3360 2421 3414 δὲ
2468 3363 2562 3415 καὶ
2600 3363 2914 3431 ὑγιαίνοντα
2955 3363 3286 3435 θεραπεύειν
3332 3364 3655 3436 βουλόμενος
3681 3383 3694 3396 ·

2017 3449 2307 3503 ἐλάνθανον
2336 3450 2412 3516 δέ,
2441 3450 2516 3515 ώς
2541 3450 2708 3517 έοικε,
2734 3451 2975 3505 νοσοῦντι
3002 3453 3070 3506 τά
3103 3454 3373 3524 φάρμακα
3406 3453 3695 3519 ἐπιτιθείς·

2015 3536 2111 3589 καὶ
2141 3536 2262 3590 ούδέ
2305 3536 2479 3601 οὕτως
2510 3540 2539 3592 ὁ
2582 3538 2812 3602 δείλαιος
2864 3538 3052 3609 ῶνησα
3075 3579 3090 3604 ,
3133 3539 3284 3612 [5681
3318 3540 3438 3594 οὐδὲ
3471 3542 3698 3611 γέγονεν

2015 3624 2137 3695 ἐμοί
2165 3641 2217 3677 τι
2247 3624 2407 3678 πλέον
2444 3626 2508 3678 ἐκ
2552 3625 2758 3697 ταύτης
2783 3627 2886 3697 τῆς
2925 3626 3064 3695 ἄγαν
3105 3628 3467 3700 προμηθείας.
3509 3632 3697 3695 Πάντα

2014 3710 2125 3781 γὰρ
2153 3710 2334 3763 ἐκεῖνα
2361 3710 2523 3782 ῥίψας
2539 3710 2775 3784 ἀθρόως,
2819 3714 2915 3767 καὶ⁹
2950 3714 3072 3767 οὑδέ
3111 3718 3190 3778 εἰς
3219 3718 3346 3769 νοῦν
3378 3715 3695 3786 βαλόμενος,

2013 3798 2200 3870 ὥσπερ
2233 3800 2626 3871 ἀνερμάτιστον
2658 3801 2843 3856 πλοῖον
2883 3804 2964 3865 είς
3005 3804 3248 3873 πέλαγος
3287 3806 3435 3876 ἡμᾶς
3470 3805 3697 3878 ἄπειρον

2014 3888 2254 3960 ἀφῆκας,
2282 3889 2434 3943 οὐδὲν
2462 3890 2571 3944 τῶν
2603 3891 2810 3963 ἀγρίων
2841 3891 3067 3946 ἐκείνων
3110 3894 3376 3965 ἐννοήσας
3410 3894 3694 3966 κυμάτων,

2015 3976 2161 4047 άπερ
2193 3979 2343 4048 ἡμᾶς
2385 3978 2680 4049 ὑπομένειν
2717 3978 2955 4052 ἀνάγκη.
2995 3980 3060 4033 EI
3090 3980 3197 4052 γάρ
3224 3998 3352 4034 ποτε
3389 3983 3629 4054 συμϐαίη
3664 3984 3695 4025 Ιι

2018 4067 2400 4136 συκοφαντίαν,
2427 4069 2459 4137 ἦ
2494 4069 2814 4139 χλευασίαν,
2855 4069 2888 4141 ἢ
2921 4071 3014 4124 καὶ
3047 4070 3215 4141 ἀλλην
3259 4072 3383 4126 τινά
3414 4072 3572 4145 ὓϐριν
3602 4076 3697 4128 καὶ⁸

2016 4154 2278 4226 ἐπήρειαν
2306 4156 2666 4228 ἐπενεχθῆναι
2697 4156 2859 4210 ποθεν
2886 4158 3017 4229 ήμῖν
3052 4159 3348 4229 (πολλάκις
3386 4161 3443 4214 δέ
3482 4162 3551 4215 τά
3584 4181 3694 4216 τοι·

2016 4241 2160 4296 αῦτα
2191 4241 2508 4313 συμϐαίνειν
2551 4244 2842 4315 ἀνάγκη),
2881 4245 3019 4316 πρὸς
3046 4247 3169 4300 τίνα
3200 4248 3692 4321 καταφευξόμεθα;

2016 4329 2122 4382 τίνι
2149 4330 2520 4401 κοινωσόμεθα
2549 4332 2649 4395 τάς
2682 4333 2958 4405 ἡμετέρας
2990 4334 3262 4404 ἀθυμίας;
3286 4336 3371 4400 τίς
3397 4339 3528 4409 ήμῖν
3550 4340 3683 4411 ἀμῦ-

2015 4433 2104 4470 ναι
2145 4416 2380 4486 θελήσει,
2438 4420 2532 4472 καὶ
2586 4421 2713 4484 τοὺς
2750 4422 2848 4493 μὲν
2905 4422 3210 4490 λυποῦντας
3267 4425 3550 4496 ἀνακύψει,
3601 4427 3696 4482 καὶ

2016 4504 2236 4574 ποιήσει
2277 4505 2474 4576 μηκέτι
2505 4507 2694 4561 λυπεῖν
2723 4550 2738 4575 ,
2784 4511 2934 4581 ἡμᾶς
2984 4509 3041 4563 δέ
3090 4512 3570 4584 παραμυθήσεται,
3601 4514 3696 4568 καὶ

2018 4593 2426 4662 παρασκευάσει
2484 4593 2583 4659 τὰς
2633 4597 2835 4668 ἐτέρων
2887 4599 3074 4670 φέρειν
3131 4600 3527 4668 ἀπαιδευσίας;
3580 4604 3694 4657 Ούκ

1998 4677 2164 4755 ¹ἐστιν
2192 4678 2387 4743 οὐδεὶς,
2430 4680 2524 4734 σοῦ
2547 4682 2831 4755 πόρρωθεν
2862 4686 3152 4757 ἑστηκότος
3184 4686 3278 4740 τοῦ
3305 4686 3480 4741 δεινοῦ
3501 4688 3691 4742 τούτου

2017 4762 2277 4839 πολέμου,
2308 4768 2402 4822 καὶ
2433 4770 2568 4842 μηδὲ
2607 4771 2855 4843 κραυγὴν
2884 4773 3116 4828 ἀκοῦσαι
3143 4773 3443 4846 δυναμένου
3474 4778 3516 4831 ί.
3547 4772 3692 4848 Ἀρά

2015 4848 2159 4916 οἶδας
2192 4854 2315 4907 ὅσον
2345 4854 2649 4926 εἴργασταί,
2665 4875 2749 4911 σοι
2781 4861 2950 4913 κακόν
2976 4877 2990 4924 ;
3021 4856 3130 4932 ἀρα
3167 4860 3261 4914 νῦν
3290 4859 3421 4927 γοῦν
3464 4862 3602 4933 μετά
3630 4864 3691 4917 τὸ

2017 4939 2221 5009 πλῆξαι
2251 4940 2635 5010 ἐπιγινώσκεις
2672 4945 2748 5007 ὡς
2783 4947 3005 5017 καιρίαν
3035 4949 3166 5018 ἡμῖν
3200 4948 3408 5010 ἔδωκας
3426 4949 3526 5018 τὴν
3548 4948 3690 5020 πλη-

1946 5044 1969 5057 ν
2015 5027 2152 5098 γήν;
2187 5025 2348 5081 Ἀλλά
2375 5029 2547 5084 ταῦτα
2585 5032 2681 5103 μὲν
2703 5034 2948 5103 ἀφείσθω
2970 5051 2983 5065 ⁸
3020 5035 3143 5088 οὑδέ
3169 5034 3277 5106 γὰρ
3301 5035 3416 5088 ἐστι
3444 5036 3513 5088 τά
3536 5039 3693 5106 γενός
3722 5101 3731 5111 η

2017 5132 2154 5203 μενα
2183 5117 2446 5172 ἀναλῦσαι
2480 5119 2685 5186 λοιπὸν,
2713 5122 2835 5203 οὐδὲ
2858 5124 3027 5193 πόρον
3063 5125 3175 5187 τοῖς
3216 5123 3444 5194 ἀπόροις
3482 5127 3682 5198 εὑρεῖν.

2015 5202 2081 5258 Τί
2106 5203 2242 5275 πρὸς
2263 5206 2391 5269 τοὺς
2422 5206 2621 5274 ἔξωθεν
2650 5202 2916 5280 ἐροῦμεν;
2953 5213 3004 5264 τί
3032 5211 3168 5282 πρὸς
3209 5210 3307 5275 τὰς
3329 5211 3509 5277 αἰτίας
3544 5214 3686 5269 ἀπο-

2013 5288 2357 5364 λογησόμεθα
2387 5294 2487 5358 τὰς
2519 5296 2743 5350 ἐκείνων
2761 5315 2776 5364 ;

2075 5508 2105 5563 εξ
2121 5497 2221 5563 Alﬁ
2236 5498 2325 5563 ούκ
2355 5501 2419 5563 εἰς
2443 5501 2602 5563 μικρά.

2080 5556 2105 5625 ξ
2126 5561 2225 5625 i\_lii
2251 5556 2559 5625 δυσχείρωτὸι
2583 5562 2719 5625 εἶναι.

2075 5620 2102 5687 β
2123 5619 2204 5687 $_i_c
2225 5619 2446 5687 nomiulji
2471 5631 2624 5687 recte.
2647 5624 2792 5687 Vulg.
2815 5625 2979 5675 πολλοὶ
3004 5626 3053 5676 δὲ
3072 5629 3180 5678 πολ.
3211 5629 3347 5679 Enn.

2077 5681 2102 5755 ξι
2237 5691 2372 5755 τλθοιο
2393 5684 2542 5755 ξενίη
2573 5681 2962 5755 ριιιῖἰίλῦοιηιεε.
2996 5690 3278 5754 Legebalur
3310 5692 3563 5755 συμϐαίνῃ.
3590 5692 3680 5745 Ed.

2078 5742 2096 5782 ί
2124 5746 2219 5794 Alii
2243 5745 2500 5807 δυναμένου
2516 5745 2655 5795 πιτέ.

3162 5880 3169 5885 ο
3238 5820 3275 5900 1
