  <div class='ocr_page' id='page_1' title='image "/cluster/home/n/w/nwhite01/storage/ocr_20150623/48/mdp.39015032114640/110.png"; bbox 0 0 4050 6160; ppageno 0'>
   <div class='ocr_carea' id='block_1_1' title="bbox 460 288 564 341">
    <p class='ocr_par' dir='ltr' id='par_1_1' title="bbox 460 288 564 341">
     <span class='ocr_line' id='line_1_1' title="bbox 460 288 564 341; baseline 0 0"><span class='ocrx_word' id='word_1_1' title='bbox 460 288 564 341; x_wconf 61' lang='grc' dir='ltr'><strong>δὶει</strong></span> 
     </span>
    </p>
   </div>
   <div class='ocr_carea' id='block_1_2' title="bbox 458 388 2040 460">
    <p class='ocr_par' dir='ltr' id='par_1_2' title="bbox 458 388 2040 460">
     <span class='ocr_line' id='line_1_2' title="bbox 458 388 2040 460; baseline -0.011 -6"><span class='ocrx_word' id='word_1_2' title='bbox 458 431 531 442; x_wconf 87' lang='grc'><strong>--</strong></span> <span class='ocrx_word' id='word_1_3' title='bbox 556 394 1122 455; x_wconf 70' lang='lat' dir='ltr'><strong>CIIRYSOSTOMUS.</strong></span> <span class='ocrx_word' id='word_1_4' title='bbox 1173 394 1351 458; x_wconf 81' lang='lat' dir='ltr'><strong>Bono,</strong></span> <span class='ocrx_word' id='word_1_5' title='bbox 1398 391 1644 460; x_wconf 84' lang='lat' dir='ltr'><strong>inquam,</strong></span> <span class='ocrx_word' id='word_1_6' title='bbox 1686 388 1863 442; x_wconf 87' lang='lat' dir='ltr'><strong>animo</strong></span> <span class='ocrx_word' id='word_1_7' title='bbox 1891 394 2040 445; x_wconf 87' lang='lat' dir='ltr'><strong>esto;</strong></span> 
     </span>
    </p>
   </div>
   <div class='ocr_carea' id='block_1_3' title="bbox 460 475 2045 563">
    <p class='ocr_par' dir='ltr' id='par_1_3' title="bbox 460 475 2045 563">
     <span class='ocr_line' id='line_1_3' title="bbox 460 475 2045 563; baseline -0.013 -15"><span class='ocrx_word' id='word_1_8' title='bbox 460 508 633 563; x_wconf 68' lang='lat' dir='ltr'><strong>nmpte</strong></span> <span class='ocrx_word' id='word_1_9' title='bbox 659 491 805 546; x_wconf 83' lang='lat' dir='ltr'><strong>enim</strong></span> <span class='ocrx_word' id='word_1_10' title='bbox 849 489 914 542; x_wconf 91' lang='lat' dir='ltr'><strong>ad</strong></span> <span class='ocrx_word' id='word_1_11' title='bbox 944 487 1129 542; x_wconf 86' lang='lat' dir='ltr'><strong>horum</strong></span> <span class='ocrx_word' id='word_1_12' title='bbox 1175 495 1377 540; x_wconf 89' lang='lat' dir='ltr'><strong>tantum</strong></span> <span class='ocrx_word' id='word_1_13' title='bbox 1422 484 1681 537; x_wconf 88' lang='lat' dir='ltr'><strong>rationem</strong></span> <span class='ocrx_word' id='word_1_14' title='bbox 1721 475 2045 534; x_wconf 78' lang='lat' dir='ltr'><strong>reddendam</strong></span> 
     </span>
    </p>
   </div>
   <div class='ocr_carea' id='block_1_4' title="bbox 462 565 2050 653">
    <p class='ocr_par' dir='ltr' id='par_1_4' title="bbox 462 565 2050 653">
     <span class='ocr_line' id='line_1_4' title="bbox 462 565 2050 653; baseline -0.01 -17"><span class='ocrx_word' id='word_1_15' title='bbox 462 590 677 653; x_wconf 85' lang='lat' dir='ltr'><strong>paratus</strong></span> <span class='ocrx_word' id='word_1_16' title='bbox 708 595 848 641; x_wconf 88' lang='lat' dir='ltr'><strong>sum,</strong></span> <span class='ocrx_word' id='word_1_17' title='bbox 879 577 973 634; x_wconf 81' lang='lat' dir='ltr'><strong>sed</strong></span> <span class='ocrx_word' id='word_1_18' title='bbox 1000 587 1055 632; x_wconf 89' lang='lat' dir='ltr'><strong>et</strong></span> <span class='ocrx_word' id='word_1_19' title='bbox 1082 577 1132 631; x_wconf 89' lang='lat' dir='ltr'><strong>in</strong></span> <span class='ocrx_word' id='word_1_20' title='bbox 1161 577 1352 645; x_wconf 84' lang='lat' dir='ltr'><strong>quibus</strong></span> <span class='ocrx_word' id='word_1_21' title='bbox 1377 588 1475 628; x_wconf 87' lang='lat' dir='ltr'><strong>nos</strong></span> <span class='ocrx_word' id='word_1_22' title='bbox 1497 572 1646 640; x_wconf 83' lang='lat' dir='ltr'><strong>culpa</strong></span> <span class='ocrx_word' id='word_1_23' title='bbox 1671 571 1931 624; x_wconf 86' lang='lat' dir='ltr'><strong>immunes</strong></span> <span class='ocrx_word' id='word_1_24' title='bbox 1960 565 2050 621; x_wconf 75' lang='lat' dir='ltr'><strong>di-</strong></span> 
     </span>
    </p>
   </div>
   <div class='ocr_carea' id='block_1_5' title="bbox 461 662 2048 740">
    <p class='ocr_par' dir='ltr' id='par_1_5' title="bbox 461 662 2048 740">
     <span class='ocr_line' id='line_1_5' title="bbox 461 662 2048 740; baseline -0.012 -10"><span class='ocrx_word' id='word_1_25' title='bbox 461 673 676 740; x_wconf 75' lang='lat' dir='ltr'><strong>misisti,</strong></span> <span class='ocrx_word' id='word_1_26' title='bbox 700 671 753 726; x_wconf 92' lang='lat' dir='ltr'><strong>in</strong></span> <span class='ocrx_word' id='word_1_27' title='bbox 774 670 840 724; x_wconf 87' lang='lat' dir='ltr'><strong>iis</strong></span> <span class='ocrx_word' id='word_1_28' title='bbox 859 670 1020 725; x_wconf 90' lang='lat' dir='ltr'><strong>etiam</strong></span> <span class='ocrx_word' id='word_1_29' title='bbox 1042 682 1138 739; x_wconf 89' lang='lat' dir='ltr'><strong>pro</strong></span> <span class='ocrx_word' id='word_1_30' title='bbox 1166 665 1303 721; x_wconf 81' lang='lat' dir='ltr'><strong>virili</strong></span> <span class='ocrx_word' id='word_1_31' title='bbox 1325 680 1439 720; x_wconf 91' lang='lat' dir='ltr'><strong>mea</strong></span> <span class='ocrx_word' id='word_1_32' title='bbox 1464 662 1832 719; x_wconf 90' lang='lat' dir='ltr'><strong>defensionem</strong></span> <span class='ocrx_word' id='word_1_33' title='bbox 1860 672 2048 729; x_wconf 86' lang='lat' dir='ltr'><strong>parare</strong></span> 
     </span>
    </p>
   </div>
   <div class='ocr_carea' id='block_1_6' title="bbox 458 749 2048 829">
    <p class='ocr_par' dir='ltr' id='par_1_6' title="bbox 458 749 2048 829">
     <span class='ocr_line' id='line_1_6' title="bbox 458 749 2048 829; baseline -0.012 -7"><span class='ocrx_word' id='word_1_34' title='bbox 458 764 737 829; x_wconf 76' lang='lat' dir='ltr'><strong>conabor;</strong></span> <span class='ocrx_word' id='word_1_35' title='bbox 766 776 833 817; x_wconf 82' lang='lat' dir='ltr'><strong>ac</strong></span> <span class='ocrx_word' id='word_1_36' title='bbox 855 761 902 816; x_wconf 90' lang='lat' dir='ltr'><strong>si</strong></span> <span class='ocrx_word' id='word_1_37' title='bbox 928 761 1072 822; x_wconf 87' lang='lat' dir='ltr'><strong>libet,</strong></span> <span class='ocrx_word' id='word_1_38' title='bbox 1095 759 1162 813; x_wconf 90' lang='lat' dir='ltr'><strong>ab</strong></span> <span class='ocrx_word' id='word_1_39' title='bbox 1182 758 1248 812; x_wconf 88' lang='lat' dir='ltr'><strong>iis</strong></span> <span class='ocrx_word' id='word_1_40' title='bbox 1275 756 1402 827; x_wconf 88' lang='lat' dir='ltr'><strong>ipsis</strong></span> <span class='ocrx_word' id='word_1_41' title='bbox 1427 755 1624 809; x_wconf 84' lang='lat' dir='ltr'><strong>ordiar.</strong></span> <span class='ocrx_word' id='word_1_42' title='bbox 1648 752 1920 823; x_wconf 88' lang='lat' dir='ltr'><strong>Siquidem</strong></span> <span class='ocrx_word' id='word_1_43' title='bbox 1948 749 2048 803; x_wconf 86' lang='lat' dir='ltr'><strong>ab-</strong></span> 
     </span>
    </p>
   </div>
   <div class='ocr_carea' id='block_1_7' title="bbox 461 844 2047 921">
    <p class='ocr_par' dir='ltr' id='par_1_7' title="bbox 461 844 2047 921">
     <span class='ocr_line' id='line_1_7' title="bbox 461 844 2047 921; baseline -0.013 -8"><span class='ocrx_word' id='word_1_44' title='bbox 461 855 657 915; x_wconf 80' lang='lat' dir='ltr'><strong>surdus</strong></span> <span class='ocrx_word' id='word_1_45' title='bbox 698 852 1091 921; x_wconf 83' lang='lat' dir='ltr'><strong>admodumque</strong></span> <span class='ocrx_word' id='word_1_46' title='bbox 1138 849 1373 919; x_wconf 80' lang='lat' dir='ltr'><strong>ingratus</strong></span> <span class='ocrx_word' id='word_1_47' title='bbox 1411 859 1607 911; x_wconf 89' lang='lat' dir='ltr'><strong>essem,</strong></span> <span class='ocrx_word' id='word_1_48' title='bbox 1654 844 1699 898; x_wconf 89' lang='lat' dir='ltr'><strong>si</strong></span> <span class='ocrx_word' id='word_1_49' title='bbox 1744 851 2047 897; x_wconf 74' lang='lat' dir='ltr'><strong>exterarum</strong></span> 
     </span>
    </p>
   </div>
   <div class='ocr_carea' id='block_1_8' title="bbox 463 932 2047 1021">
    <p class='ocr_par' dir='ltr' id='par_1_8' title="bbox 463 932 2047 1021">
     <span class='ocr_line' id='line_1_8' title="bbox 463 932 2047 1021; baseline -0.011 -19"><span class='ocrx_word' id='word_1_50' title='bbox 463 948 774 1019; x_wconf 76' lang='lat' dir='ltr'><strong>opinionem</strong></span> <span class='ocrx_word' id='word_1_51' title='bbox 803 954 1019 1008; x_wconf 78' lang='lat' dir='ltr'><strong>curans,</strong></span> <span class='ocrx_word' id='word_1_52' title='bbox 1038 941 1274 1011; x_wconf 77' lang='lat' dir='ltr'><strong>nihilque</strong></span> <span class='ocrx_word' id='word_1_53' title='bbox 1293 954 1401 994; x_wconf 87' lang='lat' dir='ltr'><strong>non</strong></span> <span class='ocrx_word' id='word_1_54' title='bbox 1427 953 1590 1009; x_wconf 80' lang='lat' dir='ltr'><strong>agens</strong></span> <span class='ocrx_word' id='word_1_55' title='bbox 1617 935 1740 1021; x_wconf 60' lang='grc' dir='ltr'><strong>ιιιὶεί</strong></span> <span class='ocrx_word' id='word_1_56' title='bbox 1768 932 2047 987; x_wconf 73' lang='lat' dir='ltr'><strong>accusandi</strong></span> 
     </span>
    </p>
   </div>
   <div class='ocr_carea' id='block_1_9' title="bbox 467 1024 2049 1103">
    <p class='ocr_par' dir='ltr' id='par_1_9' title="bbox 467 1024 2049 1103">
     <span class='ocr_line' id='line_1_9' title="bbox 467 1024 2049 1103; baseline -0.011 -7"><span class='ocrx_word' id='word_1_57' title='bbox 467 1041 630 1096; x_wconf 83' lang='lat' dir='ltr'><strong>finem</strong></span> <span class='ocrx_word' id='word_1_58' title='bbox 658 1039 873 1103; x_wconf 76' lang='lat' dir='ltr'><strong>faciant,</strong></span> <span class='ocrx_word' id='word_1_59' title='bbox 902 1036 1073 1091; x_wconf 88' lang='lat' dir='ltr'><strong>virum</strong></span> <span class='ocrx_word' id='word_1_60' title='bbox 1099 1034 1229 1088; x_wconf 85' lang='lat' dir='ltr'><strong>mihi</strong></span> <span class='ocrx_word' id='word_1_61' title='bbox 1257 1030 1494 1086; x_wconf 87' lang='lat' dir='ltr'><strong>omnium</strong></span> <span class='ocrx_word' id='word_1_62' title='bbox 1524 1028 1926 1091; x_wconf 88' lang='lat' dir='ltr'><strong>amicissimum,</strong></span> <span class='ocrx_word' id='word_1_63' title='bbox 1958 1024 2049 1094; x_wconf 89' lang='lat' dir='ltr'><strong>qui</strong></span> 
     </span>
    </p>
   </div>
   <div class='ocr_carea' id='block_1_10' title="bbox 465 1116 2050 1201">
    <p class='ocr_par' dir='ltr' id='par_1_10' title="bbox 465 1116 2050 1201">
     <span class='ocr_line' id='line_1_10' title="bbox 465 1116 2050 1201; baseline -0.009 -15"><span class='ocrx_word' id='word_1_64' title='bbox 465 1140 614 1186; x_wconf 73' lang='lat' dir='ltr'><strong>tanta</strong></span> <span class='ocrx_word' id='word_1_65' title='bbox 642 1144 767 1201; x_wconf 74' lang='lat' dir='ltr'><strong>erga</strong></span> <span class='ocrx_word' id='word_1_66' title='bbox 804 1143 893 1183; x_wconf 86' lang='lat' dir='ltr'><strong>me</strong></span> <span class='ocrx_word' id='word_1_67' title='bbox 919 1140 1046 1182; x_wconf 81' lang='lat' dir='ltr'><strong>usus</strong></span> <span class='ocrx_word' id='word_1_68' title='bbox 1083 1126 1154 1179; x_wconf 88' lang='lat' dir='ltr'><strong>sit</strong></span> <span class='ocrx_word' id='word_1_69' title='bbox 1178 1121 1496 1179; x_wconf 80' lang='lat' dir='ltr'><strong>verecundia</strong></span> <span class='ocrx_word' id='word_1_70' title='bbox 1521 1161 1535 1185; x_wconf 93' lang='lat'><strong>,</strong></span> <span class='ocrx_word' id='word_1_71' title='bbox 1567 1128 1626 1174; x_wconf 90' lang='lat' dir='ltr'><strong>ut</strong></span> <span class='ocrx_word' id='word_1_72' title='bbox 1653 1135 1721 1174; x_wconf 91' lang='lat' dir='ltr'><strong>ne</strong></span> <span class='ocrx_word' id='word_1_73' title='bbox 1746 1117 1959 1187; x_wconf 87' lang='lat' dir='ltr'><strong>quidem</strong></span> <span class='ocrx_word' id='word_1_74' title='bbox 1983 1116 2050 1172; x_wconf 87' lang='lat' dir='ltr'><strong>de</strong></span> 
     </span>
    </p>
   </div>
   <div class='ocr_carea' id='block_1_11' title="bbox 466 1207 2047 1290">
    <p class='ocr_par' dir='ltr' id='par_1_11' title="bbox 466 1207 2047 1290">
     <span class='ocr_line' id='line_1_11' title="bbox 466 1207 2047 1290; baseline -0.011 -11"><span class='ocrx_word' id='word_1_75' title='bbox 466 1225 613 1279; x_wconf 85' lang='lat' dir='ltr'><strong>illata</strong></span> <span class='ocrx_word' id='word_1_76' title='bbox 639 1222 768 1288; x_wconf 89' lang='lat' dir='ltr'><strong>sibi,</strong></span> <span class='ocrx_word' id='word_1_77' title='bbox 802 1229 858 1275; x_wconf 92' lang='grc' dir='ltr'><strong>ιιι</strong></span> <span class='ocrx_word' id='word_1_78' title='bbox 889 1226 1056 1290; x_wconf 86' lang='lat' dir='ltr'><strong>putat,</strong></span> <span class='ocrx_word' id='word_1_79' title='bbox 1085 1217 1277 1285; x_wconf 78' lang='lat' dir='ltr'><strong>injuria</strong></span> <span class='ocrx_word' id='word_1_80' title='bbox 1304 1213 1554 1284; x_wconf 87' lang='lat' dir='ltr'><strong>conqueri</strong></span> <span class='ocrx_word' id='word_1_81' title='bbox 1578 1211 1723 1276; x_wconf 83' lang='lat' dir='ltr'><strong>velit,</strong></span> <span class='ocrx_word' id='word_1_82' title='bbox 1755 1211 1862 1263; x_wconf 83' lang='lat' dir='ltr'><strong>imo</strong></span> <span class='ocrx_word' id='word_1_83' title='bbox 1890 1207 2047 1264; x_wconf 89' lang='lat' dir='ltr'><strong>etiam</strong></span> 
     </span>
    </p>
   </div>
   <div class='ocr_carea' id='block_1_12' title="bbox 467 1302 2049 1384">
    <p class='ocr_par' dir='ltr' id='par_1_12' title="bbox 467 1302 2049 1384">
     <span class='ocr_line' id='line_1_12' title="bbox 467 1302 2049 1384; baseline -0.013 -12"><span class='ocrx_word' id='word_1_84' title='bbox 467 1316 584 1371; x_wconf 83' lang='lat' dir='ltr'><strong>suis</strong></span> <span class='ocrx_word' id='word_1_85' title='bbox 603 1313 914 1384; x_wconf 72' lang='lat' dir='ltr'><strong>posthabitis</strong></span> <span class='ocrx_word' id='word_1_86' title='bbox 930 1311 997 1366; x_wconf 89' lang='lat' dir='ltr'><strong>de</strong></span> <span class='ocrx_word' id='word_1_87' title='bbox 1022 1308 1216 1364; x_wconf 87' lang='lat' dir='ltr'><strong>nostris</strong></span> <span class='ocrx_word' id='word_1_88' title='bbox 1245 1308 1460 1376; x_wconf 85' lang='lat' dir='ltr'><strong>insuper</strong></span> <span class='ocrx_word' id='word_1_89' title='bbox 1478 1311 1701 1374; x_wconf 79' lang='lat' dir='ltr'><strong>satagat,</strong></span> <span class='ocrx_word' id='word_1_90' title='bbox 1725 1316 1829 1356; x_wconf 91' lang='lat' dir='ltr'><strong>non</strong></span> <span class='ocrx_word' id='word_1_91' title='bbox 1852 1302 2049 1371; x_wconf 88' lang='lat' dir='ltr'><strong>possim</strong></span> 
     </span>
    </p>
   </div>
   <div class='ocr_carea' id='block_1_13' title="bbox 467 1393 2046 1473">
    <p class='ocr_par' dir='ltr' id='par_1_13' title="bbox 467 1393 2046 1473">
     <span class='ocr_line' id='line_1_13' title="bbox 467 1393 2046 1473; baseline -0.01 -14"><span class='ocrx_word' id='word_1_92' title='bbox 467 1406 707 1471; x_wconf 76' lang='lat' dir='ltr'><strong>ﬂectere,</strong></span> <span class='ocrx_word' id='word_1_93' title='bbox 737 1417 928 1473; x_wconf 87' lang='lat' dir='ltr'><strong>meque</strong></span> <span class='ocrx_word' id='word_1_94' title='bbox 960 1399 1099 1471; x_wconf 90' lang='lat' dir='ltr'><strong>apud</strong></span> <span class='ocrx_word' id='word_1_95' title='bbox 1139 1399 1287 1454; x_wconf 84' lang='lat' dir='ltr'><strong>illmn</strong></span> <span class='ocrx_word' id='word_1_96' title='bbox 1312 1399 1380 1451; x_wconf 90' lang='lat' dir='ltr'><strong>de</strong></span> <span class='ocrx_word' id='word_1_97' title='bbox 1408 1396 1548 1450; x_wconf 87' lang='lat' dir='ltr'><strong>illata</strong></span> <span class='ocrx_word' id='word_1_98' title='bbox 1575 1393 1764 1464; x_wconf 85' lang='lat' dir='ltr'><strong>injuria</strong></span> <span class='ocrx_word' id='word_1_99' title='bbox 1792 1405 2046 1462; x_wconf 75' lang='lat' dir='ltr'><strong>purgare,</strong></span> 
     </span>
    </p>
   </div>
   <div class='ocr_carea' id='block_1_14' title="bbox 466 1483 2050 1565">
    <p class='ocr_par' dir='ltr' id='par_1_14' title="bbox 466 1483 2050 1565">
     <span class='ocr_line' id='line_1_14' title="bbox 466 1483 2050 1565; baseline -0.008 -15"><span class='ocrx_word' id='word_1_100' title='bbox 466 1495 598 1565; x_wconf 88' lang='lat' dir='ltr'><strong>quin</strong></span> <span class='ocrx_word' id='word_1_101' title='bbox 618 1495 776 1549; x_wconf 84' lang='lat' dir='ltr'><strong>etiam</strong></span> <span class='ocrx_word' id='word_1_102' title='bbox 800 1493 999 1562; x_wconf 78' lang='lat' dir='ltr'><strong>majore</strong></span> <span class='ocrx_word' id='word_1_103' title='bbox 1014 1502 1139 1561; x_wconf 74' lang='lat' dir='ltr'><strong>erga</strong></span> <span class='ocrx_word' id='word_1_104' title='bbox 1167 1489 1309 1543; x_wconf 91' lang='lat' dir='ltr'><strong>illum</strong></span> <span class='ocrx_word' id='word_1_105' title='bbox 1331 1487 1551 1558; x_wconf 79' lang='lat' dir='ltr'><strong>segnitie</strong></span> <span class='ocrx_word' id='word_1_106' title='bbox 1572 1487 1643 1541; x_wconf 89' lang='lat' dir='ltr'><strong>uti</strong></span> <span class='ocrx_word' id='word_1_107' title='bbox 1665 1483 1865 1547; x_wconf 88' lang='lat' dir='ltr'><strong>videar,</strong></span> <span class='ocrx_word' id='word_1_108' title='bbox 1892 1494 2050 1553; x_wconf 83' lang='lat' dir='ltr'><strong>quam</strong></span> 
     </span>
    </p>
   </div>
   <div class='ocr_carea' id='block_1_15' title="bbox 468 1575 2052 1651">
    <p class='ocr_par' dir='ltr' id='par_1_15' title="bbox 468 1575 2052 1651">
     <span class='ocr_line' id='line_1_15' title="bbox 468 1575 2052 1651; baseline -0.005 -13"><span class='ocrx_word' id='word_1_109' title='bbox 468 1586 561 1640; x_wconf 89' lang='lat' dir='ltr'><strong>ille</strong></span> <span class='ocrx_word' id='word_1_110' title='bbox 606 1582 959 1638; x_wconf 81' lang='lat' dir='ltr'><strong>sollicitudine</strong></span> <span class='ocrx_word' id='word_1_111' title='bbox 986 1596 1108 1651; x_wconf 76' lang='lat' dir='ltr'><strong>erga</strong></span> <span class='ocrx_word' id='word_1_112' title='bbox 1137 1595 1223 1635; x_wconf 90' lang='lat' dir='ltr'><strong>me</strong></span> <span class='ocrx_word' id='word_1_113' title='bbox 1270 1580 1453 1633; x_wconf 85' lang='lat' dir='ltr'><strong>utitur.</strong></span> <span class='ocrx_word' id='word_1_114' title='bbox 1480 1577 1595 1644; x_wconf 87' lang='lat' dir='ltr'><strong>Qua</strong></span> <span class='ocrx_word' id='word_1_115' title='bbox 1643 1576 1801 1647; x_wconf 75' lang='lat' dir='ltr'><strong>igitur</strong></span> <span class='ocrx_word' id='word_1_116' title='bbox 1838 1575 1888 1629; x_wconf 91' lang='lat' dir='ltr'><strong>in</strong></span> <span class='ocrx_word' id='word_1_117' title='bbox 1918 1590 1978 1629; x_wconf 87' lang='lat' dir='ltr'><strong>re</strong></span> <span class='ocrx_word' id='word_1_118' title='bbox 2001 1584 2052 1630; x_wconf 83' lang='lat' dir='ltr'><strong>te</strong></span> 
     </span>
    </p>
   </div>
   <div class='ocr_carea' id='block_1_16' title="bbox 469 1665 2051 1743">
    <p class='ocr_par' dir='ltr' id='par_1_16' title="bbox 469 1665 2051 1743">
     <span class='ocr_line' id='line_1_16' title="bbox 469 1665 2051 1743; baseline -0.007 -13"><span class='ocrx_word' id='word_1_119' title='bbox 469 1675 710 1730; x_wconf 63' lang='lat' dir='ltr'><strong>iussimus</strong></span> <span class='ocrx_word' id='word_1_120' title='bbox 727 1714 744 1740; x_wconf 93' lang='lat'><strong>,</strong></span> <span class='ocrx_word' id='word_1_121' title='bbox 772 1670 1203 1743; x_wconf 84' lang='lat' dir='ltr'><strong>quandoquidem</strong></span> <span class='ocrx_word' id='word_1_122' title='bbox 1231 1670 1355 1724; x_wconf 88' lang='lat' dir='ltr'><strong>hinc</strong></span> <span class='ocrx_word' id='word_1_123' title='bbox 1399 1669 1768 1723; x_wconf 71' lang='lat' dir='ltr'><strong>consumimus</strong></span> <span class='ocrx_word' id='word_1_124' title='bbox 1795 1665 2051 1736; x_wconf 72' lang='lat' dir='ltr'><strong>apologiae</strong></span> 
     </span>
    </p>
   </div>
   <div class='ocr_carea' id='block_1_17' title="bbox 469 1759 2055 1839">
    <p class='ocr_par' dir='ltr' id='par_1_17' title="bbox 469 1759 2055 1839">
     <span class='ocr_line' id='line_1_17' title="bbox 469 1759 2055 1839; baseline -0.006 -18"><span class='ocrx_word' id='word_1_125' title='bbox 469 1767 693 1839; x_wconf 70' lang='lat' dir='ltr'><strong>pelagus</strong></span> <span class='ocrx_word' id='word_1_126' title='bbox 717 1763 959 1834; x_wconf 75' lang='lat' dir='ltr'><strong>ingredi?</strong></span> <span class='ocrx_word' id='word_1_127' title='bbox 984 1778 1053 1818; x_wconf 88' lang='lat' dir='ltr'><strong>an</strong></span> <span class='ocrx_word' id='word_1_128' title='bbox 1078 1763 1198 1833; x_wconf 92' lang='lat' dir='ltr'><strong>quia</strong></span> <span class='ocrx_word' id='word_1_129' title='bbox 1221 1771 1272 1817; x_wconf 90' lang='lat' dir='ltr'><strong>te</strong></span> <span class='ocrx_word' id='word_1_130' title='bbox 1295 1759 1760 1824; x_wconf 82' lang='lat' dir='ltr'><strong>circumvenimus,</strong></span> <span class='ocrx_word' id='word_1_131' title='bbox 1793 1767 2055 1812; x_wconf 63' lang='lat' dir='ltr'><strong>nostram.</strong></span> 
     </span>
    </p>
   </div>
   <div class='ocr_carea' id='block_1_18' title="bbox 465 1850 2055 1931">
    <p class='ocr_par' dir='ltr' id='par_1_18' title="bbox 465 1850 2055 1931">
     <span class='ocr_line' id='line_1_18' title="bbox 465 1850 2055 1931; baseline -0.007 -16"><span class='ocrx_word' id='word_1_132' title='bbox 465 1873 578 1931; x_wconf 83' lang='lat' dir='ltr'><strong>que</strong></span> <span class='ocrx_word' id='word_1_133' title='bbox 605 1859 698 1913; x_wconf 84' lang='lat' dir='ltr'><strong>tibi</strong></span> <span class='ocrx_word' id='word_1_134' title='bbox 728 1864 958 1912; x_wconf 86' lang='lat' dir='ltr'><strong>mentem</strong></span> <span class='ocrx_word' id='word_1_135' title='bbox 986 1853 1316 1911; x_wconf 81' lang='lat' dir='ltr'><strong>celavimus?</strong></span> <span class='ocrx_word' id='word_1_136' title='bbox 1345 1854 1501 1923; x_wconf 81' lang='lat' dir='ltr'><strong>Atqui</strong></span> <span class='ocrx_word' id='word_1_137' title='bbox 1547 1851 1676 1906; x_wconf 91' lang='lat' dir='ltr'><strong>illud</strong></span> <span class='ocrx_word' id='word_1_138' title='bbox 1705 1867 1825 1905; x_wconf 91' lang='lat' dir='ltr'><strong>cum</strong></span> <span class='ocrx_word' id='word_1_139' title='bbox 1855 1865 1952 1920; x_wconf 88' lang='lat' dir='ltr'><strong>pro</strong></span> <span class='ocrx_word' id='word_1_140' title='bbox 1979 1850 2055 1904; x_wconf 91' lang='lat' dir='ltr'><strong>tui</strong></span> 
     </span>
    </p>
   </div>
   <div class='ocr_carea' id='block_1_19' title="bbox 467 1932 2056 2018">
    <p class='ocr_par' dir='ltr' id='par_1_19' title="bbox 467 1932 2056 2018">
     <span class='ocr_line' id='line_1_19' title="bbox 467 1932 2056 2018; baseline -0.006 -13"><span class='ocrx_word' id='word_1_141' title='bbox 467 1949 704 2018; x_wconf 86' lang='lat' dir='ltr'><strong>decepti,</strong></span> <span class='ocrx_word' id='word_1_142' title='bbox 750 1955 860 2003; x_wconf 92' lang='lat' dir='ltr'><strong>tum</strong></span> <span class='ocrx_word' id='word_1_143' title='bbox 915 1960 1010 2015; x_wconf 92' lang='lat' dir='ltr'><strong>pro</strong></span> <span class='ocrx_word' id='word_1_144' title='bbox 1058 1958 1242 2001; x_wconf 89' lang='lat' dir='ltr'><strong>eorum</strong></span> <span class='ocrx_word' id='word_1_145' title='bbox 1293 1941 1691 2013; x_wconf 87' lang='lat' dir='ltr'><strong>etiam.qnibus</strong></span> <span class='ocrx_word' id='word_1_146' title='bbox 1720 1950 1771 1996; x_wconf 90' lang='lat' dir='ltr'><strong>te</strong></span> <span class='ocrx_word' id='word_1_147' title='bbox 1828 1932 2056 1995; x_wconf 83' lang='lat' dir='ltr'><strong>fallendo</strong></span> 
     </span>
    </p>
   </div>
   <div class='ocr_carea' id='block_1_20' title="bbox 471 2031 2056 2110">
    <p class='ocr_par' dir='ltr' id='par_1_20' title="bbox 471 2031 2056 2110">
     <span class='ocr_line' id='line_1_20' title="bbox 471 2031 2056 2110; baseline -0.004 -19"><span class='ocrx_word' id='word_1_148' title='bbox 471 2038 837 2110; x_wconf 86' lang='lat' dir='ltr'><strong>prodidimus,</strong></span> <span class='ocrx_word' id='word_1_149' title='bbox 864 2035 1087 2091; x_wconf 85' lang='lat' dir='ltr'><strong>utilitate</strong></span> <span class='ocrx_word' id='word_1_150' title='bbox 1115 2034 1355 2089; x_wconf 86' lang='lat' dir='ltr'><strong>fecimus.</strong></span> <span class='ocrx_word' id='word_1_151' title='bbox 1387 2032 1442 2088; x_wconf 90' lang='lat' dir='ltr'><strong>Si</strong></span> <span class='ocrx_word' id='word_1_152' title='bbox 1476 2034 1651 2102; x_wconf 88' lang='lat' dir='ltr'><strong>itaque</strong></span> <span class='ocrx_word' id='word_1_153' title='bbox 1692 2031 1881 2086; x_wconf 85' lang='lat' dir='ltr'><strong>astutia</strong></span> <span class='ocrx_word' id='word_1_154' title='bbox 1912 2046 2056 2086; x_wconf 89' lang='lat' dir='ltr'><strong>sem-</strong></span> 
     </span>
    </p>
   </div>
   <div class='ocr_carea' id='block_1_21' title="bbox 470 2120 2056 2200">
    <p class='ocr_par' dir='ltr' id='par_1_21' title="bbox 470 2120 2056 2200">
     <span class='ocr_line' id='line_1_21' title="bbox 470 2120 2056 2200; baseline -0.004 -17"><span class='ocrx_word' id='word_1_155' title='bbox 470 2145 570 2200; x_wconf 85' lang='lat' dir='ltr'><strong>per</strong></span> <span class='ocrx_word' id='word_1_156' title='bbox 595 2128 754 2195; x_wconf 88' lang='lat' dir='ltr'><strong>maia,</strong></span> <span class='ocrx_word' id='word_1_157' title='bbox 784 2141 956 2197; x_wconf 90' lang='lat' dir='ltr'><strong>neque</strong></span> <span class='ocrx_word' id='word_1_158' title='bbox 1001 2125 1087 2181; x_wconf 89' lang='lat' dir='ltr'><strong>illa</strong></span> <span class='ocrx_word' id='word_1_159' title='bbox 1113 2140 1364 2195; x_wconf 81' lang='lat' dir='ltr'><strong>umquam</strong></span> <span class='ocrx_word' id='word_1_160' title='bbox 1390 2124 1475 2179; x_wconf 88' lang='lat' dir='ltr'><strong>vel</strong></span> <span class='ocrx_word' id='word_1_161' title='bbox 1518 2123 1583 2177; x_wconf 89' lang='lat' dir='ltr'><strong>ad</strong></span> <span class='ocrx_word' id='word_1_162' title='bbox 1610 2120 1883 2194; x_wconf 85' lang='lat' dir='ltr'><strong>quodlibet</strong></span> <span class='ocrx_word' id='word_1_163' title='bbox 1908 2134 2056 2177; x_wconf 91' lang='lat' dir='ltr'><strong>com-</strong></span> 
     </span>
    </p>
   </div>
   <div class='ocr_carea' id='block_1_22' title="bbox 476 2216 2059 2288">
    <p class='ocr_par' dir='ltr' id='par_1_22' title="bbox 476 2216 2059 2288">
     <span class='ocr_line' id='line_1_22' title="bbox 476 2216 2059 2288; baseline -0.004 -13"><span class='ocrx_word' id='word_1_164' title='bbox 476 2221 692 2275; x_wconf 88' lang='lat' dir='ltr'><strong>modum</strong></span> <span class='ocrx_word' id='word_1_165' title='bbox 716 2220 789 2274; x_wconf 91' lang='lat' dir='ltr'><strong>uti</strong></span> <span class='ocrx_word' id='word_1_166' title='bbox 820 2220 997 2285; x_wconf 89' lang='lat' dir='ltr'><strong>liceat,</strong></span> <span class='ocrx_word' id='word_1_167' title='bbox 1029 2225 1242 2288; x_wconf 88' lang='lat' dir='ltr'><strong>paratus</strong></span> <span class='ocrx_word' id='word_1_168' title='bbox 1265 2231 1382 2272; x_wconf 90' lang='lat' dir='ltr'><strong>sum</strong></span> <span class='ocrx_word' id='word_1_169' title='bbox 1415 2231 1597 2287; x_wconf 65' lang='lat' dir='ltr'><strong>poenas</strong></span> <span class='ocrx_word' id='word_1_170' title='bbox 1619 2216 1748 2271; x_wconf 90' lang='lat' dir='ltr'><strong>dare</strong></span> <span class='ocrx_word' id='word_1_171' title='bbox 1775 2228 2059 2285; x_wconf 87' lang='lat' dir='ltr'><strong>quascum-</strong></span> 
     </span>
    </p>
   </div>
   <div class='ocr_carea' id='block_1_23' title="bbox 470 2308 2052 2383">
    <p class='ocr_par' dir='ltr' id='par_1_23' title="bbox 470 2308 2052 2383">
     <span class='ocr_line' id='line_1_23' title="bbox 470 2308 2052 2383; baseline -0.003 -18"><span class='ocrx_word' id='word_1_172' title='bbox 470 2328 580 2383; x_wconf 84' lang='lat' dir='ltr'><strong>que</strong></span> <span class='ocrx_word' id='word_1_173' title='bbox 617 2312 847 2367; x_wconf 88' lang='lat' dir='ltr'><strong>volueris</strong></span> <span class='ocrx_word' id='word_1_174' title='bbox 878 2328 892 2364; x_wconf 90' lang='lat'><strong>:</strong></span> <span class='ocrx_word' id='word_1_175' title='bbox 921 2325 1016 2366; x_wconf 89' lang='lat' dir='ltr'><strong>seu</strong></span> <span class='ocrx_word' id='word_1_176' title='bbox 1048 2309 1222 2379; x_wconf 87' lang='lat' dir='ltr'><strong>potius</strong></span> <span class='ocrx_word' id='word_1_177' title='bbox 1245 2308 1368 2378; x_wconf 89' lang='lat' dir='ltr'><strong>quia</strong></span> <span class='ocrx_word' id='word_1_178' title='bbox 1398 2322 1686 2377; x_wconf 86' lang='lat' dir='ltr'><strong>numquam</strong></span> <span class='ocrx_word' id='word_1_179' title='bbox 1727 2321 1795 2362; x_wconf 75' lang='lat' dir='ltr'><strong>ex</strong></span> <span class='ocrx_word' id='word_1_180' title='bbox 1821 2320 1907 2361; x_wconf 89' lang='lat' dir='ltr'><strong>me</strong></span> <span class='ocrx_word' id='word_1_181' title='bbox 1935 2321 2052 2375; x_wconf 70' lang='lat' dir='ltr'><strong>pm-</strong></span> 
     </span>
    </p>
   </div>
   <div class='ocr_carea' id='block_1_24' title="bbox 473 2396 2056 2473">
    <p class='ocr_par' dir='ltr' id='par_1_24' title="bbox 473 2396 2056 2473">
     <span class='ocr_line' id='line_1_24' title="bbox 473 2396 2056 2473; baseline -0.004 -16"><span class='ocrx_word' id='word_1_182' title='bbox 473 2418 573 2458; x_wconf 84' lang='lat' dir='ltr'><strong>nas</strong></span> <span class='ocrx_word' id='word_1_183' title='bbox 599 2404 810 2473; x_wconf 73' lang='lat' dir='ltr'><strong>exigere</strong></span> <span class='ocrx_word' id='word_1_184' title='bbox 837 2400 1145 2464; x_wconf 85' lang='lat' dir='ltr'><strong>sustinebis,</strong></span> <span class='ocrx_word' id='word_1_185' title='bbox 1173 2413 1265 2454; x_wconf 89' lang='lat' dir='ltr'><strong>eas</strong></span> <span class='ocrx_word' id='word_1_186' title='bbox 1294 2397 1392 2468; x_wconf 87' lang='lat' dir='ltr'><strong>ipsi</strong></span> <span class='ocrx_word' id='word_1_187' title='bbox 1421 2396 1816 2467; x_wconf 88' lang='lat' dir='ltr'><strong>nobismetipsis</strong></span> <span class='ocrx_word' id='word_1_188' title='bbox 1854 2396 2056 2467; x_wconf 74' lang='lat' dir='ltr'><strong>irroga-</strong></span> 
     </span>
    </p>
   </div>
   <div class='ocr_carea' id='block_1_25' title="bbox 473 2486 2055 2561">
    <p class='ocr_par' dir='ltr' id='par_1_25' title="bbox 473 2486 2055 2561">
     <span class='ocr_line' id='line_1_25' title="bbox 473 2486 2055 2561; baseline -0.003 -13"><span class='ocrx_word' id='word_1_189' title='bbox 473 2496 671 2557; x_wconf 79' lang='lat' dir='ltr'><strong>bimus;</strong></span> <span class='ocrx_word' id='word_1_190' title='bbox 692 2508 820 2561; x_wconf 88' lang='lat' dir='ltr'><strong>quas</strong></span> <span class='ocrx_word' id='word_1_191' title='bbox 843 2493 1017 2547; x_wconf 84' lang='lat' dir='ltr'><strong>solent</strong></span> <span class='ocrx_word' id='word_1_192' title='bbox 1037 2489 1241 2560; x_wconf 66' lang='lat' dir='ltr'><strong>judices</strong></span> <span class='ocrx_word' id='word_1_193' title='bbox 1268 2489 1527 2550; x_wconf 88' lang='lat' dir='ltr'><strong>sontibus,</strong></span> <span class='ocrx_word' id='word_1_194' title='bbox 1554 2503 1674 2541; x_wconf 91' lang='lat' dir='ltr'><strong>cum</strong></span> <span class='ocrx_word' id='word_1_195' title='bbox 1699 2487 1767 2542; x_wconf 91' lang='lat' dir='ltr'><strong>ab</strong></span> <span class='ocrx_word' id='word_1_196' title='bbox 1788 2486 2055 2543; x_wconf 89' lang='lat' dir='ltr'><strong>actoribus</strong></span> 
     </span>
    </p>
   </div>
   <div class='ocr_carea' id='block_1_26' title="bbox 471 2578 2057 2651">
    <p class='ocr_par' dir='ltr' id='par_1_26' title="bbox 471 2578 2057 2651">
     <span class='ocr_line' id='line_1_26' title="bbox 471 2578 2057 2651; baseline -0.004 -14"><span class='ocrx_word' id='word_1_197' title='bbox 471 2582 588 2638; x_wconf 86' lang='lat' dir='ltr'><strong>suis</strong></span> <span class='ocrx_word' id='word_1_198' title='bbox 616 2584 690 2638; x_wconf 88' lang='lat' dir='ltr'><strong>rei</strong></span> <span class='ocrx_word' id='word_1_199' title='bbox 721 2584 915 2651; x_wconf 77' lang='lat' dir='ltr'><strong>peracti</strong></span> <span class='ocrx_word' id='word_1_200' title='bbox 944 2581 1160 2636; x_wconf 87' lang='lat' dir='ltr'><strong>fuerint.</strong></span> <span class='ocrx_word' id='word_1_201' title='bbox 1188 2580 1281 2635; x_wconf 91' lang='lat' dir='ltr'><strong>Sin</strong></span> <span class='ocrx_word' id='word_1_202' title='bbox 1311 2594 1438 2634; x_wconf 89' lang='lat' dir='ltr'><strong>vero</strong></span> <span class='ocrx_word' id='word_1_203' title='bbox 1463 2578 1653 2633; x_wconf 83' lang='lat' dir='ltr'><strong>astutia</strong></span> <span class='ocrx_word' id='word_1_204' title='bbox 1693 2594 1798 2633; x_wconf 92' lang='lat' dir='ltr'><strong>non</strong></span> <span class='ocrx_word' id='word_1_205' title='bbox 1842 2593 2057 2647; x_wconf 87' lang='lat' dir='ltr'><strong>semper</strong></span> 
     </span>
    </p>
   </div>
   <div class='ocr_carea' id='block_1_27' title="bbox 475 2667 2052 2743">
    <p class='ocr_par' dir='ltr' id='par_1_27' title="bbox 475 2667 2052 2743">
     <span class='ocr_line' id='line_1_27' title="bbox 475 2667 2052 2743; baseline -0.004 -16"><span class='ocrx_word' id='word_1_206' title='bbox 475 2675 633 2728; x_wconf 81' lang='lat' dir='ltr'><strong>noxia</strong></span> <span class='ocrx_word' id='word_1_207' title='bbox 663 2682 769 2737; x_wconf 87' lang='lat' dir='ltr'><strong>est,</strong></span> <span class='ocrx_word' id='word_1_208' title='bbox 803 2668 897 2727; x_wconf 84' lang='lat' dir='ltr'><strong>sed</strong></span> <span class='ocrx_word' id='word_1_209' title='bbox 938 2686 1033 2743; x_wconf 92' lang='lat' dir='ltr'><strong>pro</strong></span> <span class='ocrx_word' id='word_1_210' title='bbox 1062 2686 1244 2725; x_wconf 86' lang='lat' dir='ltr'><strong>eorum</strong></span> <span class='ocrx_word' id='word_1_211' title='bbox 1275 2671 1364 2740; x_wconf 91' lang='lat' dir='ltr'><strong>qui</strong></span> <span class='ocrx_word' id='word_1_212' title='bbox 1393 2669 1476 2723; x_wconf 64' lang='lat' dir='ltr'><strong>iila</strong></span> <span class='ocrx_word' id='word_1_213' title='bbox 1507 2678 1725 2722; x_wconf 91' lang='lat' dir='ltr'><strong>utuntur</strong></span> <span class='ocrx_word' id='word_1_214' title='bbox 1752 2667 1931 2722; x_wconf 89' lang='lat' dir='ltr'><strong>animo</strong></span> <span class='ocrx_word' id='word_1_215' title='bbox 1959 2682 2052 2721; x_wconf 80' lang='lat' dir='ltr'><strong>seu</strong></span> 
     </span>
    </p>
   </div>
   <div class='ocr_carea' id='block_1_28' title="bbox 472 2758 2054 2828">
    <p class='ocr_par' dir='ltr' id='par_1_28' title="bbox 472 2758 2054 2828">
     <span class='ocr_line' id='line_1_28' title="bbox 472 2758 2054 2828; baseline -0.006 -8"><span class='ocrx_word' id='word_1_216' title='bbox 472 2768 613 2820; x_wconf 85' lang='lat' dir='ltr'><strong>mala</strong></span> <span class='ocrx_word' id='word_1_217' title='bbox 636 2780 727 2820; x_wconf 88' lang='lat' dir='ltr'><strong>seu</strong></span> <span class='ocrx_word' id='word_1_218' title='bbox 752 2764 887 2819; x_wconf 81' lang='lat' dir='ltr'><strong>bona</strong></span> <span class='ocrx_word' id='word_1_219' title='bbox 904 2763 1148 2828; x_wconf 83' lang='lat' dir='ltr'><strong>efficitur,</strong></span> <span class='ocrx_word' id='word_1_220' title='bbox 1173 2763 1385 2815; x_wconf 54' lang='lat' dir='ltr'><strong>missam</strong></span> <span class='ocrx_word' id='word_1_221' title='bbox 1413 2759 1609 2815; x_wconf 81' lang='lat' dir='ltr'><strong>iaciens</strong></span> <span class='ocrx_word' id='word_1_222' title='bbox 1630 2758 2054 2813; x_wconf 80' lang='lat' dir='ltr'><strong>criminationem</strong></span> 
     </span>
    </p>
   </div>
   <div class='ocr_carea' id='block_1_29' title="bbox 398 2846 2055 2926">
    <p class='ocr_par' dir='ltr' id='par_1_29' title="bbox 398 2846 2055 2926">
     <span class='ocr_line' id='line_1_29' title="bbox 398 2846 2055 2926; baseline -0.006 -15"><span class='ocrx_word' id='word_1_223' title='bbox 398 2848 419 2859; x_wconf 56' lang='grc'><strong>’“</strong></span> <span class='ocrx_word' id='word_1_224' title='bbox 475 2861 631 2911; x_wconf 87' lang='lat' dir='ltr'><strong>istam</strong></span> <span class='ocrx_word' id='word_1_225' title='bbox 652 2897 666 2919; x_wconf 92' lang='lat'><strong>,</strong></span> <span class='ocrx_word' id='word_1_226' title='bbox 710 2870 811 2926; x_wconf 89' lang='lat' dir='ltr'><strong>qua</strong></span> <span class='ocrx_word' id='word_1_227' title='bbox 843 2864 894 2909; x_wconf 91' lang='lat' dir='ltr'><strong>te</strong></span> <span class='ocrx_word' id='word_1_228' title='bbox 930 2854 1349 2908; x_wconf 88' lang='lat' dir='ltr'><strong>circmnvcntmn</strong></span> <span class='ocrx_word' id='word_1_229' title='bbox 1388 2850 1658 2921; x_wconf 84' lang='lat' dir='ltr'><strong>quereris,</strong></span> <span class='ocrx_word' id='word_1_230' title='bbox 1689 2846 1851 2919; x_wconf 87' lang='lat' dir='ltr'><strong>proba</strong></span> <span class='ocrx_word' id='word_1_231' title='bbox 1879 2863 1975 2902; x_wconf 83' lang='lat' dir='ltr'><strong>nos</strong></span> <span class='ocrx_word' id='word_1_232' title='bbox 2004 2850 2055 2901; x_wconf 90' lang='lat' dir='ltr'><strong>in</strong></span> 
     </span>
    </p>
   </div>
   <div class='ocr_carea' id='block_1_30' title="bbox 466 2940 2052 3003">
    <p class='ocr_par' dir='ltr' id='par_1_30' title="bbox 466 2940 2052 3003">
     <span class='ocr_line' id='line_1_30' title="bbox 466 2940 2052 3003; baseline -0.005 -1"><span class='ocrx_word' id='word_1_233' title='bbox 466 2944 671 3002; x_wconf 67' lang='lat' dir='ltr'><strong>malum</strong></span> <span class='ocrx_word' id='word_1_234' title='bbox 699 2956 815 3000; x_wconf 86' lang='lat' dir='ltr'><strong>astu</strong></span> <span class='ocrx_word' id='word_1_235' title='bbox 852 2958 977 2999; x_wconf 90' lang='lat' dir='ltr'><strong>usos</strong></span> <span class='ocrx_word' id='word_1_236' title='bbox 1007 2957 1126 2999; x_wconf 87' lang='lat' dir='ltr'><strong>esse</strong></span> <span class='ocrx_word' id='word_1_237' title='bbox 1159 2960 1172 2997; x_wconf 91' lang='lat'><strong>:</strong></span> <span class='ocrx_word' id='word_1_238' title='bbox 1206 2943 1373 2997; x_wconf 84' lang='lat' dir='ltr'><strong>donec</strong></span> <span class='ocrx_word' id='word_1_239' title='bbox 1402 2943 1542 2997; x_wconf 86' lang='lat' dir='ltr'><strong>enim</strong></span> <span class='ocrx_word' id='word_1_240' title='bbox 1585 2940 1635 2996; x_wconf 91' lang='lat' dir='ltr'><strong>id</strong></span> <span class='ocrx_word' id='word_1_241' title='bbox 1668 2940 1917 3003; x_wconf 84' lang='lat' dir='ltr'><strong>abfuerit,</strong></span> <span class='ocrx_word' id='word_1_242' title='bbox 1947 2956 2052 2993; x_wconf 85' lang='lat' dir='ltr'><strong>nun</strong></span> 
     </span>
    </p>
   </div>
   <div class='ocr_carea' id='block_1_31' title="bbox 470 3026 2053 3103">
    <p class='ocr_par' dir='ltr' id='par_1_31' title="bbox 470 3026 2053 3103">
     <span class='ocr_line' id='line_1_31' title="bbox 470 3026 2053 3103; baseline -0.006 -10"><span class='ocrx_word' id='word_1_243' title='bbox 470 3037 767 3101; x_wconf 79' lang='lat' dir='ltr'><strong>criminari,</strong></span> <span class='ocrx_word' id='word_1_244' title='bbox 786 3035 878 3091; x_wconf 85' lang='lat' dir='ltr'><strong>sed</strong></span> <span class='ocrx_word' id='word_1_245' title='bbox 897 3034 1110 3090; x_wconf 89' lang='lat' dir='ltr'><strong>laudare</strong></span> <span class='ocrx_word' id='word_1_246' title='bbox 1136 3031 1488 3103; x_wconf 88' lang='lat' dir='ltr'><strong>decipicutem</strong></span> <span class='ocrx_word' id='word_1_247' title='bbox 1506 3047 1712 3102; x_wconf 68' lang='lat' dir='ltr'><strong>acquum</strong></span> <span class='ocrx_word' id='word_1_248' title='bbox 1740 3030 1893 3085; x_wconf 88' lang='lat' dir='ltr'><strong>fuerit</strong></span> <span class='ocrx_word' id='word_1_249' title='bbox 1916 3026 2053 3100; x_wconf 88' lang='lat' dir='ltr'><strong>apud</strong></span> 
     </span>
    </p>
   </div>
   <div class='ocr_carea' id='block_1_32' title="bbox 471 3121 2055 3196">
    <p class='ocr_par' dir='ltr' id='par_1_32' title="bbox 471 3121 2055 3196">
     <span class='ocr_line' id='line_1_32' title="bbox 471 3121 2055 3196; baseline -0.003 -16"><span class='ocrx_word' id='word_1_250' title='bbox 471 3142 568 3182; x_wconf 85' lang='lat' dir='ltr'><strong>eos</strong></span> <span class='ocrx_word' id='word_1_251' title='bbox 607 3127 793 3181; x_wconf 88' lang='lat' dir='ltr'><strong>saltem</strong></span> <span class='ocrx_word' id='word_1_252' title='bbox 824 3126 914 3196; x_wconf 89' lang='lat' dir='ltr'><strong>qui</strong></span> <span class='ocrx_word' id='word_1_253' title='bbox 955 3125 1181 3194; x_wconf 89' lang='lat' dir='ltr'><strong>aliquam</strong></span> <span class='ocrx_word' id='word_1_254' title='bbox 1204 3122 1347 3192; x_wconf 81' lang='lat' dir='ltr'><strong>aequi</strong></span> <span class='ocrx_word' id='word_1_255' title='bbox 1380 3123 1608 3191; x_wconf 87' lang='lat' dir='ltr'><strong>bonique</strong></span> <span class='ocrx_word' id='word_1_256' title='bbox 1653 3121 1911 3175; x_wconf 82' lang='lat' dir='ltr'><strong>rationein</strong></span> <span class='ocrx_word' id='word_1_257' title='bbox 1957 3123 2055 3175; x_wconf 68' lang='lat' dir='ltr'><strong>lia-</strong></span> 
     </span>
    </p>
   </div>
   <div class='ocr_carea' id='block_1_33' title="bbox 475 3212 2056 3283">
    <p class='ocr_par' dir='ltr' id='par_1_33' title="bbox 475 3212 2056 3283">
     <span class='ocr_line' id='line_1_33' title="bbox 475 3212 2056 3283; baseline -0.005 -10"><span class='ocrx_word' id='word_1_258' title='bbox 475 3222 624 3274; x_wconf 82' lang='lat' dir='ltr'><strong>bent.</strong></span> <span class='ocrx_word' id='word_1_259' title='bbox 668 3217 896 3271; x_wconf 87' lang='lat' dir='ltr'><strong>Tantum</strong></span> <span class='ocrx_word' id='word_1_260' title='bbox 939 3215 1081 3269; x_wconf 90' lang='lat' dir='ltr'><strong>enim</strong></span> <span class='ocrx_word' id='word_1_261' title='bbox 1126 3214 1259 3268; x_wconf 83' lang='lat' dir='ltr'><strong>lucri</strong></span> <span class='ocrx_word' id='word_1_262' title='bbox 1305 3213 1463 3268; x_wconf 90' lang='lat' dir='ltr'><strong>habet</strong></span> <span class='ocrx_word' id='word_1_263' title='bbox 1491 3223 1785 3283; x_wconf 87' lang='lat' dir='ltr'><strong>opportuna</strong></span> <span class='ocrx_word' id='word_1_264' title='bbox 1812 3212 2056 3281; x_wconf 88' lang='lat' dir='ltr'><strong>bonoque</strong></span> 
     </span>
    </p>
   </div>
   <div class='ocr_carea' id='block_1_34' title="bbox 472 3303 2053 3379">
    <p class='ocr_par' dir='ltr' id='par_1_34' title="bbox 472 3303 2053 3379">
     <span class='ocr_line' id='line_1_34' title="bbox 472 3303 2053 3379; baseline -0.004 -15"><span class='ocrx_word' id='word_1_265' title='bbox 472 3311 658 3364; x_wconf 82' lang='lat' dir='ltr'><strong>animo</strong></span> <span class='ocrx_word' id='word_1_266' title='bbox 684 3318 866 3379; x_wconf 89' lang='lat' dir='ltr'><strong>parata</strong></span> <span class='ocrx_word' id='word_1_267' title='bbox 895 3306 1071 3373; x_wconf 87' lang='lat' dir='ltr'><strong>fraus,</strong></span> <span class='ocrx_word' id='word_1_268' title='bbox 1102 3313 1160 3361; x_wconf 91' lang='lat' dir='ltr'><strong>ut</strong></span> <span class='ocrx_word' id='word_1_269' title='bbox 1187 3304 1336 3359; x_wconf 90' lang='lat' dir='ltr'><strong>multi</strong></span> <span class='ocrx_word' id='word_1_270' title='bbox 1378 3316 1539 3372; x_wconf 64' lang='lat' dir='ltr'><strong>saepe,</strong></span> <span class='ocrx_word' id='word_1_271' title='bbox 1585 3303 1723 3374; x_wconf 91' lang='lat' dir='ltr'><strong>quod</strong></span> <span class='ocrx_word' id='word_1_272' title='bbox 1750 3319 1809 3357; x_wconf 89' lang='lat' dir='ltr'><strong>ea</strong></span> <span class='ocrx_word' id='word_1_273' title='bbox 1840 3320 1944 3356; x_wconf 87' lang='lat' dir='ltr'><strong>non</strong></span> <span class='ocrx_word' id='word_1_274' title='bbox 1976 3303 2053 3358; x_wconf 79' lang='lat' dir='ltr'><strong>usi</strong></span> 
     </span>
    </p>
   </div>
   <div class='ocr_carea' id='block_1_35' title="bbox 472 3394 2054 3469">
    <p class='ocr_par' dir='ltr' id='par_1_35' title="bbox 472 3394 2054 3469">
     <span class='ocr_line' id='line_1_35' title="bbox 472 3394 2054 3469; baseline -0.003 -16"><span class='ocrx_word' id='word_1_275' title='bbox 472 3401 602 3462; x_wconf 76' lang='lat' dir='ltr'><strong>sint,</strong></span> <span class='ocrx_word' id='word_1_276' title='bbox 650 3413 835 3469; x_wconf 64' lang='lat' dir='ltr'><strong>pinnas</strong></span> <span class='ocrx_word' id='word_1_277' title='bbox 877 3397 1139 3451; x_wconf 89' lang='lat' dir='ltr'><strong>dederint.</strong></span> <span class='ocrx_word' id='word_1_278' title='bbox 1173 3396 1250 3450; x_wconf 85' lang='lat' dir='ltr'><strong>Ae</strong></span> <span class='ocrx_word' id='word_1_279' title='bbox 1283 3396 1327 3449; x_wconf 91' lang='lat' dir='ltr'><strong>si</strong></span> <span class='ocrx_word' id='word_1_280' title='bbox 1359 3397 1489 3450; x_wconf 85' lang='lat' dir='ltr'><strong>velis</strong></span> <span class='ocrx_word' id='word_1_281' title='bbox 1535 3394 1698 3450; x_wconf 89' lang='lat' dir='ltr'><strong>duces</strong></span> <span class='ocrx_word' id='word_1_282' title='bbox 1726 3395 2054 3450; x_wconf 74' lang='lat' dir='ltr'><strong>exercituum</strong></span> 
     </span>
    </p>
   </div>
   <div class='ocr_carea' id='block_1_36' title="bbox 471 3486 2052 3550">
    <p class='ocr_par' dir='ltr' id='par_1_36' title="bbox 471 3486 2052 3550">
     <span class='ocr_line' id='line_1_36' title="bbox 471 3486 2052 3550; baseline -0.004 -5"><span class='ocrx_word' id='word_1_283' title='bbox 471 3491 783 3545; x_wconf 71' lang='lat' dir='ltr'><strong>examinare</strong></span> <span class='ocrx_word' id='word_1_284' title='bbox 817 3491 885 3543; x_wconf 85' lang='lat' dir='ltr'><strong>ab</strong></span> <span class='ocrx_word' id='word_1_285' title='bbox 910 3488 1039 3543; x_wconf 85' lang='lat' dir='ltr'><strong>orbe</strong></span> <span class='ocrx_word' id='word_1_286' title='bbox 1077 3487 1290 3542; x_wconf 88' lang='lat' dir='ltr'><strong>condito</strong></span> <span class='ocrx_word' id='word_1_287' title='bbox 1316 3486 1638 3541; x_wconf 86' lang='lat' dir='ltr'><strong>celebriores</strong></span> <span class='ocrx_word' id='word_1_288' title='bbox 1657 3527 1672 3550; x_wconf 91' lang='lat'><strong>,</strong></span> <span class='ocrx_word' id='word_1_289' title='bbox 1703 3486 1914 3539; x_wconf 90' lang='lat' dir='ltr'><strong>illorum</strong></span> <span class='ocrx_word' id='word_1_290' title='bbox 1943 3497 2052 3538; x_wconf 72' lang='lat' dir='ltr'><strong>tra-</strong></span> 
     </span>
    </p>
   </div>
   <div class='ocr_carea' id='block_1_37' title="bbox 476 3575 2043 3649">
    <p class='ocr_par' dir='ltr' id='par_1_37' title="bbox 476 3575 2043 3649">
     <span class='ocr_line' id='line_1_37' title="bbox 476 3575 2043 3649; baseline -0.004 -15"><span class='ocrx_word' id='word_1_291' title='bbox 476 3594 590 3649; x_wconf 75' lang='lat' dir='ltr'><strong>paea</strong></span> <span class='ocrx_word' id='word_1_292' title='bbox 611 3595 766 3649; x_wconf 81' lang='lat' dir='ltr'><strong>quam</strong></span> <span class='ocrx_word' id='word_1_293' title='bbox 791 3578 1017 3649; x_wconf 89' lang='lat' dir='ltr'><strong>plurima</strong></span> <span class='ocrx_word' id='word_1_294' title='bbox 1046 3576 1171 3632; x_wconf 88' lang='lat' dir='ltr'><strong>dolo</strong></span> <span class='ocrx_word' id='word_1_295' title='bbox 1198 3585 1346 3646; x_wconf 84' lang='lat' dir='ltr'><strong>parta</strong></span> <span class='ocrx_word' id='word_1_296' title='bbox 1373 3575 1689 3645; x_wconf 86' lang='lat' dir='ltr'><strong>comperies,</strong></span> <span class='ocrx_word' id='word_1_297' title='bbox 1718 3591 1915 3645; x_wconf 86' lang='lat' dir='ltr'><strong>eosque</strong></span> <span class='ocrx_word' id='word_1_298' title='bbox 1945 3590 2043 3628; x_wconf 68' lang='lat' dir='ltr'><strong>ma</strong></span> 
     </span>
    </p>
   </div>
   <div class='ocr_carea' id='block_1_38' title="bbox 470 3650 2053 3738">
    <p class='ocr_par' dir='ltr' id='par_1_38' title="bbox 470 3650 2053 3738">
     <span class='ocr_line' id='line_1_38' title="bbox 470 3650 2053 3738; baseline -0.001 -16"><span class='ocrx_word' id='word_1_299' title='bbox 470 3670 577 3738; x_wconf 82' lang='lat' dir='ltr'><strong>jori</strong></span> <span class='ocrx_word' id='word_1_300' title='bbox 618 3668 772 3723; x_wconf 88' lang='lat' dir='ltr'><strong>laude</strong></span> <span class='ocrx_word' id='word_1_301' title='bbox 813 3668 1108 3723; x_wconf 84' lang='lat' dir='ltr'><strong>celebratos</strong></span> <span class='ocrx_word' id='word_1_302' title='bbox 1129 3709 1144 3734; x_wconf 93' lang='lat'><strong>,</strong></span> <span class='ocrx_word' id='word_1_303' title='bbox 1192 3681 1351 3737; x_wconf 90' lang='lat' dir='ltr'><strong>quam</strong></span> <span class='ocrx_word' id='word_1_304' title='bbox 1379 3664 1467 3735; x_wconf 87' lang='lat' dir='ltr'><strong>qui</strong></span> <span class='ocrx_word' id='word_1_305' title='bbox 1495 3650 1682 3735; x_wconf 77' lang='lat' dir='ltr'><strong>aperto</strong></span> <span class='ocrx_word' id='word_1_306' title='bbox 1712 3676 1881 3720; x_wconf 85' lang='lat' dir='ltr'><strong>marte</strong></span> <span class='ocrx_word' id='word_1_307' title='bbox 1911 3666 2053 3720; x_wconf 76' lang='lat' dir='ltr'><strong>vice-</strong></span> 
     </span>
    </p>
   </div>
   <div class='ocr_carea' id='block_1_39' title="bbox 475 3757 2053 3829">
    <p class='ocr_par' dir='ltr' id='par_1_39' title="bbox 475 3757 2053 3829">
     <span class='ocr_line' id='line_1_39' title="bbox 475 3757 2053 3829; baseline -0.002 -15"><span class='ocrx_word' id='word_1_308' title='bbox 475 3770 620 3815; x_wconf 86' lang='lat' dir='ltr'><strong>runt.</strong></span> <span class='ocrx_word' id='word_1_309' title='bbox 653 3760 781 3814; x_wconf 88' lang='lat' dir='ltr'><strong>Nam</strong></span> <span class='ocrx_word' id='word_1_310' title='bbox 825 3761 876 3813; x_wconf 89' lang='lat' dir='ltr'><strong>bi</strong></span> <span class='ocrx_word' id='word_1_311' title='bbox 901 3760 1112 3829; x_wconf 89' lang='lat' dir='ltr'><strong>quidem</strong></span> <span class='ocrx_word' id='word_1_312' title='bbox 1156 3759 1339 3829; x_wconf 85' lang='lat' dir='ltr'><strong>majori</strong></span> <span class='ocrx_word' id='word_1_313' title='bbox 1369 3760 1707 3828; x_wconf 87' lang='lat' dir='ltr'><strong>pecuniarum</strong></span> <span class='ocrx_word' id='word_1_314' title='bbox 1749 3757 2053 3811; x_wconf 86' lang='lat' dir='ltr'><strong>hominum-</strong></span> 
     </span>
    </p>
   </div>
   <div class='ocr_carea' id='block_1_40' title="bbox 474 3850 2050 3923">
    <p class='ocr_par' dir='ltr' id='par_1_40' title="bbox 474 3850 2050 3923">
     <span class='ocr_line' id='line_1_40' title="bbox 474 3850 2050 3923; baseline -0.001 -18"><span class='ocrx_word' id='word_1_315' title='bbox 474 3866 582 3923; x_wconf 89' lang='lat' dir='ltr'><strong>que</strong></span> <span class='ocrx_word' id='word_1_316' title='bbox 607 3852 882 3921; x_wconf 69' lang='lat' dir='ltr'><strong>dispendio</strong></span> <span class='ocrx_word' id='word_1_317' title='bbox 910 3851 1092 3906; x_wconf 78' lang='lat' dir='ltr'><strong>hostes</strong></span> <span class='ocrx_word' id='word_1_318' title='bbox 1113 3860 1385 3921; x_wconf 86' lang='lat' dir='ltr'><strong>superant,</strong></span> <span class='ocrx_word' id='word_1_319' title='bbox 1416 3851 1484 3904; x_wconf 81' lang='lat' dir='ltr'><strong>ita</strong></span> <span class='ocrx_word' id='word_1_320' title='bbox 1508 3861 1564 3904; x_wconf 91' lang='lat' dir='ltr'><strong>ut</strong></span> <span class='ocrx_word' id='word_1_321' title='bbox 1594 3850 1901 3920; x_wconf 86' lang='lat' dir='ltr'><strong>plerumque</strong></span> <span class='ocrx_word' id='word_1_322' title='bbox 1923 3852 2050 3905; x_wconf 68' lang='lat' dir='ltr'><strong>nihil</strong></span> 
     </span>
    </p>
   </div>
   <div class='ocr_carea' id='block_1_41' title="bbox 474 3941 2055 4008">
    <p class='ocr_par' dir='ltr' id='par_1_41' title="bbox 474 3941 2055 4008">
     <span class='ocr_line' id='line_1_41' title="bbox 474 3941 2055 4008; baseline -0.001 -9"><span class='ocrx_word' id='word_1_323' title='bbox 474 3945 745 3999; x_wconf 80' lang='lat' dir='ltr'><strong>commodi</strong></span> <span class='ocrx_word' id='word_1_324' title='bbox 774 3959 841 3999; x_wconf 78' lang='lat' dir='ltr'><strong>ex</strong></span> <span class='ocrx_word' id='word_1_325' title='bbox 869 3945 1090 3998; x_wconf 85' lang='lat' dir='ltr'><strong>victoria</strong></span> <span class='ocrx_word' id='word_1_326' title='bbox 1113 3943 1366 4008; x_wconf 80' lang='lat' dir='ltr'><strong>referant,</strong></span> <span class='ocrx_word' id='word_1_327' title='bbox 1395 3941 1488 3998; x_wconf 89' lang='lat' dir='ltr'><strong>sed</strong></span> <span class='ocrx_word' id='word_1_328' title='bbox 1520 3958 1626 3997; x_wconf 90' lang='lat' dir='ltr'><strong>non</strong></span> <span class='ocrx_word' id='word_1_329' title='bbox 1648 3942 1907 4001; x_wconf 85' lang='lat' dir='ltr'><strong>minorem</strong></span> <span class='ocrx_word' id='word_1_330' title='bbox 1930 3946 1947 3975; x_wconf 87' lang='grc'>¹</span> <span class='ocrx_word' id='word_1_331' title='bbox 1978 3945 2055 3998; x_wconf 87' lang='lat' dir='ltr'><strong>vi-</strong></span> 
     </span>
    </p>
   </div>
   <div class='ocr_carea' id='block_1_42' title="bbox 473 4031 2052 4105">
    <p class='ocr_par' dir='ltr' id='par_1_42' title="bbox 473 4031 2052 4105">
     <span class='ocr_line' id='line_1_42' title="bbox 473 4031 2052 4105; baseline -0.001 -17"><span class='ocrx_word' id='word_1_332' title='bbox 473 4045 655 4090; x_wconf 76' lang='lat' dir='ltr'><strong>ctores</strong></span> <span class='ocrx_word' id='word_1_333' title='bbox 672 4046 830 4105; x_wconf 84' lang='lat' dir='ltr'><strong>quam</strong></span> <span class='ocrx_word' id='word_1_334' title='bbox 859 4034 981 4089; x_wconf 80' lang='lat' dir='ltr'><strong>victi</strong></span> <span class='ocrx_word' id='word_1_335' title='bbox 1010 4042 1117 4087; x_wconf 90' lang='lat' dir='ltr'><strong>tum</strong></span> <span class='ocrx_word' id='word_1_336' title='bbox 1155 4033 1417 4088; x_wconf 73' lang='lat' dir='ltr'><strong>exercitus</strong></span> <span class='ocrx_word' id='word_1_337' title='bbox 1448 4042 1555 4086; x_wconf 91' lang='lat' dir='ltr'><strong>tum</strong></span> <span class='ocrx_word' id='word_1_338' title='bbox 1584 4032 1757 4086; x_wconf 64' lang='lat' dir='ltr'><strong>aerarii</strong></span> <span class='ocrx_word' id='word_1_339' title='bbox 1791 4031 2052 4101; x_wconf 88' lang='lat' dir='ltr'><strong>jacturam</strong></span> 
     </span>
    </p>
   </div>
   <div class='ocr_carea' id='block_1_43' title="bbox 477 4122 2053 4181">
    <p class='ocr_par' dir='ltr' id='par_1_43' title="bbox 477 4122 2053 4181">
     <span class='ocr_line' id='line_1_43' title="bbox 477 4122 2053 4181; baseline -0.005 -1"><span class='ocrx_word' id='word_1_340' title='bbox 477 4127 695 4181; x_wconf 83' lang='lat' dir='ltr'><strong>faciant.</strong></span> <span class='ocrx_word' id='word_1_341' title='bbox 727 4124 807 4178; x_wconf 79' lang='lat' dir='ltr'><strong>Ad</strong></span> <span class='ocrx_word' id='word_1_342' title='bbox 838 4124 951 4179; x_wconf 70' lang='lat' dir='ltr'><strong>lucc</strong></span> <span class='ocrx_word' id='word_1_343' title='bbox 977 4136 1106 4178; x_wconf 87' lang='lat' dir='ltr'><strong>vero</strong></span> <span class='ocrx_word' id='word_1_344' title='bbox 1138 4137 1242 4177; x_wconf 91' lang='lat' dir='ltr'><strong>non</strong></span> <span class='ocrx_word' id='word_1_345' title='bbox 1272 4123 1451 4176; x_wconf 90' lang='lat' dir='ltr'><strong>sinunt</strong></span> <span class='ocrx_word' id='word_1_346' title='bbox 1478 4136 1570 4176; x_wconf 90' lang='lat' dir='ltr'><strong>eos</strong></span> <span class='ocrx_word' id='word_1_347' title='bbox 1598 4122 1722 4177; x_wconf 88' lang='lat' dir='ltr'><strong>victi</strong></span> <span class='ocrx_word' id='word_1_348' title='bbox 1752 4132 1859 4177; x_wconf 92' lang='lat' dir='ltr'><strong>tota</strong></span> <span class='ocrx_word' id='word_1_349' title='bbox 1883 4123 2053 4177; x_wconf 81' lang='lat' dir='ltr'><strong>victu-</strong></span> 
     </span>
    </p>
   </div>
   <div class='ocr_carea' id='block_1_44' title="bbox 476 4212 2053 4286">
    <p class='ocr_par' dir='ltr' id='par_1_44' title="bbox 476 4212 2053 4286">
     <span class='ocr_line' id='line_1_44' title="bbox 476 4212 2053 4286; baseline -0.003 -15"><span class='ocrx_word' id='word_1_350' title='bbox 476 4222 570 4271; x_wconf 78' lang='lat' dir='ltr'><strong>ria:</strong></span> <span class='ocrx_word' id='word_1_351' title='bbox 595 4216 760 4286; x_wconf 72' lang='lat' dir='ltr'><strong>gloria</strong></span> <span class='ocrx_word' id='word_1_352' title='bbox 802 4213 939 4280; x_wconf 87' lang='lat' dir='ltr'><strong>frui;</strong></span> <span class='ocrx_word' id='word_1_353' title='bbox 970 4214 1166 4269; x_wconf 80' lang='lat' dir='ltr'><strong>etenim</strong></span> <span class='ocrx_word' id='word_1_354' title='bbox 1218 4212 1347 4284; x_wconf 84' lang='lat' dir='ltr'><strong>ipsis</strong></span> <span class='ocrx_word' id='word_1_355' title='bbox 1374 4213 1491 4283; x_wconf 88' lang='lat' dir='ltr'><strong>ejus</strong></span> <span class='ocrx_word' id='word_1_356' title='bbox 1534 4227 1655 4282; x_wconf 86' lang='lat' dir='ltr'><strong>pars</strong></span> <span class='ocrx_word' id='word_1_357' title='bbox 1683 4227 1789 4267; x_wconf 92' lang='lat' dir='ltr'><strong>non</strong></span> <span class='ocrx_word' id='word_1_358' title='bbox 1837 4213 2053 4268; x_wconf 89' lang='lat' dir='ltr'><strong>minima</strong></span> 
     </span>
    </p>
   </div>
   <div class='ocr_carea' id='block_1_45' title="bbox 472 4305 2052 4378">
    <p class='ocr_par' dir='ltr' id='par_1_45' title="bbox 472 4305 2052 4378">
     <span class='ocr_line' id='line_1_45' title="bbox 472 4305 2052 4378; baseline -0.003 -13"><span class='ocrx_word' id='word_1_359' title='bbox 472 4308 638 4374; x_wconf 79' lang='lat' dir='ltr'><strong>cedit,</strong></span> <span class='ocrx_word' id='word_1_360' title='bbox 670 4316 853 4378; x_wconf 83' lang='lat' dir='ltr'><strong>utpote</strong></span> <span class='ocrx_word' id='word_1_361' title='bbox 896 4306 987 4377; x_wconf 85' lang='lat' dir='ltr'><strong>qui</strong></span> <span class='ocrx_word' id='word_1_362' title='bbox 1015 4306 1206 4361; x_wconf 88' lang='lat' dir='ltr'><strong>animis</strong></span> <span class='ocrx_word' id='word_1_363' title='bbox 1237 4306 1466 4361; x_wconf 86' lang='lat' dir='ltr'><strong>victores</strong></span> <span class='ocrx_word' id='word_1_364' title='bbox 1488 4347 1504 4373; x_wconf 95' lang='lat'><strong>,</strong></span> <span class='ocrx_word' id='word_1_365' title='bbox 1548 4305 1858 4376; x_wconf 87' lang='lat' dir='ltr'><strong>corporibus</strong></span> <span class='ocrx_word' id='word_1_366' title='bbox 1882 4307 2052 4361; x_wconf 91' lang='lat' dir='ltr'><strong>solum</strong></span> 
     </span>
    </p>
   </div>
   <div class='ocr_carea' id='block_1_46' title="bbox 474 4396 2052 4469">
    <p class='ocr_par' dir='ltr' id='par_1_46' title="bbox 474 4396 2052 4469">
     <span class='ocr_line' id='line_1_46' title="bbox 474 4396 2052 4469; baseline -0.003 -13"><span class='ocrx_word' id='word_1_367' title='bbox 474 4401 758 4458; x_wconf 79' lang='lat' dir='ltr'><strong>inferiores</strong></span> <span class='ocrx_word' id='word_1_368' title='bbox 784 4399 1016 4466; x_wconf 86' lang='lat' dir='ltr'><strong>fuerint;</strong></span> <span class='ocrx_word' id='word_1_369' title='bbox 1048 4399 1116 4453; x_wconf 87' lang='lat' dir='ltr'><strong>ita</strong></span> <span class='ocrx_word' id='word_1_370' title='bbox 1145 4409 1221 4464; x_wconf 85' lang='lat' dir='ltr'><strong>ut,</strong></span> <span class='ocrx_word' id='word_1_371' title='bbox 1251 4399 1294 4453; x_wconf 90' lang='lat' dir='ltr'><strong>si</strong></span> <span class='ocrx_word' id='word_1_372' title='bbox 1327 4399 1622 4469; x_wconf 85' lang='lat' dir='ltr'><strong>potuissent</strong></span> <span class='ocrx_word' id='word_1_373' title='bbox 1650 4396 1881 4453; x_wconf 84' lang='lat' dir='ltr'><strong>confossi</strong></span> <span class='ocrx_word' id='word_1_374' title='bbox 1903 4398 1923 4429; x_wconf 77' lang='grc'>⁸</span> <span class='ocrx_word' id='word_1_375' title='bbox 1948 4413 2052 4451; x_wconf 91' lang='lat' dir='ltr'><strong>non</strong></span> 
     </span>
    </p>
   </div>
   <div class='ocr_carea' id='block_1_47' title="bbox 472 4491 2056 4564">
    <p class='ocr_par' dir='ltr' id='par_1_47' title="bbox 472 4491 2056 4564">
     <span class='ocr_line' id='line_1_47' title="bbox 472 4491 2056 4564; baseline -0.001 -17"><span class='ocrx_word' id='word_1_376' title='bbox 472 4494 690 4560; x_wconf 77' lang='lat' dir='ltr'><strong>cadere,</strong></span> <span class='ocrx_word' id='word_1_377' title='bbox 716 4509 887 4564; x_wconf 89' lang='lat' dir='ltr'><strong>neque</strong></span> <span class='ocrx_word' id='word_1_378' title='bbox 907 4508 1050 4547; x_wconf 89' lang='lat' dir='ltr'><strong>mors</strong></span> <span class='ocrx_word' id='word_1_379' title='bbox 1077 4493 1195 4547; x_wconf 89' lang='lat' dir='ltr'><strong>illos</strong></span> <span class='ocrx_word' id='word_1_380' title='bbox 1221 4492 1612 4562; x_wconf 73' lang='lat' dir='ltr'><strong>prostraviSset,</strong></span> <span class='ocrx_word' id='word_1_381' title='bbox 1637 4506 1918 4560; x_wconf 85' lang='lat' dir='ltr'><strong>numquam</strong></span> <span class='ocrx_word' id='word_1_382' title='bbox 1945 4491 2056 4545; x_wconf 79' lang='lat' dir='ltr'><strong>ala-</strong></span> 
     </span>
    </p>
   </div>
   <div class='ocr_carea' id='block_1_48' title="bbox 473 4581 2054 4652">
    <p class='ocr_par' dir='ltr' id='par_1_48' title="bbox 473 4581 2054 4652">
     <span class='ocr_line' id='line_1_48' title="bbox 473 4581 2054 4652; baseline 0.001 -16"><span class='ocrx_word' id='word_1_383' title='bbox 473 4587 717 4640; x_wconf 72' lang='grc' dir='ltr'><strong>ι-ισίιιιιυιιι</strong></span> <span class='ocrx_word' id='word_1_384' title='bbox 741 4585 866 4638; x_wconf 86' lang='lat' dir='ltr'><strong>anni</strong></span> <span class='ocrx_word' id='word_1_385' title='bbox 893 4584 1215 4639; x_wconf 85' lang='lat' dir='ltr'><strong>amisissent.</strong></span> <span class='ocrx_word' id='word_1_386' title='bbox 1242 4583 1343 4650; x_wconf 91' lang='lat' dir='ltr'><strong>Qui</strong></span> <span class='ocrx_word' id='word_1_387' title='bbox 1372 4598 1499 4638; x_wconf 91' lang='lat' dir='ltr'><strong>vero</strong></span> <span class='ocrx_word' id='word_1_388' title='bbox 1522 4581 1703 4637; x_wconf 89' lang='lat' dir='ltr'><strong>fraude</strong></span> <span class='ocrx_word' id='word_1_389' title='bbox 1723 4583 1934 4637; x_wconf 83' lang='lat' dir='ltr'><strong>vincere</strong></span> <span class='ocrx_word' id='word_1_390' title='bbox 1960 4598 2054 4652; x_wconf 82' lang='lat' dir='ltr'><strong>po-</strong></span> 
     </span>
    </p>
   </div>
   <div class='ocr_carea' id='block_1_49' title="bbox 476 4673 2052 4745">
    <p class='ocr_par' dir='ltr' id='par_1_49' title="bbox 476 4673 2052 4745">
     <span class='ocr_line' id='line_1_49' title="bbox 476 4673 2052 4745; baseline -0.001 -15"><span class='ocrx_word' id='word_1_391' title='bbox 476 4678 599 4742; x_wconf 88' lang='lat' dir='ltr'><strong>tuit,</strong></span> <span class='ocrx_word' id='word_1_392' title='bbox 628 4691 733 4731; x_wconf 87' lang='lat' dir='ltr'><strong>non</strong></span> <span class='ocrx_word' id='word_1_393' title='bbox 754 4676 1093 4730; x_wconf 87' lang='lat' dir='ltr'><strong>calamitosos</strong></span> <span class='ocrx_word' id='word_1_394' title='bbox 1117 4675 1310 4741; x_wconf 86' lang='lat' dir='ltr'><strong>solum,</strong></span> <span class='ocrx_word' id='word_1_395' title='bbox 1336 4674 1428 4729; x_wconf 82' lang='lat' dir='ltr'><strong>sed</strong></span> <span class='ocrx_word' id='word_1_396' title='bbox 1450 4677 1607 4729; x_wconf 88' lang='lat' dir='ltr'><strong>etiam</strong></span> <span class='ocrx_word' id='word_1_397' title='bbox 1631 4675 1740 4729; x_wconf 90' lang='lat' dir='ltr'><strong>risu</strong></span> <span class='ocrx_word' id='word_1_398' title='bbox 1763 4675 1950 4745; x_wconf 84' lang='lat' dir='ltr'><strong>dignus</strong></span> <span class='ocrx_word' id='word_1_399' title='bbox 1972 4673 2052 4729; x_wconf 84' lang='lat' dir='ltr'><strong>ef-</strong></span> 
     </span>
    </p>
   </div>
   <div class='ocr_carea' id='block_1_50' title="bbox 477 4763 2056 4834">
    <p class='ocr_par' dir='ltr' id='par_1_50' title="bbox 477 4763 2056 4834">
     <span class='ocr_line' id='line_1_50' title="bbox 477 4763 2056 4834; baseline 0 -15"><span class='ocrx_word' id='word_1_400' title='bbox 477 4766 586 4819; x_wconf 80' lang='lat' dir='ltr'><strong>ficit</strong></span> <span class='ocrx_word' id='word_1_401' title='bbox 616 4764 819 4819; x_wconf 85' lang='lat' dir='ltr'><strong>hostes.</strong></span> <span class='ocrx_word' id='word_1_402' title='bbox 872 4764 989 4818; x_wconf 88' lang='lat' dir='ltr'><strong>Non</strong></span> <span class='ocrx_word' id='word_1_403' title='bbox 1018 4766 1179 4829; x_wconf 89' lang='lat' dir='ltr'><strong>enim,</strong></span> <span class='ocrx_word' id='word_1_404' title='bbox 1214 4773 1270 4818; x_wconf 91' lang='lat' dir='ltr'><strong>ut</strong></span> <span class='ocrx_word' id='word_1_405' title='bbox 1301 4764 1427 4830; x_wconf 89' lang='lat' dir='ltr'><strong>illic,</strong></span> <span class='ocrx_word' id='word_1_406' title='bbox 1460 4776 1636 4833; x_wconf 87' lang='lat' dir='ltr'><strong>parem</strong></span> <span class='ocrx_word' id='word_1_407' title='bbox 1664 4764 1873 4834; x_wconf 87' lang='lat' dir='ltr'><strong>utrique</strong></span> <span class='ocrx_word' id='word_1_408' title='bbox 1902 4763 2056 4819; x_wconf 87' lang='lat' dir='ltr'><strong>furti-</strong></span> 
     </span>
    </p>
   </div>
   <div class='ocr_carea' id='block_1_51' title="bbox 472 4852 2049 4923">
    <p class='ocr_par' dir='ltr' id='par_1_51' title="bbox 472 4852 2049 4923">
     <span class='ocr_line' id='line_1_51' title="bbox 472 4852 2049 4923; baseline -0.001 -13"><span class='ocrx_word' id='word_1_409' title='bbox 472 4856 674 4910; x_wconf 80' lang='lat' dir='ltr'><strong>tudinis</strong></span> <span class='ocrx_word' id='word_1_410' title='bbox 692 4894 709 4923; x_wconf 88' lang='lat'><strong>,</strong></span> <span class='ocrx_word' id='word_1_411' title='bbox 737 4856 806 4908; x_wconf 89' lang='lat' dir='ltr'><strong>ita</strong></span> <span class='ocrx_word' id='word_1_412' title='bbox 843 4865 899 4910; x_wconf 91' lang='lat' dir='ltr'><strong>et</strong></span> <span class='ocrx_word' id='word_1_413' title='bbox 921 4855 1006 4909; x_wconf 86' lang='lat' dir='ltr'><strong>hic</strong></span> <span class='ocrx_word' id='word_1_414' title='bbox 1034 4854 1190 4909; x_wconf 89' lang='lat' dir='ltr'><strong>ambo</strong></span> <span class='ocrx_word' id='word_1_415' title='bbox 1217 4852 1511 4923; x_wconf 70' lang='lat' dir='ltr'><strong>prudentia:</strong></span> <span class='ocrx_word' id='word_1_416' title='bbox 1542 4853 1748 4907; x_wconf 86' lang='lat' dir='ltr'><strong>laudem</strong></span> <span class='ocrx_word' id='word_1_417' title='bbox 1778 4853 2049 4922; x_wconf 88' lang='lat' dir='ltr'><strong>referunt;</strong></span> 
     </span>
    </p>
   </div>
   <div class='ocr_carea' id='block_1_52' title="bbox 474 4945 2048 5015">
    <p class='ocr_par' dir='ltr' id='par_1_52' title="bbox 474 4945 2048 5015">
     <span class='ocr_line' id='line_1_52' title="bbox 474 4945 2048 5015; baseline 0.001 -17"><span class='ocrx_word' id='word_1_418' title='bbox 474 4946 571 4999; x_wconf 82' lang='lat' dir='ltr'><strong>sed</strong></span> <span class='ocrx_word' id='word_1_419' title='bbox 600 4946 863 5015; x_wconf 74' lang='lat' dir='ltr'><strong>integrum</strong></span> <span class='ocrx_word' id='word_1_420' title='bbox 914 4946 1202 4999; x_wconf 86' lang='lat' dir='ltr'><strong>victoribus</strong></span> <span class='ocrx_word' id='word_1_421' title='bbox 1249 4945 1484 4999; x_wconf 70' lang='lat' dir='ltr'><strong>victoriae</strong></span> <span class='ocrx_word' id='word_1_422' title='bbox 1540 4945 1816 5013; x_wconf 74' lang='lat' dir='ltr'><strong>przcmium</strong></span> <span class='ocrx_word' id='word_1_423' title='bbox 1866 4945 2048 5000; x_wconf 80' lang='lat' dir='ltr'><strong>cedit:</strong></span> 
     </span>
    </p>
   </div>
   <div class='ocr_carea' id='block_1_53' title="bbox 481 5035 2053 5105">
    <p class='ocr_par' dir='ltr' id='par_1_53' title="bbox 481 5035 2053 5105">
     <span class='ocr_line' id='line_1_53' title="bbox 481 5035 2053 5105; baseline 0.003 -17"><span class='ocrx_word' id='word_1_424' title='bbox 481 5036 733 5105; x_wconf 80' lang='lat' dir='ltr'><strong>quodque</strong></span> <span class='ocrx_word' id='word_1_425' title='bbox 760 5052 866 5089; x_wconf 79' lang='lat' dir='ltr'><strong>non</strong></span> <span class='ocrx_word' id='word_1_426' title='bbox 896 5037 1071 5090; x_wconf 86' lang='lat' dir='ltr'><strong>minus</strong></span> <span class='ocrx_word' id='word_1_427' title='bbox 1110 5045 1213 5099; x_wconf 81' lang='lat' dir='ltr'><strong>est.</strong></span> <span class='ocrx_word' id='word_1_428' title='bbox 1241 5036 1474 5089; x_wconf 77' lang='lat' dir='ltr'><strong>victoria:</strong></span> <span class='ocrx_word' id='word_1_429' title='bbox 1499 5035 1822 5104; x_wconf 87' lang='lat' dir='ltr'><strong>voluptatem</strong></span> <span class='ocrx_word' id='word_1_430' title='bbox 1852 5037 2053 5092; x_wconf 86' lang='lat' dir='ltr'><strong>civitati</strong></span> 
     </span>
    </p>
   </div>
   <div class='ocr_carea' id='block_1_54' title="bbox 470 5123 2052 5197">
    <p class='ocr_par' dir='ltr' id='par_1_54' title="bbox 470 5123 2052 5197">
     <span class='ocr_line' id='line_1_54' title="bbox 470 5123 2052 5197; baseline 0 -16"><span class='ocrx_word' id='word_1_431' title='bbox 470 5130 742 5182; x_wconf 83' lang='lat' dir='ltr'><strong>sinceram</strong></span> <span class='ocrx_word' id='word_1_432' title='bbox 767 5123 1011 5181; x_wconf 54' lang='lat' dir='ltr'><strong>servant?</strong></span> <span class='ocrx_word' id='word_1_433' title='bbox 1031 5127 1210 5197; x_wconf 86' lang='lat' dir='ltr'><strong>Neque</strong></span> <span class='ocrx_word' id='word_1_434' title='bbox 1239 5126 1380 5182; x_wconf 89' lang='lat' dir='ltr'><strong>enim</strong></span> <span class='ocrx_word' id='word_1_435' title='bbox 1412 5127 1630 5197; x_wconf 87' lang='lat' dir='ltr'><strong>perinde</strong></span> <span class='ocrx_word' id='word_1_436' title='bbox 1661 5142 1718 5180; x_wconf 92' lang='lat' dir='ltr'><strong>se</strong></span> <span class='ocrx_word' id='word_1_437' title='bbox 1742 5127 1938 5182; x_wconf 87' lang='lat' dir='ltr'><strong>habent</strong></span> <span class='ocrx_word' id='word_1_438' title='bbox 1959 5143 2052 5197; x_wconf 85' lang='lat' dir='ltr'><strong>pc—</strong></span> 
     </span>
    </p>
   </div>
   <div class='ocr_carea' id='block_1_55' title="bbox 470 5217 2049 5289">
    <p class='ocr_par' dir='ltr' id='par_1_55' title="bbox 470 5217 2049 5289">
     <span class='ocr_line' id='line_1_55' title="bbox 470 5217 2049 5289; baseline 0.001 -16"><span class='ocrx_word' id='word_1_439' title='bbox 470 5222 750 5274; x_wconf 79' lang='lat' dir='ltr'><strong>(uniat‘unt</strong></span> <span class='ocrx_word' id='word_1_440' title='bbox 777 5220 928 5289; x_wconf 88' lang='lat' dir='ltr'><strong>copia</strong></span> <span class='ocrx_word' id='word_1_441' title='bbox 958 5219 1338 5289; x_wconf 85' lang='lat' dir='ltr'><strong>hominumque</strong></span> <span class='ocrx_word' id='word_1_442' title='bbox 1367 5217 1666 5283; x_wconf 87' lang='lat' dir='ltr'><strong>multitudo,</strong></span> <span class='ocrx_word' id='word_1_443' title='bbox 1705 5228 1862 5289; x_wconf 89' lang='lat' dir='ltr'><strong>atque</strong></span> <span class='ocrx_word' id='word_1_444' title='bbox 1888 5220 2049 5275; x_wconf 89' lang='lat' dir='ltr'><strong>animi</strong></span> 
     </span>
    </p>
   </div>
   <div class='ocr_carea' id='block_1_56' title="bbox 473 5308 2051 5382">
    <p class='ocr_par' dir='ltr' id='par_1_56' title="bbox 473 5308 2051 5382">
     <span class='ocr_line' id='line_1_56' title="bbox 473 5308 2051 5382; baseline -0.001 -19"><span class='ocrx_word' id='word_1_445' title='bbox 473 5310 760 5382; x_wconf 83' lang='lat' dir='ltr'><strong>prudentia</strong></span> <span class='ocrx_word' id='word_1_446' title='bbox 780 5329 794 5374; x_wconf 86' lang='lat'><strong>;</strong></span> <span class='ocrx_word' id='word_1_447' title='bbox 814 5309 1078 5379; x_wconf 83' lang='lat' dir='ltr'><strong>siquidem</strong></span> <span class='ocrx_word' id='word_1_448' title='bbox 1109 5311 1193 5365; x_wconf 90' lang='lat' dir='ltr'><strong>illa</strong></span> <span class='ocrx_word' id='word_1_449' title='bbox 1221 5311 1272 5364; x_wconf 94' lang='lat' dir='ltr'><strong>in</strong></span> <span class='ocrx_word' id='word_1_450' title='bbox 1310 5322 1407 5363; x_wconf 90' lang='lat' dir='ltr'><strong>usu</strong></span> <span class='ocrx_word' id='word_1_451' title='bbox 1428 5309 1622 5364; x_wconf 88' lang='lat' dir='ltr'><strong>bellico</strong></span> <span class='ocrx_word' id='word_1_452' title='bbox 1642 5308 1903 5379; x_wconf 84' lang='lat' dir='ltr'><strong>frequenti</strong></span> <span class='ocrx_word' id='word_1_453' title='bbox 1926 5324 2051 5365; x_wconf 89' lang='lat' dir='ltr'><strong>con-</strong></span> 
     </span>
    </p>
   </div>
   <div class='ocr_carea' id='block_1_57' title="bbox 468 5399 2052 5472">
    <p class='ocr_par' dir='ltr' id='par_1_57' title="bbox 468 5399 2052 5472">
     <span class='ocr_line' id='line_1_57' title="bbox 468 5399 2052 5472; baseline -0.001 -15"><span class='ocrx_word' id='word_1_454' title='bbox 468 5402 611 5457; x_wconf 80' lang='lat' dir='ltr'><strong>sumi</strong></span> <span class='ocrx_word' id='word_1_455' title='bbox 655 5401 848 5466; x_wconf 86' lang='lat' dir='ltr'><strong>solent,</strong></span> <span class='ocrx_word' id='word_1_456' title='bbox 897 5408 1055 5472; x_wconf 86' lang='lat' dir='ltr'><strong>atque</strong></span> <span class='ocrx_word' id='word_1_457' title='bbox 1105 5414 1441 5471; x_wconf 77' lang='lat' dir='ltr'><strong>possessores</strong></span> <span class='ocrx_word' id='word_1_458' title='bbox 1478 5414 1603 5454; x_wconf 89' lang='lat' dir='ltr'><strong>suos</strong></span> <span class='ocrx_word' id='word_1_459' title='bbox 1633 5399 1908 5464; x_wconf 82' lang='lat' dir='ltr'><strong>deserere;</strong></span> <span class='ocrx_word' id='word_1_460' title='bbox 1940 5399 2052 5456; x_wconf 70' lang='lat' dir='ltr'><strong>haec</strong></span> 
     </span>
    </p>
   </div>
   <div class='ocr_carea' id='block_1_58' title="bbox 537 5572 1406 5634">
    <p class='ocr_par' dir='ltr' id='par_1_58' title="bbox 537 5572 1406 5634">
     <span class='ocr_line' id='line_1_58' title="bbox 537 5572 1406 5634; baseline 0.001 -11"><span class='ocrx_word' id='word_1_461' title='bbox 537 5580 556 5607; x_wconf 84' lang='grc' dir='ltr'><strong>ι</strong></span> <span class='ocrx_word' id='word_1_462' title='bbox 592 5580 757 5634; x_wconf 77' lang='lat' dir='ltr'><strong>Deest,</strong></span> <span class='ocrx_word' id='word_1_463' title='bbox 781 5572 1030 5628; x_wconf 66' lang='lat' dir='ltr'><strong>uiuerent.</strong></span> <span class='ocrx_word' id='word_1_464' title='bbox 1053 5575 1102 5625; x_wconf 90' lang='lat' dir='ltr'><strong>iu</strong></span> <span class='ocrx_word' id='word_1_465' title='bbox 1125 5575 1279 5624; x_wconf 87' lang='lat' dir='ltr'><strong>tribus</strong></span> <span class='ocrx_word' id='word_1_466' title='bbox 1300 5581 1406 5624; x_wconf 77' lang='lat' dir='ltr'><strong>Mss.</strong></span> 
     </span>
    </p>
   </div>
   <div class='ocr_carea' id='block_1_59' title="bbox 534 5635 1569 5697">
    <p class='ocr_par' dir='ltr' id='par_1_59' title="bbox 534 5635 1569 5697">
     <span class='ocr_line' id='line_1_59' title="bbox 534 5635 1569 5697; baseline -0.002 -12"><span class='ocrx_word' id='word_1_467' title='bbox 534 5640 662 5685; x_wconf 59' lang='grc' dir='ltr'><strong>ἐἰς</strong></span> <span class='ocrx_word' id='word_1_468' title='bbox 706 5635 847 5685; x_wconf 73' lang='lat' dir='ltr'><strong>sani.</strong></span> <span class='ocrx_word' id='word_1_469' title='bbox 915 5642 966 5683; x_wconf 82' lang='lat' dir='ltr'><strong>et</strong></span> <span class='ocrx_word' id='word_1_470' title='bbox 1026 5648 1196 5687; x_wconf 72' lang='lat' dir='ltr'><strong>manes</strong></span> <span class='ocrx_word' id='word_1_471' title='bbox 1256 5637 1361 5687; x_wconf 87' lang='lat' dir='ltr'><strong>fere</strong></span> <span class='ocrx_word' id='word_1_472' title='bbox 1431 5645 1569 5697; x_wconf 65' lang='lat'><strong>3155.;</strong></span> 
     </span>
    </p>
   </div>
   <div class='ocr_carea' id='block_1_60' title="bbox 466 5700 692 5750">
    <p class='ocr_par' dir='ltr' id='par_1_60' title="bbox 466 5700 692 5750">
     <span class='ocr_line' id='line_1_60' title="bbox 466 5700 692 5750; baseline -0.009 -1"><span class='ocrx_word' id='word_1_473' title='bbox 466 5700 676 5750; x_wconf 67' lang='lat' dir='ltr'><strong>ualentes</strong></span> <span class='ocrx_word' id='word_1_474' title='bbox 685 5740 692 5747; x_wconf 88' lang='lat'><strong>.</strong></span> 
     </span>
    </p>
   </div>
   <div class='ocr_carea' id='block_1_61' title="bbox 1647 5632 2044 5691">
    <p class='ocr_par' dir='ltr' id='par_1_61' title="bbox 1647 5632 2044 5691">
     <span class='ocr_line' id='line_1_61' title="bbox 1647 5632 2044 5691; baseline 0 -8"><span class='ocrx_word' id='word_1_475' title='bbox 1647 5632 1809 5685; x_wconf 70' lang='lat' dir='ltr'><strong>Morel.</strong></span> <span class='ocrx_word' id='word_1_476' title='bbox 1877 5633 2044 5691; x_wconf 82' lang='lat' dir='ltr'><strong>habet,</strong></span> 
     </span>
    </p>
   </div>
   <div class='ocr_carea' id='block_1_62' title="bbox 1661 266 2481 329">
    <p class='ocr_par' dir='ltr' id='par_1_62' title="bbox 1661 266 2481 329">
     <span class='ocr_line' id='line_1_62' title="bbox 1661 266 2481 329; baseline -0.009 1"><span class='ocrx_word' id='word_1_477' title='bbox 1661 273 1748 329; x_wconf 85' lang='lat' dir='ltr'><strong>DE</strong></span> <span class='ocrx_word' id='word_1_478' title='bbox 1778 266 2226 328; x_wconf 77' lang='lat' dir='ltr'><strong>SACERDOTIO.</strong></span> <span class='ocrx_word' id='word_1_479' title='bbox 2270 266 2396 323; x_wconf 86' lang='lat' dir='ltr'><strong>LIB.</strong></span> <span class='ocrx_word' id='word_1_480' title='bbox 2440 267 2481 324; x_wconf 87' lang='grc' dir='ltr'><strong>Ι.</strong></span> 
     </span>
    </p>
   </div>
   <div class='ocr_carea' id='block_1_63' title="bbox 3633 276 3734 331">
    <p class='ocr_par' dir='ltr' id='par_1_63' title="bbox 3633 276 3734 331">
     <span class='ocr_line' id='line_1_63' title="bbox 3633 276 3734 331; baseline -0.01 0"><span class='ocrx_word' id='word_1_481' title='bbox 3633 276 3734 331; x_wconf 67' lang='lat'><strong>630</strong></span> 
     </span>
    </p>
   </div>
   <div class='ocr_carea' id='block_1_64' title="bbox 2157 383 3733 456">
    <p class='ocr_par' dir='ltr' id='par_1_64' title="bbox 2157 383 3733 456">
     <span class='ocr_line' id='line_1_64' title="bbox 2157 383 3733 456; baseline 0.004 -22"><span class='ocrx_word' id='word_1_482' title='bbox 2157 396 2284 437; x_wconf 88' lang='lat' dir='ltr'><strong>vero</strong></span> <span class='ocrx_word' id='word_1_483' title='bbox 2327 392 2525 453; x_wconf 92' lang='lat' dir='ltr'><strong>quanto</strong></span> <span class='ocrx_word' id='word_1_484' title='bbox 2568 383 2734 453; x_wconf 70' lang='lat' dir='ltr'><strong>magis</strong></span> <span class='ocrx_word' id='word_1_485' title='bbox 2789 392 3060 449; x_wconf 67' lang='lat' dir='ltr'><strong>ckerccas,</strong></span> <span class='ocrx_word' id='word_1_486' title='bbox 3111 391 3255 438; x_wconf 82' lang='lat' dir='ltr'><strong>tanta</strong></span> <span class='ocrx_word' id='word_1_487' title='bbox 3280 385 3447 455; x_wconf 80' lang='lat' dir='ltr'><strong>magis</strong></span> <span class='ocrx_word' id='word_1_488' title='bbox 3495 398 3733 456; x_wconf 83' lang='lat' dir='ltr'><strong>augetur.</strong></span> 
     </span>
    </p>
   </div>
   <div class='ocr_carea' id='block_1_65' title="bbox 2153 474 3736 547">
    <p class='ocr_par' dir='ltr' id='par_1_65' title="bbox 2153 474 3736 547">
     <span class='ocr_line' id='line_1_65' title="bbox 2153 474 3736 547; baseline 0.003 -17"><span class='ocrx_word' id='word_1_489' title='bbox 2153 474 2336 546; x_wconf 84' lang='lat' dir='ltr'><strong>Neque</strong></span> <span class='ocrx_word' id='word_1_490' title='bbox 2358 475 2531 530; x_wconf 89' lang='lat' dir='ltr'><strong>solum</strong></span> <span class='ocrx_word' id='word_1_491' title='bbox 2563 475 2614 529; x_wconf 90' lang='lat' dir='ltr'><strong>in</strong></span> <span class='ocrx_word' id='word_1_492' title='bbox 2638 474 2818 542; x_wconf 83' lang='lat' dir='ltr'><strong>bellis,</strong></span> <span class='ocrx_word' id='word_1_493' title='bbox 2848 474 2941 530; x_wconf 86' lang='lat' dir='ltr'><strong>sed</strong></span> <span class='ocrx_word' id='word_1_494' title='bbox 2963 476 3124 530; x_wconf 89' lang='lat' dir='ltr'><strong>etiam</strong></span> <span class='ocrx_word' id='word_1_495' title='bbox 3161 475 3307 546; x_wconf 87' lang='lat' dir='ltr'><strong>pacis</strong></span> <span class='ocrx_word' id='word_1_496' title='bbox 3336 485 3594 547; x_wconf 87' lang='lat' dir='ltr'><strong>tempore,</strong></span> <span class='ocrx_word' id='word_1_497' title='bbox 3621 496 3736 533; x_wconf 89' lang='lat' dir='ltr'><strong>ma-</strong></span> 
     </span>
    </p>
   </div>
   <div class='ocr_carea' id='block_1_66' title="bbox 2154 565 3736 639">
    <p class='ocr_par' dir='ltr' id='par_1_66' title="bbox 2154 565 3736 639">
     <span class='ocr_line' id='line_1_66' title="bbox 2154 565 3736 639; baseline 0.003 -19"><span class='ocrx_word' id='word_1_498' title='bbox 2154 581 2315 635; x_wconf 77' lang='lat' dir='ltr'><strong>gnum</strong></span> <span class='ocrx_word' id='word_1_499' title='bbox 2354 566 2819 636; x_wconf 87' lang='lat' dir='ltr'><strong>necessariumque</strong></span> <span class='ocrx_word' id='word_1_500' title='bbox 2845 565 3045 621; x_wconf 82' lang='lat' dir='ltr'><strong>fraudis</strong></span> <span class='ocrx_word' id='word_1_501' title='bbox 3073 582 3224 621; x_wconf 86' lang='lat' dir='ltr'><strong>usum</strong></span> <span class='ocrx_word' id='word_1_502' title='bbox 3247 582 3368 623; x_wconf 89' lang='lat' dir='ltr'><strong>esse</strong></span> <span class='ocrx_word' id='word_1_503' title='bbox 3405 571 3736 639; x_wconf 86' lang='lat' dir='ltr'><strong>comperias,</strong></span> 
     </span>
    </p>
   </div>
   <div class='ocr_carea' id='block_1_67' title="bbox 2155 656 3736 728">
    <p class='ocr_par' dir='ltr' id='par_1_67' title="bbox 2155 656 3736 728">
     <span class='ocr_line' id='line_1_67' title="bbox 2155 656 3736 728; baseline 0.003 -17"><span class='ocrx_word' id='word_1_504' title='bbox 2155 673 2257 713; x_wconf 87' lang='lat' dir='ltr'><strong>nec</strong></span> <span class='ocrx_word' id='word_1_505' title='bbox 2287 665 2493 712; x_wconf 91' lang='lat' dir='ltr'><strong>tantum</strong></span> <span class='ocrx_word' id='word_1_506' title='bbox 2517 656 2584 713; x_wconf 92' lang='lat' dir='ltr'><strong>ad</strong></span> <span class='ocrx_word' id='word_1_507' title='bbox 2610 658 2839 713; x_wconf 90' lang='lat' dir='ltr'><strong>civitatis</strong></span> <span class='ocrx_word' id='word_1_508' title='bbox 2879 659 3107 728; x_wconf 77' lang='lat' dir='ltr'><strong>negotia,</strong></span> <span class='ocrx_word' id='word_1_509' title='bbox 3131 659 3226 715; x_wconf 91' lang='lat' dir='ltr'><strong>sed</strong></span> <span class='ocrx_word' id='word_1_510' title='bbox 3254 669 3308 727; x_wconf 80' lang='lat' dir='ltr'><strong>et</strong></span> <span class='ocrx_word' id='word_1_511' title='bbox 3331 660 3397 715; x_wconf 89' lang='lat' dir='ltr'><strong>ad</strong></span> <span class='ocrx_word' id='word_1_512' title='bbox 3421 659 3736 727; x_wconf 86' lang='lat' dir='ltr'><strong>domestica,</strong></span> 
     </span>
    </p>
   </div>
   <div class='ocr_carea' id='block_1_68' title="bbox 2155 747 3734 821">
    <p class='ocr_par' dir='ltr' id='par_1_68' title="bbox 2155 747 3734 821">
     <span class='ocr_line' id='line_1_68' title="bbox 2155 747 3734 821; baseline 0.003 -20"><span class='ocrx_word' id='word_1_513' title='bbox 2155 748 2269 802; x_wconf 89' lang='lat' dir='ltr'><strong>viro</strong></span> <span class='ocrx_word' id='word_1_514' title='bbox 2285 747 2541 802; x_wconf 78' lang='lat' dir='ltr'><strong>adversus</strong></span> <span class='ocrx_word' id='word_1_515' title='bbox 2564 762 2807 812; x_wconf 78' lang='lat' dir='ltr'><strong>uxorem,</strong></span> <span class='ocrx_word' id='word_1_516' title='bbox 2834 749 2987 803; x_wconf 80' lang='lat' dir='ltr'><strong>uxori</strong></span> <span class='ocrx_word' id='word_1_517' title='bbox 3016 748 3273 804; x_wconf 84' lang='lat' dir='ltr'><strong>adversus</strong></span> <span class='ocrx_word' id='word_1_518' title='bbox 3301 750 3493 815; x_wconf 87' lang='lat' dir='ltr'><strong>virum,</strong></span> <span class='ocrx_word' id='word_1_519' title='bbox 3519 752 3654 821; x_wconf 86' lang='lat' dir='ltr'><strong>patri</strong></span> <span class='ocrx_word' id='word_1_520' title='bbox 3683 751 3734 806; x_wconf 89' lang='lat' dir='ltr'><strong>in</strong></span> 
     </span>
    </p>
   </div>
   <div class='ocr_carea' id='block_1_69' title="bbox 2155 836 3734 914">
    <p class='ocr_par' dir='ltr' id='par_1_69' title="bbox 2155 836 3734 914">
     <span class='ocr_line' id='line_1_69' title="bbox 2155 836 3734 914; baseline 0.004 -22"><span class='ocrx_word' id='word_1_521' title='bbox 2155 836 2321 892; x_wconf 89' lang='lat' dir='ltr'><strong>filium</strong></span> <span class='ocrx_word' id='word_1_522' title='bbox 2346 879 2361 904; x_wconf 93' lang='lat'><strong>,</strong></span> <span class='ocrx_word' id='word_1_523' title='bbox 2393 838 2564 893; x_wconf 91' lang='lat' dir='ltr'><strong>amico</strong></span> <span class='ocrx_word' id='word_1_524' title='bbox 2588 839 2643 892; x_wconf 90' lang='lat' dir='ltr'><strong>in</strong></span> <span class='ocrx_word' id='word_1_525' title='bbox 2685 838 2936 906; x_wconf 89' lang='lat' dir='ltr'><strong>amicum,</strong></span> <span class='ocrx_word' id='word_1_526' title='bbox 2961 841 3068 895; x_wconf 90' lang='lat' dir='ltr'><strong>imo</strong></span> <span class='ocrx_word' id='word_1_527' title='bbox 3096 841 3254 896; x_wconf 86' lang='lat' dir='ltr'><strong>etiam</strong></span> <span class='ocrx_word' id='word_1_528' title='bbox 3284 841 3393 897; x_wconf 87' lang='lat' dir='ltr'><strong>filio</strong></span> <span class='ocrx_word' id='word_1_529' title='bbox 3419 843 3469 896; x_wconf 89' lang='lat' dir='ltr'><strong>in</strong></span> <span class='ocrx_word' id='word_1_530' title='bbox 3507 853 3734 914; x_wconf 88' lang='lat' dir='ltr'><strong>patrem.</strong></span> 
     </span>
    </p>
   </div>
   <div class='ocr_carea' id='block_1_70' title="bbox 2155 929 3733 1003">
    <p class='ocr_par' dir='ltr' id='par_1_70' title="bbox 2155 929 3733 1003">
     <span class='ocr_line' id='line_1_70' title="bbox 2155 929 3733 1003; baseline 0.006 -19"><span class='ocrx_word' id='word_1_531' title='bbox 2155 929 2336 1001; x_wconf 83' lang='lat' dir='ltr'><strong>Neque</strong></span> <span class='ocrx_word' id='word_1_532' title='bbox 2361 931 2504 985; x_wconf 87' lang='lat' dir='ltr'><strong>enim</strong></span> <span class='ocrx_word' id='word_1_533' title='bbox 2533 931 2637 988; x_wconf 90' lang='lat' dir='ltr'><strong>alio</strong></span> <span class='ocrx_word' id='word_1_534' title='bbox 2665 931 2825 987; x_wconf 89' lang='lat' dir='ltr'><strong>modo</strong></span> <span class='ocrx_word' id='word_1_535' title='bbox 2852 935 3022 1003; x_wconf 90' lang='lat' dir='ltr'><strong>potuit</strong></span> <span class='ocrx_word' id='word_1_536' title='bbox 3045 932 3150 990; x_wconf 86' lang='lat' dir='ltr'><strong>filia</strong></span> <span class='ocrx_word' id='word_1_537' title='bbox 3178 933 3357 991; x_wconf 76' lang='lat' dir='ltr'><strong>Saulis</strong></span> <span class='ocrx_word' id='word_1_538' title='bbox 3382 937 3551 991; x_wconf 90' lang='lat' dir='ltr'><strong>virum</strong></span> <span class='ocrx_word' id='word_1_539' title='bbox 3578 952 3733 993; x_wconf 85' lang='lat' dir='ltr'><strong>suum</strong></span> 
     </span>
    </p>
   </div>
   <div class='ocr_carea' id='block_1_71' title="bbox 2154 1021 3733 1099">
    <p class='ocr_par' dir='ltr' id='par_1_71' title="bbox 2154 1021 3733 1099">
     <span class='ocr_line' id='line_1_71' title="bbox 2154 1021 3733 1099; baseline 0.005 -25"><span class='ocrx_word' id='word_1_540' title='bbox 2154 1036 2186 1075; x_wconf 90' lang='lat' dir='ltr'><strong>e</strong></span> <span class='ocrx_word' id='word_1_541' title='bbox 2216 1021 2457 1077; x_wconf 88' lang='lat' dir='ltr'><strong>manibus</strong></span> <span class='ocrx_word' id='word_1_542' title='bbox 2482 1023 2598 1091; x_wconf 86' lang='lat' dir='ltr'><strong>ejus</strong></span> <span class='ocrx_word' id='word_1_543' title='bbox 2629 1038 2851 1089; x_wconf 83' lang='lat' dir='ltr'><strong>eruere,</strong></span> <span class='ocrx_word' id='word_1_544' title='bbox 2883 1040 3040 1093; x_wconf 86' lang='lat' dir='ltr'><strong>quam</strong></span> <span class='ocrx_word' id='word_1_545' title='bbox 3069 1037 3273 1096; x_wconf 82' lang='lat' dir='ltr'><strong>patrem</strong></span> <span class='ocrx_word' id='word_1_546' title='bbox 3315 1026 3629 1097; x_wconf 77' lang='lat' dir='ltr'><strong>decipienda</strong></span> <span class='ocrx_word' id='word_1_547' title='bbox 3659 1029 3733 1099; x_wconf 82' lang='grc' dir='ltr'><strong>(Ι.</strong></span> 
     </span>
    </p>
   </div>
   <div class='ocr_carea' id='block_1_72' title="bbox 2158 1114 3733 1189">
    <p class='ocr_par' dir='ltr' id='par_1_72' title="bbox 2158 1114 3733 1189">
     <span class='ocr_line' id='line_1_72' title="bbox 2158 1114 3733 1189; baseline 0.004 -21"><span class='ocrx_word' id='word_1_548' title='bbox 2158 1114 2284 1183; x_wconf 81' lang='lat' dir='ltr'><strong>Reg.</strong></span> <span class='ocrx_word' id='word_1_549' title='bbox 2320 1115 2405 1170; x_wconf 87' lang='lat' dir='ltr'><strong>l9.</strong></span> <span class='ocrx_word' id='word_1_550' title='bbox 2435 1116 2561 1186; x_wconf 72' lang='lat'><strong>1:2).</strong></span> <span class='ocrx_word' id='word_1_551' title='bbox 2595 1116 2830 1186; x_wconf 82' lang='lat' dir='ltr'><strong>Eiusque</strong></span> <span class='ocrx_word' id='word_1_552' title='bbox 2874 1117 3036 1173; x_wconf 81' lang='lat' dir='ltr'><strong>frater</strong></span> <span class='ocrx_word' id='word_1_553' title='bbox 3057 1120 3164 1188; x_wconf 85' lang='lat' dir='ltr'><strong>jam</strong></span> <span class='ocrx_word' id='word_1_554' title='bbox 3196 1130 3433 1189; x_wconf 87' lang='lat' dir='ltr'><strong>ereptum</strong></span> <span class='ocrx_word' id='word_1_555' title='bbox 3469 1137 3500 1175; x_wconf 91' lang='lat' dir='ltr'><strong>a</strong></span> <span class='ocrx_word' id='word_1_556' title='bbox 3528 1136 3733 1187; x_wconf 80' lang='lat' dir='ltr'><strong>sorore,</strong></span> 
     </span>
    </p>
   </div>
   <div class='ocr_carea' id='block_1_73' title="bbox 2159 1207 3736 1283">
    <p class='ocr_par' dir='ltr' id='par_1_73' title="bbox 2159 1207 3736 1283">
     <span class='ocr_line' id='line_1_73' title="bbox 2159 1207 3736 1283; baseline 0.003 -22"><span class='ocrx_word' id='word_1_557' title='bbox 2159 1207 2453 1278; x_wconf 89' lang='lat' dir='ltr'><strong>iterumque</strong></span> <span class='ocrx_word' id='word_1_558' title='bbox 2480 1208 2867 1277; x_wconf 86' lang='lat' dir='ltr'><strong>periclitantem</strong></span> <span class='ocrx_word' id='word_1_559' title='bbox 2897 1223 3111 1264; x_wconf 91' lang='lat' dir='ltr'><strong>servare</strong></span> <span class='ocrx_word' id='word_1_560' title='bbox 3140 1212 3381 1280; x_wconf 87' lang='lat' dir='ltr'><strong>cupiens,</strong></span> <span class='ocrx_word' id='word_1_561' title='bbox 3406 1213 3592 1267; x_wconf 65' lang='lat' dir='ltr'><strong>iisdem</strong></span> <span class='ocrx_word' id='word_1_562' title='bbox 3623 1214 3736 1283; x_wconf 76' lang='lat' dir='ltr'><strong>qui~</strong></span> 
     </span>
    </p>
   </div>
   <div class='ocr_carea' id='block_1_74' title="bbox 2159 1299 3384 1374">
    <p class='ocr_par' dir='ltr' id='par_1_74' title="bbox 2159 1299 3384 1374">
     <span class='ocr_line' id='line_1_74' title="bbox 2159 1299 3384 1374; baseline 0.002 -21"><span class='ocrx_word' id='word_1_563' title='bbox 2159 1299 2255 1353; x_wconf 88' lang='lat' dir='ltr'><strong>bus</strong></span> <span class='ocrx_word' id='word_1_564' title='bbox 2285 1314 2424 1353; x_wconf 77' lang='lat' dir='ltr'><strong>uxor</strong></span> <span class='ocrx_word' id='word_1_565' title='bbox 2451 1299 2567 1367; x_wconf 87' lang='lat' dir='ltr'><strong>ejus</strong></span> <span class='ocrx_word' id='word_1_566' title='bbox 2595 1314 2722 1354; x_wconf 90' lang='lat' dir='ltr'><strong>usns</strong></span> <span class='ocrx_word' id='word_1_567' title='bbox 2747 1309 2827 1355; x_wconf 87' lang='lat' dir='ltr'><strong>est</strong></span> <span class='ocrx_word' id='word_1_568' title='bbox 2852 1301 2972 1355; x_wconf 81' lang='lat' dir='ltr'><strong>telis</strong></span> <span class='ocrx_word' id='word_1_569' title='bbox 2998 1300 3161 1371; x_wconf 83' lang='lat' dir='ltr'><strong>(Ibid.</strong></span> <span class='ocrx_word' id='word_1_570' title='bbox 3191 1302 3281 1357; x_wconf 72' lang='grc' dir='ltr'><strong>ΞΟ.</strong></span> <span class='ocrx_word' id='word_1_571' title='bbox 3305 1302 3384 1374; x_wconf 80' lang='grc'><strong>8).</strong></span> 
     </span>
    </p>
   </div>
   <div class='ocr_carea' id='block_1_75' title="bbox 2230 1391 3731 1467">
    <p class='ocr_par' dir='ltr' id='par_1_75' title="bbox 2230 1391 3731 1467">
     <span class='ocr_line' id='line_1_75' title="bbox 2230 1391 3731 1467; baseline 0.007 -22"><span class='ocrx_word' id='word_1_572' title='bbox 2230 1391 2361 1445; x_wconf 88' lang='lat' dir='ltr'><strong>Tum</strong></span> <span class='ocrx_word' id='word_1_573' title='bbox 2391 1391 2717 1455; x_wconf 69' lang='lat' dir='ltr'><strong>BASILIUS,</strong></span> <span class='ocrx_word' id='word_1_574' title='bbox 2748 1392 2890 1448; x_wconf 84' lang='lat' dir='ltr'><strong>Nihil</strong></span> <span class='ocrx_word' id='word_1_575' title='bbox 2932 1394 3044 1448; x_wconf 75' lang='lat' dir='ltr'><strong>lucc</strong></span> <span class='ocrx_word' id='word_1_576' title='bbox 3081 1393 3147 1448; x_wconf 90' lang='lat' dir='ltr'><strong>ad</strong></span> <span class='ocrx_word' id='word_1_577' title='bbox 3179 1410 3297 1461; x_wconf 88' lang='lat' dir='ltr'><strong>me,</strong></span> <span class='ocrx_word' id='word_1_578' title='bbox 3331 1395 3533 1465; x_wconf 89' lang='lat' dir='ltr'><strong>inquit,</strong></span> <span class='ocrx_word' id='word_1_579' title='bbox 3568 1410 3731 1467; x_wconf 67' lang='lat' dir='ltr'><strong>neque</strong></span> 
     </span>
    </p>
   </div>
   <div class='ocr_carea' id='block_1_76' title="bbox 2155 1482 3727 1557">
    <p class='ocr_par' dir='ltr' id='par_1_76' title="bbox 2155 1482 3727 1557">
     <span class='ocr_line' id='line_1_76' title="bbox 2155 1482 3727 1557; baseline 0.004 -21"><span class='ocrx_word' id='word_1_580' title='bbox 2155 1483 2296 1536; x_wconf 90' lang='lat' dir='ltr'><strong>enim</strong></span> <span class='ocrx_word' id='word_1_581' title='bbox 2329 1482 2497 1537; x_wconf 87' lang='lat' dir='ltr'><strong>hostis</strong></span> <span class='ocrx_word' id='word_1_582' title='bbox 2525 1498 2641 1537; x_wconf 90' lang='lat' dir='ltr'><strong>sum</strong></span> <span class='ocrx_word' id='word_1_583' title='bbox 2671 1485 2752 1538; x_wconf 77' lang='lat' dir='ltr'><strong>vel</strong></span> <span class='ocrx_word' id='word_1_584' title='bbox 2783 1485 3062 1549; x_wconf 88' lang='lat' dir='ltr'><strong>inimicus,</strong></span> <span class='ocrx_word' id='word_1_585' title='bbox 3094 1500 3266 1557; x_wconf 88' lang='lat' dir='ltr'><strong>neque</strong></span> <span class='ocrx_word' id='word_1_586' title='bbox 3308 1496 3374 1541; x_wconf 69' lang='lat' dir='ltr'><strong>ex</strong></span> <span class='ocrx_word' id='word_1_587' title='bbox 3416 1502 3609 1542; x_wconf 88' lang='lat' dir='ltr'><strong>eorum.</strong></span> <span class='ocrx_word' id='word_1_588' title='bbox 3641 1502 3727 1542; x_wconf 84' lang='lat' dir='ltr'><strong>nu-</strong></span> 
     </span>
    </p>
   </div>
   <div class='ocr_carea' id='block_1_77' title="bbox 2158 1576 3739 1646">
    <p class='ocr_par' dir='ltr' id='par_1_77' title="bbox 2158 1576 3739 1646">
     <span class='ocr_line' id='line_1_77' title="bbox 2158 1576 3739 1646; baseline 0.004 -17"><span class='ocrx_word' id='word_1_589' title='bbox 2158 1589 2308 1629; x_wconf 89' lang='lat' dir='ltr'><strong>mero</strong></span> <span class='ocrx_word' id='word_1_590' title='bbox 2330 1615 2345 1642; x_wconf 92' lang='lat'><strong>,</strong></span> <span class='ocrx_word' id='word_1_591' title='bbox 2387 1576 2579 1646; x_wconf 90' lang='lat' dir='ltr'><strong>quibus</strong></span> <span class='ocrx_word' id='word_1_592' title='bbox 2605 1576 2825 1633; x_wconf 48' lang='lat' dir='ltr'><strong>Iredendi</strong></span> <span class='ocrx_word' id='word_1_593' title='bbox 2857 1579 3066 1634; x_wconf 86' lang='lat' dir='ltr'><strong>animus</strong></span> <span class='ocrx_word' id='word_1_594' title='bbox 3108 1588 3220 1646; x_wconf 90' lang='lat' dir='ltr'><strong>est;</strong></span> <span class='ocrx_word' id='word_1_595' title='bbox 3254 1588 3439 1636; x_wconf 86' lang='lat' dir='ltr'><strong>contra</strong></span> <span class='ocrx_word' id='word_1_596' title='bbox 3470 1595 3598 1636; x_wconf 87' lang='lat' dir='ltr'><strong>vero</strong></span> <span class='ocrx_word' id='word_1_597' title='bbox 3636 1592 3739 1636; x_wconf 74' lang='lat' dir='ltr'><strong>tua:</strong></span> 
     </span>
    </p>
   </div>
   <div class='ocr_carea' id='block_1_78' title="bbox 2156 1667 3736 1741">
    <p class='ocr_par' dir='ltr' id='par_1_78' title="bbox 2156 1667 3736 1741">
     <span class='ocr_line' id='line_1_78' title="bbox 2156 1667 3736 1741; baseline 0.004 -23"><span class='ocrx_word' id='word_1_598' title='bbox 2156 1679 2370 1734; x_wconf 88' lang='lat' dir='ltr'><strong>semper</strong></span> <span class='ocrx_word' id='word_1_599' title='bbox 2416 1667 2693 1721; x_wconf 68' lang='lat' dir='ltr'><strong>sementim</strong></span> <span class='ocrx_word' id='word_1_600' title='bbox 2721 1667 2900 1723; x_wconf 77' lang='lat' dir='ltr'><strong>omnia</strong></span> <span class='ocrx_word' id='word_1_601' title='bbox 2931 1684 3047 1723; x_wconf 87' lang='lat' dir='ltr'><strong>mea</strong></span> <span class='ocrx_word' id='word_1_602' title='bbox 3074 1670 3338 1734; x_wconf 82' lang='lat' dir='ltr'><strong>commisi,</strong></span> <span class='ocrx_word' id='word_1_603' title='bbox 3389 1671 3475 1725; x_wconf 92' lang='lat' dir='ltr'><strong>cui</strong></span> <span class='ocrx_word' id='word_1_604' title='bbox 3504 1687 3736 1741; x_wconf 84' lang='lat' dir='ltr'><strong>semper,</strong></span> 
     </span>
    </p>
   </div>
   <div class='ocr_carea' id='block_1_79' title="bbox 2157 1755 3219 1827">
    <p class='ocr_par' dir='ltr' id='par_1_79' title="bbox 2157 1755 3219 1827">
     <span class='ocr_line' id='line_1_79' title="bbox 2157 1755 3219 1827; baseline 0.008 -20"><span class='ocrx_word' id='word_1_605' title='bbox 2157 1755 2369 1825; x_wconf 88' lang='lat' dir='ltr'><strong>quando</strong></span> <span class='ocrx_word' id='word_1_606' title='bbox 2397 1765 2448 1810; x_wconf 91' lang='lat' dir='ltr'><strong>tu</strong></span> <span class='ocrx_word' id='word_1_607' title='bbox 2475 1756 2699 1826; x_wconf 86' lang='lat' dir='ltr'><strong>jussisti,</strong></span> <span class='ocrx_word' id='word_1_608' title='bbox 2727 1757 3054 1827; x_wconf 87' lang='lat' dir='ltr'><strong>obseqttutus</strong></span> <span class='ocrx_word' id='word_1_609' title='bbox 3079 1774 3219 1815; x_wconf 85' lang='lat' dir='ltr'><strong>sum.</strong></span> 
     </span>
    </p>
   </div>
   <div class='ocr_carea' id='block_1_80' title="bbox 2230 1846 3739 1921">
    <p class='ocr_par' dir='ltr' id='par_1_80' title="bbox 2230 1846 3739 1921">
     <span class='ocr_line' id='line_1_80' title="bbox 2230 1846 3739 1921; baseline 0.003 -19"><span class='ocrx_word' id='word_1_610' title='bbox 2230 1846 2283 1902; x_wconf 85' lang='lat'><strong>9.</strong></span> <span class='ocrx_word' id='word_1_611' title='bbox 2339 1846 2529 1917; x_wconf 80' lang='lat' dir='ltr'><strong>Magna</strong></span> <span class='ocrx_word' id='word_1_612' title='bbox 2556 1864 2621 1902; x_wconf 79' lang='lat' dir='ltr'><strong>ea:</strong></span> <span class='ocrx_word' id='word_1_613' title='bbox 2660 1849 2949 1917; x_wconf 78' lang='lat' dir='ltr'><strong>tempestiva</strong></span> <span class='ocrx_word' id='word_1_614' title='bbox 2975 1850 3155 1921; x_wconf 76' lang='lat' dir='ltr'><strong>fraude</strong></span> <span class='ocrx_word' id='word_1_615' title='bbox 3192 1852 3400 1906; x_wconf 76' lang='lat' dir='ltr'><strong>utilitas.</strong></span> <span class='ocrx_word' id='word_1_616' title='bbox 3427 1883 3498 1892; x_wconf 95' lang='lat'><strong><em>—</em></strong></span> <span class='ocrx_word' id='word_1_617' title='bbox 3523 1851 3739 1907; x_wconf 74' lang='lat' dir='ltr'><strong>CHRY-</strong></span> 
     </span>
    </p>
   </div>
   <div class='ocr_carea' id='block_1_81' title="bbox 2159 1937 3740 2013">
    <p class='ocr_par' dir='ltr' id='par_1_81' title="bbox 2159 1937 3740 2013">
     <span class='ocr_line' id='line_1_81' title="bbox 2159 1937 3740 2013; baseline 0.003 -22"><span class='ocrx_word' id='word_1_618' title='bbox 2159 1937 2534 1994; x_wconf 77' lang='lat' dir='ltr'><strong>SOSTOMUS.</strong></span> <span class='ocrx_word' id='word_1_619' title='bbox 2566 1940 2654 2002; x_wconf 86' lang='lat' dir='ltr'><strong>At,</strong></span> <span class='ocrx_word' id='word_1_620' title='bbox 2686 1955 2719 1993; x_wconf 88' lang='grc' dir='ltr'><strong>ο</strong></span> <span class='ocrx_word' id='word_1_621' title='bbox 2748 1939 2828 1993; x_wconf 83' lang='lat' dir='ltr'><strong>vir</strong></span> <span class='ocrx_word' id='word_1_622' title='bbox 2850 1939 3162 1995; x_wconf 89' lang='lat' dir='ltr'><strong>admiraude</strong></span> <span class='ocrx_word' id='word_1_623' title='bbox 3188 1951 3346 2012; x_wconf 85' lang='lat' dir='ltr'><strong>atque</strong></span> <span class='ocrx_word' id='word_1_624' title='bbox 3366 1945 3587 2013; x_wconf 86' lang='lat' dir='ltr'><strong>optime,</strong></span> <span class='ocrx_word' id='word_1_625' title='bbox 3622 1944 3740 1999; x_wconf 83' lang='lat' dir='ltr'><strong>ideo</strong></span> 
     </span>
    </p>
   </div>
   <div class='ocr_carea' id='block_1_82' title="bbox 2162 2026 3739 2096">
    <p class='ocr_par' dir='ltr' id='par_1_82' title="bbox 2162 2026 3739 2096">
     <span class='ocr_line' id='line_1_82' title="bbox 2162 2026 3739 2096; baseline 0.007 -20"><span class='ocrx_word' id='word_1_626' title='bbox 2162 2026 2252 2079; x_wconf 91' lang='lat' dir='ltr'><strong>tibi</strong></span> <span class='ocrx_word' id='word_1_627' title='bbox 2274 2026 2384 2096; x_wconf 87' lang='lat' dir='ltr'><strong>jam</strong></span> <span class='ocrx_word' id='word_1_628' title='bbox 2412 2035 2567 2081; x_wconf 84' lang='lat' dir='ltr'><strong>antea</strong></span> <span class='ocrx_word' id='word_1_629' title='bbox 2593 2027 2725 2094; x_wconf 82' lang='lat' dir='ltr'><strong>dixi,</strong></span> <span class='ocrx_word' id='word_1_630' title='bbox 2750 2044 2855 2084; x_wconf 90' lang='lat' dir='ltr'><strong>non</strong></span> <span class='ocrx_word' id='word_1_631' title='bbox 2879 2029 2930 2082; x_wconf 92' lang='lat' dir='ltr'><strong>in</strong></span> <span class='ocrx_word' id='word_1_632' title='bbox 2965 2030 3102 2084; x_wconf 90' lang='lat' dir='ltr'><strong>bello</strong></span> <span class='ocrx_word' id='word_1_633' title='bbox 3126 2040 3326 2085; x_wconf 91' lang='lat' dir='ltr'><strong>tantum</strong></span> <span class='ocrx_word' id='word_1_634' title='bbox 3350 2041 3403 2087; x_wconf 88' lang='lat' dir='ltr'><strong>et</strong></span> <span class='ocrx_word' id='word_1_635' title='bbox 3430 2041 3611 2087; x_wconf 90' lang='lat' dir='ltr'><strong>contra</strong></span> <span class='ocrx_word' id='word_1_636' title='bbox 3642 2032 3739 2087; x_wconf 87' lang='lat' dir='ltr'><strong>bo-</strong></span> 
     </span>
    </p>
   </div>
   <div class='ocr_carea' id='block_1_83' title="bbox 2159 2115 3742 2188">
    <p class='ocr_par' dir='ltr' id='par_1_83' title="bbox 2159 2115 3742 2188">
     <span class='ocr_line' id='line_1_83' title="bbox 2159 2115 3742 2188; baseline 0.004 -18"><span class='ocrx_word' id='word_1_637' title='bbox 2159 2125 2290 2181; x_wconf 87' lang='lat' dir='ltr'><strong>stes,</strong></span> <span class='ocrx_word' id='word_1_638' title='bbox 2315 2115 2409 2171; x_wconf 88' lang='lat' dir='ltr'><strong>sed</strong></span> <span class='ocrx_word' id='word_1_639' title='bbox 2437 2118 2596 2171; x_wconf 85' lang='lat' dir='ltr'><strong>etiam</strong></span> <span class='ocrx_word' id='word_1_640' title='bbox 2622 2119 2672 2172; x_wconf 92' lang='lat' dir='ltr'><strong>in</strong></span> <span class='ocrx_word' id='word_1_641' title='bbox 2714 2134 2843 2188; x_wconf 84' lang='lat' dir='ltr'><strong>pace</strong></span> <span class='ocrx_word' id='word_1_642' title='bbox 2866 2129 2919 2174; x_wconf 87' lang='lat' dir='ltr'><strong>et</strong></span> <span class='ocrx_word' id='word_1_643' title='bbox 2942 2120 3195 2175; x_wconf 86' lang='lat' dir='ltr'><strong>adversus</strong></span> <span class='ocrx_word' id='word_1_644' title='bbox 3219 2121 3571 2178; x_wconf 85' lang='lat' dir='ltr'><strong>amicissimos</strong></span> <span class='ocrx_word' id='word_1_645' title='bbox 3596 2123 3742 2177; x_wconf 83' lang='lat' dir='ltr'><strong>frau~</strong></span> 
     </span>
    </p>
   </div>
   <div class='ocr_carea' id='block_1_84' title="bbox 2158 2206 3741 2281">
    <p class='ocr_par' dir='ltr' id='par_1_84' title="bbox 2158 2206 3741 2281">
     <span class='ocr_line' id='line_1_84' title="bbox 2158 2206 3741 2281; baseline 0.006 -20"><span class='ocrx_word' id='word_1_646' title='bbox 2158 2206 2226 2261; x_wconf 91' lang='lat' dir='ltr'><strong>de</strong></span> <span class='ocrx_word' id='word_1_647' title='bbox 2252 2210 2327 2263; x_wconf 91' lang='lat' dir='ltr'><strong>uti</strong></span> <span class='ocrx_word' id='word_1_648' title='bbox 2354 2207 2615 2264; x_wconf 84' lang='lat' dir='ltr'><strong>interdum</strong></span> <span class='ocrx_word' id='word_1_649' title='bbox 2658 2226 2791 2280; x_wconf 87' lang='lat' dir='ltr'><strong>opus</strong></span> <span class='ocrx_word' id='word_1_650' title='bbox 2816 2227 2953 2266; x_wconf 85' lang='lat' dir='ltr'><strong>esse.</strong></span> <span class='ocrx_word' id='word_1_651' title='bbox 2983 2212 3134 2281; x_wconf 88' lang='lat' dir='ltr'><strong>Quod</strong></span> <span class='ocrx_word' id='word_1_652' title='bbox 3154 2223 3329 2268; x_wconf 86' lang='lat' dir='ltr'><strong>autem</strong></span> <span class='ocrx_word' id='word_1_653' title='bbox 3358 2229 3420 2270; x_wconf 89' lang='lat' dir='ltr'><strong>ea</strong></span> <span class='ocrx_word' id='word_1_654' title='bbox 3450 2230 3552 2271; x_wconf 92' lang='lat' dir='ltr'><strong>non</strong></span> <span class='ocrx_word' id='word_1_655' title='bbox 3581 2217 3741 2271; x_wconf 90' lang='lat' dir='ltr'><strong>modo</strong></span> 
     </span>
    </p>
   </div>
   <div class='ocr_carea' id='block_1_85' title="bbox 2158 2298 3738 2378">
    <p class='ocr_par' dir='ltr' id='par_1_85' title="bbox 2158 2298 3738 2378">
     <span class='ocr_line' id='line_1_85' title="bbox 2158 2298 3738 2378; baseline 0.005 -24"><span class='ocrx_word' id='word_1_656' title='bbox 2158 2298 2562 2369; x_wconf 88' lang='lat' dir='ltr'><strong>decipientibus,</strong></span> <span class='ocrx_word' id='word_1_657' title='bbox 2592 2302 2683 2358; x_wconf 88' lang='lat' dir='ltr'><strong>sed</strong></span> <span class='ocrx_word' id='word_1_658' title='bbox 2714 2304 2872 2357; x_wconf 84' lang='lat' dir='ltr'><strong>etiam</strong></span> <span class='ocrx_word' id='word_1_659' title='bbox 2903 2303 3140 2374; x_wconf 86' lang='lat' dir='ltr'><strong>deceptis</strong></span> <span class='ocrx_word' id='word_1_660' title='bbox 3168 2306 3309 2360; x_wconf 81' lang='lat' dir='ltr'><strong>utilis</strong></span> <span class='ocrx_word' id='word_1_661' title='bbox 3330 2306 3417 2367; x_wconf 84' lang='lat' dir='ltr'><strong>sit,</strong></span> <span class='ocrx_word' id='word_1_662' title='bbox 3442 2322 3470 2360; x_wconf 89' lang='lat' dir='ltr'><strong>a</strong></span> <span class='ocrx_word' id='word_1_663' title='bbox 3492 2308 3738 2378; x_wconf 80' lang='lat' dir='ltr'><strong>quopiam</strong></span> 
     </span>
    </p>
   </div>
   <div class='ocr_carea' id='block_1_86' title="bbox 2160 2393 3740 2467">
    <p class='ocr_par' dir='ltr' id='par_1_86' title="bbox 2160 2393 3740 2467">
     <span class='ocr_line' id='line_1_86' title="bbox 2160 2393 3740 2467; baseline 0.004 -20"><span class='ocrx_word' id='word_1_664' title='bbox 2160 2393 2482 2447; x_wconf 87' lang='lat' dir='ltr'><strong>medicorum</strong></span> <span class='ocrx_word' id='word_1_665' title='bbox 2536 2394 2827 2461; x_wconf 86' lang='lat' dir='ltr'><strong>sciscitare,</strong></span> <span class='ocrx_word' id='word_1_666' title='bbox 2883 2411 3111 2465; x_wconf 83' lang='lat' dir='ltr'><strong>quonam</strong></span> <span class='ocrx_word' id='word_1_667' title='bbox 3155 2395 3230 2452; x_wconf 91' lang='lat' dir='ltr'><strong>illi</strong></span> <span class='ocrx_word' id='word_1_668' title='bbox 3277 2398 3437 2453; x_wconf 86' lang='lat' dir='ltr'><strong>modo</strong></span> <span class='ocrx_word' id='word_1_669' title='bbox 3491 2413 3662 2467; x_wconf 62' lang='grc' dir='ltr'><strong>πει-ος</strong></span> <span class='ocrx_word' id='word_1_670' title='bbox 3706 2414 3740 2453; x_wconf 81' lang='grc' dir='ltr'><strong>ιι</strong></span> 
     </span>
    </p>
   </div>
   <div class='ocr_carea' id='block_1_87' title="bbox 2161 2486 3738 2560">
    <p class='ocr_par' dir='ltr' id='par_1_87' title="bbox 2161 2486 3738 2560">
     <span class='ocr_line' id='line_1_87' title="bbox 2161 2486 3738 2560; baseline 0.001 -18"><span class='ocrx_word' id='word_1_671' title='bbox 2161 2489 2349 2543; x_wconf 91' lang='lat' dir='ltr'><strong>morbo</strong></span> <span class='ocrx_word' id='word_1_672' title='bbox 2380 2486 2641 2555; x_wconf 88' lang='lat' dir='ltr'><strong>liberent;</strong></span> <span class='ocrx_word' id='word_1_673' title='bbox 2669 2490 2957 2558; x_wconf 87' lang='lat' dir='ltr'><strong>audiesque</strong></span> <span class='ocrx_word' id='word_1_674' title='bbox 2978 2491 3120 2560; x_wconf 90' lang='lat' dir='ltr'><strong>ipsos</strong></span> <span class='ocrx_word' id='word_1_675' title='bbox 3147 2505 3255 2544; x_wconf 87' lang='lat' dir='ltr'><strong>non</strong></span> <span class='ocrx_word' id='word_1_676' title='bbox 3275 2501 3387 2545; x_wconf 85' lang='lat' dir='ltr'><strong>arte</strong></span> <span class='ocrx_word' id='word_1_677' title='bbox 3413 2501 3616 2546; x_wconf 83' lang='lat' dir='ltr'><strong>tantum</strong></span> <span class='ocrx_word' id='word_1_678' title='bbox 3643 2492 3738 2556; x_wconf 91' lang='lat' dir='ltr'><strong>uti,</strong></span> 
     </span>
    </p>
   </div>
   <div class='ocr_carea' id='block_1_88' title="bbox 2160 2580 3740 2651">
    <p class='ocr_par' dir='ltr' id='par_1_88' title="bbox 2160 2580 3740 2651">
     <span class='ocr_line' id='line_1_88' title="bbox 2160 2580 3740 2651; baseline 0.001 -17"><span class='ocrx_word' id='word_1_679' title='bbox 2160 2580 2255 2635; x_wconf 89' lang='lat' dir='ltr'><strong>sed</strong></span> <span class='ocrx_word' id='word_1_680' title='bbox 2278 2590 2331 2635; x_wconf 89' lang='lat' dir='ltr'><strong>et</strong></span> <span class='ocrx_word' id='word_1_681' title='bbox 2362 2581 2622 2635; x_wconf 77' lang='lat' dir='ltr'><strong>fallaciam</strong></span> <span class='ocrx_word' id='word_1_682' title='bbox 2670 2581 2931 2636; x_wconf 84' lang='lat' dir='ltr'><strong>interdum</strong></span> <span class='ocrx_word' id='word_1_683' title='bbox 2962 2581 3238 2644; x_wconf 86' lang='lat' dir='ltr'><strong>adhibere,</strong></span> <span class='ocrx_word' id='word_1_684' title='bbox 3268 2591 3425 2651; x_wconf 85' lang='lat' dir='ltr'><strong>atque</strong></span> <span class='ocrx_word' id='word_1_685' title='bbox 3449 2583 3565 2649; x_wconf 84' lang='lat' dir='ltr'><strong>ejus</strong></span> <span class='ocrx_word' id='word_1_686' title='bbox 3588 2585 3740 2637; x_wconf 81' lang='lat' dir='ltr'><strong>anxi-</strong></span> 
     </span>
    </p>
   </div>
   <div class='ocr_carea' id='block_1_89' title="bbox 2158 2669 3740 2751">
    <p class='ocr_par' dir='ltr' id='par_1_89' title="bbox 2158 2669 3740 2751">
     <span class='ocr_line' id='line_1_89' title="bbox 2158 2669 3740 2751; baseline 0.002 -27"><span class='ocrx_word' id='word_1_687' title='bbox 2158 2669 2230 2725; x_wconf 91' lang='lat' dir='ltr'><strong>lio</strong></span> <span class='ocrx_word' id='word_1_688' title='bbox 2256 2670 2490 2725; x_wconf 85' lang='lat' dir='ltr'><strong>adhibito</strong></span> <span class='ocrx_word' id='word_1_689' title='bbox 2530 2685 2704 2751; x_wconf 43' lang='lat' dir='ltr'><strong>nigros</strong></span> <span class='ocrx_word' id='word_1_690' title='bbox 2740 2672 2952 2725; x_wconf 77' lang='lat' dir='ltr'><strong>sanitati</strong></span> <span class='ocrx_word' id='word_1_691' title='bbox 2986 2672 3285 2727; x_wconf 89' lang='lat' dir='ltr'><strong>restituere.</strong></span> <span class='ocrx_word' id='word_1_692' title='bbox 3335 2673 3557 2740; x_wconf 80' lang='lat' dir='ltr'><strong>Quando</strong></span> <span class='ocrx_word' id='word_1_693' title='bbox 3598 2674 3740 2727; x_wconf 88' lang='lat' dir='ltr'><strong>enim</strong></span> 
     </span>
    </p>
   </div>
   <div class='ocr_carea' id='block_1_90' title="bbox 2160 2761 3740 2834">
    <p class='ocr_par' dir='ltr' id='par_1_90' title="bbox 2160 2761 3740 2834">
     <span class='ocr_line' id='line_1_90' title="bbox 2160 2761 3740 2834; baseline 0.002 -21"><span class='ocrx_word' id='word_1_694' title='bbox 2160 2771 2268 2814; x_wconf 90' lang='lat' dir='ltr'><strong>tum</strong></span> <span class='ocrx_word' id='word_1_695' title='bbox 2293 2762 2478 2816; x_wconf 88' lang='lat' dir='ltr'><strong>morbo</strong></span> <span class='ocrx_word' id='word_1_696' title='bbox 2503 2761 2854 2817; x_wconf 84' lang='lat' dir='ltr'><strong>laborantium</strong></span> <span class='ocrx_word' id='word_1_697' title='bbox 2894 2764 3197 2830; x_wconf 84' lang='lat' dir='ltr'><strong>morositas,</strong></span> <span class='ocrx_word' id='word_1_698' title='bbox 3232 2773 3341 2817; x_wconf 86' lang='lat' dir='ltr'><strong>tum</strong></span> <span class='ocrx_word' id='word_1_699' title='bbox 3374 2765 3545 2818; x_wconf 85' lang='lat' dir='ltr'><strong>morbi</strong></span> <span class='ocrx_word' id='word_1_700' title='bbox 3576 2766 3740 2834; x_wconf 80' lang='lat' dir='ltr'><strong>ipsius</strong></span> 
     </span>
    </p>
   </div>
   <div class='ocr_carea' id='block_1_91' title="bbox 2158 2851 3741 2923">
    <p class='ocr_par' dir='ltr' id='par_1_91' title="bbox 2158 2851 3741 2923">
     <span class='ocr_line' id='line_1_91' title="bbox 2158 2851 3741 2923; baseline 0.004 -18"><span class='ocrx_word' id='word_1_701' title='bbox 2158 2851 2444 2907; x_wconf 82' lang='lat' dir='ltr'><strong>difficultas</strong></span> <span class='ocrx_word' id='word_1_702' title='bbox 2478 2854 2808 2913; x_wconf 85' lang='lat' dir='ltr'><strong>medicorum</strong></span> <span class='ocrx_word' id='word_1_703' title='bbox 2847 2855 3128 2910; x_wconf 87' lang='lat' dir='ltr'><strong>consilium</strong></span> <span class='ocrx_word' id='word_1_704' title='bbox 3175 2872 3281 2911; x_wconf 90' lang='lat' dir='ltr'><strong>non</strong></span> <span class='ocrx_word' id='word_1_705' title='bbox 3323 2857 3572 2923; x_wconf 91' lang='lat' dir='ltr'><strong>admittit,</strong></span> <span class='ocrx_word' id='word_1_706' title='bbox 3616 2865 3741 2912; x_wconf 86' lang='lat' dir='ltr'><strong>tunc</strong></span> 
     </span>
    </p>
   </div>
   <div class='ocr_carea' id='block_1_92' title="bbox 2159 2944 3742 3020">
    <p class='ocr_par' dir='ltr' id='par_1_92' title="bbox 2159 2944 3742 3020">
     <span class='ocr_line' id='line_1_92' title="bbox 2159 2944 3742 3020; baseline 0.004 -23"><span class='ocrx_word' id='word_1_707' title='bbox 2159 2944 2380 2999; x_wconf 73' lang='lat' dir='ltr'><strong>fallaciae</strong></span> <span class='ocrx_word' id='word_1_708' title='bbox 2407 2960 2686 3015; x_wconf 85' lang='lat' dir='ltr'><strong>personam</strong></span> <span class='ocrx_word' id='word_1_709' title='bbox 2719 2946 2942 3004; x_wconf 88' lang='lat' dir='ltr'><strong>induere</strong></span> <span class='ocrx_word' id='word_1_710' title='bbox 2977 2957 3257 3018; x_wconf 84' lang='lat' dir='ltr'><strong>coguntur,</strong></span> <span class='ocrx_word' id='word_1_711' title='bbox 3292 2959 3350 3003; x_wconf 90' lang='lat' dir='ltr'><strong>ut</strong></span> <span class='ocrx_word' id='word_1_712' title='bbox 3390 2950 3742 3020; x_wconf 78' lang='lat' dir='ltr'><strong>quemadmo-</strong></span> 
     </span>
    </p>
   </div>
   <div class='ocr_carea' id='block_1_93' title="bbox 2158 3036 3740 3113">
    <p class='ocr_par' dir='ltr' id='par_1_93' title="bbox 2158 3036 3740 3113">
     <span class='ocr_line' id='line_1_93' title="bbox 2158 3036 3740 3113; baseline 0.004 -21"><span class='ocrx_word' id='word_1_713' title='bbox 2158 3036 2284 3093; x_wconf 90' lang='lat' dir='ltr'><strong>dum</strong></span> <span class='ocrx_word' id='word_1_714' title='bbox 2319 3038 2372 3092; x_wconf 90' lang='lat' dir='ltr'><strong>in</strong></span> <span class='ocrx_word' id='word_1_715' title='bbox 2407 3053 2568 3093; x_wconf 90' lang='lat' dir='ltr'><strong>scena</strong></span> <span class='ocrx_word' id='word_1_716' title='bbox 2594 3039 2669 3094; x_wconf 90' lang='lat' dir='ltr'><strong>rei</strong></span> <span class='ocrx_word' id='word_1_717' title='bbox 2707 3041 2985 3096; x_wconf 87' lang='lat' dir='ltr'><strong>veritatem</strong></span> <span class='ocrx_word' id='word_1_718' title='bbox 3023 3041 3274 3112; x_wconf 82' lang='lat' dir='ltr'><strong>obtegere</strong></span> <span class='ocrx_word' id='word_1_719' title='bbox 3316 3044 3534 3112; x_wconf 78' lang='lat' dir='ltr'><strong>possint.</strong></span> <span class='ocrx_word' id='word_1_720' title='bbox 3569 3045 3740 3113; x_wconf 82' lang='lat' dir='ltr'><strong>Atque</strong></span> 
     </span>
    </p>
   </div>
   <div class='ocr_carea' id='block_1_94' title="bbox 2159 3129 3734 3200">
    <p class='ocr_par' dir='ltr' id='par_1_94' title="bbox 2159 3129 3734 3200">
     <span class='ocr_line' id='line_1_94' title="bbox 2159 3129 3734 3200; baseline 0.004 -17"><span class='ocrx_word' id='word_1_721' title='bbox 2159 3129 2265 3193; x_wconf 90' lang='lat' dir='ltr'><strong>hic,</strong></span> <span class='ocrx_word' id='word_1_722' title='bbox 2298 3132 2341 3184; x_wconf 92' lang='lat' dir='ltr'><strong>si</strong></span> <span class='ocrx_word' id='word_1_723' title='bbox 2371 3132 2562 3200; x_wconf 89' lang='lat' dir='ltr'><strong>placet,</strong></span> <span class='ocrx_word' id='word_1_724' title='bbox 2612 3147 2771 3186; x_wconf 89' lang='lat' dir='ltr'><strong>unum</strong></span> <span class='ocrx_word' id='word_1_725' title='bbox 2820 3132 2914 3186; x_wconf 90' lang='lat' dir='ltr'><strong>tibi</strong></span> <span class='ocrx_word' id='word_1_726' title='bbox 2940 3149 3005 3187; x_wconf 83' lang='lat' dir='ltr'><strong>ex</strong></span> <span class='ocrx_word' id='word_1_727' title='bbox 3031 3133 3211 3187; x_wconf 81' lang='lat' dir='ltr'><strong>multis</strong></span> <span class='ocrx_word' id='word_1_728' title='bbox 3237 3133 3417 3187; x_wconf 87' lang='lat' dir='ltr'><strong>dolum</strong></span> <span class='ocrx_word' id='word_1_729' title='bbox 3440 3135 3734 3199; x_wconf 87' lang='lat' dir='ltr'><strong>enarrabo,</strong></span> 
     </span>
    </p>
   </div>
   <div class='ocr_carea' id='block_1_95' title="bbox 2158 3223 3738 3294">
    <p class='ocr_par' dir='ltr' id='par_1_95' title="bbox 2158 3223 3738 3294">
     <span class='ocr_line' id='line_1_95' title="bbox 2158 3223 3738 3294; baseline 0.001 -18"><span class='ocrx_word' id='word_1_730' title='bbox 2158 3238 2315 3293; x_wconf 87' lang='lat' dir='ltr'><strong>quem</strong></span> <span class='ocrx_word' id='word_1_731' title='bbox 2340 3237 2369 3276; x_wconf 91' lang='lat' dir='ltr'><strong>a</strong></span> <span class='ocrx_word' id='word_1_732' title='bbox 2396 3223 2616 3278; x_wconf 89' lang='lat' dir='ltr'><strong>medicis</strong></span> <span class='ocrx_word' id='word_1_733' title='bbox 2651 3225 3021 3278; x_wconf 84' lang='lat' dir='ltr'><strong>concinnatum</strong></span> <span class='ocrx_word' id='word_1_734' title='bbox 3067 3223 3265 3278; x_wconf 88' lang='lat' dir='ltr'><strong>audivi.</strong></span> <span class='ocrx_word' id='word_1_735' title='bbox 3311 3223 3499 3279; x_wconf 84' lang='lat' dir='ltr'><strong>Incidit</strong></span> <span class='ocrx_word' id='word_1_736' title='bbox 3524 3224 3738 3294; x_wconf 90' lang='lat' dir='ltr'><strong>quidam</strong></span> 
     </span>
    </p>
   </div>
   <div class='ocr_carea' id='block_1_96' title="bbox 2159 3313 3738 3371">
    <p class='ocr_par' dir='ltr' id='par_1_96' title="bbox 2159 3313 3738 3371">
     <span class='ocr_line' id='line_1_96' title="bbox 2159 3313 3738 3371; baseline 0.001 -2"><span class='ocrx_word' id='word_1_737' title='bbox 2159 3316 2212 3369; x_wconf 90' lang='lat' dir='ltr'><strong>in</strong></span> <span class='ocrx_word' id='word_1_738' title='bbox 2238 3313 2428 3370; x_wconf 84' lang='lat' dir='ltr'><strong>febrim</strong></span> <span class='ocrx_word' id='word_1_739' title='bbox 2465 3315 2736 3370; x_wconf 88' lang='lat' dir='ltr'><strong>ardentem</strong></span> <span class='ocrx_word' id='word_1_740' title='bbox 2767 3330 2830 3369; x_wconf 90' lang='lat' dir='ltr'><strong>ac</strong></span> <span class='ocrx_word' id='word_1_741' title='bbox 2864 3315 3386 3371; x_wconf 81' lang='lat' dir='ltr'><strong>vehementissimam</strong></span> <span class='ocrx_word' id='word_1_742' title='bbox 3417 3332 3432 3371; x_wconf 92' lang='lat'><strong>:</strong></span> <span class='ocrx_word' id='word_1_743' title='bbox 3465 3329 3625 3371; x_wconf 71' lang='lat' dir='ltr'><strong>msms</strong></span> <span class='ocrx_word' id='word_1_744' title='bbox 3655 3317 3738 3370; x_wconf 81' lang='lat' dir='ltr'><strong>in-</strong></span> 
     </span>
    </p>
   </div>
   <div class='ocr_carea' id='block_1_97' title="bbox 2156 3406 3736 3477">
    <p class='ocr_par' dir='ltr' id='par_1_97' title="bbox 2156 3406 3736 3477">
     <span class='ocr_line' id='line_1_97' title="bbox 2156 3406 3736 3477; baseline 0.001 -17"><span class='ocrx_word' id='word_1_745' title='bbox 2156 3421 2286 3476; x_wconf 79' lang='lat' dir='ltr'><strong>gens</strong></span> <span class='ocrx_word' id='word_1_746' title='bbox 2314 3414 2448 3471; x_wconf 91' lang='lat' dir='ltr'><strong>erat,</strong></span> <span class='ocrx_word' id='word_1_747' title='bbox 2481 3422 2543 3461; x_wconf 91' lang='lat' dir='ltr'><strong>ac</strong></span> <span class='ocrx_word' id='word_1_748' title='bbox 2571 3417 2756 3460; x_wconf 88' lang='lat' dir='ltr'><strong>cuncta</strong></span> <span class='ocrx_word' id='word_1_749' title='bbox 2782 3421 2866 3467; x_wconf 86' lang='lat' dir='ltr'><strong>ea,</strong></span> <span class='ocrx_word' id='word_1_750' title='bbox 2890 3422 3008 3474; x_wconf 74' lang='lat' dir='ltr'><strong>qua:</strong></span> <span class='ocrx_word' id='word_1_751' title='bbox 3031 3406 3201 3476; x_wconf 78' lang='lat' dir='ltr'><strong>ignem</strong></span> <span class='ocrx_word' id='word_1_752' title='bbox 3222 3407 3558 3477; x_wconf 74' lang='lat' dir='ltr'><strong>exstinguere</strong></span> <span class='ocrx_word' id='word_1_753' title='bbox 3582 3417 3736 3476; x_wconf 88' lang='lat' dir='ltr'><strong>pote-</strong></span> 
     </span>
    </p>
   </div>
   <div class='ocr_carea' id='block_1_98' title="bbox 2156 3498 3739 3568">
    <p class='ocr_par' dir='ltr' id='par_1_98' title="bbox 2156 3498 3739 3568">
     <span class='ocr_line' id='line_1_98' title="bbox 2156 3498 3739 3568; baseline 0.001 -16"><span class='ocrx_word' id='word_1_754' title='bbox 2156 3507 2296 3565; x_wconf 88' lang='lat' dir='ltr'><strong>rant,</strong></span> <span class='ocrx_word' id='word_1_755' title='bbox 2322 3499 2606 3566; x_wconf 85' lang='lat' dir='ltr'><strong>respuebat</strong></span> <span class='ocrx_word' id='word_1_756' title='bbox 2635 3514 2795 3568; x_wconf 77' lang='lat' dir='ltr'><strong>a-ger.</strong></span> <span class='ocrx_word' id='word_1_757' title='bbox 2827 3498 3085 3568; x_wconf 85' lang='lat' dir='ltr'><strong>Cupiebat</strong></span> <span class='ocrx_word' id='word_1_758' title='bbox 3103 3510 3279 3553; x_wconf 86' lang='lat' dir='ltr'><strong>autem</strong></span> <span class='ocrx_word' id='word_1_759' title='bbox 3305 3507 3360 3553; x_wconf 89' lang='lat' dir='ltr'><strong>ct</strong></span> <span class='ocrx_word' id='word_1_760' title='bbox 3385 3499 3521 3568; x_wconf 90' lang='lat' dir='ltr'><strong>apud</strong></span> <span class='ocrx_word' id='word_1_761' title='bbox 3551 3515 3739 3555; x_wconf 89' lang='lat' dir='ltr'><strong>omnes</strong></span> 
     </span>
    </p>
   </div>
   <div class='ocr_carea' id='block_1_99' title="bbox 2156 3586 3739 3661">
    <p class='ocr_par' dir='ltr' id='par_1_99' title="bbox 2156 3586 3739 3661">
     <span class='ocr_line' id='line_1_99' title="bbox 2156 3586 3739 3661; baseline 0.002 -19"><span class='ocrx_word' id='word_1_762' title='bbox 2156 3602 2216 3643; x_wconf 91' lang='lat' dir='ltr'><strong>se</strong></span> <span class='ocrx_word' id='word_1_763' title='bbox 2243 3586 2498 3644; x_wconf 86' lang='lat' dir='ltr'><strong>adeuntes</strong></span> <span class='ocrx_word' id='word_1_764' title='bbox 2520 3590 2767 3655; x_wconf 87' lang='lat' dir='ltr'><strong>instabat,</strong></span> <span class='ocrx_word' id='word_1_765' title='bbox 2791 3591 2888 3643; x_wconf 87' lang='lat' dir='ltr'><strong>sibi</strong></span> <span class='ocrx_word' id='word_1_766' title='bbox 2912 3607 3115 3644; x_wconf 84' lang='lat' dir='ltr'><strong>merum</strong></span> <span class='ocrx_word' id='word_1_767' title='bbox 3142 3591 3287 3661; x_wconf 75' lang='lat' dir='ltr'><strong>large</strong></span> <span class='ocrx_word' id='word_1_768' title='bbox 3313 3592 3661 3661; x_wconf 76' lang='lat' dir='ltr'><strong>porrigerent,</strong></span> <span class='ocrx_word' id='word_1_769' title='bbox 3683 3603 3739 3645; x_wconf 79' lang='lat' dir='ltr'><strong>et</strong></span> 
     </span>
    </p>
   </div>
   <div class='ocr_carea' id='block_1_100' title="bbox 2157 3681 3734 3752">
    <p class='ocr_par' dir='ltr' id='par_1_100' title="bbox 2157 3681 3734 3752">
     <span class='ocr_line' id='line_1_100' title="bbox 2157 3681 3734 3752; baseline 0.001 -17"><span class='ocrx_word' id='word_1_770' title='bbox 2157 3682 2431 3735; x_wconf 71' lang='lat' dir='ltr'><strong>exitiosam</strong></span> <span class='ocrx_word' id='word_1_771' title='bbox 2457 3682 2599 3735; x_wconf 88' lang='lat' dir='ltr'><strong>illam</strong></span> <span class='ocrx_word' id='word_1_772' title='bbox 2622 3681 2925 3751; x_wconf 86' lang='lat' dir='ltr'><strong>cupidinem</strong></span> <span class='ocrx_word' id='word_1_773' title='bbox 2950 3682 3170 3751; x_wconf 85' lang='lat' dir='ltr'><strong>implere</strong></span> <span class='ocrx_word' id='word_1_774' title='bbox 3198 3692 3562 3752; x_wconf 87' lang='lat' dir='ltr'><strong>procurarent.</strong></span> <span class='ocrx_word' id='word_1_775' title='bbox 3584 3684 3734 3750; x_wconf 84' lang='lat' dir='ltr'><strong>Quod</strong></span> 
     </span>
    </p>
   </div>
   <div class='ocr_carea' id='block_1_101' title="bbox 2157 3772 3734 3839">
    <p class='ocr_par' dir='ltr' id='par_1_101' title="bbox 2157 3772 3734 3839">
     <span class='ocr_line' id='line_1_101' title="bbox 2157 3772 3734 3839; baseline 0.003 -14"><span class='ocrx_word' id='word_1_776' title='bbox 2157 3787 2285 3826; x_wconf 86' lang='lat' dir='ltr'><strong>sane</strong></span> <span class='ocrx_word' id='word_1_777' title='bbox 2315 3787 2418 3825; x_wconf 91' lang='lat' dir='ltr'><strong>non</strong></span> <span class='ocrx_word' id='word_1_778' title='bbox 2444 3772 2634 3827; x_wconf 84' lang='lat' dir='ltr'><strong>febrim</strong></span> <span class='ocrx_word' id='word_1_779' title='bbox 2663 3772 2822 3827; x_wconf 89' lang='lat' dir='ltr'><strong>modo</strong></span> <span class='ocrx_word' id='word_1_780' title='bbox 2853 3773 3252 3839; x_wconf 77' lang='lat' dir='ltr'><strong>inflammasset,</strong></span> <span class='ocrx_word' id='word_1_781' title='bbox 3282 3774 3376 3829; x_wconf 85' lang='lat' dir='ltr'><strong>sed</strong></span> <span class='ocrx_word' id='word_1_782' title='bbox 3404 3776 3655 3830; x_wconf 87' lang='lat' dir='ltr'><strong>miserum</strong></span> <span class='ocrx_word' id='word_1_783' title='bbox 3683 3775 3734 3829; x_wconf 85' lang='lat' dir='ltr'><strong>in</strong></span> 
     </span>
    </p>
   </div>
   <div class='ocr_carea' id='block_1_102' title="bbox 2156 3863 3736 3937">
    <p class='ocr_par' dir='ltr' id='par_1_102' title="bbox 2156 3863 3736 3937">
     <span class='ocr_line' id='line_1_102' title="bbox 2156 3863 3736 3937; baseline 0.002 -21"><span class='ocrx_word' id='word_1_784' title='bbox 2156 3863 2391 3918; x_wconf 89' lang='lat' dir='ltr'><strong>furorem</strong></span> <span class='ocrx_word' id='word_1_785' title='bbox 2419 3865 2756 3933; x_wconf 85' lang='lat' dir='ltr'><strong>cunjecissct,</strong></span> <span class='ocrx_word' id='word_1_786' title='bbox 2788 3866 2832 3920; x_wconf 88' lang='lat' dir='ltr'><strong>si</strong></span> <span class='ocrx_word' id='word_1_787' title='bbox 2855 3865 2971 3935; x_wconf 85' lang='lat' dir='ltr'><strong>quis</strong></span> <span class='ocrx_word' id='word_1_788' title='bbox 3000 3875 3173 3920; x_wconf 86' lang='lat' dir='ltr'><strong>tamen</strong></span> <span class='ocrx_word' id='word_1_789' title='bbox 3202 3866 3363 3921; x_wconf 86' lang='lat' dir='ltr'><strong>talem</strong></span> <span class='ocrx_word' id='word_1_790' title='bbox 3393 3867 3490 3936; x_wconf 88' lang='lat' dir='ltr'><strong>ipsi</strong></span> <span class='ocrx_word' id='word_1_791' title='bbox 3515 3867 3736 3937; x_wconf 74' lang='lat' dir='ltr'><strong>gratiam</strong></span> 
     </span>
    </p>
   </div>
   <div class='ocr_carea' id='block_1_103' title="bbox 2154 3955 3737 4028">
    <p class='ocr_par' dir='ltr' id='par_1_103' title="bbox 2154 3955 3737 4028">
     <span class='ocr_line' id='line_1_103' title="bbox 2154 3955 3737 4028; baseline 0.003 -19"><span class='ocrx_word' id='word_1_792' title='bbox 2154 3955 2498 4011; x_wconf 77' lang='lat' dir='ltr'><strong>exhibuisset.</strong></span> <span class='ocrx_word' id='word_1_793' title='bbox 2524 3956 2658 4010; x_wconf 88' lang='lat' dir='ltr'><strong>Cum</strong></span> <span class='ocrx_word' id='word_1_794' title='bbox 2697 3956 2784 4011; x_wconf 89' lang='lat' dir='ltr'><strong>hic</strong></span> <span class='ocrx_word' id='word_1_795' title='bbox 2813 3970 2900 4011; x_wconf 89' lang='lat' dir='ltr'><strong>ars</strong></span> <span class='ocrx_word' id='word_1_796' title='bbox 2929 3957 3061 4011; x_wconf 90' lang='lat' dir='ltr'><strong>nihil</strong></span> <span class='ocrx_word' id='word_1_797' title='bbox 3091 3958 3372 4028; x_wconf 79' lang='lat' dir='ltr'><strong>proﬁceret</strong></span> <span class='ocrx_word' id='word_1_798' title='bbox 3391 3998 3408 4023; x_wconf 91' lang='lat'><strong>,</strong></span> <span class='ocrx_word' id='word_1_799' title='bbox 3430 3959 3737 4028; x_wconf 86' lang='lat' dir='ltr'><strong>nullamque</strong></span> 
     </span>
    </p>
   </div>
   <div class='ocr_carea' id='block_1_104' title="bbox 2156 4034 3735 4120">
    <p class='ocr_par' dir='ltr' id='par_1_104' title="bbox 2156 4034 3735 4120">
     <span class='ocr_line' id='line_1_104' title="bbox 2156 4034 3735 4120; baseline 0.001 -17"><span class='ocrx_word' id='word_1_800' title='bbox 2156 4049 2454 4104; x_wconf 88' lang='lat' dir='ltr'><strong>machinam</strong></span> <span class='ocrx_word' id='word_1_801' title='bbox 2476 4034 2776 4118; x_wconf 75' lang='lat' dir='ltr'><strong>excogitare</strong></span> <span class='ocrx_word' id='word_1_802' title='bbox 2799 4057 2998 4119; x_wconf 84' lang='lat' dir='ltr'><strong>posset,</strong></span> <span class='ocrx_word' id='word_1_803' title='bbox 3019 4051 3126 4104; x_wconf 92' lang='lat' dir='ltr'><strong>imo</strong></span> <span class='ocrx_word' id='word_1_804' title='bbox 3140 4065 3356 4119; x_wconf 88' lang='lat' dir='ltr'><strong>prorsus</strong></span> <span class='ocrx_word' id='word_1_805' title='bbox 3373 4064 3435 4104; x_wconf 80' lang='lat' dir='ltr'><strong>ea</strong></span> <span class='ocrx_word' id='word_1_806' title='bbox 3449 4050 3735 4120; x_wconf 70' lang='lat' dir='ltr'><strong>reﬁcienda</strong></span> 
     </span>
    </p>
   </div>
   <div class='ocr_carea' id='block_1_105' title="bbox 2155 4138 3734 4209">
    <p class='ocr_par' dir='ltr' id='par_1_105' title="bbox 2155 4138 3734 4209">
     <span class='ocr_line' id='line_1_105' title="bbox 2155 4138 3734 4209; baseline 0.001 -16"><span class='ocrx_word' id='word_1_807' title='bbox 2155 4139 2455 4205; x_wconf 85' lang='lat' dir='ltr'><strong>videretur,</strong></span> <span class='ocrx_word' id='word_1_808' title='bbox 2500 4139 2615 4207; x_wconf 87' lang='lat' dir='ltr'><strong>ejus</strong></span> <span class='ocrx_word' id='word_1_809' title='bbox 2655 4140 2796 4194; x_wconf 82' lang='lat' dir='ltr'><strong>vices</strong></span> <span class='ocrx_word' id='word_1_810' title='bbox 2829 4138 3033 4195; x_wconf 86' lang='lat' dir='ltr'><strong>fallacia</strong></span> <span class='ocrx_word' id='word_1_811' title='bbox 3072 4141 3369 4209; x_wconf 85' lang='lat' dir='ltr'><strong>suscipiens</strong></span> <span class='ocrx_word' id='word_1_812' title='bbox 3394 4140 3497 4192; x_wconf 88' lang='lat' dir='ltr'><strong>vim</strong></span> <span class='ocrx_word' id='word_1_813' title='bbox 3538 4148 3734 4194; x_wconf 81' lang='lat' dir='ltr'><strong>tantam</strong></span> 
     </span>
    </p>
   </div>
   <div class='ocr_carea' id='block_1_106' title="bbox 2155 4230 3737 4301">
    <p class='ocr_par' dir='ltr' id='par_1_106' title="bbox 2155 4230 3737 4301">
     <span class='ocr_line' id='line_1_106' title="bbox 2155 4230 3737 4301; baseline -0.001 -15"><span class='ocrx_word' id='word_1_814' title='bbox 2155 4233 2405 4297; x_wconf 82' lang='lat' dir='ltr'><strong>ostendit,</strong></span> <span class='ocrx_word' id='word_1_815' title='bbox 2430 4241 2682 4301; x_wconf 81' lang='lat' dir='ltr'><strong>quantam</strong></span> <span class='ocrx_word' id='word_1_816' title='bbox 2714 4247 2837 4286; x_wconf 82' lang='lat' dir='ltr'><strong>mox</strong></span> <span class='ocrx_word' id='word_1_817' title='bbox 2874 4231 3075 4286; x_wconf 84' lang='lat' dir='ltr'><strong>audies.</strong></span> <span class='ocrx_word' id='word_1_818' title='bbox 3122 4230 3333 4285; x_wconf 89' lang='lat' dir='ltr'><strong>Etenim</strong></span> <span class='ocrx_word' id='word_1_819' title='bbox 3370 4230 3609 4286; x_wconf 81' lang='lat' dir='ltr'><strong>medicus</strong></span> <span class='ocrx_word' id='word_1_820' title='bbox 3644 4247 3737 4285; x_wconf 89' lang='lat' dir='ltr'><strong>vas</strong></span> 
     </span>
    </p>
   </div>
   <div class='ocr_carea' id='block_1_107' title="bbox 2157 4321 3737 4391">
    <p class='ocr_par' dir='ltr' id='par_1_107' title="bbox 2157 4321 3737 4391">
     <span class='ocr_line' id='line_1_107' title="bbox 2157 4321 3737 4391; baseline -0.001 -13"><span class='ocrx_word' id='word_1_821' title='bbox 2157 4333 2443 4379; x_wconf 84' lang='lat' dir='ltr'><strong>testaceum</strong></span> <span class='ocrx_word' id='word_1_822' title='bbox 2471 4338 2657 4379; x_wconf 89' lang='lat' dir='ltr'><strong>recens</strong></span> <span class='ocrx_word' id='word_1_823' title='bbox 2673 4340 2703 4377; x_wconf 90' lang='lat' dir='ltr'><strong>e</strong></span> <span class='ocrx_word' id='word_1_824' title='bbox 2721 4323 2932 4378; x_wconf 85' lang='lat' dir='ltr'><strong>fornace</strong></span> <span class='ocrx_word' id='word_1_825' title='bbox 2946 4321 3192 4377; x_wconf 89' lang='lat' dir='ltr'><strong>eductum</strong></span> <span class='ocrx_word' id='word_1_826' title='bbox 3209 4323 3332 4377; x_wconf 88' lang='lat' dir='ltr'><strong>vino</strong></span> <span class='ocrx_word' id='word_1_827' title='bbox 3353 4322 3615 4391; x_wconf 85' lang='lat' dir='ltr'><strong>permulto</strong></span> <span class='ocrx_word' id='word_1_828' title='bbox 3642 4323 3737 4376; x_wconf 90' lang='lat' dir='ltr'><strong>im-</strong></span> 
     </span>
    </p>
   </div>
   <div class='ocr_carea' id='block_1_108' title="bbox 2156 4401 3733 4484">
    <p class='ocr_par' dir='ltr' id='par_1_108' title="bbox 2156 4401 3733 4484">
     <span class='ocr_line' id='line_1_108' title="bbox 2156 4401 3733 4484; baseline -0.003 -14"><span class='ocrx_word' id='word_1_829' title='bbox 2156 4417 2341 4470; x_wconf 86' lang='lat' dir='ltr'><strong>mersit</strong></span> <span class='ocrx_word' id='word_1_830' title='bbox 2362 4432 2373 4467; x_wconf 91' lang='lat'>:</span> <span class='ocrx_word' id='word_1_831' title='bbox 2397 4416 2718 4471; x_wconf 48' lang='lat' dir='ltr'><strong>abstractum</strong></span> <span class='ocrx_word' id='word_1_832' title='bbox 2737 4415 2860 4470; x_wconf 91' lang='lat' dir='ltr'><strong>hinc</strong></span> <span class='ocrx_word' id='word_1_833' title='bbox 2878 4428 3099 4469; x_wconf 87' lang='lat' dir='ltr'><strong>vacuum</strong></span> <span class='ocrx_word' id='word_1_834' title='bbox 3116 4428 3237 4469; x_wconf 90' lang='lat' dir='ltr'><strong>cum</strong></span> <span class='ocrx_word' id='word_1_835' title='bbox 3250 4401 3381 4483; x_wconf 63' lang='lat' dir='ltr'><strong>aqua</strong></span> <span class='ocrx_word' id='word_1_836' title='bbox 3405 4413 3733 4484; x_wconf 83' lang='lat' dir='ltr'><strong>replevisset,</strong></span> 
     </span>
    </p>
   </div>
   <div class='ocr_carea' id='block_1_109' title="bbox 2152 4503 3738 4576">
    <p class='ocr_par' dir='ltr' id='par_1_109' title="bbox 2152 4503 3738 4576">
     <span class='ocr_line' id='line_1_109' title="bbox 2152 4503 3738 4576; baseline 0.001 -18"><span class='ocrx_word' id='word_1_837' title='bbox 2152 4507 2302 4575; x_wconf 87' lang='lat' dir='ltr'><strong>jubet</strong></span> <span class='ocrx_word' id='word_1_838' title='bbox 2317 4507 2621 4576; x_wconf 78' lang='lat' dir='ltr'><strong>a-grotautis</strong></span> <span class='ocrx_word' id='word_1_839' title='bbox 2637 4505 2936 4560; x_wconf 91' lang='lat' dir='ltr'><strong>cubiculum</strong></span> <span class='ocrx_word' id='word_1_840' title='bbox 2963 4504 3091 4559; x_wconf 84' lang='lat' dir='ltr'><strong>velis</strong></span> <span class='ocrx_word' id='word_1_841' title='bbox 3119 4504 3296 4558; x_wconf 91' lang='lat' dir='ltr'><strong>multis</strong></span> <span class='ocrx_word' id='word_1_842' title='bbox 3312 4503 3639 4567; x_wconf 88' lang='lat' dir='ltr'><strong>obumbrari,</strong></span> <span class='ocrx_word' id='word_1_843' title='bbox 3670 4520 3738 4559; x_wconf 84' lang='lat' dir='ltr'><strong>ne</strong></span> 
     </span>
    </p>
   </div>
   <div class='ocr_carea' id='block_1_110' title="bbox 2156 4595 3734 4666">
    <p class='ocr_par' dir='ltr' id='par_1_110' title="bbox 2156 4595 3734 4666">
     <span class='ocr_line' id='line_1_110' title="bbox 2156 4595 3734 4666; baseline -0.003 -14"><span class='ocrx_word' id='word_1_844' title='bbox 2156 4598 2242 4652; x_wconf 76' lang='lat' dir='ltr'><strong>lux</strong></span> <span class='ocrx_word' id='word_1_845' title='bbox 2268 4597 2444 4650; x_wconf 80' lang='lat' dir='ltr'><strong>dolum</strong></span> <span class='ocrx_word' id='word_1_846' title='bbox 2469 4595 2753 4665; x_wconf 89' lang='lat' dir='ltr'><strong>proderet;</strong></span> <span class='ocrx_word' id='word_1_847' title='bbox 2788 4604 2843 4651; x_wconf 91' lang='lat' dir='ltr'><strong>et</strong></span> <span class='ocrx_word' id='word_1_848' title='bbox 2866 4609 3011 4665; x_wconf 78' lang='lat' dir='ltr'><strong>:rgro</strong></span> <span class='ocrx_word' id='word_1_849' title='bbox 3032 4610 3124 4650; x_wconf 84' lang='lat' dir='ltr'><strong>vas</strong></span> <span class='ocrx_word' id='word_1_850' title='bbox 3155 4596 3304 4666; x_wconf 89' lang='lat' dir='ltr'><strong>quasi</strong></span> <span class='ocrx_word' id='word_1_851' title='bbox 3335 4610 3482 4649; x_wconf 92' lang='lat' dir='ltr'><strong>mero</strong></span> <span class='ocrx_word' id='word_1_852' title='bbox 3522 4596 3734 4665; x_wconf 89' lang='lat' dir='ltr'><strong>pieumn</strong></span> 
     </span>
    </p>
   </div>
   <div class='ocr_carea' id='block_1_111' title="bbox 2158 4687 3735 4761">
    <p class='ocr_par' dir='ltr' id='par_1_111' title="bbox 2158 4687 3735 4761">
     <span class='ocr_line' id='line_1_111' title="bbox 2158 4687 3735 4761; baseline -0.003 -16"><span class='ocrx_word' id='word_1_853' title='bbox 2158 4691 2404 4761; x_wconf 77' lang='lat' dir='ltr'><strong>propinat</strong></span> <span class='ocrx_word' id='word_1_854' title='bbox 2430 4705 2444 4742; x_wconf 91' lang='lat'><strong>:</strong></span> <span class='ocrx_word' id='word_1_855' title='bbox 2474 4704 2578 4760; x_wconf 92' lang='lat' dir='ltr'><strong>quo</strong></span> <span class='ocrx_word' id='word_1_856' title='bbox 2612 4688 2696 4743; x_wconf 81' lang='lat' dir='ltr'><strong>vix</strong></span> <span class='ocrx_word' id='word_1_857' title='bbox 2739 4688 2983 4744; x_wconf 89' lang='lat' dir='ltr'><strong>manibus</strong></span> <span class='ocrx_word' id='word_1_858' title='bbox 3016 4688 3348 4758; x_wconf 87' lang='lat' dir='ltr'><strong>apprehenso</strong></span> <span class='ocrx_word' id='word_1_859' title='bbox 3373 4697 3603 4756; x_wconf 80' lang='lat' dir='ltr'><strong>aegrotus</strong></span> <span class='ocrx_word' id='word_1_860' title='bbox 3631 4687 3735 4741; x_wconf 88' lang='lat' dir='ltr'><strong>vini</strong></span> 
     </span>
    </p>
   </div>
   <div class='ocr_carea' id='block_1_112' title="bbox 2155 4778 3738 4852">
    <p class='ocr_par' dir='ltr' id='par_1_112' title="bbox 2155 4778 3738 4852">
     <span class='ocr_line' id='line_1_112' title="bbox 2155 4778 3738 4852; baseline -0.004 -13"><span class='ocrx_word' id='word_1_861' title='bbox 2155 4786 2318 4839; x_wconf 86' lang='lat' dir='ltr'><strong>odore</strong></span> <span class='ocrx_word' id='word_1_862' title='bbox 2334 4784 2510 4837; x_wconf 86' lang='lat' dir='ltr'><strong>statim</strong></span> <span class='ocrx_word' id='word_1_863' title='bbox 2527 4782 2796 4852; x_wconf 85' lang='lat' dir='ltr'><strong>deceptus,</strong></span> <span class='ocrx_word' id='word_1_864' title='bbox 2816 4781 2956 4852; x_wconf 83' lang='lat' dir='ltr'><strong>quod</strong></span> <span class='ocrx_word' id='word_1_865' title='bbox 2976 4781 3207 4835; x_wconf 86' lang='lat' dir='ltr'><strong>oblatum</strong></span> <span class='ocrx_word' id='word_1_866' title='bbox 3225 4778 3392 4835; x_wconf 84' lang='lat' dir='ltr'><strong>fuerat</strong></span> <span class='ocrx_word' id='word_1_867' title='bbox 3413 4793 3518 4833; x_wconf 92' lang='lat' dir='ltr'><strong>nou</strong></span> <span class='ocrx_word' id='word_1_868' title='bbox 3534 4779 3738 4833; x_wconf 85' lang='lat' dir='ltr'><strong>curavit</strong></span> 
     </span>
    </p>
   </div>
   <div class='ocr_carea' id='block_1_113' title="bbox 2159 4870 3732 4941">
    <p class='ocr_par' dir='ltr' id='par_1_113' title="bbox 2159 4870 3732 4941">
     <span class='ocr_line' id='line_1_113' title="bbox 2159 4870 3732 4941; baseline -0.007 -7"><span class='ocrx_word' id='word_1_869' title='bbox 2159 4876 2589 4941; x_wconf 79' lang='lat' dir='ltr'><strong>examinandum,</strong></span> <span class='ocrx_word' id='word_1_870' title='bbox 2612 4874 2705 4930; x_wconf 90' lang='lat' dir='ltr'><strong>sed</strong></span> <span class='ocrx_word' id='word_1_871' title='bbox 2731 4874 2896 4929; x_wconf 89' lang='lat' dir='ltr'><strong>odore</strong></span> <span class='ocrx_word' id='word_1_872' title='bbox 2919 4873 3124 4927; x_wconf 90' lang='lat' dir='ltr'><strong>illectus</strong></span> <span class='ocrx_word' id='word_1_873' title='bbox 3150 4887 3216 4925; x_wconf 90' lang='lat' dir='ltr'><strong>ac</strong></span> <span class='ocrx_word' id='word_1_874' title='bbox 3241 4870 3473 4926; x_wconf 88' lang='lat' dir='ltr'><strong>tenebris</strong></span> <span class='ocrx_word' id='word_1_875' title='bbox 3494 4870 3732 4932; x_wconf 69' lang='lat' dir='ltr'><strong>delusus,</strong></span> 
     </span>
    </p>
   </div>
   <div class='ocr_carea' id='block_1_114' title="bbox 2157 4958 3735 5035">
    <p class='ocr_par' dir='ltr' id='par_1_114' title="bbox 2157 4958 3735 5035">
     <span class='ocr_line' id='line_1_114' title="bbox 2157 4958 3735 5035; baseline -0.006 -14"><span class='ocrx_word' id='word_1_876' title='bbox 2157 4976 2377 5035; x_wconf 68' lang='lat' dir='ltr'><strong>urgente</strong></span> <span class='ocrx_word' id='word_1_877' title='bbox 2392 4966 2551 5021; x_wconf 87' lang='lat' dir='ltr'><strong>etiam</strong></span> <span class='ocrx_word' id='word_1_878' title='bbox 2565 4965 2833 5034; x_wconf 85' lang='lat' dir='ltr'><strong>cupidine,</strong></span> <span class='ocrx_word' id='word_1_879' title='bbox 2850 4962 3011 5017; x_wconf 90' lang='lat' dir='ltr'><strong>multa</strong></span> <span class='ocrx_word' id='word_1_880' title='bbox 3028 4977 3148 5018; x_wconf 87' lang='lat' dir='ltr'><strong>cum</strong></span> <span class='ocrx_word' id='word_1_881' title='bbox 3173 4960 3424 5015; x_wconf 83' lang='lat' dir='ltr'><strong>aviditate</strong></span> <span class='ocrx_word' id='word_1_882' title='bbox 3446 4958 3620 5012; x_wconf 76' lang='lat' dir='ltr'><strong>hausit</strong></span> <span class='ocrx_word' id='word_1_883' title='bbox 3640 4974 3654 5021; x_wconf 87' lang='lat'><strong>;</strong></span> <span class='ocrx_word' id='word_1_884' title='bbox 3673 4972 3735 5011; x_wconf 87' lang='lat' dir='ltr'><strong>ac</strong></span> 
     </span>
    </p>
   </div>
   <div class='ocr_carea' id='block_1_115' title="bbox 2156 5047 3736 5115">
    <p class='ocr_par' dir='ltr' id='par_1_115' title="bbox 2156 5047 3736 5115">
     <span class='ocr_line' id='line_1_115' title="bbox 2156 5047 3736 5115; baseline -0.006 -4"><span class='ocrx_word' id='word_1_885' title='bbox 2156 5059 2374 5112; x_wconf 88' lang='lat' dir='ltr'><strong>satiatus</strong></span> <span class='ocrx_word' id='word_1_886' title='bbox 2405 5055 2807 5110; x_wconf 88' lang='lat' dir='ltr'><strong>suffocationcm</strong></span> <span class='ocrx_word' id='word_1_887' title='bbox 2838 5054 3014 5108; x_wconf 83' lang='lat' dir='ltr'><strong>statim</strong></span> <span class='ocrx_word' id='word_1_888' title='bbox 3040 5054 3053 5084; x_wconf 83' lang='lat'>&#39;</span> <span class='ocrx_word' id='word_1_889' title='bbox 3081 5047 3332 5115; x_wconf 64' lang='lat' dir='ltr'><strong>excussit,</strong></span> <span class='ocrx_word' id='word_1_890' title='bbox 3371 5061 3426 5104; x_wconf 86' lang='lat' dir='ltr'><strong>et</strong></span> <span class='ocrx_word' id='word_1_891' title='bbox 3452 5049 3736 5103; x_wconf 84' lang='lat' dir='ltr'><strong>imminens</strong></span> 
     </span>
    </p>
   </div>
   <div class='ocr_carea' id='block_1_116' title="bbox 2157 5138 3735 5217">
    <p class='ocr_par' dir='ltr' id='par_1_116' title="bbox 2157 5138 3735 5217">
     <span class='ocr_line' id='line_1_116' title="bbox 2157 5138 3735 5217; baseline -0.004 -20"><span class='ocrx_word' id='word_1_892' title='bbox 2157 5149 2443 5217; x_wconf 86' lang='lat' dir='ltr'><strong>periculum</strong></span> <span class='ocrx_word' id='word_1_893' title='bbox 2492 5146 2692 5214; x_wconf 79' lang='lat' dir='ltr'><strong>effugit.</strong></span> <span class='ocrx_word' id='word_1_894' title='bbox 2729 5144 2909 5199; x_wconf 81' lang='lat' dir='ltr'><strong>Videu‘</strong></span> <span class='ocrx_word' id='word_1_895' title='bbox 2949 5143 3171 5198; x_wconf 67' lang='lat' dir='ltr'><strong>fallaciae</strong></span> <span class='ocrx_word' id='word_1_896' title='bbox 3209 5139 3446 5195; x_wconf 86' lang='lat' dir='ltr'><strong>lucrum?</strong></span> <span class='ocrx_word' id='word_1_897' title='bbox 3487 5138 3640 5206; x_wconf 85' lang='lat' dir='ltr'><strong>Quod</strong></span> <span class='ocrx_word' id='word_1_898' title='bbox 3690 5140 3735 5191; x_wconf 89' lang='lat' dir='ltr'><strong>si</strong></span> 
     </span>
    </p>
   </div>
   <div class='ocr_carea' id='block_1_117' title="bbox 2154 5230 3733 5308">
    <p class='ocr_par' dir='ltr' id='par_1_117' title="bbox 2154 5230 3733 5308">
     <span class='ocr_line' id='line_1_117' title="bbox 2154 5230 3733 5308; baseline -0.003 -20"><span class='ocrx_word' id='word_1_899' title='bbox 2154 5240 2273 5308; x_wconf 82' lang='lat' dir='ltr'><strong>quis</strong></span> <span class='ocrx_word' id='word_1_900' title='bbox 2312 5252 2500 5291; x_wconf 88' lang='lat' dir='ltr'><strong>omnes</strong></span> <span class='ocrx_word' id='word_1_901' title='bbox 2543 5236 2869 5291; x_wconf 89' lang='lat' dir='ltr'><strong>medicorum</strong></span> <span class='ocrx_word' id='word_1_902' title='bbox 2897 5234 3048 5289; x_wconf 87' lang='lat' dir='ltr'><strong>dolos</strong></span> <span class='ocrx_word' id='word_1_903' title='bbox 3077 5246 3357 5287; x_wconf 89' lang='lat' dir='ltr'><strong>recensere</strong></span> <span class='ocrx_word' id='word_1_904' title='bbox 3386 5231 3530 5294; x_wconf 86' lang='lat' dir='ltr'><strong>velit,</strong></span> <span class='ocrx_word' id='word_1_905' title='bbox 3562 5230 3733 5284; x_wconf 74' lang='lat' dir='ltr'><strong>oratio</strong></span> 
     </span>
    </p>
   </div>
   <div class='ocr_carea' id='block_1_118' title="bbox 2156 5319 3733 5398">
    <p class='ocr_par' dir='ltr' id='par_1_118' title="bbox 2156 5319 3733 5398">
     <span class='ocr_line' id='line_1_118' title="bbox 2156 5319 3733 5398; baseline -0.006 -15"><span class='ocrx_word' id='word_1_906' title='bbox 2156 5346 2284 5383; x_wconf 90' lang='lat' dir='ltr'><strong>sane</strong></span> <span class='ocrx_word' id='word_1_907' title='bbox 2312 5328 2537 5398; x_wconf 80' lang='lat' dir='ltr'><strong>longior,</strong></span> <span class='ocrx_word' id='word_1_908' title='bbox 2569 5338 2725 5396; x_wconf 86' lang='lat' dir='ltr'><strong>quam</strong></span> <span class='ocrx_word' id='word_1_909' title='bbox 2750 5340 2844 5394; x_wconf 88' lang='lat' dir='ltr'><strong>par</strong></span> <span class='ocrx_word' id='word_1_910' title='bbox 2872 5325 2960 5389; x_wconf 91' lang='lat' dir='ltr'><strong>sit,</strong></span> <span class='ocrx_word' id='word_1_911' title='bbox 2988 5323 3195 5378; x_wconf 87' lang='lat' dir='ltr'><strong>evadet.</strong></span> <span class='ocrx_word' id='word_1_912' title='bbox 3223 5321 3332 5376; x_wconf 89' lang='lat' dir='ltr'><strong>Nec</strong></span> <span class='ocrx_word' id='word_1_913' title='bbox 3358 5319 3532 5375; x_wconf 89' lang='lat' dir='ltr'><strong>solum</strong></span> <span class='ocrx_word' id='word_1_914' title='bbox 3560 5320 3617 5387; x_wconf 90' lang='lat' dir='ltr'><strong>ii,</strong></span> <span class='ocrx_word' id='word_1_915' title='bbox 3641 5321 3733 5390; x_wconf 86' lang='lat' dir='ltr'><strong>qui</strong></span> 
     </span>
    </p>
   </div>
   <div class='ocr_carea' id='block_1_119' title="bbox 2154 5403 3735 5480">
    <p class='ocr_par' dir='ltr' id='par_1_119' title="bbox 2154 5403 3735 5480">
     <span class='ocr_line' id='line_1_119' title="bbox 2154 5403 3735 5480; baseline -0.007 -12"><span class='ocrx_word' id='word_1_916' title='bbox 2154 5429 2377 5480; x_wconf 78' lang='lat' dir='ltr'><strong>Corpora</strong></span> <span class='ocrx_word' id='word_1_917' title='bbox 2408 5419 2629 5475; x_wconf 82' lang='lat' dir='ltr'><strong>cm-ant,</strong></span> <span class='ocrx_word' id='word_1_918' title='bbox 2656 5409 2750 5463; x_wconf 87' lang='lat' dir='ltr'><strong>sed</strong></span> <span class='ocrx_word' id='word_1_919' title='bbox 2774 5409 2934 5463; x_wconf 90' lang='lat' dir='ltr'><strong>etiam</strong></span> <span class='ocrx_word' id='word_1_920' title='bbox 2966 5408 2999 5461; x_wconf 92' lang='lat' dir='ltr'><strong>ii</strong></span> <span class='ocrx_word' id='word_1_921' title='bbox 3020 5449 3034 5468; x_wconf 83' lang='grc'><em>,</em></span> <span class='ocrx_word' id='word_1_922' title='bbox 3065 5406 3152 5477; x_wconf 90' lang='lat' dir='ltr'><strong>qui</strong></span> <span class='ocrx_word' id='word_1_923' title='bbox 3182 5404 3377 5460; x_wconf 75' lang='lat' dir='ltr'><strong>anima:</strong></span> <span class='ocrx_word' id='word_1_924' title='bbox 3407 5403 3606 5459; x_wconf 80' lang='lat' dir='ltr'><strong>morbis</strong></span> <span class='ocrx_word' id='word_1_925' title='bbox 3642 5417 3735 5457; x_wconf 83' lang='lat' dir='ltr'><strong>cu-</strong></span> 
     </span>
    </p>
   </div>
   <div class='ocr_carea' id='block_1_120' title="bbox 2157 5495 3736 5571">
    <p class='ocr_par' dir='ltr' id='par_1_120' title="bbox 2157 5495 3736 5571">
     <span class='ocr_line' id='line_1_120' title="bbox 2157 5495 3736 5571; baseline -0.008 -12"><span class='ocrx_word' id='word_1_926' title='bbox 2157 5506 2335 5561; x_wconf 77' lang='lat' dir='ltr'><strong>raudis</strong></span> <span class='ocrx_word' id='word_1_927' title='bbox 2363 5514 2582 5569; x_wconf 73' lang='lat' dir='ltr'><strong>Vacnnl,</strong></span> <span class='ocrx_word' id='word_1_928' title='bbox 2618 5501 2718 5556; x_wconf 90' lang='lat' dir='ltr'><strong>hoc</strong></span> <span class='ocrx_word' id='word_1_929' title='bbox 2750 5499 3052 5571; x_wconf 89' lang='lat' dir='ltr'><strong>frequenter</strong></span> <span class='ocrx_word' id='word_1_930' title='bbox 3100 5497 3342 5554; x_wconf 89' lang='lat' dir='ltr'><strong>remedio</strong></span> <span class='ocrx_word' id='word_1_931' title='bbox 3394 5495 3471 5552; x_wconf 91' lang='lat' dir='ltr'><strong>uti</strong></span> <span class='ocrx_word' id='word_1_932' title='bbox 3515 5509 3736 5564; x_wconf 60' lang='lat' dir='ltr'><strong>compa.</strong></span> 
     </span>
    </p>
   </div>
   <div class='ocr_carea' id='block_1_121' title="bbox 2218 5616 3743 5686">
    <p class='ocr_par' dir='ltr' id='par_1_121' title="bbox 2218 5616 3743 5686">
     <span class='ocr_line' id='line_1_121' title="bbox 2218 5616 3743 5686; baseline -0.01 -7"><span class='ocrx_word' id='word_1_933' title='bbox 2218 5633 2234 5663; x_wconf 76' lang='grc'>⁸</span> <span class='ocrx_word' id='word_1_934' title='bbox 2264 5638 2310 5680; x_wconf 88' lang='lat' dir='ltr'><strong>in</strong></span> <span class='ocrx_word' id='word_1_935' title='bbox 2329 5629 2489 5679; x_wconf 77' lang='lat' dir='ltr'><strong>Morel.</strong></span> <span class='ocrx_word' id='word_1_936' title='bbox 2514 5627 2678 5685; x_wconf 85' lang='lat' dir='ltr'><strong>deest,</strong></span> <span class='ocrx_word' id='word_1_937' title='bbox 2699 5625 2857 5678; x_wconf 76' lang='lat' dir='ltr'><strong>statim</strong></span> <span class='ocrx_word' id='word_1_938' title='bbox 2865 5640 2886 5686; x_wconf 86' lang='lat'><em>;</em></span> <span class='ocrx_word' id='word_1_939' title='bbox 2902 5626 2990 5677; x_wconf 75' lang='lat' dir='ltr'><strong>sed</strong></span> <span class='ocrx_word' id='word_1_940' title='bbox 3013 5624 3219 5676; x_wconf 85' lang='lat' dir='ltr'><strong>habetur</strong></span> <span class='ocrx_word' id='word_1_941' title='bbox 3236 5624 3284 5672; x_wconf 90' lang='lat' dir='ltr'><strong>in</strong></span> <span class='ocrx_word' id='word_1_942' title='bbox 3306 5621 3444 5672; x_wconf 82' lang='lat' dir='ltr'><strong>savii.</strong></span> <span class='ocrx_word' id='word_1_943' title='bbox 3465 5619 3573 5672; x_wconf 87' lang='lat' dir='ltr'><strong>etin</strong></span> <span class='ocrx_word' id='word_1_944' title='bbox 3592 5616 3743 5667; x_wconf 74' lang='lat' dir='ltr'><strong>omni-</strong></span> 
     </span>
    </p>
   </div>
   <div class='ocr_carea' id='block_1_122' title="bbox 2156 5691 2680 5755">
    <p class='ocr_par' dir='ltr' id='par_1_122' title="bbox 2156 5691 2680 5755">
     <span class='ocr_line' id='line_1_122' title="bbox 2156 5691 2680 5755; baseline -0.008 -12"><span class='ocrx_word' id='word_1_945' title='bbox 2156 5694 2250 5743; x_wconf 85' lang='lat' dir='ltr'><strong>bus</strong></span> <span class='ocrx_word' id='word_1_946' title='bbox 2277 5706 2405 5755; x_wconf 85' lang='lat' dir='ltr'><strong>peue</strong></span> <span class='ocrx_word' id='word_1_947' title='bbox 2421 5691 2680 5741; x_wconf 74' lang='lat' dir='ltr'><strong>codicibus.</strong></span> 
     </span>
    </p>
   </div>
  </div>
