4050 6160
292 287 387 340 651

222 443 229 457 ·
295 426 516 478 rinntur.
546 421 649 478 .Sie
675 422 863 478 beatus
887 420 1078 476 Paulus
1106 418 1252 488 (Act.
1282 416 1371 470 2i.
1393 412 1496 483 26)
1529 411 1720 466 multas
1758 407 1874 463 illas

296 514 597 569 .lndmorum
636 513 904 585 myriadas
930 511 1145 566 attraxit
1170 510 1188 580 (
1213 508 1300 562 Id.
1348 506 1433 561 16.
1458 505 1528 576 ’5)
1559 504 1699 560 :hoc
1744 507 1868 556 item

297 607 519 661 (satisilio
546 605 885 659 Timotheum
908 600 1237 658 circumcidit
1262 600 1366 659 ille,
1387 598 1475 668 qui
1506 595 1705 653 Calatis
1731 591 1871 664 (Gal.

298 700 349 752 5.
382 696 438 769 2)
469 696 763 751 set‘ibebat‘
784 695 911 749 nihil
940 694 1269 764 profuturum
1297 689 1564 744 Christum
1583 689 1645 742 iis
1665 688 1753 757 qui
1775 686 1880 740 cir-

297 788 687 843 etnneiduntur.
725 786 848 840 ldeo
880 786 983 853 legi
1029 799 1089 839 se
1118 781 1350 838 subdidit
1395 781 1461 847 is,
1508 785 1595 851 qui
1619 781 1876 852 justitiam

299 895 366 932 ex
393 880 507 948 lege
544 888 661 947 post
692 878 845 932 fidem
879 877 930 930 in
961 876 1228 930 Christum
1258 874 1633 929 detrimentum
1664 871 1881 943 putabat

304 971 560 1041 (Philipp.
608 971 664 1025 ‘5.
696 971 775 1040 7).
807 968 1030 1024 Fraudis
1057 968 1254 1039 quippe
1280 981 1468 1036 magna
1500 966 1576 1020 vis
1599 1005 1613 1027 ,
1646 964 1771 1019 dum
1813 980 1881 1018 ne

300 1062 485 1116 doloso
512 1062 736 1116 consilio
763 1061 1036 1116 ofi'eratur.
1066 1059 1176 1114 lmo
1202 1072 1331 1113 vero
1356 1058 1471 1112 haec
1497 1058 1712 1111 minime
1738 1055 1882 1110 fraus

299 1151 615 1221 appellanda
642 1161 747 1216 est,
788 1150 881 1205 scd
911 1149 1231 1216 meonomia,
1259 1148 1520 1218 sapientia
1541 1156 1595 1202 et
1622 1163 1709 1201 ars
1738 1163 1882 1216 quae-

301 1242 422 1296 dam
441 1285 454 1308 ,
487 1257 606 1312 quae
635 1243 803 1312 possit
832 1242 1027 1296 multos
1056 1242 1229 1294 exitus
1255 1240 1307 1293 in
1337 1238 1695 1294 rebus'arduis
1723 1253 1881 1307 repe-

304 1335 428 1398 rire,
471 1334 769 1403 animaeque
798 1333 988 1388 delicta
1010 1331 1316 1387 emendare.
1362 1332 1542 1402 Neque
1571 1331 1712 1385 enim
1755 1329 1883 1384 Phi—

306 1441 458 1481 neetn
499 1426 816 1481 homicidam
858 1425 1081 1480 dixerim
1114 1423 1303 1494 (Nam.
1333 1425 1422 1480 25.
1454 1426 1533 1495 7),
1560 1423 1700 1494 quod
1735 1423 1883 1493 plaga

307 1533 410 1572 una
460 1517 594 1572 duos
651 1516 905 1587 occiderit
933 1534 944 1570 :
976 1516 1419 1587 quemadmodum
1473 1530 1645 1584 neque
1682 1514 1885 1570 Heliam

307 1612 382 1679 (4.
417 1610 545 1681 Reg.
570 1585 867 1681 [εί-12)οὺ
893 1585 1012 1664 illos
1027 1617 1236 1664 centum
1254 1606 1447 1663 milites
1473 1622 1763 1678 eorumque
1789 1608 1884 1663 du-

306 1717 416 1768 ces,
444 1717 507 1756 ac
533 1717 778 1772 magnum
819 1703 963 1757 illum
992 1700 1263 1771 sanguinis
1294 1705 1603 1764 torrentem,
1635 1716 1792 1770 qnent
1819 1716 1885 1757 ex

307 1809 492 1848 eorum
516 1794 603 1863 qui
628 1793 928 1849 dmmonum
966 1794 1246 1851 sacrificuli
1289 1804 1441 1849 erant
1479 1796 1627 1851 ccede
1669 1812 1888 1853 manare

371 1908 386 1936 ¹
412 1906 485 1954 sic
516 1905 656 1956 Savil.
683 1914 735 1957 et
756 1905 940 1970 aliquot
958 1914 1067 1958 Mss.
1093 1916 1143 1957 tn
1167 1916 1214 1958 Β.
1234 1908 1567 1961 conmtiuatur.

1015 280 1071 333 S.
1112 275 1389 333 JO.\NN|S
1427 268 1900 327 CIIiiYSOSTOMl
1942 268 2262 323 ARCHIEP.
2302 266 2838 324 CONSTANTINOP.

1980 402 2104 458 fecit
2128 405 2149 474 (
2174 406 2228 459 5.
2263 402 2390 476 Reg.
2420 404 2505 461 18.
2537 405 2607 460 54
2631 405 2670 473 ).
2697 404 2826 459 Nam
2856 403 2899 458 si
2931 402 3031 457 hoc
3059 402 3493 467 concederemus,
3509 416 3567 459 et

1978 497 2020 547 si
2048 510 2139 550 res
2169 495 2310 563 ipsas
2350 494 2538 559 nudas,
2571 509 2674 549 non
2717 508 2953 565 expenso
2995 502 3269 547 auctorum
3300 493 3562 559 consilio,

1982 585 2283 657 expendere
2305 586 2426 656 quis
2447 586 2695 651 voluerit,
2724 586 2784 640 AI
2807 584 2993 640 raham
3020 585 3182 640 occisi
3204 588 3310 639 nati
3337 585 3560 641 damna-

1983 692 2042 730 re
2079 676 2255 746 quivis
2309 676 2550 745 puterit(
2585 676 2714 730 Gen.
2771 676 2862 730 22.
2919 677 2986 743 ὃς
3016 677 3107 730 27.
3140 676 3279 745 i9);
3320 688 3565 747 nepotem

1983 767 2108 821 item
2138 775 2193 821 et
2232 768 2549 835 abnepotem
2602 767 2716 837 ejus
2761 767 3006 823 maleficii
3057 776 3112 821 et
3156 767 3267 822 doli
3311 783 3565 826 accusare

1986 857 2179 931 (Exod.
2208 861 2292 913 il.
2320 858 2377 931 2)
2426 875 2441 912 :
2494 860 2572 915 sie
2618 860 2760 915 enim
2794 861 2882 915 ille
2908 860 3378 930 primogenituram
3422 863 3566 919 obti-
3626 921 3635 925 ,

1984 954 2136 1017 nuit;
2171 951 2258 1007 hic
2304 968 2432 1007 vero
2480 952 2853 1023 Egyptiornm
2887 954 3097 1008 divitias
3126 955 3178 1008 in
3209 954 3564 1013 Israelitarum

1938 1046 1945 1051 “
1986 1045 2255 1099 exercitus
2286 1044 2576 1099 transtulit.
2621 1046 2688 1099 At
2717 1060 2823 1099 non
2852 1045 2921 1099 ita
2950 1060 3010 1099 se
3035 1060 3122 1100 res
3150 1045 3329 1113 habet,
3359 1062 3463 1102 non
3495 1050 3566 1103 ita

1987 1148 2117 1189 sane
2149 1151 2163 1188 :
2195 1148 2359 1204 apage
2397 1143 2594 1189 tantam
2632 1135 2924 1189 audaciam.
2952 1134 3068 1190 Non
3096 1136 3254 1191 modo
3279 1138 3421 1194 enim
3449 1139 3569 1193 illos

1986 1225 2140 1295 culpa
2161 1240 2351 1280 vacare
2376 1226 2625 1293 dicimus,
2647 1226 2740 1282 sed
2768 1228 2925 1281 etiam
2947 1244 3011 1282 eo
3037 1229 3250 1285 nomine
3277 1231 3566 1298 miramur;

1990 1315 2422 1386 quandoquidem
2449 1317 2563 1386 ipse
2591 1319 2729 1373 Deus
2764 1319 2882 1372 illos
2909 1318 3027 1373 ideo
3053 1320 3305 1375 laudavit.
3329 1321 3569 1392 Namque

1988 1406 2077 1460 ille
2103 1406 2260 1461 fallax
2294 1407 2414 1476 jure
2442 1407 2670 1476 dicatur,
2701 1408 2791 1479 qui
2823 1408 2875 1464 id
2898 1410 3076 1479 inique
3108 1410 3430 1481 aggreditur,
3461 1429 3564 1467 non

1989 1506 2166 1553 autem
2197 1499 2286 1567 qui
2317 1513 2448 1553 sano
2476 1499 2526 1554 id
2554 1500 2778 1555 consilio
2808 1499 2933 1556 facit
2959 1502 2998 1555 ⁸.
3031 1501 3288 1573 Smpeque
3315 1505 3572 1575 contingit

1988 1597 2049 1642 ut
2092 1586 2274 1644 fallere
2324 1590 2392 1644 sit
2440 1605 2596 1659 Opus,
2628 1598 2688 1645 ut
2734 1606 2828 1661 per
2857 1590 3156 1661 hujusmodi
3188 1603 3357 1649 artem
3383 1610 3570 1665 magna

1992 1679 2189 1734 utilitas
2230 1681 2563 1750 importetur.
2596 1681 2695 1749 Qui
2739 1691 2914 1736 autem
2959 1691 3104 1738 recta
3148 1684 3229 1738 via
3260 1684 3489 1755 incedit,
3520 1686 3571 1741 ei

1989 1784 2148 1838 quem
2171 1769 2353 1826 fallere
2381 1770 2549 1826 noluit
2578 1787 2767 1842 magna
2793 1787 2935 1841 smpe
2963 1773 3097 1829 mala
3129 1774 3324 1830 intulit.

2057 1858 2073 1890 ⁸
2107 1866 2234 1927 llaec,
2259 1867 2532 1910 nouantem
2554 1860 2786 1927 quisque
2820 1862 2873 1912 id
2910 1862 3107 1927 comitio
3142 1864 3276 1927 facit,
3308 1865 3489 1927 desunt
3524 1868 3572 1919 in

1993 1920 2202 1969 maxima
2223 1927 2330 1970 Mss.
2357 1929 2512 1984 parte,
2537 1920 2625 1971 sed
2649 1923 2888 1974 habentur
2914 1927 2961 1975 in
2983 1924 3121 1975 Savil.
3142 1920 3202 1976 'et
3226 1920 3384 1976 Morel.

305 2007 3505 2044 -—-———.—_.______.__._._________________________

1289 2089 1759 2197 LIBER
1854 2094 2693 2209 SECUNDUS.

728 2370 833 2406 11ιεῦ
864 2368 1034 2407 INSUNT
1066 2370 1204 2408 ιιΒιιθ
1236 2370 1463 2409 εωσκῡοε

307 2468 342 2511 t.
375 2460 698 2510 sacerdotium
720 2459 905 2522 grande
929 2472 1041 2510 esse
1062 2460 1254 2523 signum
1289 2459 1535 2512 charitatts
1591 2474 1710 2528 erga
1759 2465 1893 2514 Chri-

369 2530 515 2572 stum.

307 2589 361 2630 11.
398 2591 493 2631 Iloe
507 2582 830 2632 ministerium
853 2581 960 2632 aliis
982 2583 1302 2634 anteeellere.

309 2652 376 2692 ttl.
410 2651 627 2706 Magnum
650 2652 701 2694 et
711 2644 1279 2708 admirandumanimnm
1301 2647 1576 2708 requirere.

306 2713 374 2754 tv.
410 2704 524 2754 nent
546 2719 661 2755 esse
678 2704 869 2769 plenam
889 2705 1214 2756 difficultatum
1236 2719 1291 2755 ae
1311 2704 1650 2769 periculorum.

307 2776 358 2816 ν.
393 2774 485 2815 Nos
508 2775 703 2828 prapter
719 2767 985 2835 caritatem
1007 2769 1057 2817 in
1091 2767 1326 2835 Christum
1349 2782 1470 2835 rem_
1495 2771 1634 2820 istam
1664 2770 1887 2835 fugisse.

309 2835 377 2876 γι.
412 2829 764 2897 Demonstratio
822 2830 1011 2879 virtutis
1069 2830 1241 2891 Basilii,
1289 2845 1347 2882 ac
1394 2831 1703 2883 vehementis
1732 2829 1882 2897 'ejus

376 2890 606 2938 caritatis.
1228 2890 1234 2891 ⁷
1564 2900 1567 2905 ·

309 2957 397 2997 vlt.
431 2950 680 3020 quodnon
704 2951 752 3000 in
785 2951 1123 3020 contumeliam
1160 2966 1344 3015 eorum,
1370 2956 1566 3018 quinos
1611 2956 1886 3020 elegerant,

370 3012 723 3075 ordinationem
748 3011 1065 3075 eEugeriiiius
1077 3049 1089 3061 .

308 3079 415 3122 vttt.
448 3073 576 3132 Quod
602 3074 748 3124 etiam
778 3073 1007 3137 fugiendo
1028 3087 1057 3126 a
1080 3077 1434 3139 vituperatione
1468 3077 1577 3131 illos
1599 3082 1888 3131 emerimus.

377 3285 527 3352 Quod
550 3287 707 3357 igitur
732 3303 796 3342 ex
828 3302 979 3357 aequo
1005 3298 1059 3344 et
1104 3289 1244 3344 bono
1270 3289 1470 3347 fraudis
1500 3293 1550 3348 vi
1597 3295 1671 3348 uti
1703 3295 1883 3364 liceat,

308 3378 415 3432 imo
434 3379 609 3448 potius
645 3379 785 3449 quod
811 3395 928 3435 eam
955 3396 1060 3436 non
1092 3381 1328 3436 fraudem
1356 3423 1371 3448 ,
1395 3384 1491 3439 sed
1522 3386 1886 3447 admirandam

307 3472 658 3524 mcunomiam
712 3472 980 3540 appellare
1026 3484 1314 3543 Oporteat,
1373 3479 1612 3547 pluribus
1680 3492 1887 3553 poterat

306 3559 658 3628 comprobari.
699 3560 831 3627 Quia
875 3577 1002 3617 vero
1060 3579 1177 3633 qua:
1207 3568 1448 3636 superius
1477 3569 1615 3625 dicta
1646 3581 1772 3627 sunt
1819 3574 1883 3629 ad

310 3650 359 3703 id
409 3650 877 3706 demonstrandum
937 3654 1239 3720 sufficiunt,
1288 3674 1449 3728 grave
1499 3663 1887 3735 molestumque

306 3740 534 3811 putarim
564 3757 1007 3812 supervacaneam
1066 3748 1432 3820 prolixamqne
1472 3767 1532 3807 ea
1563 3752 1628 3808 de
1657 3771 1714 3811 re
1759 3772 1884 3812 ora-

308 3834 505 3888 tionem
538 3840 737 3889 texere.
771 3833 944 3889 Tuum
966 3835 1033 3892 de
1061 3839 1263 3909 reliquo
1287 3841 1387 3896 erit
1414 3844 1725 3912 ostendere,
1758 3864 1885 3905 num

306 3938 370 3977 ex
411 3922 694 3979 commodo
726 3932 817 3980 tuo
843 3923 987 3981 fraus
1026 3943 1088 3983 ea
1117 3944 1145 3982 a
1193 3931 1346 3986 nobis
1371 3932 1606 3991 adhibita
1633 3938 1720 3992 sit.
1745 3939 1881 3995 Tum

308 4015 609 4073 BASILIUS
638 4036 649 4071 :
680 4017 755 4072 Ec
805 4018 944 4089 quod
969 4062 985 4087 ,
1019 4020 1186 4091 inquit
1213 4063 1227 4090 ,
1279 4025 1430 4081 nobis
1458 4026 1661 4084 lucrum
1706 4046 1771 4085 ex
1796 4033 1884 4088 tali

306 4106 388 4162 vel
438 4109 733 4163 (economia
762 4109 846 4165 vel
895 4112 1147 4181 sapientia
1179 4155 1194 4178 ,
1235 4123 1287 4171 et
1328 4118 1594 4187 quomodo
1637 4137 1752 4176 eam
1786 4138 1883 4193 ap-

308 4199 506 4267 pellare
555 4200 750 4267 libeat,
800 4210 856 4255 ut
883 4216 1192 4272 persuasum
1243 4206 1395 4262 nobis
1435 4208 1502 4263 sit
1526 4223 1746 4267 nosate
1777 4229 1882 4269 nun

304 4291 466 4347 fuisse
484 4292 767 4364 deceptos?

382 4383 433 4436 1.
462 4382 814 4439 Sacerdotium
861 4389 1053 4457 grande
1097 4406 1203 4444 esse
1247 4392 1443 4463 signum
1491 4396 1714 4451 caritatis
1764 4414 1886 4469 erga

306 4474 581 4528 Clu-istum.
602 4475 988 4533 -—JOANNES
1013 4481 1053 4534 ¹.
1085 4479 1310 4551 Ecquid,
1348 4483 1582 4554 inquam,
1612 4486 1712 4542 hoc
1736 4487 1883 4544 lucro

305 4566 479 4636 majus
516 4566 710 4633 fuerit,
743 4583 899 4638 quam
931 4571 975 4624 si
1016 4572 1128 4627 haec
1152 4589 1369 4644 agamus
1391 4617 1405 4642 ,
1436 4594 1553 4645 qua:
1583 4579 1882 4635 dilectionis

304 4671 429 4725 erga
476 4654 743 4710 Christum
782 4670 1090 4728 argumenta
1128 4678 1247 4718 esse
1290 4665 1422 4718 dixit
1451 4668 1562 4736 ipse
1597 4669 1835 4727 Christus
1863 4712 1879 4738 ,

301 4749 391 4818 qui
419 4749 780 4818 apostolorum
819 4753 1157 4823 eoryphazum
1206 4757 1285 4810 sie
1326 4757 1612 4826 alloquitur
1640 4803 1654 4827 ,
1688 4760 1837 4817 Petre
1863 4805 1878 4830 ,

300 4842 474 4911 inquit
501 4859 700 4907 ,.amas
751 4861 831 4899 me
859 4844 1033 4915 (Joan.
1059 4847 1150 4902 21.
1181 4848 1311 4918 15)?
1336 4850 1388 4905 id
1428 4852 1518 4905 illo
1559 4853 1877 4922 confitente,

302 4934 541 5005 adjuugit
570 4953 584 4990 :
614 4936 676 4991 Si
720 4953 863 4990 amas
898 4953 994 5001 me,
1028 4955 1178 5009 pasce
1228 4956 1342 4995 oves
1388 4958 1546 4997 meas.
1588 4943 1881 5019 interrogat

302 5025 620 5095 discipulum
643 5026 891 5097 Magister
923 5069 938 5094 ,
972 5043 1097 5082 num
1143 5028 1392 5099 diligatur
1420 5031 1488 5087 ab
1518 5048 1585 5088 eo
1607 5074 1622 5099 ,
1661 5052 1765 5091 non
1823 5046 1881 5093 ut
1932 5095 1939 5101 ,

306 5115 543 5171 ediscat:
575 5117 841 5186 quomodo
870 5117 1011 5173 enim
1039 5118 1240 5174 ediscat
1283 5137 1403 5176 cum
1432 5125 1669 5180 omnium
1719 5129 1879 5185 corda

304 5211 444 5265 nurit
468 5209 496 5264 τ
525 5210 619 5265 sed
648 5219 706 5264 nt
755 5225 851 5266 nos
881 5212 1125 5280 doceret,
1160 5223 1414 5283 quantum
1440 5216 1585 5270 cordi
1612 5219 1711 5273 sibi
1738 5230 1881 5276 esset

306 5302 605 5373 hujusmodi
629 5304 802 5373 gregis
830 5304 1156 5373 prmfectura.
1195 5304 1248 5359 Id
1269 5321 1397 5385 eum_
1425 5308 1597 5377 palam
1627 5311 1716 5377 sit,
1749 5312 1877 5368 illud

306 5397 430 5448 item
460 5394 801 5450 manifestum
828 5396 950 5462 erit,
979 5412 1223 5468 magnam
1253 5395 1368 5452 fore
1396 5401 1695 5458 mercedem
1728 5404 1877 5461 labo-

304 5487 439 5540 ranti
488 5487 542 5541 in
585 5487 652 5542 iis
677 5530 691 5552 ,
743 5505 860 5558 qua:
889 5504 1079 5561 magno
1120 5490 1259 5561 apud
1315 5489 1580 5549 Christum
1611 5495 1663 5551 in
1706 5500 1877 5569 pretio

366 5641 451 5714 ‘_tn
475 5636 656 5701 aliquot
673 5639 914 5714 ius
930 5640 1005 5689 hic
1028 5643 1271 5714 inseritur,
1283 5649 1504 5714 Joannes,
1519 5646 1709 5714 supple,
1726 5649 1877 5714 Chry-

304 5699 676 5763 soatumtts,‘qu:e
702 5708 775 5750 est
795 5699 944 5752 altera
968 5702 1189 5767 colloquii
1214 5699 1437 5766 persona.
1463 5699 1513 5757 tu
1534 5699 1640 5762 aliis
1660 5699 1819 5766 seeds.

1999 2372 2144 2418 sunt.
2184 2361 2317 2418 Nam
2356 2364 2436 2430 si,
2496 2378 2616 2419 cum
2667 2365 2922 2435 quosdam
2975 2367 3216 2424 videmus
3261 2369 3572 2430 famulorum

1997 2454 2081 2509 vel
2146 2470 2394 2525 pecorum
2452 2456 2796 2511 'nostrorum
2853 2473 3034 2514 curam
3103 2460 3336 2531 habere,
3380 2465 3574 2520 sollici-

1999 2545 2233 2602 tudinem
2286 2546 2430 2601 illam
2498 2562 2594 2617 pro
2652 2559 2966 2619 argumento
3021 2553 3221 2609 amoris
3278 2571 3405 2627 erga
3474 2572 3573 2614 nos

1999 2635 2256 2692 habemus
2281 2678 2295 2701 ,
2325 2637 2535 2693 etiamsi
2582 2639 2671 2694 illa
2707 2641 2884 2696 omnia
2930 2644 3167 2712 pecunia:
3198 2650 3366 2715 pretio
3392 2664 3573 2706 eruan-

1998 2736 2082 2783 tur
2112 2748 2125 2784 :
2155 2729 2241 2799 qui
2271 2744 2377 2784 non
2434 2732 2656 2800 pecunia
2702 2741 2795 2788 aut
2835 2733 2939 2788 alio
2965 2737 3214 2807 quopiam
3268 2739 3449 2808 simili,
3483 2742 3576 2799 sed

1995 2821 2212 2891 propria
2240 2828 2412 2877 morte
2443 2821 2581 2877 hunc
2603 2838 2815 2894 gregem
2850 2826 3008 2892 emit,
3050 2837 3103 2882 et
3134 2845 3228 2898 pro
3268 2833 3427 2887 ovilis
3454 2849 3575 2902 pre-

1996 2913 2070 2968 tio
2117 2916 2426 2985 sanguinem
2454 2915 2646 2982 dedit,
2677 2927 2874 2988 quanto
2919 2922 3136 2989 prtemiu
3172 2933 3412 2992 pastores
3462 2928 3574 2997 ejus
3648 2918 3649 2923 “

1994 3008 2388 3062 remunerahit?
2412 3008 2767 3075 Quamobrem
2807 3025 2928 3065 eum
2973 3011 3198 3068 dixisset
3242 3014 3530 3087 discipulus
3558 3060 3573 3083 ,

1993 3095 2071 3151 'l‘u
2095 3098 2213 3165 scis,
2246 3096 2462 3153 Domine
2483 3142 2496 3165 ,
2529 3099 2646 3168 quia
2689 3116 2803 3154 amo
2839 3112 2906 3167 te,
2942 3111 2996 3156 et
3037 3103 3285 3158 dilectum
3315 3107 3483 3175 ipsum
3525 3111 3573 3164 in

1989 3188 2287 3245 dilectionis
2310 3199 2498 3247 testem
2548 3204 2788 3248 voc:tsset
2825 3211 2839 3246 :
2891 3211 2995 3248 non
3025 3194 3109 3250 hic
3132 3198 3279 3252 stetit
3305 3197 3574 3270 Servatur,

1989 3280 2083 3337 sed
2100 3281 2398 3337 dilectionis
2413 3292 2780 3354 argumentum
2795 3284 3007 3355 adjecit.
3031 3286 3142 3342 Non
3160 3288 3300 3344 enim
3319 3303 3572 3361 quantum

1989 3374 2179 3429 Petrus
2193 3390 2251 3430 se
2266 3375 2507 3446 diligeret
2523 3376 2803 3433 ostendere
2823 3386 2946 3432 tunc
2960 3379 3200 3435 volebat:
3220 3399 3341 3437 nam
3355 3384 3404 3438 id
3422 3384 3574 3441 nobis

1988 3479 2053 3519 ex
2084 3466 2260 3522 multis
2287 3469 2614 3537 argumentis
2656 3468 2766 3539 jam
2796 3471 2964 3538 palam
3015 3484 3166 3538 erat;
3198 3475 3292 3530 sed
3321 3486 3574 3546 quantum

1991 3555 2103 3626 ipse
2152 3556 2445 3612 Ecelesiam
2498 3558 2741 3628 diligeret
2783 3575 2973 3628 suam,
3013 3571 3066 3617 et
3118 3564 3427 3633 Petittntet
3477 3584 3575 3626 nos

1988 3662 2174 3703 omnes
2204 3648 2414 3704 edoceri
2452 3650 2616 3704 voluit
2639 3693 2653 3717 ,
2684 3659 2742 3705 ut
2771 3667 3011 3722 magnam
3041 3663 3095 3709 et
3133 3672 3229 3712 nos
3274 3657 3375 3714 hac
3419 3661 3469 3714 in
3514 3678 3574 3716 re

1988 3738 2394 3793 sollicitudinem
2444 3740 2819 3797 exhiberemus
2846 3743 3019 3815 (Rom.
3048 3746 3102 3802 8.
3134 3749 3248 3818 52).
3276 3750 3384 3806 Cur
3432 3753 3574 3808 enim

1989 3829 2130 3884 Dens
2158 3829 2296 3884 Filio
2322 3846 2418 3885 suo
2443 3831 2710 3901 unigenito
2737 3849 2840 3888 non
2868 3827 3136 3905 pepercit,
3164 3840 3259 3894 sed
3285 3857 3442 3911 quem
3465 3844 3573 3899 uni-

1987 3936 2107 3974 cum
2160 3919 2388 3976 habebat
2419 3922 2634 3977 tradidit
2676 3922 2854 3991 (Joan.
2886 3926 2938 3981 3.
2972 3928 3100 3996 16)?
3126 3928 3193 3985 Ut
3219 3946 3313 3986 eos
3351 3934 3440 4003 qui
3467 3934 3572 3990 ini-

1989 4009 2128 4064 mico
2161 4026 2284 4080 erga
2338 4027 2398 4065 se
2461 4013 2641 4068 animo
2689 4025 2871 4070 essent
2920 4017 3019 4072 sibi
3071 4022 3474 4091 reconciliaret,
3519 4035 3572 4081 et

1988 4100 2309 4171 peculiarem
2340 4102 2459 4157 sibi
2522 4105 2774 4173 pupulum
2829 4104 3044 4163 faceret.
3098 4107 3209 4164 Cur
3262 4114 3570 4183 sanguinein

1984 4190 2206 4246 ell'udit?
2239 4191 2308 4247 Ut
2334 4192 2429 4248 has
2459 4204 2663 4249 emeret
2693 4211 2842 4263 oves,
2873 4213 3005 4267 quas
3032 4199 3191 4255 Petro
3219 4211 3272 4257 et
3297 4219 3568 4261 successo-

1986 4282 2134 4338 ribus
2185 4283 2300 4353 ejns
2340 4285 2555 4342 tradidit
2588 4286 2718 4356 (Tit.
2763 4288 2818 4344 2.
2853 4289 3105 4362 M).Jure
3146 4296 3168 4326 ⁸
3211 4310 3338 4366 ergo
3366 4297 3566 4355 dicebat

1985 4375 2249 4444 Christus,
2286 4378 2532 4445 Quisnam
2559 4390 2633 4435 est
2665 4382 2831 4449 ﬁdelis
2875 4400 3045 4438 servus
3063 4396 3111 4439 et
3138 4389 3358 4456 prudens
3380 4431 3394 4456 ,
3423 4407 3569 4461 quem

1989 4467 2250 4521 constituet
2273 4467 2506 4524 dominus
2534 4472 2643 4542 ejus
2669 4462 2820 4543 super
2844 4474 3045 4528 domum
3064 4494 3209 4531 suam
3231 4479 3446 4550 (Matth.
3472 4482 3562 4538 24.

1986 4558 2115 4629 45)ἳ
2144 4558 2374 4614 Rursum
2411 4561 2570 4617 verba
2600 4562 2888 4620 dubitantis
2932 4576 3056 4621 sunt
3078 4610 3092 4633 ,
3118 4569 3216 4623 etsi
3246 4572 3335 4640 qui
3394 4572 3566 4643 loqui-

1989 4659 2072 4705 tur
2113 4651 2241 4705 nihil
2296 4651 2544 4708 dubitans
2594 4669 2656 4709 ea
2687 4656 2920 4726 proferat
2951 4675 2963 4711 :
2992 4660 3085 4714 sed
3124 4662 3565 4730 quentadntodnm

1985 4756 2105 4796 eum
2134 4742 2349 4798 Petrtun
2382 4744 2728 4816 interrogaret
2753 4765 2876 4803 ntnn
2907 4765 2966 4805 se
3003 4751 3277 4821 diligeret,
3310 4770 3414 4809 non
3444 4756 3566 4812 ideo

1985 4833 2352 4889 sciscitabatur
2380 4837 2519 4905 quod
2548 4838 2706 4894 vellet
2729 4840 2971 4908 discipuli
3001 4858 3236 4899 amorem
3262 4848 3561 4917 explorare,

1985 4922 2078 4978 sed
2111 4934 2169 4978 ut
2193 4925 2392 4994 proprii
2420 4929 2617 4981 amoris
2643 4932 3053 4999 magnitudinem
3084 4934 3397 5003 declararet;
3419 4938 3485 4992 ita
3509 4951 3565 4995 et

1986 5028 2126 5068 nunc
2154 5028 2274 5068 eum
2303 5015 2459 5081 dicit,
2488 5016 2733 5082 Quisnam
2761 5030 2835 5073 est
2854 5020 3018 5088 ﬁdelis
3044 5039 3213 5079 serra:
3239 5037 3284 5078 et
3309 5029 3568 5096 prudens?

1986 5116 2089 5155 non
2120 5101 2223 5157 hoc
2276 5105 2387 5167 ait,
2418 5106 2557 5174 quod
2589 5107 2635 5161 ei
2688 5108 2896 5178 ignotus
2925 5111 2993 5165 sit
3023 5113 3192 5167 fidelis
3240 5132 3302 5169 ac
3331 5120 3563 5187 prudens

1986 5207 2192 5258 servus,
2225 5194 2317 5248 sed
2344 5195 2484 5264 quod
2510 5198 2793 5254 ostendere
2821 5200 2981 5267 velit,
3010 5217 3168 5272 qnam
3198 5208 3301 5260 rari
3323 5209 3430 5261 sint
3459 5208 3559 5263 hu-

1979 5281 2211 5349 jusmodi
2240 5285 2412 5350 servi,
2443 5295 2505 5361 et.
2535 5298 2735 5356 quanta
2777 5291 2846 5344 sit
2874 5291 3014 5348 illius
3066 5294 3402 5365 magistratus
3438 5315 3556 5354 atn-

1984 5372 2209 5440 plitudo.
2241 5373 2368 5429 Vide
2412 5376 2591 5447 itaque
2629 5389 2880 5449 quantum
2909 5383 2977 5438 sit
3022 5389 3294 5455 prtemiutn
3337 5407 3364 5448 ι,
3392 5391 3560 5464 Super

1982 5464 2171 5533 omnia,
2221 5465 2426 5537 inquit,
2455 5468 2586 5524 bona
2612 5487 2704 5526 sua
2725 5475 2986 5529 constituet
3026 5493 3159 5534 eum.

2044 5598 2645 5681 Ls‘iefajjhhet_plurimi
2818 5615 2867 5658 tn
2890 5610 3052 5661 Morel.
3094 5621 3144 5665 et
3183 5614 3305 5680 aliis,
3350 5619 3560 5681 {amato-

1977 5672 2085 5727 rum
2105 5660 2560 5727 rt‘propinquor'um,
2586 5665 2781 5727 legitur.

2045 5722 2065 5751 ³
2097 5718 2283 5785 Aliquot
2300 5718 2788 5787 Mss.,jure'ac3uste.

3459 269 3564 324 ϐὅτι
3644 282 3657 289 ‘
