  <div class='ocr_page' id='page_1' title='image "/cluster/home/n/w/nwhite01/storage/ocr_20150623/48/mdp.39015032114640/114.png"; bbox 0 0 4050 6160; ppageno 0'>
   <div class='ocr_carea' id='block_1_1' title="bbox 409 331 511 384">
    <p class='ocr_par' dir='ltr' id='par_1_1' title="bbox 409 331 511 384">
     <span class='ocr_line' id='line_1_1' title="bbox 409 331 511 384; baseline 0.02 -2"><span class='ocrx_word' id='word_1_1' title='bbox 409 331 511 384; x_wconf 71' lang='lat'><strong>633</strong></span> 
     </span>
    </p>
   </div>
   <div class='ocr_carea' id='block_1_2' title="bbox 483 439 1996 510">
    <p class='ocr_par' dir='ltr' id='par_1_2' title="bbox 483 439 1996 510">
     <span class='ocr_line' id='line_1_2' title="bbox 483 439 1996 510; baseline 0 -16"><span class='ocrx_word' id='word_1_2' title='bbox 483 442 538 494; x_wconf 91' lang='grc'>2.</span> <span class='ocrx_word' id='word_1_3' title='bbox 575 439 686 494; x_wconf 80' lang='lat' dir='ltr'><strong>Hoc</strong></span> <span class='ocrx_word' id='word_1_4' title='bbox 702 440 1034 495; x_wconf 73' lang='lat' dir='ltr'><strong>ministerium</strong></span> <span class='ocrx_word' id='word_1_5' title='bbox 1051 441 1164 496; x_wconf 75' lang='lat' dir='ltr'><strong>aliis</strong></span> <span class='ocrx_word' id='word_1_6' title='bbox 1190 439 1544 497; x_wconf 81' lang='lat' dir='ltr'><strong>antecellere.-</strong></span> <span class='ocrx_word' id='word_1_7' title='bbox 1560 440 1822 495; x_wconf 81' lang='lat' dir='ltr'><strong>--Etiamne</strong></span> <span class='ocrx_word' id='word_1_8' title='bbox 1841 440 1996 510; x_wconf 84' lang='lat' dir='ltr'><strong>igitur</strong></span> 
     </span>
    </p>
   </div>
   <div class='ocr_carea' id='block_1_3' title="bbox 410 529 1995 601">
    <p class='ocr_par' dir='ltr' id='par_1_3' title="bbox 410 529 1995 601">
     <span class='ocr_line' id='line_1_3' title="bbox 410 529 1995 601; baseline -0.001 -16"><span class='ocrx_word' id='word_1_9' title='bbox 410 546 554 585; x_wconf 90' lang='lat' dir='ltr'><strong>nunc</strong></span> <span class='ocrx_word' id='word_1_10' title='bbox 602 530 880 585; x_wconf 83' lang='lat' dir='ltr'><strong>nobiscum</strong></span> <span class='ocrx_word' id='word_1_11' title='bbox 908 530 1195 586; x_wconf 76' lang='lat' dir='ltr'><strong>contendes</strong></span> <span class='ocrx_word' id='word_1_12' title='bbox 1215 531 1366 601; x_wconf 89' lang='lat' dir='ltr'><strong>quasi</strong></span> <span class='ocrx_word' id='word_1_13' title='bbox 1411 540 1461 586; x_wconf 90' lang='lat' dir='ltr'><strong>te</strong></span> <span class='ocrx_word' id='word_1_14' title='bbox 1501 529 1640 586; x_wconf 88' lang='lat' dir='ltr'><strong>male</strong></span> <span class='ocrx_word' id='word_1_15' title='bbox 1679 531 1728 583; x_wconf 91' lang='lat' dir='ltr'><strong>in</strong></span> <span class='ocrx_word' id='word_1_16' title='bbox 1757 530 1995 584; x_wconf 84' lang='lat' dir='ltr'><strong>fraudem</strong></span> 
     </span>
    </p>
   </div>
   <div class='ocr_carea' id='block_1_4' title="bbox 410 621 1995 691">
    <p class='ocr_par' dir='ltr' id='par_1_4' title="bbox 410 621 1995 691">
     <span class='ocr_line' id='line_1_4' title="bbox 410 621 1995 691; baseline 0.001 -16"><span class='ocrx_word' id='word_1_17' title='bbox 410 621 794 691; x_wconf 78' lang='lat' dir='ltr'><strong>injecerimus,</strong></span> <span class='ocrx_word' id='word_1_18' title='bbox 843 637 964 675; x_wconf 92' lang='lat' dir='ltr'><strong>cum</strong></span> <span class='ocrx_word' id='word_1_19' title='bbox 1013 622 1260 676; x_wconf 87' lang='lat' dir='ltr'><strong>omnibus</strong></span> <span class='ocrx_word' id='word_1_20' title='bbox 1289 621 1380 676; x_wconf 90' lang='lat' dir='ltr'><strong>Dei</strong></span> <span class='ocrx_word' id='word_1_21' title='bbox 1430 621 1583 676; x_wconf 89' lang='lat' dir='ltr'><strong>bonis</strong></span> <span class='ocrx_word' id='word_1_22' title='bbox 1631 621 1995 691; x_wconf 77' lang='lat' dir='ltr'><strong>praeficiendus</strong></span> 
     </span>
    </p>
   </div>
   <div class='ocr_carea' id='block_1_5' title="bbox 409 711 1991 781">
    <p class='ocr_par' dir='ltr' id='par_1_5' title="bbox 409 711 1991 781">
     <span class='ocr_line' id='line_1_5' title="bbox 409 711 1991 781; baseline 0.001 -17"><span class='ocrx_word' id='word_1_23' title='bbox 409 717 519 774; x_wconf 83' lang='lat' dir='ltr'><strong>sis,</strong></span> <span class='ocrx_word' id='word_1_24' title='bbox 554 711 642 766; x_wconf 89' lang='lat' dir='ltr'><strong>illa</strong></span> <span class='ocrx_word' id='word_1_25' title='bbox 667 727 852 781; x_wconf 83' lang='lat' dir='ltr'><strong>agens,</strong></span> <span class='ocrx_word' id='word_1_26' title='bbox 899 725 1016 780; x_wconf 75' lang='lat' dir='ltr'><strong>quae.</strong></span> <span class='ocrx_word' id='word_1_27' title='bbox 1045 713 1218 780; x_wconf 87' lang='lat' dir='ltr'><strong>agenti</strong></span> <span class='ocrx_word' id='word_1_28' title='bbox 1264 713 1417 767; x_wconf 79' lang='lat' dir='ltr'><strong>Petro</strong></span> <span class='ocrx_word' id='word_1_29' title='bbox 1458 716 1742 781; x_wconf 86' lang='lat' dir='ltr'><strong>potentiam</strong></span> <span class='ocrx_word' id='word_1_30' title='bbox 1783 713 1991 776; x_wconf 89' lang='lat' dir='ltr'><strong>indidit,</strong></span> 
     </span>
    </p>
   </div>
   <div class='ocr_carea' id='block_1_6' title="bbox 413 802 1990 872">
    <p class='ocr_par' dir='ltr' id='par_1_6' title="bbox 413 802 1990 872">
     <span class='ocr_line' id='line_1_6' title="bbox 413 802 1990 872; baseline 0.001 -19"><span class='ocrx_word' id='word_1_31' title='bbox 413 803 731 871; x_wconf 64' lang='lat' dir='ltr'><strong>rmterisque</strong></span> <span class='ocrx_word' id='word_1_32' title='bbox 775 802 1031 870; x_wconf 74' lang='lat' dir='ltr'><strong>apostolis</strong></span> <span class='ocrx_word' id='word_1_33' title='bbox 1073 803 1228 872; x_wconf 85' lang='lat' dir='ltr'><strong>longe</strong></span> <span class='ocrx_word' id='word_1_34' title='bbox 1272 803 1589 872; x_wconf 85' lang='lat' dir='ltr'><strong>anteposuit.</strong></span> <span class='ocrx_word' id='word_1_35' title='bbox 1637 802 1788 868; x_wconf 81' lang='lat' dir='ltr'><strong>Nam,</strong></span> <span class='ocrx_word' id='word_1_36' title='bbox 1821 803 1990 869; x_wconf 76' lang='lat' dir='ltr'><strong>Patre,</strong></span> 
     </span>
    </p>
   </div>
   <div class='ocr_carea' id='block_1_7' title="bbox 407 893 1993 964">
    <p class='ocr_par' dir='ltr' id='par_1_7' title="bbox 407 893 1993 964">
     <span class='ocr_line' id='line_1_7' title="bbox 407 893 1993 964; baseline -0.001 -15"><span class='ocrx_word' id='word_1_37' title='bbox 407 895 612 964; x_wconf 90' lang='lat' dir='ltr'><strong>inquit,</strong></span> <span class='ocrx_word' id='word_1_38' title='bbox 648 912 788 947; x_wconf 84' lang='lat' dir='ltr'><strong>nmns</strong></span> <span class='ocrx_word' id='word_1_39' title='bbox 829 911 906 948; x_wconf 87' lang='lat' dir='ltr'><strong>me</strong></span> <span class='ocrx_word' id='word_1_40' title='bbox 945 894 1058 963; x_wconf 86' lang='lat' dir='ltr'><strong>plus</strong></span> <span class='ocrx_word' id='word_1_41' title='bbox 1107 894 1224 949; x_wconf 84' lang='lat' dir='ltr'><strong>his?</strong></span> <span class='ocrx_word' id='word_1_42' title='bbox 1263 893 1422 957; x_wconf 83' lang='lat' dir='ltr'><strong>Pasce</strong></span> <span class='ocrx_word' id='word_1_43' title='bbox 1464 910 1575 949; x_wconf 79' lang='lat' dir='ltr'><strong>oves</strong></span> <span class='ocrx_word' id='word_1_44' title='bbox 1627 911 1782 948; x_wconf 88' lang='lat' dir='ltr'><strong>meas.</strong></span> <span class='ocrx_word' id='word_1_45' title='bbox 1834 893 1993 963; x_wconf 66' lang='lat' dir='ltr'><strong>At.,ui</strong></span> 
     </span>
    </p>
   </div>
   <div class='ocr_carea' id='block_1_8' title="bbox 408 987 1989 1056">
    <p class='ocr_par' dir='ltr' id='par_1_8' title="bbox 408 987 1989 1056">
     <span class='ocr_line' id='line_1_8' title="bbox 408 987 1989 1056; baseline 0 -16"><span class='ocrx_word' id='word_1_46' title='bbox 408 995 622 1056; x_wconf 80' lang='lat' dir='ltr'><strong>poterat</strong></span> <span class='ocrx_word' id='word_1_47' title='bbox 647 988 722 1041; x_wconf 90' lang='lat' dir='ltr'><strong>sic</strong></span> <span class='ocrx_word' id='word_1_48' title='bbox 750 1002 873 1042; x_wconf 92' lang='lat' dir='ltr'><strong>eum</strong></span> <span class='ocrx_word' id='word_1_49' title='bbox 902 988 1098 1056; x_wconf 84' lang='lat' dir='ltr'><strong>alloqui</strong></span> <span class='ocrx_word' id='word_1_50' title='bbox 1126 987 1214 1042; x_wconf 85' lang='lat' dir='ltr'><strong>:Si</strong></span> <span class='ocrx_word' id='word_1_51' title='bbox 1237 1003 1382 1041; x_wconf 91' lang='lat' dir='ltr'><strong>amas</strong></span> <span class='ocrx_word' id='word_1_52' title='bbox 1414 1003 1527 1053; x_wconf 91' lang='lat' dir='ltr'><strong>me,</strong></span> <span class='ocrx_word' id='word_1_53' title='bbox 1554 987 1750 1056; x_wconf 80' lang='lat' dir='ltr'><strong>jejunia</strong></span> <span class='ocrx_word' id='word_1_54' title='bbox 1778 1002 1989 1053; x_wconf 74' lang='lat' dir='ltr'><strong>exerce,</strong></span> 
     </span>
    </p>
   </div>
   <div class='ocr_carea' id='block_1_9' title="bbox 403 1079 1988 1150">
    <p class='ocr_par' dir='ltr' id='par_1_9' title="bbox 403 1079 1988 1150">
     <span class='ocr_line' id='line_1_9' title="bbox 403 1079 1988 1150; baseline 0.001 -19"><span class='ocrx_word' id='word_1_55' title='bbox 403 1080 549 1133; x_wconf 85' lang='lat' dir='ltr'><strong>lmmi</strong></span> <span class='ocrx_word' id='word_1_56' title='bbox 577 1079 738 1143; x_wconf 90' lang='lat' dir='ltr'><strong>cuba,</strong></span> <span class='ocrx_word' id='word_1_57' title='bbox 769 1080 976 1150; x_wconf 82' lang='lat' dir='ltr'><strong>vigilias</strong></span> <span class='ocrx_word' id='word_1_58' title='bbox 1011 1080 1153 1142; x_wconf 86' lang='lat' dir='ltr'><strong>cole,</strong></span> <span class='ocrx_word' id='word_1_59' title='bbox 1187 1079 1378 1148; x_wconf 90' lang='lat' dir='ltr'><strong>injuria</strong></span> <span class='ocrx_word' id='word_1_60' title='bbox 1411 1079 1613 1133; x_wconf 76' lang='lat' dir='ltr'><strong>affectis</strong></span> <span class='ocrx_word' id='word_1_61' title='bbox 1635 1079 1988 1150; x_wconf 86' lang='lat' dir='ltr'><strong>patrocinare,</strong></span> 
     </span>
    </p>
   </div>
   <div class='ocr_carea' id='block_1_10' title="bbox 397 1169 1986 1240">
    <p class='ocr_par' dir='ltr' id='par_1_10' title="bbox 397 1169 1986 1240">
     <span class='ocr_line' id='line_1_10' title="bbox 397 1169 1986 1240; baseline -0.001 -18"><span class='ocrx_word' id='word_1_62' title='bbox 397 1179 520 1224; x_wconf 87' lang='lat' dir='ltr'><strong>esto</strong></span> <span class='ocrx_word' id='word_1_63' title='bbox 547 1170 756 1240; x_wconf 83' lang='lat' dir='ltr'><strong>pupillis</strong></span> <span class='ocrx_word' id='word_1_64' title='bbox 778 1170 924 1240; x_wconf 87' lang='lat' dir='ltr'><strong>quasi</strong></span> <span class='ocrx_word' id='word_1_65' title='bbox 955 1178 1120 1240; x_wconf 79' lang='lat' dir='ltr'><strong>pater,</strong></span> <span class='ocrx_word' id='word_1_66' title='bbox 1141 1179 1192 1224; x_wconf 86' lang='lat' dir='ltr'><strong>et</strong></span> <span class='ocrx_word' id='word_1_67' title='bbox 1212 1169 1360 1223; x_wconf 89' lang='lat' dir='ltr'><strong>matri</strong></span> <span class='ocrx_word' id='word_1_68' title='bbox 1378 1185 1559 1224; x_wconf 91' lang='lat' dir='ltr'><strong>eorum</strong></span> <span class='ocrx_word' id='word_1_69' title='bbox 1579 1169 1726 1238; x_wconf 89' lang='lat' dir='ltr'><strong>quasi</strong></span> <span class='ocrx_word' id='word_1_70' title='bbox 1751 1169 1986 1222; x_wconf 88' lang='lat' dir='ltr'><strong>maritus.</strong></span> 
     </span>
    </p>
   </div>
   <div class='ocr_carea' id='block_1_11' title="bbox 397 1259 1992 1331">
    <p class='ocr_par' dir='ltr' id='par_1_11' title="bbox 397 1259 1992 1331">
     <span class='ocr_line' id='line_1_11' title="bbox 397 1259 1992 1331; baseline 0.001 -17"><span class='ocrx_word' id='word_1_71' title='bbox 397 1259 554 1314; x_wconf 85' lang='lat' dir='ltr'><strong>Nunc</strong></span> <span class='ocrx_word' id='word_1_72' title='bbox 575 1277 699 1315; x_wconf 85' lang='lat' dir='ltr'><strong>vero</strong></span> <span class='ocrx_word' id='word_1_73' title='bbox 726 1261 807 1316; x_wconf 88' lang='lat' dir='ltr'><strong>his</strong></span> <span class='ocrx_word' id='word_1_74' title='bbox 830 1261 1200 1331; x_wconf 71' lang='lat' dir='ltr'><strong>prwtermissis</strong></span> <span class='ocrx_word' id='word_1_75' title='bbox 1237 1261 1504 1326; x_wconf 80' lang='lat' dir='ltr'><strong>clunibus,</strong></span> <span class='ocrx_word' id='word_1_76' title='bbox 1549 1261 1672 1331; x_wconf 89' lang='lat' dir='ltr'><strong>quid</strong></span> <span class='ocrx_word' id='word_1_77' title='bbox 1700 1261 1808 1315; x_wconf 86' lang='lat' dir='ltr'><strong>ait?</strong></span> <span class='ocrx_word' id='word_1_78' title='bbox 1833 1260 1992 1316; x_wconf 81' lang='lat' dir='ltr'><strong>Pasce</strong></span> 
     </span>
    </p>
   </div>
   <div class='ocr_carea' id='block_1_12' title="bbox 402 1353 1984 1423">
    <p class='ocr_par' dir='ltr' id='par_1_12' title="bbox 402 1353 1984 1423">
     <span class='ocr_line' id='line_1_12' title="bbox 402 1353 1984 1423; baseline 0.001 -17"><span class='ocrx_word' id='word_1_79' title='bbox 402 1369 518 1406; x_wconf 77' lang='lat' dir='ltr'><strong>oves</strong></span> <span class='ocrx_word' id='word_1_80' title='bbox 551 1370 704 1406; x_wconf 86' lang='lat' dir='ltr'><strong>meos.</strong></span> <span class='ocrx_word' id='word_1_81' title='bbox 746 1353 832 1406; x_wconf 87' lang='lat' dir='ltr'><strong>llla</strong></span> <span class='ocrx_word' id='word_1_82' title='bbox 859 1353 999 1408; x_wconf 89' lang='lat' dir='ltr'><strong>enim</strong></span> <span class='ocrx_word' id='word_1_83' title='bbox 1031 1369 1148 1423; x_wconf 71' lang='lat' dir='ltr'><strong>qum</strong></span> <span class='ocrx_word' id='word_1_84' title='bbox 1179 1369 1334 1423; x_wconf 82' lang='lat' dir='ltr'><strong>supra</strong></span> <span class='ocrx_word' id='word_1_85' title='bbox 1365 1353 1471 1408; x_wconf 83' lang='lat' dir='ltr'><strong>dixi</strong></span> <span class='ocrx_word' id='word_1_86' title='bbox 1496 1370 1557 1407; x_wconf 74' lang='lat' dir='ltr'><strong>ex</strong></span> <span class='ocrx_word' id='word_1_87' title='bbox 1583 1353 1804 1408; x_wconf 87' lang='lat' dir='ltr'><strong>subditis</strong></span> <span class='ocrx_word' id='word_1_88' title='bbox 1834 1353 1984 1409; x_wconf 90' lang='lat' dir='ltr'><strong>multi</strong></span> 
     </span>
    </p>
   </div>
   <div class='ocr_carea' id='block_1_13' title="bbox 402 1442 1985 1513">
    <p class='ocr_par' dir='ltr' id='par_1_13' title="bbox 402 1442 1985 1513">
     <span class='ocr_line' id='line_1_13' title="bbox 402 1442 1985 1513; baseline 0.003 -18"><span class='ocrx_word' id='word_1_89' title='bbox 402 1442 560 1497; x_wconf 87' lang='lat' dir='ltr'><strong>facile</strong></span> <span class='ocrx_word' id='word_1_90' title='bbox 601 1454 853 1513; x_wconf 63' lang='lat' dir='ltr'><strong>prtestare</strong></span> <span class='ocrx_word' id='word_1_91' title='bbox 877 1445 1118 1513; x_wconf 58' lang='lat' dir='ltr'><strong>possint,</strong></span> <span class='ocrx_word' id='word_1_92' title='bbox 1153 1461 1256 1500; x_wconf 90' lang='lat' dir='ltr'><strong>non</strong></span> <span class='ocrx_word' id='word_1_93' title='bbox 1289 1445 1384 1498; x_wconf 90' lang='lat' dir='ltr'><strong>viri</strong></span> <span class='ocrx_word' id='word_1_94' title='bbox 1429 1445 1636 1512; x_wconf 88' lang='lat' dir='ltr'><strong>solum,</strong></span> <span class='ocrx_word' id='word_1_95' title='bbox 1683 1445 1777 1500; x_wconf 90' lang='lat' dir='ltr'><strong>sed</strong></span> <span class='ocrx_word' id='word_1_96' title='bbox 1827 1447 1985 1501; x_wconf 89' lang='lat' dir='ltr'><strong>etiam</strong></span> 
     </span>
    </p>
   </div>
   <div class='ocr_carea' id='block_1_14' title="bbox 403 1535 1988 1610">
    <p class='ocr_par' dir='ltr' id='par_1_14' title="bbox 403 1535 1988 1610">
     <span class='ocr_line' id='line_1_14' title="bbox 403 1535 1988 1610; baseline 0.004 -22"><span class='ocrx_word' id='word_1_97' title='bbox 403 1535 658 1590; x_wconf 82' lang='lat' dir='ltr'><strong>mulieres</strong></span> <span class='ocrx_word' id='word_1_98' title='bbox 687 1555 700 1588; x_wconf 75' lang='grc' dir='ltr'>ε</span> <span class='ocrx_word' id='word_1_99' title='bbox 734 1546 786 1590; x_wconf 91' lang='lat' dir='ltr'><strong>at</strong></span> <span class='ocrx_word' id='word_1_100' title='bbox 813 1553 934 1590; x_wconf 88' lang='lat' dir='ltr'><strong>cum</strong></span> <span class='ocrx_word' id='word_1_101' title='bbox 967 1537 1033 1591; x_wconf 90' lang='lat' dir='ltr'><strong>de</strong></span> <span class='ocrx_word' id='word_1_102' title='bbox 1058 1538 1308 1593; x_wconf 65' lang='lat' dir='ltr'><strong>Ecclesiae</strong></span> <span class='ocrx_word' id='word_1_103' title='bbox 1336 1539 1644 1609; x_wconf 76' lang='lat' dir='ltr'><strong>pra-lectura</strong></span> <span class='ocrx_word' id='word_1_104' title='bbox 1664 1539 1834 1610; x_wconf 89' lang='lat' dir='ltr'><strong>deque</strong></span> <span class='ocrx_word' id='word_1_105' title='bbox 1859 1556 1988 1594; x_wconf 90' lang='lat' dir='ltr'><strong>con-</strong></span> 
     </span>
    </p>
   </div>
   <div class='ocr_carea' id='block_1_15' title="bbox 399 1627 1986 1700">
    <p class='ocr_par' dir='ltr' id='par_1_15' title="bbox 399 1627 1986 1700">
     <span class='ocr_line' id='line_1_15' title="bbox 399 1627 1986 1700; baseline 0.003 -20"><span class='ocrx_word' id='word_1_106' title='bbox 399 1627 672 1681; x_wconf 67' lang='lat' dir='ltr'><strong>credenda</strong></span> <span class='ocrx_word' id='word_1_107' title='bbox 699 1636 773 1680; x_wconf 89' lang='lat' dir='ltr'><strong>tot</strong></span> <span class='ocrx_word' id='word_1_108' title='bbox 793 1627 1089 1682; x_wconf 82' lang='lat' dir='ltr'><strong>animarum</strong></span> <span class='ocrx_word' id='word_1_109' title='bbox 1115 1642 1239 1682; x_wconf 89' lang='lat' dir='ltr'><strong>cura</strong></span> <span class='ocrx_word' id='word_1_110' title='bbox 1265 1631 1434 1698; x_wconf 89' lang='lat' dir='ltr'><strong>agitur</strong></span> <span class='ocrx_word' id='word_1_111' title='bbox 1451 1671 1466 1696; x_wconf 94' lang='lat'><strong>,</strong></span> <span class='ocrx_word' id='word_1_112' title='bbox 1498 1630 1708 1685; x_wconf 84' lang='lat' dir='ltr'><strong>recedat</strong></span> <span class='ocrx_word' id='word_1_113' title='bbox 1728 1646 1757 1684; x_wconf 90' lang='lat' dir='ltr'><strong>a</strong></span> <span class='ocrx_word' id='word_1_114' title='bbox 1783 1632 1986 1700; x_wconf 87' lang='lat' dir='ltr'><strong>magni-</strong></span> 
     </span>
    </p>
   </div>
   <div class='ocr_carea' id='block_1_16' title="bbox 405 1720 1985 1791">
    <p class='ocr_par' dir='ltr' id='par_1_16' title="bbox 405 1720 1985 1791">
     <span class='ocr_line' id='line_1_16' title="bbox 405 1720 1985 1791; baseline 0.002 -18"><span class='ocrx_word' id='word_1_115' title='bbox 405 1721 590 1775; x_wconf 83' lang='lat' dir='ltr'><strong>tudine</strong></span> <span class='ocrx_word' id='word_1_116' title='bbox 623 1722 752 1774; x_wconf 86' lang='lat' dir='ltr'><strong>tanti</strong></span> <span class='ocrx_word' id='word_1_117' title='bbox 775 1721 971 1791; x_wconf 87' lang='lat' dir='ltr'><strong>negotii</strong></span> <span class='ocrx_word' id='word_1_118' title='bbox 1005 1731 1145 1775; x_wconf 85' lang='lat' dir='ltr'><strong>totus</strong></span> <span class='ocrx_word' id='word_1_119' title='bbox 1171 1720 1451 1776; x_wconf 74' lang='lat' dir='ltr'><strong>feminibus</strong></span> <span class='ocrx_word' id='word_1_120' title='bbox 1476 1736 1664 1786; x_wconf 77' lang='lat' dir='ltr'><strong>sexus,</strong></span> <span class='ocrx_word' id='word_1_121' title='bbox 1702 1723 1808 1775; x_wconf 89' lang='lat' dir='ltr'><strong>imo</strong></span> <span class='ocrx_word' id='word_1_122' title='bbox 1829 1724 1985 1777; x_wconf 90' lang='lat' dir='ltr'><strong>ctiam</strong></span> 
     </span>
    </p>
   </div>
   <div class='ocr_carea' id='block_1_17' title="bbox 407 1814 1985 1885">
    <p class='ocr_par' dir='ltr' id='par_1_17' title="bbox 407 1814 1985 1885">
     <span class='ocr_line' id='line_1_17' title="bbox 407 1814 1985 1885; baseline 0.004 -23"><span class='ocrx_word' id='word_1_123' title='bbox 407 1815 645 1867; x_wconf 73' lang='lat' dir='ltr'><strong>virorum</strong></span> <span class='ocrx_word' id='word_1_124' title='bbox 716 1828 839 1882; x_wconf 89' lang='lat' dir='ltr'><strong>pars</strong></span> <span class='ocrx_word' id='word_1_125' title='bbox 912 1814 1180 1879; x_wconf 80' lang='lat' dir='ltr'><strong>maxima;</strong></span> <span class='ocrx_word' id='word_1_126' title='bbox 1251 1823 1473 1885; x_wconf 87' lang='lat' dir='ltr'><strong>agantur</strong></span> <span class='ocrx_word' id='word_1_127' title='bbox 1515 1814 1567 1868; x_wconf 91' lang='lat' dir='ltr'><strong>in</strong></span> <span class='ocrx_word' id='word_1_128' title='bbox 1619 1816 1851 1868; x_wconf 91' lang='lat' dir='ltr'><strong>medium</strong></span> <span class='ocrx_word' id='word_1_129' title='bbox 1897 1816 1985 1884; x_wconf 91' lang='lat' dir='ltr'><strong>qui</strong></span> 
     </span>
    </p>
   </div>
   <div class='ocr_carea' id='block_1_18' title="bbox 396 1905 1988 1976">
    <p class='ocr_par' dir='ltr' id='par_1_18' title="bbox 396 1905 1988 1976">
     <span class='ocr_line' id='line_1_18' title="bbox 396 1905 1988 1976; baseline 0.001 -18"><span class='ocrx_word' id='word_1_130' title='bbox 396 1921 592 1976; x_wconf 86' lang='lat' dir='ltr'><strong>magno</strong></span> <span class='ocrx_word' id='word_1_131' title='bbox 644 1905 927 1960; x_wconf 85' lang='lat' dir='ltr'><strong>intervallo</strong></span> <span class='ocrx_word' id='word_1_132' title='bbox 973 1911 1181 1960; x_wconf 73' lang='lat' dir='ltr'><strong>cmterts</strong></span> <span class='ocrx_word' id='word_1_133' title='bbox 1226 1905 1473 1960; x_wconf 90' lang='lat' dir='ltr'><strong>omnibus</strong></span> <span class='ocrx_word' id='word_1_134' title='bbox 1510 1905 1879 1971; x_wconf 90' lang='lat' dir='ltr'><strong>antecellunt,</strong></span> <span class='ocrx_word' id='word_1_135' title='bbox 1932 1914 1988 1960; x_wconf 88' lang='lat' dir='ltr'><strong>et</strong></span> 
     </span>
    </p>
   </div>
   <div class='ocr_carea' id='block_1_19' title="bbox 392 1995 1981 2065">
    <p class='ocr_par' dir='ltr' id='par_1_19' title="bbox 392 1995 1981 2065">
     <span class='ocr_line' id='line_1_19' title="bbox 392 1995 1981 2065; baseline 0.001 -17"><span class='ocrx_word' id='word_1_136' title='bbox 392 1997 484 2065; x_wconf 87' lang='lat' dir='ltr'><strong>qui</strong></span> <span class='ocrx_word' id='word_1_137' title='bbox 518 1995 806 2051; x_wconf 90' lang='lat' dir='ltr'><strong>secundum</strong></span> <span class='ocrx_word' id='word_1_138' title='bbox 835 1995 997 2050; x_wconf 89' lang='lat' dir='ltr'><strong>animi</strong></span> <span class='ocrx_word' id='word_1_139' title='bbox 1026 1997 1270 2051; x_wconf 88' lang='lat' dir='ltr'><strong>virtutem</strong></span> <span class='ocrx_word' id='word_1_140' title='bbox 1299 1996 1506 2051; x_wconf 70' lang='lat' dir='ltr'><strong>caneris</strong></span> <span class='ocrx_word' id='word_1_141' title='bbox 1532 2006 1677 2050; x_wconf 87' lang='lat' dir='ltr'><strong>tanto</strong></span> <span class='ocrx_word' id='word_1_142' title='bbox 1708 1997 1981 2050; x_wconf 90' lang='lat' dir='ltr'><strong>sublimio-</strong></span> 
     </span>
    </p>
   </div>
   <div class='ocr_carea' id='block_1_20' title="bbox 397 2088 1985 2158">
    <p class='ocr_par' dir='ltr' id='par_1_20' title="bbox 397 2088 1985 2158">
     <span class='ocr_line' id='line_1_20' title="bbox 397 2088 1985 2158; baseline 0.001 -16"><span class='ocrx_word' id='word_1_143' title='bbox 397 2104 487 2142; x_wconf 91' lang='lat' dir='ltr'><strong>res</strong></span> <span class='ocrx_word' id='word_1_144' title='bbox 527 2096 678 2154; x_wconf 91' lang='lat' dir='ltr'><strong>sunt,</strong></span> <span class='ocrx_word' id='word_1_145' title='bbox 723 2098 921 2157; x_wconf 90' lang='lat' dir='ltr'><strong>quanto</strong></span> <span class='ocrx_word' id='word_1_146' title='bbox 976 2088 1222 2142; x_wconf 90' lang='lat' dir='ltr'><strong>universa</strong></span> <span class='ocrx_word' id='word_1_147' title='bbox 1275 2088 1619 2142; x_wconf 68' lang='lat' dir='ltr'><strong>llebrteorum</strong></span> <span class='ocrx_word' id='word_1_148' title='bbox 1673 2098 1827 2158; x_wconf 88' lang='lat' dir='ltr'><strong>gente</strong></span> <span class='ocrx_word' id='word_1_149' title='bbox 1855 2088 1985 2144; x_wconf 73' lang='lat' dir='ltr'><strong>Su&#39;rl</strong></span> 
     </span>
    </p>
   </div>
   <div class='ocr_carea' id='block_1_21' title="bbox 367 2180 1982 2252">
    <p class='ocr_par' dir='ltr' id='par_1_21' title="bbox 367 2180 1982 2252">
     <span class='ocr_line' id='line_1_21' title="bbox 367 2180 1982 2252; baseline 0.009 -19"><span class='ocrx_word' id='word_1_150' title='bbox 367 2180 694 2234; x_wconf 82' lang='lat' dir='ltr'><strong>secundum</strong></span> <span class='ocrx_word' id='word_1_151' title='bbox 744 2180 986 2250; x_wconf 91' lang='lat' dir='ltr'><strong>corporis</strong></span> <span class='ocrx_word' id='word_1_152' title='bbox 1025 2180 1392 2250; x_wconf 88' lang='lat' dir='ltr'><strong>proceritatem</strong></span> <span class='ocrx_word' id='word_1_153' title='bbox 1448 2182 1526 2251; x_wconf 86' lang='grc'><strong>(1.</strong></span> <span class='ocrx_word' id='word_1_154' title='bbox 1565 2181 1689 2252; x_wconf 84' lang='lat' dir='ltr'><strong>Reg.</strong></span> <span class='ocrx_word' id='word_1_155' title='bbox 1722 2181 1808 2236; x_wconf 80' lang='grc'><strong>10.</strong></span> <span class='ocrx_word' id='word_1_156' title='bbox 1848 2181 1982 2252; x_wconf 72' lang='lat'><strong>‘25);</strong></span> 
     </span>
    </p>
   </div>
   <div class='ocr_carea' id='block_1_22' title="bbox 400 2274 1983 2346">
    <p class='ocr_par' dir='ltr' id='par_1_22' title="bbox 400 2274 1983 2346">
     <span class='ocr_line' id='line_1_22' title="bbox 400 2274 1983 2346; baseline 0 -18"><span class='ocrx_word' id='word_1_157' title='bbox 400 2277 510 2328; x_wconf 90' lang='lat' dir='ltr'><strong>imo</strong></span> <span class='ocrx_word' id='word_1_158' title='bbox 561 2284 615 2329; x_wconf 91' lang='lat' dir='ltr'><strong>et</strong></span> <span class='ocrx_word' id='word_1_159' title='bbox 653 2276 810 2346; x_wconf 86' lang='lat' dir='ltr'><strong>longe</strong></span> <span class='ocrx_word' id='word_1_160' title='bbox 852 2274 1042 2345; x_wconf 82' lang='lat' dir='ltr'><strong>majori</strong></span> <span class='ocrx_word' id='word_1_161' title='bbox 1093 2274 1285 2344; x_wconf 76' lang='lat' dir='ltr'><strong>Spatio.</strong></span> <span class='ocrx_word' id='word_1_162' title='bbox 1311 2274 1388 2330; x_wconf 85' lang='lat' dir='ltr'><strong>Ne</strong></span> <span class='ocrx_word' id='word_1_163' title='bbox 1414 2275 1542 2329; x_wconf 91' lang='lat' dir='ltr'><strong>mihi</strong></span> <span class='ocrx_word' id='word_1_164' title='bbox 1584 2275 1728 2328; x_wconf 91' lang='lat' dir='ltr'><strong>enim</strong></span> <span class='ocrx_word' id='word_1_165' title='bbox 1761 2274 1847 2328; x_wconf 86' lang='lat' dir='ltr'><strong>hic</strong></span> <span class='ocrx_word' id='word_1_166' title='bbox 1885 2275 1983 2328; x_wconf 89' lang='lat' dir='ltr'><strong>hu-</strong></span> 
     </span>
    </p>
   </div>
   <div class='ocr_carea' id='block_1_23' title="bbox 395 2364 1985 2436">
    <p class='ocr_par' dir='ltr' id='par_1_23' title="bbox 395 2364 1985 2436">
     <span class='ocr_line' id='line_1_23' title="bbox 395 2364 1985 2436; baseline 0.002 -17"><span class='ocrx_word' id='word_1_167' title='bbox 395 2382 668 2420; x_wconf 89' lang='lat' dir='ltr'><strong>merorum</strong></span> <span class='ocrx_word' id='word_1_168' title='bbox 699 2367 1034 2436; x_wconf 84' lang='lat' dir='ltr'><strong>proceritatis</strong></span> <span class='ocrx_word' id='word_1_169' title='bbox 1059 2380 1308 2421; x_wconf 85' lang='lat' dir='ltr'><strong>mensura</strong></span> <span class='ocrx_word' id='word_1_170' title='bbox 1337 2376 1608 2435; x_wconf 68' lang='lat' dir='ltr'><strong>qumratur</strong></span> <span class='ocrx_word' id='word_1_171' title='bbox 1635 2383 1648 2419; x_wconf 93' lang='lat'><strong>:</strong></span> <span class='ocrx_word' id='word_1_172' title='bbox 1679 2364 1771 2420; x_wconf 89' lang='lat' dir='ltr'><strong>sed</strong></span> <span class='ocrx_word' id='word_1_173' title='bbox 1791 2375 1985 2435; x_wconf 88' lang='lat' dir='ltr'><strong>quanta</strong></span> 
     </span>
    </p>
   </div>
   <div class='ocr_carea' id='block_1_24' title="bbox 394 2457 1982 2523">
    <p class='ocr_par' dir='ltr' id='par_1_24' title="bbox 394 2457 1982 2523">
     <span class='ocr_line' id='line_1_24' title="bbox 394 2457 1982 2523; baseline 0 -11"><span class='ocrx_word' id='word_1_174' title='bbox 394 2459 642 2512; x_wconf 81' lang='lat' dir='ltr'><strong>estinter</strong></span> <span class='ocrx_word' id='word_1_175' title='bbox 686 2457 838 2512; x_wconf 90' lang='lat' dir='ltr'><strong>bruta</strong></span> <span class='ocrx_word' id='word_1_176' title='bbox 877 2467 930 2512; x_wconf 91' lang='lat' dir='ltr'><strong>et</strong></span> <span class='ocrx_word' id='word_1_177' title='bbox 974 2457 1315 2512; x_wconf 82' lang='lat' dir='ltr'><strong>rationabiles</strong></span> <span class='ocrx_word' id='word_1_178' title='bbox 1353 2457 1596 2512; x_wconf 84' lang='lat' dir='ltr'><strong>homines</strong></span> <span class='ocrx_word' id='word_1_179' title='bbox 1643 2457 1941 2514; x_wconf 85' lang='lat' dir='ltr'><strong>differentia</strong></span> <span class='ocrx_word' id='word_1_180' title='bbox 1967 2499 1982 2523; x_wconf 88' lang='lat'><strong>,</strong></span> 
     </span>
    </p>
   </div>
   <div class='ocr_carea' id='block_1_25' title="bbox 394 2550 1986 2619">
    <p class='ocr_par' dir='ltr' id='par_1_25' title="bbox 394 2550 1986 2619">
     <span class='ocr_line' id='line_1_25' title="bbox 394 2550 1986 2619; baseline 0.001 -16"><span class='ocrx_word' id='word_1_181' title='bbox 394 2557 600 2603; x_wconf 86' lang='lat' dir='ltr'><strong>tantum</strong></span> <span class='ocrx_word' id='word_1_182' title='bbox 628 2550 764 2604; x_wconf 90' lang='lat' dir='ltr'><strong>inter</strong></span> <span class='ocrx_word' id='word_1_183' title='bbox 779 2560 1044 2618; x_wconf 87' lang='lat' dir='ltr'><strong>pastorem</strong></span> <span class='ocrx_word' id='word_1_184' title='bbox 1064 2558 1118 2604; x_wconf 92' lang='lat' dir='ltr'><strong>et</strong></span> <span class='ocrx_word' id='word_1_185' title='bbox 1134 2565 1228 2605; x_wconf 84' lang='lat' dir='ltr'><strong>eos</strong></span> <span class='ocrx_word' id='word_1_186' title='bbox 1251 2550 1338 2619; x_wconf 91' lang='lat' dir='ltr'><strong>qui</strong></span> <span class='ocrx_word' id='word_1_187' title='bbox 1357 2559 1642 2618; x_wconf 89' lang='lat' dir='ltr'><strong>pascuntur</strong></span> <span class='ocrx_word' id='word_1_188' title='bbox 1662 2550 1728 2605; x_wconf 90' lang='lat' dir='ltr'><strong>sit</strong></span> <span class='ocrx_word' id='word_1_189' title='bbox 1742 2550 1986 2605; x_wconf 85' lang='lat' dir='ltr'><strong>interval-</strong></span> 
     </span>
    </p>
   </div>
   <div class='ocr_carea' id='block_1_26' title="bbox 397 2642 1985 2713">
    <p class='ocr_par' dir='ltr' id='par_1_26' title="bbox 397 2642 1985 2713">
     <span class='ocr_line' id='line_1_26' title="bbox 397 2642 1985 2713; baseline 0.001 -17"><span class='ocrx_word' id='word_1_190' title='bbox 397 2643 530 2709; x_wconf 91' lang='lat' dir='ltr'><strong>lum,</strong></span> <span class='ocrx_word' id='word_1_191' title='bbox 553 2643 763 2712; x_wconf 88' lang='lat' dir='ltr'><strong>nequid</strong></span> <span class='ocrx_word' id='word_1_192' title='bbox 789 2643 1016 2711; x_wconf 88' lang='lat' dir='ltr'><strong>amplius</strong></span> <span class='ocrx_word' id='word_1_193' title='bbox 1032 2642 1206 2698; x_wconf 89' lang='lat' dir='ltr'><strong>dicam</strong></span> <span class='ocrx_word' id='word_1_194' title='bbox 1235 2661 1248 2697; x_wconf 91' lang='lat'><strong>:</strong></span> <span class='ocrx_word' id='word_1_195' title='bbox 1272 2657 1392 2696; x_wconf 87' lang='lat' dir='ltr'><strong>nam</strong></span> <span class='ocrx_word' id='word_1_196' title='bbox 1409 2642 1475 2696; x_wconf 92' lang='lat' dir='ltr'><strong>de</strong></span> <span class='ocrx_word' id='word_1_197' title='bbox 1500 2643 1668 2697; x_wconf 91' lang='lat' dir='ltr'><strong>multo</strong></span> <span class='ocrx_word' id='word_1_198' title='bbox 1695 2642 1985 2713; x_wconf 88' lang='lat' dir='ltr'><strong>majoribus</strong></span> 
     </span>
    </p>
   </div>
   <div class='ocr_carea' id='block_1_27' title="bbox 395 2731 1988 2803">
    <p class='ocr_par' dir='ltr' id='par_1_27' title="bbox 395 2731 1988 2803">
     <span class='ocr_line' id='line_1_27' title="bbox 395 2731 1988 2803; baseline 0.001 -17"><span class='ocrx_word' id='word_1_199' title='bbox 395 2732 693 2803; x_wconf 89' lang='lat' dir='ltr'><strong>periculum</strong></span> <span class='ocrx_word' id='word_1_200' title='bbox 717 2742 816 2788; x_wconf 89' lang='lat' dir='ltr'><strong>est.</strong></span> <span class='ocrx_word' id='word_1_201' title='bbox 835 2731 1108 2802; x_wconf 86' lang='lat' dir='ltr'><strong>Siquidem</strong></span> <span class='ocrx_word' id='word_1_202' title='bbox 1135 2733 1224 2802; x_wconf 90' lang='lat' dir='ltr'><strong>qui</strong></span> <span class='ocrx_word' id='word_1_203' title='bbox 1243 2746 1371 2789; x_wconf 86' lang='lat' dir='ltr'><strong>oves</strong></span> <span class='ocrx_word' id='word_1_204' title='bbox 1391 2733 1890 2802; x_wconf 86' lang='lat' dir='ltr'><strong>perdidit,autlupis</strong></span> <span class='ocrx_word' id='word_1_205' title='bbox 1910 2749 1988 2788; x_wconf 90' lang='lat' dir='ltr'><strong>ra-</strong></span> 
     </span>
    </p>
   </div>
   <div class='ocr_carea' id='block_1_28' title="bbox 401 2814 1982 2896">
    <p class='ocr_par' dir='ltr' id='par_1_28' title="bbox 401 2814 1982 2896">
     <span class='ocr_line' id='line_1_28' title="bbox 401 2814 1982 2896; baseline 0.002 -19"><span class='ocrx_word' id='word_1_206' title='bbox 401 2824 672 2893; x_wconf 87' lang='lat' dir='ltr'><strong>pientibus</strong></span> <span class='ocrx_word' id='word_1_207' title='bbox 691 2867 706 2891; x_wconf 93' lang='lat'><strong>,</strong></span> <span class='ocrx_word' id='word_1_208' title='bbox 733 2834 822 2879; x_wconf 88' lang='lat' dir='ltr'><strong>aut</strong></span> <span class='ocrx_word' id='word_1_209' title='bbox 853 2825 1052 2879; x_wconf 89' lang='lat' dir='ltr'><strong>furibus</strong></span> <span class='ocrx_word' id='word_1_210' title='bbox 1075 2814 1411 2891; x_wconf 81' lang='lat' dir='ltr'><strong>instantibus,</strong></span> <span class='ocrx_word' id='word_1_211' title='bbox 1442 2833 1532 2880; x_wconf 92' lang='lat' dir='ltr'><strong>aut</strong></span> <span class='ocrx_word' id='word_1_212' title='bbox 1551 2835 1698 2895; x_wconf 87' lang='lat' dir='ltr'><strong>peste</strong></span> <span class='ocrx_word' id='word_1_213' title='bbox 1722 2827 1946 2896; x_wconf 90' lang='lat' dir='ltr'><strong>quadam</strong></span> <span class='ocrx_word' id='word_1_214' title='bbox 1967 2869 1982 2892; x_wconf 94' lang='lat'><strong>,</strong></span> 
     </span>
    </p>
   </div>
   <div class='ocr_carea' id='block_1_29' title="bbox 394 2917 1986 2987">
    <p class='ocr_par' dir='ltr' id='par_1_29' title="bbox 394 2917 1986 2987">
     <span class='ocr_line' id='line_1_29' title="bbox 394 2917 1986 2987; baseline 0.005 -19"><span class='ocrx_word' id='word_1_215' title='bbox 394 2925 487 2970; x_wconf 81' lang='lat' dir='ltr'><strong>aut</strong></span> <span class='ocrx_word' id='word_1_216' title='bbox 526 2917 634 2970; x_wconf 87' lang='lat' dir='ltr'><strong>alio</strong></span> <span class='ocrx_word' id='word_1_217' title='bbox 661 2917 1004 2986; x_wconf 90' lang='lat' dir='ltr'><strong>contingente</strong></span> <span class='ocrx_word' id='word_1_218' title='bbox 1034 2932 1185 2978; x_wconf 81' lang='lat' dir='ltr'><strong>casu,</strong></span> <span class='ocrx_word' id='word_1_219' title='bbox 1221 2918 1451 2987; x_wconf 85' lang='lat' dir='ltr'><strong>aliquam</strong></span> <span class='ocrx_word' id='word_1_220' title='bbox 1479 2917 1704 2973; x_wconf 81' lang='lat' dir='ltr'><strong>fortasse</strong></span> <span class='ocrx_word' id='word_1_221' title='bbox 1734 2919 1986 2976; x_wconf 88' lang='lat' dir='ltr'><strong>veniama</strong></span> 
     </span>
    </p>
   </div>
   <div class='ocr_carea' id='block_1_30' title="bbox 399 3008 1984 3080">
    <p class='ocr_par' dir='ltr' id='par_1_30' title="bbox 399 3008 1984 3080">
     <span class='ocr_line' id='line_1_30' title="bbox 399 3008 1984 3080; baseline 0.001 -18"><span class='ocrx_word' id='word_1_222' title='bbox 399 3009 620 3063; x_wconf 86' lang='lat' dir='ltr'><strong>domino</strong></span> <span class='ocrx_word' id='word_1_223' title='bbox 673 3009 850 3079; x_wconf 79' lang='lat' dir='ltr'><strong>gregis</strong></span> <span class='ocrx_word' id='word_1_224' title='bbox 881 3008 1276 3079; x_wconf 73' lang='lat' dir='ltr'><strong>impetraverit;</strong></span> <span class='ocrx_word' id='word_1_225' title='bbox 1319 3009 1400 3062; x_wconf 92' lang='lat' dir='ltr'><strong>sin</strong></span> <span class='ocrx_word' id='word_1_226' title='bbox 1434 3023 1619 3077; x_wconf 63' lang='lat' dir='ltr'><strong>poenas</strong></span> <span class='ocrx_word' id='word_1_227' title='bbox 1648 3009 1735 3064; x_wconf 90' lang='lat' dir='ltr'><strong>ille</strong></span> <span class='ocrx_word' id='word_1_228' title='bbox 1775 3009 1984 3080; x_wconf 78' lang='lat' dir='ltr'><strong>exigat,</strong></span> 
     </span>
    </p>
   </div>
   <div class='ocr_carea' id='block_1_31' title="bbox 398 3098 1984 3167">
    <p class='ocr_par' dir='ltr' id='par_1_31' title="bbox 398 3098 1984 3167">
     <span class='ocr_line' id='line_1_31' title="bbox 398 3098 1984 3167; baseline 0.001 -15"><span class='ocrx_word' id='word_1_229' title='bbox 398 3098 620 3167; x_wconf 80' lang='lat' dir='ltr'><strong>pecunia</strong></span> <span class='ocrx_word' id='word_1_230' title='bbox 672 3107 873 3151; x_wconf 91' lang='lat' dir='ltr'><strong>tantum</strong></span> <span class='ocrx_word' id='word_1_231' title='bbox 913 3098 1292 3152; x_wconf 89' lang='lat' dir='ltr'><strong>muletabitur:</strong></span> <span class='ocrx_word' id='word_1_232' title='bbox 1324 3107 1378 3151; x_wconf 92' lang='lat' dir='ltr'><strong>at</strong></span> <span class='ocrx_word' id='word_1_233' title='bbox 1431 3098 1518 3152; x_wconf 89' lang='lat' dir='ltr'><strong>ille</strong></span> <span class='ocrx_word' id='word_1_234' title='bbox 1567 3098 1651 3153; x_wconf 91' lang='lat' dir='ltr'><strong>cui</strong></span> <span class='ocrx_word' id='word_1_235' title='bbox 1701 3098 1984 3163; x_wconf 82' lang='lat' dir='ltr'><strong>homines,</strong></span> 
     </span>
    </p>
   </div>
   <div class='ocr_carea' id='block_1_32' title="bbox 395 3189 1988 3259">
    <p class='ocr_par' dir='ltr' id='par_1_32' title="bbox 395 3189 1988 3259">
     <span class='ocr_line' id='line_1_32' title="bbox 395 3189 1988 3259; baseline 0.002 -17"><span class='ocrx_word' id='word_1_236' title='bbox 395 3189 728 3243; x_wconf 84' lang='lat' dir='ltr'><strong>rationabilis</strong></span> <span class='ocrx_word' id='word_1_237' title='bbox 782 3189 976 3243; x_wconf 85' lang='lat' dir='ltr'><strong>Christi</strong></span> <span class='ocrx_word' id='word_1_238' title='bbox 1043 3203 1209 3257; x_wconf 77' lang='lat' dir='ltr'><strong>grex,</strong></span> <span class='ocrx_word' id='word_1_239' title='bbox 1270 3189 1561 3244; x_wconf 88' lang='lat' dir='ltr'><strong>concrediti</strong></span> <span class='ocrx_word' id='word_1_240' title='bbox 1609 3198 1768 3255; x_wconf 91' lang='lat' dir='ltr'><strong>sunt,</strong></span> <span class='ocrx_word' id='word_1_241' title='bbox 1818 3191 1988 3259; x_wconf 90' lang='lat' dir='ltr'><strong>primo</strong></span> 
     </span>
    </p>
   </div>
   <div class='ocr_carea' id='block_1_33' title="bbox 394 3278 1987 3348">
    <p class='ocr_par' dir='ltr' id='par_1_33' title="bbox 394 3278 1987 3348">
     <span class='ocr_line' id='line_1_33' title="bbox 394 3278 1987 3348; baseline 0.003 -16"><span class='ocrx_word' id='word_1_242' title='bbox 394 3279 612 3348; x_wconf 90' lang='lat' dir='ltr'><strong>quidem</strong></span> <span class='ocrx_word' id='word_1_243' title='bbox 663 3293 758 3348; x_wconf 91' lang='lat' dir='ltr'><strong>pro</strong></span> <span class='ocrx_word' id='word_1_244' title='bbox 806 3278 984 3338; x_wconf 81' lang='lat' dir='ltr'><strong>ovium</strong></span> <span class='ocrx_word' id='word_1_245' title='bbox 1027 3278 1261 3347; x_wconf 84' lang='lat' dir='ltr'><strong>pernicie</strong></span> <span class='ocrx_word' id='word_1_246' title='bbox 1299 3294 1403 3332; x_wconf 91' lang='lat' dir='ltr'><strong>non</strong></span> <span class='ocrx_word' id='word_1_247' title='bbox 1449 3280 1796 3348; x_wconf 88' lang='lat' dir='ltr'><strong>pecuniarum</strong></span> <span class='ocrx_word' id='word_1_248' title='bbox 1825 3319 1842 3345; x_wconf 92' lang='lat'><strong>,</strong></span> <span class='ocrx_word' id='word_1_249' title='bbox 1893 3281 1987 3336; x_wconf 88' lang='lat' dir='ltr'><strong>sed</strong></span> 
     </span>
    </p>
   </div>
   <div class='ocr_carea' id='block_1_34' title="bbox 394 3368 1990 3441">
    <p class='ocr_par' dir='ltr' id='par_1_34' title="bbox 394 3368 1990 3441">
     <span class='ocr_line' id='line_1_34' title="bbox 394 3368 1990 3441; baseline 0.001 -18"><span class='ocrx_word' id='word_1_250' title='bbox 394 3369 589 3424; x_wconf 78' lang='lat' dir='ltr'><strong>aninne</strong></span> <span class='ocrx_word' id='word_1_251' title='bbox 617 3385 728 3424; x_wconf 75' lang='lat' dir='ltr'><strong>sua:</strong></span> <span class='ocrx_word' id='word_1_252' title='bbox 756 3369 1017 3437; x_wconf 90' lang='lat' dir='ltr'><strong>jacturam</strong></span> <span class='ocrx_word' id='word_1_253' title='bbox 1052 3368 1177 3423; x_wconf 81' lang='lat' dir='ltr'><strong>facit</strong></span> <span class='ocrx_word' id='word_1_254' title='bbox 1209 3386 1222 3421; x_wconf 91' lang='lat'>:</span> <span class='ocrx_word' id='word_1_255' title='bbox 1252 3368 1445 3424; x_wconf 89' lang='lat' dir='ltr'><strong>deinde</strong></span> <span class='ocrx_word' id='word_1_256' title='bbox 1483 3370 1654 3424; x_wconf 91' lang='lat' dir='ltr'><strong>multo</strong></span> <span class='ocrx_word' id='word_1_257' title='bbox 1679 3369 1848 3440; x_wconf 86' lang='lat' dir='ltr'><strong>majus</strong></span> <span class='ocrx_word' id='word_1_258' title='bbox 1869 3386 1990 3441; x_wconf 85' lang='lat' dir='ltr'><strong>gra-</strong></span> 
     </span>
    </p>
   </div>
   <div class='ocr_carea' id='block_1_35' title="bbox 395 3458 1987 3530">
    <p class='ocr_par' dir='ltr' id='par_1_35' title="bbox 395 3458 1987 3530">
     <span class='ocr_line' id='line_1_35' title="bbox 395 3458 1987 3530; baseline 0.002 -18"><span class='ocrx_word' id='word_1_259' title='bbox 395 3461 618 3530; x_wconf 89' lang='lat' dir='ltr'><strong>viusque</strong></span> <span class='ocrx_word' id='word_1_260' title='bbox 647 3470 914 3514; x_wconf 84' lang='lat' dir='ltr'><strong>certamen</strong></span> <span class='ocrx_word' id='word_1_261' title='bbox 948 3459 1127 3514; x_wconf 82' lang='lat' dir='ltr'><strong>habet.</strong></span> <span class='ocrx_word' id='word_1_262' title='bbox 1172 3458 1286 3513; x_wconf 76' lang='lat' dir='ltr'><strong>Non</strong></span> <span class='ocrx_word' id='word_1_263' title='bbox 1337 3475 1457 3513; x_wconf 91' lang='lat' dir='ltr'><strong>cum</strong></span> <span class='ocrx_word' id='word_1_264' title='bbox 1499 3459 1638 3528; x_wconf 90' lang='lat' dir='ltr'><strong>lupis</strong></span> <span class='ocrx_word' id='word_1_265' title='bbox 1688 3461 1785 3529; x_wconf 89' lang='lat' dir='ltr'><strong>ipsi</strong></span> <span class='ocrx_word' id='word_1_266' title='bbox 1818 3476 1987 3530; x_wconf 88' lang='lat' dir='ltr'><strong>pugna</strong></span> 
     </span>
    </p>
   </div>
   <div class='ocr_carea' id='block_1_36' title="bbox 335 3549 1986 3620">
    <p class='ocr_par' dir='ltr' id='par_1_36' title="bbox 335 3549 1986 3620">
     <span class='ocr_line' id='line_1_36' title="bbox 335 3549 1986 3620; baseline 0.002 -18"><span class='ocrx_word' id='word_1_267' title='bbox 335 3611 340 3616; x_wconf 23' lang='grc' dir='ltr'><em>α</em></span> <span class='ocrx_word' id='word_1_268' title='bbox 395 3561 498 3616; x_wconf 80' lang='lat' dir='ltr'><strong>est,</strong></span> <span class='ocrx_word' id='word_1_269' title='bbox 531 3566 628 3605; x_wconf 91' lang='lat' dir='ltr'><strong>nec</strong></span> <span class='ocrx_word' id='word_1_270' title='bbox 668 3551 734 3604; x_wconf 91' lang='lat' dir='ltr'><strong>de</strong></span> <span class='ocrx_word' id='word_1_271' title='bbox 762 3549 966 3604; x_wconf 86' lang='lat' dir='ltr'><strong>furibus</strong></span> <span class='ocrx_word' id='word_1_272' title='bbox 1010 3550 1197 3606; x_wconf 87' lang='lat' dir='ltr'><strong>metuit</strong></span> <span class='ocrx_word' id='word_1_273' title='bbox 1225 3590 1241 3615; x_wconf 93' lang='lat'><strong>,</strong></span> <span class='ocrx_word' id='word_1_274' title='bbox 1293 3565 1463 3618; x_wconf 91' lang='lat' dir='ltr'><strong>neque</strong></span> <span class='ocrx_word' id='word_1_275' title='bbox 1489 3559 1546 3605; x_wconf 93' lang='lat' dir='ltr'><strong>ut</strong></span> <span class='ocrx_word' id='word_1_276' title='bbox 1574 3559 1776 3619; x_wconf 87' lang='lat' dir='ltr'><strong>pestem</strong></span> <span class='ocrx_word' id='word_1_277' title='bbox 1807 3551 1986 3620; x_wconf 86' lang='lat' dir='ltr'><strong>abigat</strong></span> 
     </span>
    </p>
   </div>
   <div class='ocr_carea' id='block_1_37' title="bbox 397 3639 1984 3711">
    <p class='ocr_par' dir='ltr' id='par_1_37' title="bbox 397 3639 1984 3711">
     <span class='ocr_line' id='line_1_37' title="bbox 397 3639 1984 3711; baseline -0.001 -16"><span class='ocrx_word' id='word_1_278' title='bbox 397 3658 426 3695; x_wconf 89' lang='lat' dir='ltr'><strong>a</strong></span> <span class='ocrx_word' id='word_1_279' title='bbox 466 3656 626 3711; x_wconf 83' lang='lat' dir='ltr'><strong>grege</strong></span> <span class='ocrx_word' id='word_1_280' title='bbox 680 3641 937 3696; x_wconf 89' lang='lat' dir='ltr'><strong>sollicitus</strong></span> <span class='ocrx_word' id='word_1_281' title='bbox 977 3649 1100 3704; x_wconf 76' lang='lat' dir='ltr'><strong>est;</strong></span> <span class='ocrx_word' id='word_1_282' title='bbox 1134 3639 1228 3694; x_wconf 89' lang='lat' dir='ltr'><strong>sed</strong></span> <span class='ocrx_word' id='word_1_283' title='bbox 1276 3640 1590 3709; x_wconf 88' lang='lat' dir='ltr'><strong>quibuscum</strong></span> <span class='ocrx_word' id='word_1_284' title='bbox 1632 3639 1826 3694; x_wconf 80' lang='lat' dir='ltr'><strong>bellum</strong></span> <span class='ocrx_word' id='word_1_285' title='bbox 1873 3641 1984 3707; x_wconf 89' lang='lat' dir='ltr'><strong>sit,</strong></span> 
     </span>
    </p>
   </div>
   <div class='ocr_carea' id='block_1_38' title="bbox 401 3727 1990 3800">
    <p class='ocr_par' dir='ltr' id='par_1_38' title="bbox 401 3727 1990 3800">
     <span class='ocr_line' id='line_1_38' title="bbox 401 3727 1990 3800; baseline -0.001 -16"><span class='ocrx_word' id='word_1_286' title='bbox 401 3742 454 3784; x_wconf 83' lang='lat' dir='ltr'><strong>et</strong></span> <span class='ocrx_word' id='word_1_287' title='bbox 495 3731 777 3785; x_wconf 84' lang='lat' dir='ltr'><strong>adversum</strong></span> <span class='ocrx_word' id='word_1_288' title='bbox 813 3745 949 3800; x_wconf 87' lang='lat' dir='ltr'><strong>quos</strong></span> <span class='ocrx_word' id='word_1_289' title='bbox 988 3729 1125 3784; x_wconf 88' lang='lat' dir='ltr'><strong>lucta</strong></span> <span class='ocrx_word' id='word_1_290' title='bbox 1173 3729 1423 3793; x_wconf 88' lang='lat' dir='ltr'><strong>ineunda,</strong></span> <span class='ocrx_word' id='word_1_291' title='bbox 1459 3728 1583 3783; x_wconf 92' lang='lat' dir='ltr'><strong>audi</strong></span> <span class='ocrx_word' id='word_1_292' title='bbox 1611 3727 1820 3783; x_wconf 89' lang='lat' dir='ltr'><strong>beatum</strong></span> <span class='ocrx_word' id='word_1_293' title='bbox 1859 3729 1990 3782; x_wconf 84' lang='lat' dir='ltr'><strong>Pau-</strong></span> 
     </span>
    </p>
   </div>
   <div class='ocr_carea' id='block_1_39' title="bbox 407 3818 1992 3876">
    <p class='ocr_par' dir='ltr' id='par_1_39' title="bbox 407 3818 1992 3876">
     <span class='ocr_line' id='line_1_39' title="bbox 407 3818 1992 3876; baseline -0.003 0"><span class='ocrx_word' id='word_1_294' title='bbox 407 3823 515 3876; x_wconf 89' lang='lat' dir='ltr'><strong>lum</strong></span> <span class='ocrx_word' id='word_1_295' title='bbox 587 3819 852 3876; x_wconf 34' lang='lat' dir='ltr'><strong>diet‘ntem</strong></span> <span class='ocrx_word' id='word_1_296' title='bbox 885 3838 898 3874; x_wconf 90' lang='lat'><strong>:</strong></span> <span class='ocrx_word' id='word_1_297' title='bbox 933 3819 1055 3872; x_wconf 82' lang='lat' dir='ltr'><strong>Non</strong></span> <span class='ocrx_word' id='word_1_298' title='bbox 1101 3829 1174 3872; x_wconf 85' lang='lat' dir='ltr'><strong>est</strong></span> <span class='ocrx_word' id='word_1_299' title='bbox 1227 3819 1369 3872; x_wconf 82' lang='lat' dir='ltr'><strong>nobis</strong></span> <span class='ocrx_word' id='word_1_300' title='bbox 1431 3818 1566 3872; x_wconf 87' lang='lat' dir='ltr'><strong>lucta</strong></span> <span class='ocrx_word' id='word_1_301' title='bbox 1601 3819 1839 3872; x_wconf 85' lang='lat' dir='ltr'><strong>adversus</strong></span> <span class='ocrx_word' id='word_1_302' title='bbox 1867 3835 1992 3872; x_wconf 82' lang='lat' dir='ltr'><strong>sun-</strong></span> 
     </span>
    </p>
   </div>
   <div class='ocr_carea' id='block_1_40' title="bbox 407 3911 1993 3984">
    <p class='ocr_par' dir='ltr' id='par_1_40' title="bbox 407 3911 1993 3984">
     <span class='ocr_line' id='line_1_40' title="bbox 407 3911 1993 3984; baseline -0.003 -18"><span class='ocrx_word' id='word_1_303' title='bbox 407 3916 610 3984; x_wconf 78' lang='lat' dir='ltr'><strong>guinem</strong></span> <span class='ocrx_word' id='word_1_304' title='bbox 639 3922 683 3968; x_wconf 84' lang='lat' dir='ltr'><strong>ct</strong></span> <span class='ocrx_word' id='word_1_305' title='bbox 733 3929 974 3977; x_wconf 86' lang='lat' dir='ltr'><strong>carnem,</strong></span> <span class='ocrx_word' id='word_1_306' title='bbox 1025 3912 1112 3967; x_wconf 78' lang='lat' dir='ltr'><strong>sed</strong></span> <span class='ocrx_word' id='word_1_307' title='bbox 1152 3913 1392 3964; x_wconf 79' lang='lat' dir='ltr'><strong>adversus</strong></span> <span class='ocrx_word' id='word_1_308' title='bbox 1420 3911 1769 3980; x_wconf 79' lang='lat' dir='ltr'><strong>principatus,</strong></span> <span class='ocrx_word' id='word_1_309' title='bbox 1815 3911 1993 3963; x_wconf 78' lang='lat' dir='ltr'><strong>adrer-</strong></span> 
     </span>
    </p>
   </div>
   <div class='ocr_carea' id='block_1_41' title="bbox 402 4002 1994 4072">
    <p class='ocr_par' dir='ltr' id='par_1_41' title="bbox 402 4002 1994 4072">
     <span class='ocr_line' id='line_1_41' title="bbox 402 4002 1994 4072; baseline -0.005 -12"><span class='ocrx_word' id='word_1_310' title='bbox 402 4024 488 4060; x_wconf 84' lang='lat' dir='ltr'><strong>sus</strong></span> <span class='ocrx_word' id='word_1_311' title='bbox 541 4015 806 4072; x_wconf 76' lang='lat' dir='ltr'><strong>potestates</strong></span> <span class='ocrx_word' id='word_1_312' title='bbox 835 4045 850 4070; x_wconf 91' lang='lat'><strong>,</strong></span> <span class='ocrx_word' id='word_1_313' title='bbox 910 4004 1150 4058; x_wconf 78' lang='lat' dir='ltr'><strong>adversus</strong></span> <span class='ocrx_word' id='word_1_314' title='bbox 1197 4002 1373 4064; x_wconf 86' lang='lat' dir='ltr'><strong>mundi</strong></span> <span class='ocrx_word' id='word_1_315' title='bbox 1416 4011 1632 4056; x_wconf 88' lang='lat' dir='ltr'><strong>rectores</strong></span> <span class='ocrx_word' id='word_1_316' title='bbox 1679 4002 1994 4056; x_wconf 81' lang='lat' dir='ltr'><strong>tenebrarum</strong></span> 
     </span>
    </p>
   </div>
   <div class='ocr_carea' id='block_1_42' title="bbox 402 4091 1990 4162">
    <p class='ocr_par' dir='ltr' id='par_1_42' title="bbox 402 4091 1990 4162">
     <span class='ocr_line' id='line_1_42' title="bbox 402 4091 1990 4162; baseline -0.004 -12"><span class='ocrx_word' id='word_1_317' title='bbox 402 4098 578 4151; x_wconf 78' lang='lat' dir='ltr'><strong>sa&#39;culi</strong></span> <span class='ocrx_word' id='word_1_318' title='bbox 608 4096 758 4160; x_wconf 81' lang='lat' dir='ltr'><strong>huius</strong></span> <span class='ocrx_word' id='word_1_319' title='bbox 786 4135 802 4160; x_wconf 92' lang='lat'><strong>,</strong></span> <span class='ocrx_word' id='word_1_320' title='bbox 853 4096 1092 4146; x_wconf 79' lang='lat' dir='ltr'><strong>adversus</strong></span> <span class='ocrx_word' id='word_1_321' title='bbox 1130 4093 1418 4161; x_wconf 79' lang='lat' dir='ltr'><strong>spiritualia</strong></span> <span class='ocrx_word' id='word_1_322' title='bbox 1443 4092 1680 4162; x_wconf 74' lang='lat' dir='ltr'><strong>nequitia:</strong></span> <span class='ocrx_word' id='word_1_323' title='bbox 1729 4093 1781 4144; x_wconf 90' lang='lat' dir='ltr'><strong>in</strong></span> <span class='ocrx_word' id='word_1_324' title='bbox 1841 4091 1990 4144; x_wconf 59' lang='grc' dir='ltr'><strong>(πατιε-</strong></span> 
     </span>
    </p>
   </div>
   <div class='ocr_carea' id='block_1_43' title="bbox 399 4177 1993 4256">
    <p class='ocr_par' dir='ltr' id='par_1_43' title="bbox 399 4177 1993 4256">
     <span class='ocr_line' id='line_1_43' title="bbox 399 4177 1993 4256; baseline -0.007 -13"><span class='ocrx_word' id='word_1_325' title='bbox 399 4190 558 4243; x_wconf 83' lang='lat' dir='ltr'><strong>stibus</strong></span> <span class='ocrx_word' id='word_1_326' title='bbox 585 4185 798 4256; x_wconf 77' lang='lat' dir='ltr'><strong>(Ep/res.</strong></span> <span class='ocrx_word' id='word_1_327' title='bbox 832 4185 884 4240; x_wconf 85' lang='lat'><strong>6.</strong></span> <span class='ocrx_word' id='word_1_328' title='bbox 920 4184 1031 4253; x_wconf 77' lang='grc'><strong>12).</strong></span> <span class='ocrx_word' id='word_1_329' title='bbox 1065 4177 1311 4236; x_wconf 82' lang='lat' dir='ltr'><strong>Vidistin’</strong></span> <span class='ocrx_word' id='word_1_330' title='bbox 1335 4181 1666 4236; x_wconf 89' lang='lat' dir='ltr'><strong>inimicorum</strong></span> <span class='ocrx_word' id='word_1_331' title='bbox 1701 4180 1993 4235; x_wconf 86' lang='lat' dir='ltr'><strong>multitudi-</strong></span> 
     </span>
    </p>
   </div>
   <div class='ocr_carea' id='block_1_44' title="bbox 402 4272 1990 4347">
    <p class='ocr_par' dir='ltr' id='par_1_44' title="bbox 402 4272 1990 4347">
     <span class='ocr_line' id='line_1_44' title="bbox 402 4272 1990 4347; baseline -0.005 -14"><span class='ocrx_word' id='word_1_332' title='bbox 402 4294 527 4333; x_wconf 84' lang='lat' dir='ltr'><strong>nem</strong></span> <span class='ocrx_word' id='word_1_333' title='bbox 558 4278 847 4347; x_wconf 88' lang='lat' dir='ltr'><strong>ingentem,</strong></span> <span class='ocrx_word' id='word_1_334' title='bbox 881 4275 1167 4345; x_wconf 81' lang='lat' dir='ltr'><strong>phalanges</strong></span> <span class='ocrx_word' id='word_1_335' title='bbox 1198 4272 1403 4328; x_wconf 85' lang='lat' dir='ltr'><strong>feroces</strong></span> <span class='ocrx_word' id='word_1_336' title='bbox 1434 4289 1535 4326; x_wconf 91' lang='lat' dir='ltr'><strong>non</strong></span> <span class='ocrx_word' id='word_1_337' title='bbox 1568 4273 1708 4327; x_wconf 88' lang='lat' dir='ltr'><strong>ferro</strong></span> <span class='ocrx_word' id='word_1_338' title='bbox 1739 4274 1990 4338; x_wconf 84' lang='lat' dir='ltr'><strong>munitas,</strong></span> 
     </span>
    </p>
   </div>
   <div class='ocr_carea' id='block_1_45' title="bbox 400 4365 1992 4439">
    <p class='ocr_par' dir='ltr' id='par_1_45' title="bbox 400 4365 1992 4439">
     <span class='ocr_line' id='line_1_45' title="bbox 400 4365 1992 4439; baseline -0.006 -13"><span class='ocrx_word' id='word_1_339' title='bbox 400 4369 496 4426; x_wconf 89' lang='lat' dir='ltr'><strong>sed</strong></span> <span class='ocrx_word' id='word_1_340' title='bbox 545 4369 737 4439; x_wconf 83' lang='lat' dir='ltr'><strong>quibus</strong></span> <span class='ocrx_word' id='word_1_341' title='bbox 785 4367 980 4421; x_wconf 81' lang='lat' dir='ltr'><strong>sufﬁcit</strong></span> <span class='ocrx_word' id='word_1_342' title='bbox 1027 4365 1092 4419; x_wconf 92' lang='lat' dir='ltr'><strong>ad</strong></span> <span class='ocrx_word' id='word_1_343' title='bbox 1127 4365 1462 4434; x_wconf 89' lang='lat' dir='ltr'><strong>omnigenam</strong></span> <span class='ocrx_word' id='word_1_344' title='bbox 1509 4373 1830 4418; x_wconf 87' lang='lat' dir='ltr'><strong>armaturam</strong></span> <span class='ocrx_word' id='word_1_345' title='bbox 1880 4365 1992 4434; x_wconf 87' lang='lat' dir='ltr'><strong>ipsa</strong></span> 
     </span>
    </p>
   </div>
   <div class='ocr_carea' id='block_1_46' title="bbox 403 4454 1996 4516">
    <p class='ocr_par' dir='ltr' id='par_1_46' title="bbox 403 4454 1996 4516">
     <span class='ocr_line' id='line_1_46' title="bbox 403 4454 1996 4516; baseline -0.005 0"><span class='ocrx_word' id='word_1_346' title='bbox 403 4461 642 4516; x_wconf 79' lang='lat' dir='ltr'><strong>natura?</strong></span> <span class='ocrx_word' id='word_1_347' title='bbox 705 4459 793 4516; x_wconf 78' lang='lat' dir='ltr'><strong>Vis</strong></span> <span class='ocrx_word' id='word_1_348' title='bbox 817 4471 869 4514; x_wconf 90' lang='lat' dir='ltr'><strong>et</strong></span> <span class='ocrx_word' id='word_1_349' title='bbox 916 4458 1076 4512; x_wconf 90' lang='lat' dir='ltr'><strong>alium</strong></span> <span class='ocrx_word' id='word_1_350' title='bbox 1129 4457 1420 4512; x_wconf 80' lang='lat' dir='ltr'><strong>exercitum</strong></span> <span class='ocrx_word' id='word_1_351' title='bbox 1467 4454 1649 4510; x_wconf 89' lang='lat' dir='ltr'><strong>videre</strong></span> <span class='ocrx_word' id='word_1_352' title='bbox 1699 4464 1897 4508; x_wconf 90' lang='lat' dir='ltr'><strong>trucem</strong></span> <span class='ocrx_word' id='word_1_353' title='bbox 1942 4463 1996 4510; x_wconf 93' lang='lat' dir='ltr'><strong>ct</strong></span> 
     </span>
    </p>
   </div>
   <div class='ocr_carea' id='block_1_47' title="bbox 405 4547 1995 4620">
    <p class='ocr_par' dir='ltr' id='par_1_47' title="bbox 405 4547 1995 4620">
     <span class='ocr_line' id='line_1_47' title="bbox 405 4547 1995 4620; baseline -0.002 -16"><span class='ocrx_word' id='word_1_354' title='bbox 405 4555 692 4608; x_wconf 88' lang='lat' dir='ltr'><strong>immanem</strong></span> <span class='ocrx_word' id='word_1_355' title='bbox 711 4581 731 4614; x_wconf 74' lang='grc' dir='ltr'><strong>,ι</strong></span> <span class='ocrx_word' id='word_1_356' title='bbox 754 4551 877 4605; x_wconf 90' lang='lat' dir='ltr'><strong>huic</strong></span> <span class='ocrx_word' id='word_1_357' title='bbox 913 4550 1059 4620; x_wconf 86' lang='lat' dir='ltr'><strong>gregi</strong></span> <span class='ocrx_word' id='word_1_358' title='bbox 1091 4548 1427 4603; x_wconf 87' lang='lat' dir='ltr'><strong>insidiantem</strong></span> <span class='ocrx_word' id='word_1_359' title='bbox 1451 4547 1474 4601; x_wconf 86' lang='lat'><strong>?</strong></span> <span class='ocrx_word' id='word_1_360' title='bbox 1504 4547 1675 4618; x_wconf 90' lang='lat' dir='ltr'><strong>ipsum</strong></span> <span class='ocrx_word' id='word_1_361' title='bbox 1701 4561 1909 4616; x_wconf 90' lang='lat' dir='ltr'><strong>quoque</strong></span> <span class='ocrx_word' id='word_1_362' title='bbox 1929 4562 1995 4601; x_wconf 81' lang='lat' dir='ltr'><strong>ex</strong></span> 
     </span>
    </p>
   </div>
   <div class='ocr_carea' id='block_1_48' title="bbox 404 4638 1995 4714">
    <p class='ocr_par' dir='ltr' id='par_1_48' title="bbox 404 4638 1995 4714">
     <span class='ocr_line' id='line_1_48' title="bbox 404 4638 1995 4714; baseline -0.005 -14"><span class='ocrx_word' id='word_1_363' title='bbox 404 4647 593 4701; x_wconf 89' lang='lat' dir='ltr'><strong>eadem</strong></span> <span class='ocrx_word' id='word_1_364' title='bbox 640 4643 851 4714; x_wconf 88' lang='lat' dir='ltr'><strong>specula</strong></span> <span class='ocrx_word' id='word_1_365' title='bbox 879 4642 1195 4710; x_wconf 86' lang='lat' dir='ltr'><strong>conspicies.</strong></span> <span class='ocrx_word' id='word_1_366' title='bbox 1226 4639 1354 4693; x_wconf 86' lang='lat' dir='ltr'><strong>Nam</strong></span> <span class='ocrx_word' id='word_1_367' title='bbox 1385 4639 1476 4708; x_wconf 88' lang='lat' dir='ltr'><strong>qui</strong></span> <span class='ocrx_word' id='word_1_368' title='bbox 1532 4638 1600 4693; x_wconf 89' lang='lat' dir='ltr'><strong>de</strong></span> <span class='ocrx_word' id='word_1_369' title='bbox 1642 4653 1800 4709; x_wconf 88' lang='lat' dir='ltr'><strong>supra</strong></span> <span class='ocrx_word' id='word_1_370' title='bbox 1840 4638 1995 4692; x_wconf 90' lang='lat' dir='ltr'><strong>dictis</strong></span> 
     </span>
    </p>
   </div>
   <div class='ocr_carea' id='block_1_49' title="bbox 407 4729 1994 4804">
    <p class='ocr_par' dir='ltr' id='par_1_49' title="bbox 407 4729 1994 4804">
     <span class='ocr_line' id='line_1_49' title="bbox 407 4729 1994 4804; baseline -0.007 -11"><span class='ocrx_word' id='word_1_371' title='bbox 407 4738 568 4794; x_wconf 84' lang='lat' dir='ltr'><strong>verba</strong></span> <span class='ocrx_word' id='word_1_372' title='bbox 601 4735 761 4802; x_wconf 89' lang='lat' dir='ltr'><strong>fecit,</strong></span> <span class='ocrx_word' id='word_1_373' title='bbox 815 4734 860 4788; x_wconf 92' lang='lat' dir='ltr'><strong>is</strong></span> <span class='ocrx_word' id='word_1_374' title='bbox 903 4734 1013 4804; x_wconf 90' lang='lat' dir='ltr'><strong>ipse</strong></span> <span class='ocrx_word' id='word_1_375' title='bbox 1049 4741 1102 4786; x_wconf 90' lang='lat' dir='ltr'><strong>et</strong></span> <span class='ocrx_word' id='word_1_376' title='bbox 1147 4732 1247 4787; x_wconf 90' lang='lat' dir='ltr'><strong>hos</strong></span> <span class='ocrx_word' id='word_1_377' title='bbox 1275 4731 1428 4785; x_wconf 88' lang='lat' dir='ltr'><strong>nobis</strong></span> <span class='ocrx_word' id='word_1_378' title='bbox 1467 4730 1650 4785; x_wconf 88' lang='lat' dir='ltr'><strong>hostes</strong></span> <span class='ocrx_word' id='word_1_379' title='bbox 1693 4729 1888 4783; x_wconf 84' lang='lat' dir='ltr'><strong>indicat</strong></span> <span class='ocrx_word' id='word_1_380' title='bbox 1915 4729 1994 4782; x_wconf 90' lang='lat' dir='ltr'><strong>his</strong></span> 
     </span>
    </p>
   </div>
   <div class='ocr_carea' id='block_1_50' title="bbox 411 4820 1991 4899">
    <p class='ocr_par' dir='ltr' id='par_1_50' title="bbox 411 4820 1991 4899">
     <span class='ocr_line' id='line_1_50' title="bbox 411 4820 1991 4899; baseline -0.006 -16"><span class='ocrx_word' id='word_1_381' title='bbox 411 4830 589 4886; x_wconf 81' lang='lat' dir='ltr'><strong>verbis</strong></span> <span class='ocrx_word' id='word_1_382' title='bbox 619 4847 632 4883; x_wconf 92' lang='lat'><strong>:</strong></span> <span class='ocrx_word' id='word_1_383' title='bbox 660 4827 930 4899; x_wconf 79' lang='lat' dir='ltr'><strong>Manifesta</strong></span> <span class='ocrx_word' id='word_1_384' title='bbox 967 4838 1083 4879; x_wconf 90' lang='lat' dir='ltr'><strong>sunt</strong></span> <span class='ocrx_word' id='word_1_385' title='bbox 1107 4840 1258 4893; x_wconf 83' lang='lat' dir='ltr'><strong>Opera</strong></span> <span class='ocrx_word' id='word_1_386' title='bbox 1279 4822 1445 4878; x_wconf 87' lang='lat' dir='ltr'><strong>carnis</strong></span> <span class='ocrx_word' id='word_1_387' title='bbox 1479 4820 1669 4894; x_wconf 84' lang='lat' dir='ltr'><strong>(Galat.</strong></span> <span class='ocrx_word' id='word_1_388' title='bbox 1702 4821 1754 4877; x_wconf 83' lang='lat'><strong>5.</strong></span> <span class='ocrx_word' id='word_1_389' title='bbox 1786 4821 1871 4876; x_wconf 83' lang='lat' dir='ltr'><strong>l9.</strong></span> <span class='ocrx_word' id='word_1_390' title='bbox 1901 4820 1991 4876; x_wconf 89' lang='grc'>20.</span> 
     </span>
    </p>
   </div>
   <div class='ocr_carea' id='block_1_51' title="bbox 409 4912 1992 4990">
    <p class='ocr_par' dir='ltr' id='par_1_51' title="bbox 409 4912 1992 4990">
     <span class='ocr_line' id='line_1_51' title="bbox 409 4912 1992 4990; baseline -0.006 -14"><span class='ocrx_word' id='word_1_391' title='bbox 409 4923 505 4990; x_wconf 80' lang='grc'><strong>21)</strong></span> <span class='ocrx_word' id='word_1_392' title='bbox 539 4938 552 4974; x_wconf 91' lang='lat'><strong>:</strong></span> <span class='ocrx_word' id='word_1_393' title='bbox 581 4935 694 4989; x_wconf 60' lang='lat' dir='ltr'><strong>qua</strong></span> <span class='ocrx_word' id='word_1_394' title='bbox 728 4929 843 4972; x_wconf 90' lang='lat' dir='ltr'><strong>sunt</strong></span> <span class='ocrx_word' id='word_1_395' title='bbox 886 4917 1149 4988; x_wconf 80' lang='lat' dir='ltr'><strong>fornicatio</strong></span> <span class='ocrx_word' id='word_1_396' title='bbox 1176 4955 1191 4981; x_wconf 89' lang='lat'><strong>,</strong></span> <span class='ocrx_word' id='word_1_397' title='bbox 1249 4914 1551 4967; x_wconf 81' lang='lat' dir='ltr'><strong>adulterium</strong></span> <span class='ocrx_word' id='word_1_398' title='bbox 1579 4952 1597 4979; x_wconf 95' lang='lat'><strong>,</strong></span> <span class='ocrx_word' id='word_1_399' title='bbox 1629 4912 1947 4967; x_wconf 83' lang='lat' dir='ltr'><strong>immunditia</strong></span> <span class='ocrx_word' id='word_1_400' title='bbox 1975 4953 1992 4978; x_wconf 95' lang='lat'><strong>,</strong></span> 
     </span>
    </p>
   </div>
   <div class='ocr_carea' id='block_1_52' title="bbox 415 5005 1994 5086">
    <p class='ocr_par' dir='ltr' id='par_1_52' title="bbox 415 5005 1994 5086">
     <span class='ocr_line' id='line_1_52' title="bbox 415 5005 1994 5086; baseline -0.008 -17"><span class='ocrx_word' id='word_1_401' title='bbox 415 5014 735 5086; x_wconf 84' lang='lat' dir='ltr'><strong>impudicitia</strong></span> <span class='ocrx_word' id='word_1_402' title='bbox 759 5054 774 5077; x_wconf 92' lang='lat'><strong>,</strong></span> <span class='ocrx_word' id='word_1_403' title='bbox 832 5010 1088 5065; x_wconf 78' lang='lat' dir='ltr'><strong>idolorum</strong></span> <span class='ocrx_word' id='word_1_404' title='bbox 1132 5009 1342 5062; x_wconf 77' lang='lat' dir='ltr'><strong>servitus</strong></span> <span class='ocrx_word' id='word_1_405' title='bbox 1366 5049 1379 5072; x_wconf 94' lang='lat'><strong>,</strong></span> <span class='ocrx_word' id='word_1_406' title='bbox 1412 5007 1704 5073; x_wconf 77' lang='lat' dir='ltr'><strong>ueneﬁcium</strong></span> <span class='ocrx_word' id='word_1_407' title='bbox 1733 5045 1748 5070; x_wconf 91' lang='lat'><strong>,</strong></span> <span class='ocrx_word' id='word_1_408' title='bbox 1777 5005 1994 5058; x_wconf 71' lang='lat' dir='ltr'><strong>inimici-</strong></span> 
     </span>
    </p>
   </div>
   <div class='ocr_carea' id='block_1_53' title="bbox 413 5097 1993 5172">
    <p class='ocr_par' dir='ltr' id='par_1_53' title="bbox 413 5097 1993 5172">
     <span class='ocr_line' id='line_1_53' title="bbox 413 5097 1993 5172; baseline -0.007 -12"><span class='ocrx_word' id='word_1_409' title='bbox 413 5109 496 5160; x_wconf 81' lang='lat' dir='ltr'><strong>tin-</strong></span> <span class='ocrx_word' id='word_1_410' title='bbox 513 5147 529 5172; x_wconf 91' lang='lat'><strong>,</strong></span> <span class='ocrx_word' id='word_1_411' title='bbox 555 5105 894 5158; x_wconf 84' lang='lat' dir='ltr'><strong>contentiones</strong></span> <span class='ocrx_word' id='word_1_412' title='bbox 917 5143 931 5166; x_wconf 91' lang='lat'><strong>,</strong></span> <span class='ocrx_word' id='word_1_413' title='bbox 961 5100 1307 5156; x_wconf 70' lang='lat' dir='ltr'><strong>tantulationcs</strong></span> <span class='ocrx_word' id='word_1_414' title='bbox 1330 5139 1343 5159; x_wconf 90' lang='lat'><strong>.</strong></span> <span class='ocrx_word' id='word_1_415' title='bbox 1376 5099 1467 5154; x_wconf 66' lang='lat' dir='ltr'><strong>ira?</strong></span> <span class='ocrx_word' id='word_1_416' title='bbox 1489 5139 1503 5163; x_wconf 93' lang='lat'><strong>,</strong></span> <span class='ocrx_word' id='word_1_417' title='bbox 1533 5099 1660 5152; x_wconf 71' lang='lat' dir='ltr'><strong>rixa:</strong></span> <span class='ocrx_word' id='word_1_418' title='bbox 1679 5139 1692 5160; x_wconf 93' lang='lat'><strong>,</strong></span> <span class='ocrx_word' id='word_1_419' title='bbox 1723 5097 1993 5150; x_wconf 66' lang='lat' dir='ltr'><strong>detractio-</strong></span> 
     </span>
    </p>
   </div>
   <div class='ocr_carea' id='block_1_54' title="bbox 409 5187 1992 5263">
    <p class='ocr_par' dir='ltr' id='par_1_54' title="bbox 409 5187 1992 5263">
     <span class='ocr_line' id='line_1_54' title="bbox 409 5187 1992 5263; baseline -0.005 -13"><span class='ocrx_word' id='word_1_420' title='bbox 409 5214 497 5251; x_wconf 86' lang='lat' dir='ltr'><strong>nes</strong></span> <span class='ocrx_word' id='word_1_421' title='bbox 522 5239 537 5263; x_wconf 94' lang='lat'><strong>,</strong></span> <span class='ocrx_word' id='word_1_422' title='bbox 569 5197 762 5250; x_wconf 86' lang='lat' dir='ltr'><strong>susurri</strong></span> <span class='ocrx_word' id='word_1_423' title='bbox 786 5237 799 5258; x_wconf 85' lang='lat'><strong>,</strong></span> <span class='ocrx_word' id='word_1_424' title='bbox 827 5193 984 5247; x_wconf 86' lang='lat' dir='ltr'><strong>animi</strong></span> <span class='ocrx_word' id='word_1_425' title='bbox 1011 5202 1229 5245; x_wconf 86' lang='lat' dir='ltr'><strong>tumores</strong></span> <span class='ocrx_word' id='word_1_426' title='bbox 1255 5229 1269 5254; x_wconf 88' lang='lat'><strong>,</strong></span> <span class='ocrx_word' id='word_1_427' title='bbox 1303 5189 1631 5243; x_wconf 83' lang='lat' dir='ltr'><strong>dissensiones</strong></span> <span class='ocrx_word' id='word_1_428' title='bbox 1655 5188 1729 5257; x_wconf 64' lang='lat'><strong>(“2.</strong></span> <span class='ocrx_word' id='word_1_429' title='bbox 1762 5187 1877 5245; x_wconf 83' lang='lat' dir='ltr'><strong>Cor.</strong></span> <span class='ocrx_word' id='word_1_430' title='bbox 1906 5188 1992 5242; x_wconf 72' lang='grc'><strong>12.</strong></span> 
     </span>
    </p>
   </div>
   <div class='ocr_carea' id='block_1_55' title="bbox 409 5279 1994 5356">
    <p class='ocr_par' dir='ltr' id='par_1_55' title="bbox 409 5279 1994 5356">
     <span class='ocr_line' id='line_1_55' title="bbox 409 5279 1994 5356; baseline -0.006 -15"><span class='ocrx_word' id='word_1_431' title='bbox 409 5288 544 5356; x_wconf 85' lang='grc'><strong>20),</strong></span> <span class='ocrx_word' id='word_1_432' title='bbox 574 5295 628 5341; x_wconf 90' lang='lat' dir='ltr'><strong>et</strong></span> <span class='ocrx_word' id='word_1_433' title='bbox 669 5287 770 5339; x_wconf 88' lang='lat' dir='ltr'><strong>alia</strong></span> <span class='ocrx_word' id='word_1_434' title='bbox 803 5284 882 5338; x_wconf 89' lang='lat' dir='ltr'><strong>his</strong></span> <span class='ocrx_word' id='word_1_435' title='bbox 913 5283 1060 5352; x_wconf 85' lang='lat' dir='ltr'><strong>plura</strong></span> <span class='ocrx_word' id='word_1_436' title='bbox 1091 5300 1104 5335; x_wconf 85' lang='lat'><strong>:</strong></span> <span class='ocrx_word' id='word_1_437' title='bbox 1137 5296 1305 5350; x_wconf 86' lang='lat' dir='ltr'><strong>neque</strong></span> <span class='ocrx_word' id='word_1_438' title='bbox 1343 5279 1482 5334; x_wconf 88' lang='lat' dir='ltr'><strong>enim</strong></span> <span class='ocrx_word' id='word_1_439' title='bbox 1506 5280 1680 5332; x_wconf 88' lang='lat' dir='ltr'><strong>omnia</strong></span> <span class='ocrx_word' id='word_1_440' title='bbox 1710 5293 1994 5334; x_wconf 70' lang='lat' dir='ltr'><strong>enumera-</strong></span> 
     </span>
    </p>
   </div>
   <div class='ocr_carea' id='block_1_56' title="bbox 407 5369 1990 5444">
    <p class='ocr_par' dir='ltr' id='par_1_56' title="bbox 407 5369 1990 5444">
     <span class='ocr_line' id='line_1_56' title="bbox 407 5369 1990 5444; baseline -0.007 -10"><span class='ocrx_word' id='word_1_441' title='bbox 407 5382 521 5444; x_wconf 87' lang='lat' dir='ltr'><strong>vit,</strong></span> <span class='ocrx_word' id='word_1_442' title='bbox 552 5379 646 5435; x_wconf 89' lang='lat' dir='ltr'><strong>sed</strong></span> <span class='ocrx_word' id='word_1_443' title='bbox 679 5393 740 5432; x_wconf 79' lang='lat' dir='ltr'><strong>es</strong></span> <span class='ocrx_word' id='word_1_444' title='bbox 795 5377 878 5431; x_wconf 88' lang='lat' dir='ltr'><strong>his</strong></span> <span class='ocrx_word' id='word_1_445' title='bbox 930 5375 1082 5429; x_wconf 89' lang='lat' dir='ltr'><strong>nobis</strong></span> <span class='ocrx_word' id='word_1_446' title='bbox 1127 5384 1320 5428; x_wconf 60' lang='lat' dir='ltr'><strong>extera</strong></span> <span class='ocrx_word' id='word_1_447' title='bbox 1376 5371 1586 5440; x_wconf 87' lang='lat' dir='ltr'><strong>reliquit</strong></span> <span class='ocrx_word' id='word_1_448' title='bbox 1634 5369 1990 5440; x_wconf 85' lang='lat' dir='ltr'><strong>intelligenda.</strong></span> 
     </span>
    </p>
   </div>
   <div class='ocr_carea' id='block_1_57' title="bbox 411 5462 1990 5540">
    <p class='ocr_par' dir='ltr' id='par_1_57' title="bbox 411 5462 1990 5540">
     <span class='ocr_line' id='line_1_57' title="bbox 411 5462 1990 5540; baseline -0.008 -12"><span class='ocrx_word' id='word_1_449' title='bbox 411 5475 581 5528; x_wconf 81' lang='lat' dir='ltr'><strong>l’orro</strong></span> <span class='ocrx_word' id='word_1_450' title='bbox 634 5470 774 5540; x_wconf 91' lang='lat' dir='ltr'><strong>quod</strong></span> <span class='ocrx_word' id='word_1_451' title='bbox 821 5468 889 5522; x_wconf 92' lang='lat' dir='ltr'><strong>ad</strong></span> <span class='ocrx_word' id='word_1_452' title='bbox 940 5467 1217 5520; x_wconf 89' lang='lat' dir='ltr'><strong>brutorum</strong></span> <span class='ocrx_word' id='word_1_453' title='bbox 1273 5471 1538 5534; x_wconf 86' lang='lat' dir='ltr'><strong>pastorem</strong></span> <span class='ocrx_word' id='word_1_454' title='bbox 1581 5462 1849 5531; x_wconf 88' lang='lat' dir='ltr'><strong>pertinet,</strong></span> <span class='ocrx_word' id='word_1_455' title='bbox 1901 5463 1990 5530; x_wconf 90' lang='lat' dir='ltr'><strong>qui</strong></span> 
     </span>
    </p>
   </div>
   <div class='ocr_carea' id='block_1_58' title="bbox 407 5553 1988 5637">
    <p class='ocr_par' dir='ltr' id='par_1_58' title="bbox 407 5553 1988 5637">
     <span class='ocr_line' id='line_1_58' title="bbox 407 5553 1988 5637; baseline -0.009 -16"><span class='ocrx_word' id='word_1_456' title='bbox 407 5580 628 5637; x_wconf 84' lang='lat' dir='ltr'><strong>gregem</strong></span> <span class='ocrx_word' id='word_1_457' title='bbox 673 5561 897 5632; x_wconf 87' lang='lat' dir='ltr'><strong>perdere</strong></span> <span class='ocrx_word' id='word_1_458' title='bbox 927 5559 1144 5623; x_wconf 90' lang='lat' dir='ltr'><strong>volunt,</strong></span> <span class='ocrx_word' id='word_1_459' title='bbox 1186 5557 1274 5612; x_wconf 91' lang='lat' dir='ltr'><strong>ubi</strong></span> <span class='ocrx_word' id='word_1_460' title='bbox 1328 5555 1508 5610; x_wconf 87' lang='lat' dir='ltr'><strong>vident</strong></span> <span class='ocrx_word' id='word_1_461' title='bbox 1554 5555 1855 5623; x_wconf 51' lang='lat' dir='ltr'><strong>prarfectum</strong></span> <span class='ocrx_word' id='word_1_462' title='bbox 1905 5553 1988 5608; x_wconf 82' lang='lat' dir='ltr'><strong>fu-</strong></span> 
     </span>
    </p>
   </div>
   <div class='ocr_carea' id='block_1_59' title="bbox 409 5644 1992 5728">
    <p class='ocr_par' dir='ltr' id='par_1_59' title="bbox 409 5644 1992 5728">
     <span class='ocr_line' id='line_1_59' title="bbox 409 5644 1992 5728; baseline -0.009 -16"><span class='ocrx_word' id='word_1_463' title='bbox 409 5658 644 5728; x_wconf 81' lang='lat' dir='ltr'><strong>gientem</strong></span> <span class='ocrx_word' id='word_1_464' title='bbox 676 5695 690 5715; x_wconf 87' lang='lat'><strong>,</strong></span> <span class='ocrx_word' id='word_1_465' title='bbox 737 5669 840 5704; x_wconf 89' lang='lat' dir='ltr'><strong>non</strong></span> <span class='ocrx_word' id='word_1_466' title='bbox 897 5650 1042 5704; x_wconf 89' lang='lat' dir='ltr'><strong>illum</strong></span> <span class='ocrx_word' id='word_1_467' title='bbox 1087 5655 1436 5718; x_wconf 87' lang='lat' dir='ltr'><strong>oppugnant,</strong></span> <span class='ocrx_word' id='word_1_468' title='bbox 1469 5645 1560 5700; x_wconf 84' lang='lat' dir='ltr'><strong>sed</strong></span> <span class='ocrx_word' id='word_1_469' title='bbox 1614 5645 1740 5700; x_wconf 86' lang='lat' dir='ltr'><strong>satis</strong></span> <span class='ocrx_word' id='word_1_470' title='bbox 1795 5644 1992 5699; x_wconf 82' lang='lat' dir='ltr'><strong>habent</strong></span> 
     </span>
    </p>
   </div>
   <div class='ocr_carea' id='block_1_60' title="bbox 421 5739 1988 5816">
    <p class='ocr_par' dir='ltr' id='par_1_60' title="bbox 421 5739 1988 5816">
     <span class='ocr_line' id='line_1_60' title="bbox 421 5739 1988 5816; baseline -0.008 -13"><span class='ocrx_word' id='word_1_471' title='bbox 421 5747 469 5803; x_wconf 92' lang='lat' dir='ltr'><strong>si</strong></span> <span class='ocrx_word' id='word_1_472' title='bbox 506 5761 704 5816; x_wconf 86' lang='lat' dir='ltr'><strong>pecora</strong></span> <span class='ocrx_word' id='word_1_473' title='bbox 765 5742 971 5813; x_wconf 81' lang='lat' dir='ltr'><strong>rapiant</strong></span> <span class='ocrx_word' id='word_1_474' title='bbox 1016 5740 1143 5796; x_wconf 80' lang='lat' dir='ltr'><strong>:hie</strong></span> <span class='ocrx_word' id='word_1_475' title='bbox 1183 5756 1347 5797; x_wconf 88' lang='lat' dir='ltr'><strong>vero.</strong></span> <span class='ocrx_word' id='word_1_476' title='bbox 1396 5739 1494 5794; x_wconf 89' lang='lat' dir='ltr'><strong>etsi</strong></span> <span class='ocrx_word' id='word_1_477' title='bbox 1544 5747 1706 5793; x_wconf 89' lang='lat' dir='ltr'><strong>totum</strong></span> <span class='ocrx_word' id='word_1_478' title='bbox 1775 5751 1988 5807; x_wconf 85' lang='lat' dir='ltr'><strong>gregem</strong></span> 
     </span>
    </p>
   </div>
   <div class='ocr_carea' id='block_1_61' title="bbox 1612 331 1988 400">
    <p class='ocr_par' dir='ltr' id='par_1_61' title="bbox 1612 331 1988 388">
     <span class='ocr_line' id='line_1_61' title="bbox 1612 331 1988 388; baseline 0.003 -2"><span class='ocrx_word' id='word_1_479' title='bbox 1612 331 1698 386; x_wconf 84' lang='lat' dir='ltr'><strong>DE</strong></span> <span class='ocrx_word' id='word_1_480' title='bbox 1738 332 1818 388; x_wconf 77' lang='lat' dir='ltr'><strong>SA</strong></span> <span class='ocrx_word' id='word_1_481' title='bbox 1827 331 1988 387; x_wconf 73' lang='lat' dir='ltr'><strong>CEliI</strong></span> 
     </span>
    </p>
   </div>
   <div class='ocr_carea' id='block_1_62' title="bbox 2096 331 3673 400">
    <p class='ocr_par' dir='ltr' id='par_1_62' title="bbox 2100 333 3673 400">
     <span class='ocr_line' id='line_1_62' title="bbox 2100 333 3673 400; baseline 0.008 -12"><span class='ocrx_word' id='word_1_482' title='bbox 2100 333 2185 389; x_wconf 77' lang='lat'><strong>10.</strong></span> <span class='ocrx_word' id='word_1_483' title='bbox 2227 333 2352 388; x_wconf 81' lang='lat' dir='ltr'><strong>LIB.</strong></span> <span class='ocrx_word' id='word_1_484' title='bbox 2388 333 2448 386; x_wconf 92' lang='lat' dir='ltr'><strong>ll.</strong></span> <span class='ocrx_word' id='word_1_485' title='bbox 3577 345 3673 400; x_wconf 59' lang='lat'><strong>(53’.</strong></span> 
     </span>
    </p>
   </div>
   <div class='ocr_carea' id='block_1_63' title="bbox 3613 375 3678 402">
    <p class='ocr_par' dir='ltr' id='par_1_63' title="bbox 3613 375 3678 402">
     <span class='ocr_line' id='line_1_63' title="bbox 3613 375 3678 402; baseline 0.031 -6"><span class='ocrx_word' id='word_1_486' title='bbox 3613 375 3678 402; x_wconf 67' lang='grc' dir='ltr'><strong>σι’]</strong></span> 
     </span>
    </p>
   </div>
   <div class='ocr_carea' id='block_1_64' title="bbox 2105 443 3681 524">
    <p class='ocr_par' dir='ltr' id='par_1_64' title="bbox 2105 443 3681 524">
     <span class='ocr_line' id='line_1_64' title="bbox 2105 443 3681 524; baseline 0.01 -28"><span class='ocrx_word' id='word_1_487' title='bbox 2105 443 2477 514; x_wconf 89' lang='lat' dir='ltr'><strong>abripuerint,</strong></span> <span class='ocrx_word' id='word_1_488' title='bbox 2534 461 2601 500; x_wconf 91' lang='lat' dir='ltr'><strong>ne</strong></span> <span class='ocrx_word' id='word_1_489' title='bbox 2651 446 2728 502; x_wconf 86' lang='lat' dir='ltr'><strong>sic</strong></span> <span class='ocrx_word' id='word_1_490' title='bbox 2773 445 2985 518; x_wconf 88' lang='lat' dir='ltr'><strong>quidem</strong></span> <span class='ocrx_word' id='word_1_491' title='bbox 3041 467 3071 506; x_wconf 90' lang='lat' dir='ltr'><strong>a</strong></span> <span class='ocrx_word' id='word_1_492' title='bbox 3121 462 3332 521; x_wconf 81' lang='lat' dir='ltr'><strong>pastore</strong></span> <span class='ocrx_word' id='word_1_493' title='bbox 3374 454 3681 524; x_wconf 72' lang='lat' dir='ltr'><strong>abstinent,</strong></span> 
     </span>
    </p>
   </div>
   <div class='ocr_carea' id='block_1_65' title="bbox 2101 533 3682 616">
    <p class='ocr_par' dir='ltr' id='par_1_65' title="bbox 2101 533 3682 616">
     <span class='ocr_line' id='line_1_65' title="bbox 2101 533 3682 616; baseline 0.009 -28"><span class='ocrx_word' id='word_1_494' title='bbox 2101 533 2197 589; x_wconf 85' lang='lat' dir='ltr'><strong>sed</strong></span> <span class='ocrx_word' id='word_1_495' title='bbox 2241 536 2407 606; x_wconf 85' lang='lat' dir='ltr'><strong>magis</strong></span> <span class='ocrx_word' id='word_1_496' title='bbox 2451 537 2651 594; x_wconf 90' lang='lat' dir='ltr'><strong>instant</strong></span> <span class='ocrx_word' id='word_1_497' title='bbox 2713 540 2984 610; x_wconf 78' lang='lat' dir='ltr'><strong>magisque</strong></span> <span class='ocrx_word' id='word_1_498' title='bbox 3033 542 3333 611; x_wconf 88' lang='lat' dir='ltr'><strong>ferociuut,</strong></span> <span class='ocrx_word' id='word_1_499' title='bbox 3384 562 3482 601; x_wconf 91' lang='lat' dir='ltr'><strong>nec</strong></span> <span class='ocrx_word' id='word_1_500' title='bbox 3541 549 3682 616; x_wconf 80' lang='lat' dir='ltr'><strong>prius</strong></span> 
     </span>
    </p>
   </div>
   <div class='ocr_carea' id='block_1_66' title="bbox 2102 623 3680 706">
    <p class='ocr_par' dir='ltr' id='par_1_66' title="bbox 2102 623 3680 706">
     <span class='ocr_line' id='line_1_66' title="bbox 2102 623 3680 706; baseline 0.01 -31"><span class='ocrx_word' id='word_1_501' title='bbox 2102 623 2258 676; x_wconf 87' lang='lat' dir='ltr'><strong>tinem</strong></span> <span class='ocrx_word' id='word_1_502' title='bbox 2295 624 2493 688; x_wconf 84' lang='lat' dir='ltr'><strong>faciunt</strong></span> <span class='ocrx_word' id='word_1_503' title='bbox 2527 643 2682 695; x_wconf 90' lang='lat' dir='ltr'><strong>quam</strong></span> <span class='ocrx_word' id='word_1_504' title='bbox 2730 630 2813 683; x_wconf 88' lang='lat' dir='ltr'><strong>vel</strong></span> <span class='ocrx_word' id='word_1_505' title='bbox 2849 631 2991 684; x_wconf 88' lang='lat' dir='ltr'><strong>illum</strong></span> <span class='ocrx_word' id='word_1_506' title='bbox 3021 635 3400 700; x_wconf 85' lang='lat' dir='ltr'><strong>prostraverint</strong></span> <span class='ocrx_word' id='word_1_507' title='bbox 3426 677 3441 702; x_wconf 91' lang='lat'><strong>,</strong></span> <span class='ocrx_word' id='word_1_508' title='bbox 3470 638 3552 692; x_wconf 86' lang='lat' dir='ltr'><strong>vel</strong></span> <span class='ocrx_word' id='word_1_509' title='bbox 3585 638 3680 706; x_wconf 84' lang='lat' dir='ltr'><strong>ipsi</strong></span> 
     </span>
    </p>
   </div>
   <div class='ocr_carea' id='block_1_67' title="bbox 2103 713 3683 791">
    <p class='ocr_par' dir='ltr' id='par_1_67' title="bbox 2103 713 3683 791">
     <span class='ocr_line' id='line_1_67' title="bbox 2103 713 3683 791; baseline 0.01 -26"><span class='ocrx_word' id='word_1_510' title='bbox 2103 713 2358 785; x_wconf 81' lang='lat' dir='ltr'><strong>profligati</strong></span> <span class='ocrx_word' id='word_1_511' title='bbox 2383 716 2592 771; x_wconf 87' lang='lat' dir='ltr'><strong>fuerint.</strong></span> <span class='ocrx_word' id='word_1_512' title='bbox 2613 719 2692 772; x_wconf 78' lang='lat' dir='ltr'><strong>Ad</strong></span> <span class='ocrx_word' id='word_1_513' title='bbox 2716 719 2827 773; x_wconf 65' lang='lat' dir='ltr'><strong>hare</strong></span> <span class='ocrx_word' id='word_1_514' title='bbox 2847 730 3022 778; x_wconf 90' lang='lat' dir='ltr'><strong>autem</strong></span> <span class='ocrx_word' id='word_1_515' title='bbox 3051 724 3308 791; x_wconf 87' lang='lat' dir='ltr'><strong>pecudum</strong></span> <span class='ocrx_word' id='word_1_516' title='bbox 3331 726 3500 780; x_wconf 90' lang='lat' dir='ltr'><strong>morbi</strong></span> <span class='ocrx_word' id='word_1_517' title='bbox 3517 730 3683 780; x_wconf 81' lang='lat' dir='ltr'><strong>mani-</strong></span> 
     </span>
    </p>
   </div>
   <div class='ocr_carea' id='block_1_68' title="bbox 2102 803 3682 880">
    <p class='ocr_par' dir='ltr' id='par_1_68' title="bbox 2102 803 3682 880">
     <span class='ocr_line' id='line_1_68' title="bbox 2102 803 3682 880; baseline 0.011 -27"><span class='ocrx_word' id='word_1_518' title='bbox 2102 803 2215 856; x_wconf 82' lang='lat' dir='ltr'><strong>festi</strong></span> <span class='ocrx_word' id='word_1_519' title='bbox 2246 813 2384 868; x_wconf 89' lang='lat' dir='ltr'><strong>sunt,</strong></span> <span class='ocrx_word' id='word_1_520' title='bbox 2418 805 2529 860; x_wconf 83' lang='lat' dir='ltr'><strong>sive</strong></span> <span class='ocrx_word' id='word_1_521' title='bbox 2557 805 2722 862; x_wconf 87' lang='lat' dir='ltr'><strong>fames</strong></span> <span class='ocrx_word' id='word_1_522' title='bbox 2746 809 2834 875; x_wconf 90' lang='lat' dir='ltr'><strong>sit,</strong></span> <span class='ocrx_word' id='word_1_523' title='bbox 2861 811 2974 864; x_wconf 88' lang='lat' dir='ltr'><strong>sive</strong></span> <span class='ocrx_word' id='word_1_524' title='bbox 3003 814 3184 880; x_wconf 85' lang='lat' dir='ltr'><strong>pestis,</strong></span> <span class='ocrx_word' id='word_1_525' title='bbox 3205 815 3315 870; x_wconf 79' lang='lat' dir='ltr'><strong>sive</strong></span> <span class='ocrx_word' id='word_1_526' title='bbox 3335 815 3547 880; x_wconf 70' lang='lat' dir='ltr'><strong>vulnus,</strong></span> <span class='ocrx_word' id='word_1_527' title='bbox 3570 817 3682 871; x_wconf 89' lang='lat' dir='ltr'><strong>sive</strong></span> 
     </span>
    </p>
   </div>
   <div class='ocr_carea' id='block_1_69' title="bbox 2099 893 3673 969">
    <p class='ocr_par' dir='ltr' id='par_1_69' title="bbox 2099 893 3673 969">
     <span class='ocr_line' id='line_1_69' title="bbox 2099 893 3673 969; baseline 0.011 -24"><span class='ocrx_word' id='word_1_528' title='bbox 2099 893 2240 948; x_wconf 88' lang='lat' dir='ltr'><strong>aliud</strong></span> <span class='ocrx_word' id='word_1_529' title='bbox 2262 894 2528 964; x_wconf 89' lang='lat' dir='ltr'><strong>quidpiam</strong></span> <span class='ocrx_word' id='word_1_530' title='bbox 2558 896 2799 954; x_wconf 85' lang='lat' dir='ltr'><strong>dolorem</strong></span> <span class='ocrx_word' id='word_1_531' title='bbox 2838 902 3048 969; x_wconf 83' lang='lat' dir='ltr'><strong>pariens</strong></span> <span class='ocrx_word' id='word_1_532' title='bbox 3081 921 3094 957; x_wconf 90' lang='lat'><strong>:</strong></span> <span class='ocrx_word' id='word_1_533' title='bbox 3135 905 3185 960; x_wconf 88' lang='lat' dir='ltr'><strong>id</strong></span> <span class='ocrx_word' id='word_1_534' title='bbox 3216 913 3391 961; x_wconf 87' lang='lat' dir='ltr'><strong>autem</strong></span> <span class='ocrx_word' id='word_1_535' title='bbox 3421 923 3524 963; x_wconf 89' lang='lat' dir='ltr'><strong>non</strong></span> <span class='ocrx_word' id='word_1_536' title='bbox 3557 923 3673 963; x_wconf 86' lang='lat' dir='ltr'><strong>mo-</strong></span> 
     </span>
    </p>
   </div>
   <div class='ocr_carea' id='block_1_70' title="bbox 2099 983 3682 1064">
    <p class='ocr_par' dir='ltr' id='par_1_70' title="bbox 2099 983 3682 1064">
     <span class='ocr_line' id='line_1_70' title="bbox 2099 983 3682 1064; baseline 0.012 -26"><span class='ocrx_word' id='word_1_537' title='bbox 2099 983 2218 1038; x_wconf 89' lang='lat' dir='ltr'><strong>dico</strong></span> <span class='ocrx_word' id='word_1_538' title='bbox 2260 986 2564 1056; x_wconf 89' lang='lat' dir='ltr'><strong>adjumento</strong></span> <span class='ocrx_word' id='word_1_539' title='bbox 2614 999 2695 1044; x_wconf 89' lang='lat' dir='ltr'><strong>est</strong></span> <span class='ocrx_word' id='word_1_540' title='bbox 2738 992 2804 1045; x_wconf 90' lang='lat' dir='ltr'><strong>ad</strong></span> <span class='ocrx_word' id='word_1_541' title='bbox 2847 995 3172 1064; x_wconf 62' lang='lat' dir='ltr'><strong>trgrttudinh</strong></span> <span class='ocrx_word' id='word_1_542' title='bbox 3209 1000 3558 1056; x_wconf 86' lang='lat' dir='ltr'><strong>curationem.</strong></span> <span class='ocrx_word' id='word_1_543' title='bbox 3587 1002 3682 1057; x_wconf 77' lang='lat' dir='ltr'><strong>Est</strong></span> 
     </span>
    </p>
   </div>
   <div class='ocr_carea' id='block_1_71' title="bbox 2097 1075 3678 1154">
    <p class='ocr_par' dir='ltr' id='par_1_71' title="bbox 2097 1075 3678 1154">
     <span class='ocr_line' id='line_1_71' title="bbox 2097 1075 3678 1154; baseline 0.013 -27"><span class='ocrx_word' id='word_1_544' title='bbox 2097 1081 2148 1127; x_wconf 91' lang='lat' dir='ltr'><strong>et</strong></span> <span class='ocrx_word' id='word_1_545' title='bbox 2199 1075 2338 1129; x_wconf 91' lang='lat' dir='ltr'><strong>aliud</strong></span> <span class='ocrx_word' id='word_1_546' title='bbox 2389 1075 2490 1132; x_wconf 93' lang='lat' dir='ltr'><strong>hoc</strong></span> <span class='ocrx_word' id='word_1_547' title='bbox 2519 1081 2850 1136; x_wconf 90' lang='lat' dir='ltr'><strong>commodius</strong></span> <span class='ocrx_word' id='word_1_548' title='bbox 2884 1083 2949 1137; x_wconf 87' lang='lat' dir='ltr'><strong>ad</strong></span> <span class='ocrx_word' id='word_1_549' title='bbox 3003 1087 3243 1154; x_wconf 86' lang='lat' dir='ltr'><strong>quemvis</strong></span> <span class='ocrx_word' id='word_1_550' title='bbox 3283 1090 3526 1146; x_wconf 87' lang='lat' dir='ltr'><strong>morbum</strong></span> <span class='ocrx_word' id='word_1_551' title='bbox 3572 1099 3678 1150; x_wconf 82' lang='lat' dir='ltr'><strong>cito</strong></span> 
     </span>
    </p>
   </div>
   <div class='ocr_carea' id='block_1_72' title="bbox 2097 1164 3676 1255">
    <p class='ocr_par' dir='ltr' id='par_1_72' title="bbox 2097 1164 3676 1255">
     <span class='ocr_line' id='line_1_72' title="bbox 2097 1164 3676 1255; baseline 0.015 -38"><span class='ocrx_word' id='word_1_552' title='bbox 2097 1164 2436 1236; x_wconf 88' lang='lat' dir='ltr'><strong>abigendum.</strong></span> <span class='ocrx_word' id='word_1_553' title='bbox 2486 1170 2620 1238; x_wconf 89' lang='lat' dir='ltr'><strong>Quid</strong></span> <span class='ocrx_word' id='word_1_554' title='bbox 2651 1173 2813 1228; x_wconf 91' lang='lat' dir='ltr'><strong>illud?</strong></span> <span class='ocrx_word' id='word_1_555' title='bbox 2855 1175 3036 1246; x_wconf 80' lang='lat' dir='ltr'><strong>Magna</strong></span> <span class='ocrx_word' id='word_1_556' title='bbox 3091 1195 3210 1236; x_wconf 90' lang='lat' dir='ltr'><strong>cum</strong></span> <span class='ocrx_word' id='word_1_557' title='bbox 3257 1192 3514 1250; x_wconf 85' lang='lat' dir='ltr'><strong>potestate</strong></span> <span class='ocrx_word' id='word_1_558' title='bbox 3582 1201 3676 1255; x_wconf 88' lang='lat' dir='ltr'><strong>pa-</strong></span> 
     </span>
    </p>
   </div>
   <div class='ocr_carea' id='block_1_73' title="bbox 2096 1259 3678 1343">
    <p class='ocr_par' dir='ltr' id='par_1_73' title="bbox 2096 1259 3678 1343">
     <span class='ocr_line' id='line_1_73' title="bbox 2096 1259 3678 1343; baseline 0.013 -34"><span class='ocrx_word' id='word_1_559' title='bbox 2096 1264 2270 1312; x_wconf 89' lang='lat' dir='ltr'><strong>stores</strong></span> <span class='ocrx_word' id='word_1_560' title='bbox 2298 1259 2524 1327; x_wconf 89' lang='lat' dir='ltr'><strong>pecudcs</strong></span> <span class='ocrx_word' id='word_1_561' title='bbox 2553 1276 2675 1318; x_wconf 91' lang='lat' dir='ltr'><strong>suas</strong></span> <span class='ocrx_word' id='word_1_562' title='bbox 2701 1275 2998 1334; x_wconf 59' lang='lat' dir='ltr'><strong>porrectam</strong></span> <span class='ocrx_word' id='word_1_563' title='bbox 3029 1269 3339 1324; x_wconf 84' lang='lat' dir='ltr'><strong>medicinam</strong></span> <span class='ocrx_word' id='word_1_564' title='bbox 3374 1289 3564 1343; x_wconf 89' lang='lat' dir='ltr'><strong>capere</strong></span> <span class='ocrx_word' id='word_1_565' title='bbox 3585 1293 3678 1329; x_wconf 80' lang='lat' dir='ltr'><strong>eo-</strong></span> 
     </span>
    </p>
   </div>
   <div class='ocr_carea' id='block_1_74' title="bbox 2095 1349 3673 1432">
    <p class='ocr_par' dir='ltr' id='par_1_74' title="bbox 2095 1349 3673 1432">
     <span class='ocr_line' id='line_1_74' title="bbox 2095 1349 3673 1432; baseline 0.015 -35"><span class='ocrx_word' id='word_1_566' title='bbox 2095 1355 2222 1415; x_wconf 88' lang='lat' dir='ltr'><strong>gunt</strong></span> <span class='ocrx_word' id='word_1_567' title='bbox 2249 1386 2264 1413; x_wconf 90' lang='lat'><strong>,</strong></span> <span class='ocrx_word' id='word_1_568' title='bbox 2309 1349 2514 1406; x_wconf 87' lang='lat' dir='ltr'><strong>etiamsi</strong></span> <span class='ocrx_word' id='word_1_569' title='bbox 2543 1351 2822 1408; x_wconf 79' lang='lat' dir='ltr'><strong>obsistunt.</strong></span> <span class='ocrx_word' id='word_1_570' title='bbox 2851 1355 2982 1411; x_wconf 82' lang='lat' dir='ltr'><strong>Nam</strong></span> <span class='ocrx_word' id='word_1_571' title='bbox 3019 1358 3168 1414; x_wconf 88' lang='lat' dir='ltr'><strong>facile</strong></span> <span class='ocrx_word' id='word_1_572' title='bbox 3221 1361 3383 1430; x_wconf 82' lang='lat' dir='ltr'><strong>ligare</strong></span> <span class='ocrx_word' id='word_1_573' title='bbox 3425 1377 3673 1432; x_wconf 79' lang='lat' dir='ltr'><strong>possunt,</strong></span> 
     </span>
    </p>
   </div>
   <div class='ocr_carea' id='block_1_75' title="bbox 2095 1436 3679 1517">
    <p class='ocr_par' dir='ltr' id='par_1_75' title="bbox 2095 1436 3679 1517">
     <span class='ocr_line' id='line_1_75' title="bbox 2095 1436 3679 1517; baseline 0.013 -28"><span class='ocrx_word' id='word_1_574' title='bbox 2095 1436 2138 1490; x_wconf 90' lang='lat' dir='ltr'><strong>si</strong></span> <span class='ocrx_word' id='word_1_575' title='bbox 2184 1437 2496 1507; x_wconf 90' lang='lat' dir='ltr'><strong>adustione,</strong></span> <span class='ocrx_word' id='word_1_576' title='bbox 2541 1442 2584 1497; x_wconf 90' lang='lat' dir='ltr'><strong>si</strong></span> <span class='ocrx_word' id='word_1_577' title='bbox 2632 1445 2868 1500; x_wconf 88' lang='lat' dir='ltr'><strong>sectione</strong></span> <span class='ocrx_word' id='word_1_578' title='bbox 2920 1463 3052 1516; x_wconf 81' lang='lat' dir='ltr'><strong>opus</strong></span> <span class='ocrx_word' id='word_1_579' title='bbox 3095 1450 3206 1517; x_wconf 90' lang='lat' dir='ltr'><strong>sit,</strong></span> <span class='ocrx_word' id='word_1_580' title='bbox 3236 1453 3280 1505; x_wconf 93' lang='lat' dir='ltr'><strong>si</strong></span> <span class='ocrx_word' id='word_1_581' title='bbox 3309 1453 3396 1508; x_wconf 89' lang='lat' dir='ltr'><strong>diu</strong></span> <span class='ocrx_word' id='word_1_582' title='bbox 3450 1456 3679 1511; x_wconf 69' lang='lat' dir='ltr'><strong>inclusas</strong></span> 
     </span>
    </p>
   </div>
   <div class='ocr_carea' id='block_1_76' title="bbox 2095 1538 3674 1615">
    <p class='ocr_par' dir='ltr' id='par_1_76' title="bbox 2095 1538 3674 1615">
     <span class='ocr_line' id='line_1_76' title="bbox 2095 1538 3674 1615; baseline 0.014 -33"><span class='ocrx_word' id='word_1_583' title='bbox 2095 1543 2309 1586; x_wconf 89' lang='lat' dir='ltr'><strong>scrvare</strong></span> <span class='ocrx_word' id='word_1_584' title='bbox 2337 1544 2582 1602; x_wconf 86' lang='lat' dir='ltr'><strong>eportcat</strong></span> <span class='ocrx_word' id='word_1_585' title='bbox 2603 1577 2618 1602; x_wconf 95' lang='lat'><strong>,</strong></span> <span class='ocrx_word' id='word_1_586' title='bbox 2648 1543 2701 1591; x_wconf 92' lang='lat' dir='ltr'><strong>et</strong></span> <span class='ocrx_word' id='word_1_587' title='bbox 2727 1538 2871 1592; x_wconf 89' lang='lat' dir='ltr'><strong>aliud</strong></span> <span class='ocrx_word' id='word_1_588' title='bbox 2901 1556 2997 1610; x_wconf 83' lang='lat' dir='ltr'><strong>pro</strong></span> <span class='ocrx_word' id='word_1_589' title='bbox 3039 1542 3144 1597; x_wconf 89' lang='lat' dir='ltr'><strong>alio</strong></span> <span class='ocrx_word' id='word_1_590' title='bbox 3172 1545 3418 1612; x_wconf 83' lang='lat' dir='ltr'><strong>pabulum</strong></span> <span class='ocrx_word' id='word_1_591' title='bbox 3446 1549 3636 1603; x_wconf 78' lang='lat' dir='ltr'><strong>ofTeI&#39;re</strong></span> <span class='ocrx_word' id='word_1_592' title='bbox 3659 1591 3674 1615; x_wconf 94' lang='lat'><strong>,</strong></span> 
     </span>
    </p>
   </div>
   <div class='ocr_carea' id='block_1_77' title="bbox 2094 1621 3672 1708">
    <p class='ocr_par' dir='ltr' id='par_1_77' title="bbox 2094 1621 3672 1708">
     <span class='ocr_line' id='line_1_77' title="bbox 2094 1621 3672 1708; baseline 0.011 -32"><span class='ocrx_word' id='word_1_593' title='bbox 2094 1621 2138 1676; x_wconf 89' lang='lat' dir='ltr'><strong>si</strong></span> <span class='ocrx_word' id='word_1_594' title='bbox 2166 1622 2376 1692; x_wconf 86' lang='lat' dir='ltr'><strong>abigere</strong></span> <span class='ocrx_word' id='word_1_595' title='bbox 2414 1639 2444 1676; x_wconf 88' lang='lat' dir='ltr'><strong>a</strong></span> <span class='ocrx_word' id='word_1_596' title='bbox 2472 1626 2598 1681; x_wconf 80' lang='lat' dir='ltr'><strong>rivis</strong></span> <span class='ocrx_word' id='word_1_597' title='bbox 2627 1642 2880 1698; x_wconf 89' lang='lat' dir='ltr'><strong>aquarum</strong></span> <span class='ocrx_word' id='word_1_598' title='bbox 2913 1649 2924 1684; x_wconf 95' lang='lat'><strong>:</strong></span> <span class='ocrx_word' id='word_1_599' title='bbox 2954 1642 3252 1703; x_wconf 63' lang='lat' dir='ltr'><strong>caeteraque</strong></span> <span class='ocrx_word' id='word_1_600' title='bbox 3282 1638 3457 1692; x_wconf 78' lang='lat' dir='ltr'><strong>ouruia</strong></span> <span class='ocrx_word' id='word_1_601' title='bbox 3493 1680 3508 1705; x_wconf 93' lang='lat'><strong>,</strong></span> <span class='ocrx_word' id='word_1_602' title='bbox 3555 1658 3672 1708; x_wconf 75' lang='lat' dir='ltr'><strong>qua:</strong></span> 
     </span>
    </p>
   </div>
   <div class='ocr_carea' id='block_1_78' title="bbox 2092 1715 3675 1797">
    <p class='ocr_par' dir='ltr' id='par_1_78' title="bbox 2092 1715 3675 1797">
     <span class='ocr_line' id='line_1_78' title="bbox 2092 1715 3675 1797; baseline 0.013 -31"><span class='ocrx_word' id='word_1_603' title='bbox 2092 1715 2404 1770; x_wconf 89' lang='lat' dir='ltr'><strong>censuerint</strong></span> <span class='ocrx_word' id='word_1_604' title='bbox 2429 1717 2495 1772; x_wconf 90' lang='lat' dir='ltr'><strong>ad</strong></span> <span class='ocrx_word' id='word_1_605' title='bbox 2538 1718 2746 1774; x_wconf 90' lang='lat' dir='ltr'><strong>illarum</strong></span> <span class='ocrx_word' id='word_1_606' title='bbox 2775 1722 3191 1781; x_wconf 88' lang='lat' dir='ltr'><strong>incolumitatem</strong></span> <span class='ocrx_word' id='word_1_607' title='bbox 3237 1729 3499 1797; x_wconf 79' lang='lat' dir='ltr'><strong>Conferre,</strong></span> <span class='ocrx_word' id='word_1_608' title='bbox 3535 1737 3675 1786; x_wconf 88' lang='lat' dir='ltr'><strong>nullo</strong></span> 
     </span>
    </p>
   </div>
   <div class='ocr_carea' id='block_1_79' title="bbox 2094 1805 2634 1873">
    <p class='ocr_par' dir='ltr' id='par_1_79' title="bbox 2094 1805 2634 1873">
     <span class='ocr_line' id='line_1_79' title="bbox 2094 1805 2634 1873; baseline 0.009 -15"><span class='ocrx_word' id='word_1_609' title='bbox 2094 1805 2306 1873; x_wconf 88' lang='lat' dir='ltr'><strong>negotio</strong></span> <span class='ocrx_word' id='word_1_610' title='bbox 2332 1808 2634 1863; x_wconf 88' lang='lat' dir='ltr'><strong>admovent.</strong></span> 
     </span>
    </p>
   </div>
   <div class='ocr_carea' id='block_1_80' title="bbox 2163 1896 3674 1979">
    <p class='ocr_par' dir='ltr' id='par_1_80' title="bbox 2163 1896 3674 1979">
     <span class='ocr_line' id='line_1_80' title="bbox 2163 1896 3674 1979; baseline 0.013 -28"><span class='ocrx_word' id='word_1_611' title='bbox 2163 1898 2214 1951; x_wconf 78' lang='grc'><strong>5.</strong></span> <span class='ocrx_word' id='word_1_612' title='bbox 2244 1896 2489 1968; x_wconf 76' lang='lat' dir='ltr'><strong>Magnum</strong></span> <span class='ocrx_word' id='word_1_613' title='bbox 2513 1909 2560 1954; x_wconf 87' lang='lat' dir='ltr'><strong>et</strong></span> <span class='ocrx_word' id='word_1_614' title='bbox 2589 1901 2943 1958; x_wconf 80' lang='lat' dir='ltr'><strong>admirandum</strong></span> <span class='ocrx_word' id='word_1_615' title='bbox 2971 1909 3195 1961; x_wconf 86' lang='lat' dir='ltr'><strong>animum</strong></span> <span class='ocrx_word' id='word_1_616' title='bbox 3221 1913 3486 1979; x_wconf 76' lang='lat' dir='ltr'><strong>requirere.</strong></span> <span class='ocrx_word' id='word_1_617' title='bbox 3515 1944 3586 1954; x_wconf 89' lang='lat'><em>—</em></span> <span class='ocrx_word' id='word_1_618' title='bbox 3609 1919 3674 1970; x_wconf 79' lang='lat' dir='ltr'><strong>At</strong></span> 
     </span>
    </p>
   </div>
   <div class='ocr_carea' id='block_1_81' title="bbox 2092 1985 3672 2061">
    <p class='ocr_par' dir='ltr' id='par_1_81' title="bbox 2092 1985 3672 2061">
     <span class='ocr_line' id='line_1_81' title="bbox 2092 1985 3672 2061; baseline 0.013 -21"><span class='ocrx_word' id='word_1_619' title='bbox 2092 1985 2365 2043; x_wconf 89' lang='lat' dir='ltr'><strong>hominum</strong></span> <span class='ocrx_word' id='word_1_620' title='bbox 2419 1989 2752 2048; x_wconf 87' lang='lat' dir='ltr'><strong>infirmitates</strong></span> <span class='ocrx_word' id='word_1_621' title='bbox 2805 1995 2942 2051; x_wconf 89' lang='lat' dir='ltr'><strong>haud</strong></span> <span class='ocrx_word' id='word_1_622' title='bbox 2987 1997 3140 2054; x_wconf 82' lang='lat' dir='ltr'><strong>facile</strong></span> <span class='ocrx_word' id='word_1_623' title='bbox 3195 2001 3352 2056; x_wconf 87' lang='lat' dir='ltr'><strong>homo</strong></span> <span class='ocrx_word' id='word_1_624' title='bbox 3399 2009 3602 2060; x_wconf 84' lang='lat' dir='ltr'><strong>noverit</strong></span> <span class='ocrx_word' id='word_1_625' title='bbox 3659 2025 3672 2061; x_wconf 89' lang='lat'><strong>:</strong></span> 
     </span>
    </p>
   </div>
   <div class='ocr_carea' id='block_1_82' title="bbox 2093 2077 3675 2160">
    <p class='ocr_par' dir='ltr' id='par_1_82' title="bbox 2093 2077 3675 2160">
     <span class='ocr_line' id='line_1_82' title="bbox 2093 2077 3675 2160; baseline 0.012 -28"><span class='ocrx_word' id='word_1_626' title='bbox 2093 2077 2286 2135; x_wconf 85' lang='lat' dir='ltr'><strong>Nullus</strong></span> <span class='ocrx_word' id='word_1_627' title='bbox 2331 2081 2464 2135; x_wconf 90' lang='lat' dir='ltr'><strong>enim</strong></span> <span class='ocrx_word' id='word_1_628' title='bbox 2516 2083 2771 2138; x_wconf 87' lang='lat' dir='ltr'><strong>hominum</strong></span> <span class='ocrx_word' id='word_1_629' title='bbox 2804 2088 2935 2140; x_wconf 85' lang='lat' dir='ltr'><strong>novit</strong></span> <span class='ocrx_word' id='word_1_630' title='bbox 2979 2105 3090 2158; x_wconf 74' lang='lat' dir='ltr'><strong>qua:</strong></span> <span class='ocrx_word' id='word_1_631' title='bbox 3119 2101 3232 2143; x_wconf 86' lang='lat' dir='ltr'><strong>sunt</strong></span> <span class='ocrx_word' id='word_1_632' title='bbox 3277 2093 3491 2148; x_wconf 80' lang='lat' dir='ltr'><strong>hominis</strong></span> <span class='ocrx_word' id='word_1_633' title='bbox 3521 2138 3535 2160; x_wconf 85' lang='lat'><strong>,</strong></span> <span class='ocrx_word' id='word_1_634' title='bbox 3577 2099 3675 2151; x_wconf 80' lang='lat' dir='ltr'><strong>nisi</strong></span> 
     </span>
    </p>
   </div>
   <div class='ocr_carea' id='block_1_83' title="bbox 2089 2170 3673 2255">
    <p class='ocr_par' dir='ltr' id='par_1_83' title="bbox 2089 2170 3673 2255">
     <span class='ocr_line' id='line_1_83' title="bbox 2089 2170 3673 2255; baseline 0.013 -33"><span class='ocrx_word' id='word_1_635' title='bbox 2089 2170 2298 2240; x_wconf 86' lang='lat' dir='ltr'><strong>spiritus</strong></span> <span class='ocrx_word' id='word_1_636' title='bbox 2329 2171 2544 2227; x_wconf 86' lang='lat' dir='ltr'><strong>hominis</strong></span> <span class='ocrx_word' id='word_1_637' title='bbox 2571 2215 2585 2238; x_wconf 93' lang='lat'><strong>,</strong></span> <span class='ocrx_word' id='word_1_638' title='bbox 2615 2175 2703 2244; x_wconf 83' lang='lat' dir='ltr'><strong>qui</strong></span> <span class='ocrx_word' id='word_1_639' title='bbox 2757 2185 2830 2230; x_wconf 86' lang='lat' dir='ltr'><strong>est</strong></span> <span class='ocrx_word' id='word_1_640' title='bbox 2871 2178 2921 2230; x_wconf 91' lang='lat' dir='ltr'><strong>in</strong></span> <span class='ocrx_word' id='word_1_641' title='bbox 2951 2178 3040 2231; x_wconf 87' lang='lat' dir='ltr'><strong>illo</strong></span> <span class='ocrx_word' id='word_1_642' title='bbox 3071 2179 3150 2250; x_wconf 85' lang='grc' dir='ltr'><strong>(Ι.</strong></span> <span class='ocrx_word' id='word_1_643' title='bbox 3181 2181 3298 2236; x_wconf 90' lang='lat' dir='ltr'><strong>Cor.</strong></span> <span class='ocrx_word' id='word_1_644' title='bbox 3328 2183 3381 2236; x_wconf 87' lang='grc'>2.</span> <span class='ocrx_word' id='word_1_645' title='bbox 3416 2186 3526 2255; x_wconf 80' lang='grc' dir='ltr'><strong>Η).</strong></span> <span class='ocrx_word' id='word_1_646' title='bbox 3573 2188 3673 2252; x_wconf 82' lang='lat' dir='ltr'><strong>Qui</strong></span> 
     </span>
    </p>
   </div>
   <div class='ocr_carea' id='block_1_84' title="bbox 2092 2261 3671 2347">
    <p class='ocr_par' dir='ltr' id='par_1_84' title="bbox 2092 2261 3671 2347">
     <span class='ocr_line' id='line_1_84' title="bbox 2092 2261 3671 2347; baseline 0.013 -34"><span class='ocrx_word' id='word_1_647' title='bbox 2092 2261 2252 2331; x_wconf 90' lang='lat' dir='ltr'><strong>igitur</strong></span> <span class='ocrx_word' id='word_1_648' title='bbox 2281 2263 2448 2332; x_wconf 89' lang='lat' dir='ltr'><strong>possit</strong></span> <span class='ocrx_word' id='word_1_649' title='bbox 2472 2266 2730 2336; x_wconf 81' lang='lat' dir='ltr'><strong>quiSpiam</strong></span> <span class='ocrx_word' id='word_1_650' title='bbox 2778 2269 3069 2324; x_wconf 85' lang='lat' dir='ltr'><strong>remedium</strong></span> <span class='ocrx_word' id='word_1_651' title='bbox 3118 2273 3400 2330; x_wconf 85' lang='lat' dir='ltr'><strong>admovere</strong></span> <span class='ocrx_word' id='word_1_652' title='bbox 3444 2280 3629 2334; x_wconf 90' lang='lat' dir='ltr'><strong>morbo</strong></span> <span class='ocrx_word' id='word_1_653' title='bbox 3655 2322 3671 2347; x_wconf 95' lang='lat'><strong>,</strong></span> 
     </span>
    </p>
   </div>
   <div class='ocr_carea' id='block_1_85' title="bbox 2099 2352 3674 2436">
    <p class='ocr_par' dir='ltr' id='par_1_85' title="bbox 2099 2352 3674 2436">
     <span class='ocr_line' id='line_1_85' title="bbox 2099 2352 3674 2436; baseline 0.013 -32"><span class='ocrx_word' id='word_1_654' title='bbox 2099 2352 2250 2421; x_wconf 84' lang='lat' dir='ltr'><strong>cujus</strong></span> <span class='ocrx_word' id='word_1_655' title='bbox 2292 2354 2508 2410; x_wconf 87' lang='lat' dir='ltr'><strong>modum</strong></span> <span class='ocrx_word' id='word_1_656' title='bbox 2559 2373 2664 2411; x_wconf 91' lang='lat' dir='ltr'><strong>non</strong></span> <span class='ocrx_word' id='word_1_657' title='bbox 2695 2359 2874 2426; x_wconf 92' lang='lat' dir='ltr'><strong>novit,</strong></span> <span class='ocrx_word' id='word_1_658' title='bbox 2929 2375 3051 2415; x_wconf 91' lang='lat' dir='ltr'><strong>cum</strong></span> <span class='ocrx_word' id='word_1_659' title='bbox 3097 2363 3256 2418; x_wconf 88' lang='lat' dir='ltr'><strong>etiam</strong></span> <span class='ocrx_word' id='word_1_660' title='bbox 3284 2380 3520 2436; x_wconf 76' lang='lat' dir='ltr'><strong>perstupe</strong></span> <span class='ocrx_word' id='word_1_661' title='bbox 3549 2385 3674 2425; x_wconf 88' lang='lat' dir='ltr'><strong>ues-</strong></span> 
     </span>
    </p>
   </div>
   <div class='ocr_carea' id='block_1_86' title="bbox 2091 2445 3676 2523">
    <p class='ocr_par' dir='ltr' id='par_1_86' title="bbox 2091 2445 3676 2523">
     <span class='ocr_line' id='line_1_86' title="bbox 2091 2445 3676 2523; baseline 0.011 -26"><span class='ocrx_word' id='word_1_662' title='bbox 2091 2445 2202 2499; x_wconf 89' lang='lat' dir='ltr'><strong>cire</strong></span> <span class='ocrx_word' id='word_1_663' title='bbox 2221 2447 2387 2515; x_wconf 91' lang='lat' dir='ltr'><strong>possit</strong></span> <span class='ocrx_word' id='word_1_664' title='bbox 2414 2463 2482 2503; x_wconf 87' lang='lat' dir='ltr'><strong>an</strong></span> <span class='ocrx_word' id='word_1_665' title='bbox 2511 2459 2730 2520; x_wconf 64' lang='lat' dir='ltr'><strong>aegrotet</strong></span> <span class='ocrx_word' id='word_1_666' title='bbox 2760 2453 2970 2506; x_wconf 88' lang='lat' dir='ltr'><strong>necne?</strong></span> <span class='ocrx_word' id='word_1_667' title='bbox 3001 2453 3132 2507; x_wconf 88' lang='lat' dir='ltr'><strong>Cum</strong></span> <span class='ocrx_word' id='word_1_668' title='bbox 3162 2470 3321 2523; x_wconf 91' lang='lat' dir='ltr'><strong>porro</strong></span> <span class='ocrx_word' id='word_1_669' title='bbox 3351 2467 3507 2513; x_wconf 90' lang='lat' dir='ltr'><strong>notus</strong></span> <span class='ocrx_word' id='word_1_670' title='bbox 3534 2477 3676 2514; x_wconf 88' lang='lat' dir='ltr'><strong>mur-</strong></span> 
     </span>
    </p>
   </div>
   <div class='ocr_carea' id='block_1_87' title="bbox 2092 2535 3672 2620">
    <p class='ocr_par' dir='ltr' id='par_1_87' title="bbox 2092 2535 3672 2620">
     <span class='ocr_line' id='line_1_87' title="bbox 2092 2535 3672 2620; baseline 0.011 -29"><span class='ocrx_word' id='word_1_671' title='bbox 2092 2535 2190 2592; x_wconf 88' lang='lat' dir='ltr'><strong>bus</strong></span> <span class='ocrx_word' id='word_1_672' title='bbox 2219 2547 2300 2593; x_wconf 75' lang='lat' dir='ltr'><strong>est</strong></span> <span class='ocrx_word' id='word_1_673' title='bbox 2323 2581 2338 2604; x_wconf 91' lang='lat'><strong>,</strong></span> <span class='ocrx_word' id='word_1_674' title='bbox 2376 2549 2499 2596; x_wconf 90' lang='lat' dir='ltr'><strong>tunc</strong></span> <span class='ocrx_word' id='word_1_675' title='bbox 2528 2542 2698 2612; x_wconf 88' lang='lat' dir='ltr'><strong>majus</strong></span> <span class='ocrx_word' id='word_1_676' title='bbox 2731 2545 2994 2614; x_wconf 86' lang='lat' dir='ltr'><strong>negotium</strong></span> <span class='ocrx_word' id='word_1_677' title='bbox 3034 2547 3266 2603; x_wconf 88' lang='lat' dir='ltr'><strong>facessit.</strong></span> <span class='ocrx_word' id='word_1_678' title='bbox 3317 2550 3499 2620; x_wconf 85' lang='lat' dir='ltr'><strong>Neque</strong></span> <span class='ocrx_word' id='word_1_679' title='bbox 3527 2555 3672 2608; x_wconf 83' lang='lat' dir='ltr'><strong>enim</strong></span> 
     </span>
    </p>
   </div>
   <div class='ocr_carea' id='block_1_88' title="bbox 2090 2633 3674 2712">
    <p class='ocr_par' dir='ltr' id='par_1_88' title="bbox 2090 2633 3674 2712">
     <span class='ocr_line' id='line_1_88' title="bbox 2090 2633 3674 2712; baseline 0.012 -29"><span class='ocrx_word' id='word_1_680' title='bbox 2090 2639 2314 2699; x_wconf 87' lang='lat' dir='ltr'><strong>possunt</strong></span> <span class='ocrx_word' id='word_1_681' title='bbox 2359 2633 2579 2702; x_wconf 78' lang='lat' dir='ltr'><strong>quilibet</strong></span> <span class='ocrx_word' id='word_1_682' title='bbox 2619 2635 2861 2691; x_wconf 89' lang='lat' dir='ltr'><strong>homines</strong></span> <span class='ocrx_word' id='word_1_683' title='bbox 2913 2640 3023 2706; x_wconf 89' lang='lat' dir='ltr'><strong>pari</strong></span> <span class='ocrx_word' id='word_1_684' title='bbox 3076 2640 3327 2697; x_wconf 86' lang='lat' dir='ltr'><strong>facilitate</strong></span> <span class='ocrx_word' id='word_1_685' title='bbox 3371 2647 3580 2712; x_wconf 85' lang='lat' dir='ltr'><strong>curari,</strong></span> <span class='ocrx_word' id='word_1_686' title='bbox 3610 2663 3674 2702; x_wconf 89' lang='lat' dir='ltr'><strong>ac</strong></span> 
     </span>
    </p>
   </div>
   <div class='ocr_carea' id='block_1_89' title="bbox 2093 2726 3666 2806">
    <p class='ocr_par' dir='ltr' id='par_1_89' title="bbox 2093 2726 3666 2806">
     <span class='ocr_line' id='line_1_89' title="bbox 2093 2726 3666 2806; baseline 0.011 -33"><span class='ocrx_word' id='word_1_687' title='bbox 2093 2730 2271 2789; x_wconf 90' lang='lat' dir='ltr'><strong>pastor</strong></span> <span class='ocrx_word' id='word_1_688' title='bbox 2293 2734 2443 2778; x_wconf 88' lang='lat' dir='ltr'><strong>curat</strong></span> <span class='ocrx_word' id='word_1_689' title='bbox 2467 2739 2640 2780; x_wconf 92' lang='lat' dir='ltr'><strong>ovem.</strong></span> <span class='ocrx_word' id='word_1_690' title='bbox 2677 2726 2770 2781; x_wconf 90' lang='lat' dir='ltr'><strong>llic</strong></span> <span class='ocrx_word' id='word_1_691' title='bbox 2795 2728 2935 2782; x_wconf 86' lang='lat' dir='ltr'><strong>enim</strong></span> <span class='ocrx_word' id='word_1_692' title='bbox 2964 2744 3094 2799; x_wconf 88' lang='lat' dir='ltr'><strong>opus</strong></span> <span class='ocrx_word' id='word_1_693' title='bbox 3122 2732 3344 2800; x_wconf 90' lang='lat' dir='ltr'><strong>perinde</strong></span> <span class='ocrx_word' id='word_1_694' title='bbox 3376 2744 3458 2789; x_wconf 90' lang='lat' dir='ltr'><strong>est</strong></span> <span class='ocrx_word' id='word_1_695' title='bbox 3486 2737 3666 2806; x_wconf 85' lang='lat' dir='ltr'><strong>ligare,</strong></span> 
     </span>
    </p>
   </div>
   <div class='ocr_carea' id='block_1_90' title="bbox 2091 2809 3670 2893">
    <p class='ocr_par' dir='ltr' id='par_1_90' title="bbox 2091 2809 3670 2893">
     <span class='ocr_line' id='line_1_90' title="bbox 2091 2809 3670 2893; baseline 0.012 -29"><span class='ocrx_word' id='word_1_696' title='bbox 2091 2809 2158 2866; x_wconf 89' lang='lat' dir='ltr'><strong>ab</strong></span> <span class='ocrx_word' id='word_1_697' title='bbox 2181 2813 2432 2867; x_wconf 85' lang='lat' dir='ltr'><strong>a&#39;imento</strong></span> <span class='ocrx_word' id='word_1_698' title='bbox 2457 2816 2688 2885; x_wconf 88' lang='lat' dir='ltr'><strong>abigere,</strong></span> <span class='ocrx_word' id='word_1_699' title='bbox 2720 2834 2874 2873; x_wconf 89' lang='lat' dir='ltr'><strong>urere</strong></span> <span class='ocrx_word' id='word_1_700' title='bbox 2892 2859 2908 2885; x_wconf 91' lang='lat'><strong>,</strong></span> <span class='ocrx_word' id='word_1_701' title='bbox 2937 2834 3152 2887; x_wconf 88' lang='lat' dir='ltr'><strong>secare;</strong></span> <span class='ocrx_word' id='word_1_702' title='bbox 3175 2822 3268 2876; x_wconf 89' lang='lat' dir='ltr'><strong>sed</strong></span> <span class='ocrx_word' id='word_1_703' title='bbox 3296 2832 3527 2893; x_wconf 83' lang='lat' dir='ltr'><strong>poteStas</strong></span> <span class='ocrx_word' id='word_1_704' title='bbox 3555 2843 3670 2884; x_wconf 90' lang='lat' dir='ltr'><strong>me-</strong></span> 
     </span>
    </p>
   </div>
   <div class='ocr_carea' id='block_1_91' title="bbox 2091 2904 3666 2985">
    <p class='ocr_par' dir='ltr' id='par_1_91' title="bbox 2091 2904 3666 2985">
     <span class='ocr_line' id='line_1_91' title="bbox 2091 2904 3666 2985; baseline 0.01 -26"><span class='ocrx_word' id='word_1_705' title='bbox 2091 2904 2281 2960; x_wconf 74' lang='lat' dir='ltr'><strong>dicina:</strong></span> <span class='ocrx_word' id='word_1_706' title='bbox 2299 2907 2620 2976; x_wconf 62' lang='lat' dir='ltr'><strong>accipiendas</strong></span> <span class='ocrx_word' id='word_1_707' title='bbox 2651 2925 2752 2964; x_wconf 90' lang='lat' dir='ltr'><strong>non</strong></span> <span class='ocrx_word' id='word_1_708' title='bbox 2798 2926 2962 2980; x_wconf 86' lang='lat' dir='ltr'><strong>penes</strong></span> <span class='ocrx_word' id='word_1_709' title='bbox 2991 2913 3132 2966; x_wconf 92' lang='lat' dir='ltr'><strong>illum</strong></span> <span class='ocrx_word' id='word_1_710' title='bbox 3152 2924 3234 2969; x_wconf 89' lang='lat' dir='ltr'><strong>est</strong></span> <span class='ocrx_word' id='word_1_711' title='bbox 3257 2917 3344 2985; x_wconf 90' lang='lat' dir='ltr'><strong>qui</strong></span> <span class='ocrx_word' id='word_1_712' title='bbox 3375 2919 3666 2974; x_wconf 90' lang='lat' dir='ltr'><strong>remedium</strong></span> 
     </span>
    </p>
   </div>
   <div class='ocr_carea' id='block_1_92' title="bbox 2092 2995 3672 3072">
    <p class='ocr_par' dir='ltr' id='par_1_92' title="bbox 2092 2995 3672 3072">
     <span class='ocr_line' id='line_1_92' title="bbox 2092 2995 3672 3072; baseline 0.01 -23"><span class='ocrx_word' id='word_1_713' title='bbox 2092 2995 2382 3063; x_wconf 86' lang='lat' dir='ltr'><strong>admovet,</strong></span> <span class='ocrx_word' id='word_1_714' title='bbox 2428 2999 2519 3052; x_wconf 88' lang='lat' dir='ltr'><strong>sed</strong></span> <span class='ocrx_word' id='word_1_715' title='bbox 2550 3015 2712 3069; x_wconf 89' lang='lat' dir='ltr'><strong>penes</strong></span> <span class='ocrx_word' id='word_1_716' title='bbox 2749 3001 2896 3055; x_wconf 88' lang='lat' dir='ltr'><strong>illum</strong></span> <span class='ocrx_word' id='word_1_717' title='bbox 2929 3004 3019 3072; x_wconf 90' lang='lat' dir='ltr'><strong>qui</strong></span> <span class='ocrx_word' id='word_1_718' title='bbox 3065 3007 3250 3060; x_wconf 89' lang='lat' dir='ltr'><strong>morbo</strong></span> <span class='ocrx_word' id='word_1_719' title='bbox 3297 3007 3518 3062; x_wconf 86' lang='lat' dir='ltr'><strong>laborat.</strong></span> <span class='ocrx_word' id='word_1_720' title='bbox 3563 3010 3672 3066; x_wconf 91' lang='lat' dir='ltr'><strong>lloc</strong></span> 
     </span>
    </p>
   </div>
   <div class='ocr_carea' id='block_1_93' title="bbox 2091 3087 3672 3162">
    <p class='ocr_par' dir='ltr' id='par_1_93' title="bbox 2091 3087 3672 3162">
     <span class='ocr_line' id='line_1_93' title="bbox 2091 3087 3672 3162; baseline 0.008 -20"><span class='ocrx_word' id='word_1_721' title='bbox 2091 3087 2234 3142; x_wconf 89' lang='lat' dir='ltr'><strong>enim</strong></span> <span class='ocrx_word' id='word_1_722' title='bbox 2281 3104 2401 3142; x_wconf 90' lang='lat' dir='ltr'><strong>cum</strong></span> <span class='ocrx_word' id='word_1_723' title='bbox 2458 3099 2637 3145; x_wconf 89' lang='lat' dir='ltr'><strong>nosset</strong></span> <span class='ocrx_word' id='word_1_724' title='bbox 2690 3091 3035 3147; x_wconf 89' lang='lat' dir='ltr'><strong>admirandus</strong></span> <span class='ocrx_word' id='word_1_725' title='bbox 3095 3095 3185 3150; x_wconf 87' lang='lat' dir='ltr'><strong>ille</strong></span> <span class='ocrx_word' id='word_1_726' title='bbox 3235 3097 3346 3162; x_wconf 87' lang='lat' dir='ltr'><strong>vir,</strong></span> <span class='ocrx_word' id='word_1_727' title='bbox 3387 3099 3672 3155; x_wconf 81' lang='lat' dir='ltr'><strong>Corinthiis</strong></span> 
     </span>
    </p>
   </div>
   <div class='ocr_carea' id='block_1_94' title="bbox 2092 3177 3667 3260">
    <p class='ocr_par' dir='ltr' id='par_1_94' title="bbox 2092 3177 3667 3260">
     <span class='ocr_line' id='line_1_94' title="bbox 2092 3177 3667 3260; baseline 0.007 -28"><span class='ocrx_word' id='word_1_728' title='bbox 2092 3177 2336 3234; x_wconf 89' lang='lat' dir='ltr'><strong>dicebat:</strong></span> <span class='ocrx_word' id='word_1_729' title='bbox 2366 3178 2482 3233; x_wconf 87' lang='lat' dir='ltr'><strong>Non</strong></span> <span class='ocrx_word' id='word_1_730' title='bbox 2503 3181 2634 3234; x_wconf 88' lang='lat' dir='ltr'><strong>enim</strong></span> <span class='ocrx_word' id='word_1_731' title='bbox 2663 3181 2983 3237; x_wconf 82' lang='lat' dir='ltr'><strong>dominamur</strong></span> <span class='ocrx_word' id='word_1_732' title='bbox 3007 3184 3127 3252; x_wconf 74' lang='lat' dir='ltr'><strong>fidei</strong></span> <span class='ocrx_word' id='word_1_733' title='bbox 3155 3195 3328 3240; x_wconf 75' lang='lat' dir='ltr'><strong>uestra:</strong></span> <span class='ocrx_word' id='word_1_734' title='bbox 3351 3229 3365 3251; x_wconf 96' lang='lat'><strong>,</strong></span> <span class='ocrx_word' id='word_1_735' title='bbox 3397 3189 3485 3242; x_wconf 86' lang='lat' dir='ltr'><strong>sed</strong></span> <span class='ocrx_word' id='word_1_736' title='bbox 3513 3192 3667 3260; x_wconf 86' lang='lat' dir='ltr'><strong>adju-</strong></span> 
     </span>
    </p>
   </div>
   <div class='ocr_carea' id='block_1_95' title="bbox 2095 3272 3673 3347">
    <p class='ocr_par' dir='ltr' id='par_1_95' title="bbox 2095 3272 3673 3347">
     <span class='ocr_line' id='line_1_95' title="bbox 2095 3272 3673 3347; baseline 0.01 -29"><span class='ocrx_word' id='word_1_737' title='bbox 2095 3277 2227 3322; x_wconf 87' lang='lat' dir='ltr'><strong>tores</strong></span> <span class='ocrx_word' id='word_1_738' title='bbox 2262 3285 2434 3322; x_wconf 85' lang='lat' dir='ltr'><strong>sumus</strong></span> <span class='ocrx_word' id='word_1_739' title='bbox 2485 3272 2662 3340; x_wconf 83' lang='lat' dir='ltr'><strong>gaudii</strong></span> <span class='ocrx_word' id='word_1_740' title='bbox 2697 3273 2846 3326; x_wconf 83' lang='lat' dir='ltr'><strong>vestri</strong></span> <span class='ocrx_word' id='word_1_741' title='bbox 2892 3272 2969 3343; x_wconf 89' lang='grc'><strong>(2.</strong></span> <span class='ocrx_word' id='word_1_742' title='bbox 2999 3273 3115 3328; x_wconf 86' lang='lat' dir='ltr'><strong>Cor.</strong></span> <span class='ocrx_word' id='word_1_743' title='bbox 3147 3277 3198 3329; x_wconf 84' lang='grc'><strong>1.</strong></span> <span class='ocrx_word' id='word_1_744' title='bbox 3223 3275 3336 3347; x_wconf 81' lang='grc'>25).</span> <span class='ocrx_word' id='word_1_745' title='bbox 3363 3275 3673 3334; x_wconf 88' lang='lat' dir='ltr'><strong>Christianis</strong></span> 
     </span>
    </p>
   </div>
   <div class='ocr_carea' id='block_1_96' title="bbox 2093 3357 3672 3434">
    <p class='ocr_par' dir='ltr' id='par_1_96' title="bbox 2093 3357 3672 3434">
     <span class='ocr_line' id='line_1_96' title="bbox 2093 3357 3672 3434; baseline 0.008 -22"><span class='ocrx_word' id='word_1_746' title='bbox 2093 3357 2238 3412; x_wconf 88' lang='lat' dir='ltr'><strong>enim</strong></span> <span class='ocrx_word' id='word_1_747' title='bbox 2290 3358 2508 3414; x_wconf 88' lang='lat' dir='ltr'><strong>minime</strong></span> <span class='ocrx_word' id='word_1_748' title='bbox 2545 3361 2779 3416; x_wconf 90' lang='lat' dir='ltr'><strong>omnium</strong></span> <span class='ocrx_word' id='word_1_749' title='bbox 2835 3363 2954 3418; x_wconf 86' lang='lat' dir='ltr'><strong>licet</strong></span> <span class='ocrx_word' id='word_1_750' title='bbox 3007 3363 3198 3422; x_wconf 88' lang='lat' dir='ltr'><strong>delicta</strong></span> <span class='ocrx_word' id='word_1_751' title='bbox 3255 3369 3580 3434; x_wconf 87' lang='lat' dir='ltr'><strong>peccantium</strong></span> <span class='ocrx_word' id='word_1_752' title='bbox 3623 3373 3672 3425; x_wconf 90' lang='lat' dir='ltr'><strong>vi</strong></span> 
     </span>
    </p>
   </div>
   <div class='ocr_carea' id='block_1_97' title="bbox 2094 3450 3675 3524">
    <p class='ocr_par' dir='ltr' id='par_1_97' title="bbox 2094 3450 3675 3524">
     <span class='ocr_line' id='line_1_97' title="bbox 2094 3450 3675 3524; baseline 0.008 -21"><span class='ocrx_word' id='word_1_753' title='bbox 2094 3450 2402 3506; x_wconf 88' lang='lat' dir='ltr'><strong>emendare.</strong></span> <span class='ocrx_word' id='word_1_754' title='bbox 2435 3451 2618 3507; x_wconf 82' lang='lat' dir='ltr'><strong>Exteri</strong></span> <span class='ocrx_word' id='word_1_755' title='bbox 2656 3455 2870 3523; x_wconf 82' lang='lat' dir='ltr'><strong>quidem</strong></span> <span class='ocrx_word' id='word_1_756' title='bbox 2895 3455 3103 3524; x_wconf 87' lang='lat' dir='ltr'><strong>judices</strong></span> <span class='ocrx_word' id='word_1_757' title='bbox 3137 3456 3464 3514; x_wconf 75' lang='lat' dir='ltr'><strong>facinorosos</strong></span> <span class='ocrx_word' id='word_1_758' title='bbox 3505 3461 3675 3515; x_wconf 79' lang='lat' dir='ltr'><strong>luntri-</strong></span> 
     </span>
    </p>
   </div>
   <div class='ocr_carea' id='block_1_98' title="bbox 2095 3544 3671 3620">
    <p class='ocr_par' dir='ltr' id='par_1_98' title="bbox 2095 3544 3671 3620">
     <span class='ocr_line' id='line_1_98' title="bbox 2095 3544 3671 3620; baseline 0.006 -23"><span class='ocrx_word' id='word_1_759' title='bbox 2095 3558 2229 3608; x_wconf 77' lang='lat' dir='ltr'><strong>nes,</strong></span> <span class='ocrx_word' id='word_1_760' title='bbox 2271 3545 2361 3613; x_wconf 91' lang='lat' dir='ltr'><strong>qui</strong></span> <span class='ocrx_word' id='word_1_761' title='bbox 2400 3544 2692 3600; x_wconf 90' lang='lat' dir='ltr'><strong>secundum</strong></span> <span class='ocrx_word' id='word_1_762' title='bbox 2747 3546 2890 3617; x_wconf 88' lang='lat' dir='ltr'><strong>leges</strong></span> <span class='ocrx_word' id='word_1_763' title='bbox 2924 3549 3060 3617; x_wconf 82' lang='lat' dir='ltr'><strong>capti</strong></span> <span class='ocrx_word' id='word_1_764' title='bbox 3092 3559 3215 3603; x_wconf 89' lang='lat' dir='ltr'><strong>sunt</strong></span> <span class='ocrx_word' id='word_1_765' title='bbox 3247 3591 3262 3615; x_wconf 94' lang='lat'><strong>,</strong></span> <span class='ocrx_word' id='word_1_766' title='bbox 3313 3566 3498 3620; x_wconf 88' lang='lat' dir='ltr'><strong>magna</strong></span> <span class='ocrx_word' id='word_1_767' title='bbox 3551 3567 3671 3606; x_wconf 89' lang='lat' dir='ltr'><strong>cum</strong></span> 
     </span>
    </p>
   </div>
   <div class='ocr_carea' id='block_1_99' title="bbox 2095 3635 3674 3710">
    <p class='ocr_par' dir='ltr' id='par_1_99' title="bbox 2095 3635 3674 3710">
     <span class='ocr_line' id='line_1_99' title="bbox 2095 3635 3674 3710; baseline 0.007 -24"><span class='ocrx_word' id='word_1_768' title='bbox 2095 3636 2410 3690; x_wconf 86' lang='lat' dir='ltr'><strong>auctoritate</strong></span> <span class='ocrx_word' id='word_1_769' title='bbox 2481 3635 2762 3703; x_wconf 86' lang='lat' dir='ltr'><strong>cohibent,</strong></span> <span class='ocrx_word' id='word_1_770' title='bbox 2806 3653 2867 3692; x_wconf 90' lang='lat' dir='ltr'><strong>ac</strong></span> <span class='ocrx_word' id='word_1_771' title='bbox 2895 3639 2975 3693; x_wconf 87' lang='lat' dir='ltr'><strong>vel</strong></span> <span class='ocrx_word' id='word_1_772' title='bbox 3003 3641 3193 3693; x_wconf 86' lang='lat' dir='ltr'><strong>invitos</strong></span> <span class='ocrx_word' id='word_1_773' title='bbox 3233 3656 3261 3694; x_wconf 89' lang='lat' dir='ltr'><strong>a</strong></span> <span class='ocrx_word' id='word_1_774' title='bbox 3303 3643 3538 3696; x_wconf 87' lang='lat' dir='ltr'><strong>moribus</strong></span> <span class='ocrx_word' id='word_1_775' title='bbox 3566 3645 3674 3710; x_wconf 86' lang='lat' dir='ltr'><strong>pri-</strong></span> 
     </span>
    </p>
   </div>
   <div class='ocr_carea' id='block_1_100' title="bbox 2096 3727 3672 3803">
    <p class='ocr_par' dir='ltr' id='par_1_100' title="bbox 2096 3727 3672 3803">
     <span class='ocr_line' id='line_1_100' title="bbox 2096 3727 3672 3803; baseline 0.006 -23"><span class='ocrx_word' id='word_1_776' title='bbox 2096 3727 2247 3781; x_wconf 89' lang='lat' dir='ltr'><strong>stinis</strong></span> <span class='ocrx_word' id='word_1_777' title='bbox 2273 3735 2455 3781; x_wconf 84' lang='lat' dir='ltr'><strong>arcent</strong></span> <span class='ocrx_word' id='word_1_778' title='bbox 2483 3745 2494 3780; x_wconf 95' lang='lat'><strong>:</strong></span> <span class='ocrx_word' id='word_1_779' title='bbox 2529 3729 2615 3782; x_wconf 90' lang='lat' dir='ltr'><strong>hic</strong></span> <span class='ocrx_word' id='word_1_780' title='bbox 2651 3738 2826 3784; x_wconf 90' lang='lat' dir='ltr'><strong>autem</strong></span> <span class='ocrx_word' id='word_1_781' title='bbox 2868 3747 2972 3784; x_wconf 91' lang='lat' dir='ltr'><strong>non</strong></span> <span class='ocrx_word' id='word_1_782' title='bbox 3014 3732 3060 3786; x_wconf 92' lang='lat' dir='ltr'><strong>vi</strong></span> <span class='ocrx_word' id='word_1_783' title='bbox 3103 3732 3348 3789; x_wconf 87' lang='lat' dir='ltr'><strong>adactum</strong></span> <span class='ocrx_word' id='word_1_784' title='bbox 3378 3775 3392 3799; x_wconf 90' lang='lat'><strong>,</strong></span> <span class='ocrx_word' id='word_1_785' title='bbox 3422 3735 3519 3788; x_wconf 87' lang='lat' dir='ltr'><strong>sed</strong></span> <span class='ocrx_word' id='word_1_786' title='bbox 3551 3749 3672 3803; x_wconf 87' lang='lat' dir='ltr'><strong>per-</strong></span> 
     </span>
    </p>
   </div>
   <div class='ocr_carea' id='block_1_101' title="bbox 2096 3820 3671 3894">
    <p class='ocr_par' dir='ltr' id='par_1_101' title="bbox 2096 3820 3671 3894">
     <span class='ocr_line' id='line_1_101' title="bbox 2096 3820 3671 3894; baseline 0.004 -20"><span class='ocrx_word' id='word_1_787' title='bbox 2096 3835 2311 3874; x_wconf 84' lang='lat' dir='ltr'><strong>suasum</strong></span> <span class='ocrx_word' id='word_1_788' title='bbox 2355 3820 2650 3888; x_wconf 89' lang='lat' dir='ltr'><strong>hujusmodi</strong></span> <span class='ocrx_word' id='word_1_789' title='bbox 2701 3822 2970 3878; x_wconf 87' lang='lat' dir='ltr'><strong>hominem</strong></span> <span class='ocrx_word' id='word_1_790' title='bbox 3025 3834 3235 3894; x_wconf 88' lang='lat' dir='ltr'><strong>oportet</strong></span> <span class='ocrx_word' id='word_1_791' title='bbox 3279 3825 3345 3880; x_wconf 87' lang='lat' dir='ltr'><strong>ad</strong></span> <span class='ocrx_word' id='word_1_792' title='bbox 3395 3827 3671 3882; x_wconf 87' lang='lat' dir='ltr'><strong>meliorem</strong></span> 
     </span>
    </p>
   </div>
   <div class='ocr_carea' id='block_1_102' title="bbox 2100 3910 3676 3980">
    <p class='ocr_par' dir='ltr' id='par_1_102' title="bbox 2100 3910 3676 3980">
     <span class='ocr_line' id='line_1_102' title="bbox 2100 3910 3676 3980; baseline 0.005 -16"><span class='ocrx_word' id='word_1_793' title='bbox 2100 3910 2300 3980; x_wconf 88' lang='lat' dir='ltr'><strong>frugem</strong></span> <span class='ocrx_word' id='word_1_794' title='bbox 2356 3928 2630 3968; x_wconf 88' lang='lat' dir='ltr'><strong>revocare.</strong></span> <span class='ocrx_word' id='word_1_795' title='bbox 2661 3913 2776 3968; x_wconf 81' lang='lat' dir='ltr'><strong>Non</strong></span> <span class='ocrx_word' id='word_1_796' title='bbox 2808 3916 2950 3969; x_wconf 89' lang='lat' dir='ltr'><strong>enim</strong></span> <span class='ocrx_word' id='word_1_797' title='bbox 2996 3923 3137 3970; x_wconf 86' lang='lat' dir='ltr'><strong>tanta</strong></span> <span class='ocrx_word' id='word_1_798' title='bbox 3179 3917 3331 3972; x_wconf 77' lang='lat' dir='ltr'><strong>nobis</strong></span> <span class='ocrx_word' id='word_1_799' title='bbox 3383 3916 3603 3972; x_wconf 84' lang='lat' dir='ltr'><strong>facultas</strong></span> <span class='ocrx_word' id='word_1_800' title='bbox 3645 3935 3676 3971; x_wconf 87' lang='lat' dir='ltr'><strong>a</strong></span> 
     </span>
    </p>
   </div>
   <div class='ocr_carea' id='block_1_103' title="bbox 2099 4002 3676 4074">
    <p class='ocr_par' dir='ltr' id='par_1_103' title="bbox 2099 4002 3676 4074">
     <span class='ocr_line' id='line_1_103' title="bbox 2099 4002 3676 4074; baseline 0.004 -20"><span class='ocrx_word' id='word_1_801' title='bbox 2099 4002 2306 4071; x_wconf 87' lang='lat' dir='ltr'><strong>legibus</strong></span> <span class='ocrx_word' id='word_1_802' title='bbox 2356 4002 2514 4056; x_wconf 85' lang='lat' dir='ltr'><strong>datur</strong></span> <span class='ocrx_word' id='word_1_803' title='bbox 2573 4003 2639 4057; x_wconf 91' lang='lat' dir='ltr'><strong>ad</strong></span> <span class='ocrx_word' id='word_1_804' title='bbox 2711 4004 3078 4074; x_wconf 84' lang='lat' dir='ltr'><strong>delinquentes</strong></span> <span class='ocrx_word' id='word_1_805' title='bbox 3152 4007 3521 4072; x_wconf 88' lang='lat' dir='ltr'><strong>eoercendos;</strong></span> <span class='ocrx_word' id='word_1_806' title='bbox 3570 4008 3676 4061; x_wconf 89' lang='lat' dir='ltr'><strong>imo</strong></span> 
     </span>
    </p>
   </div>
   <div class='ocr_carea' id='block_1_104' title="bbox 2098 4092 3678 4165">
    <p class='ocr_par' dir='ltr' id='par_1_104' title="bbox 2098 4092 3678 4165">
     <span class='ocr_line' id='line_1_104' title="bbox 2098 4092 3678 4165; baseline 0.002 -18"><span class='ocrx_word' id='word_1_807' title='bbox 2098 4092 2306 4147; x_wconf 84' lang='lat' dir='ltr'><strong>etiamsi</strong></span> <span class='ocrx_word' id='word_1_808' title='bbox 2359 4093 2672 4160; x_wconf 81' lang='lat' dir='ltr'><strong>dedissent,</strong></span> <span class='ocrx_word' id='word_1_809' title='bbox 2703 4110 2806 4149; x_wconf 90' lang='lat' dir='ltr'><strong>non</strong></span> <span class='ocrx_word' id='word_1_810' title='bbox 2838 4109 3113 4164; x_wconf 89' lang='lat' dir='ltr'><strong>possemus</strong></span> <span class='ocrx_word' id='word_1_811' title='bbox 3159 4097 3243 4149; x_wconf 87' lang='lat' dir='ltr'><strong>illa</strong></span> <span class='ocrx_word' id='word_1_812' title='bbox 3288 4098 3360 4149; x_wconf 90' lang='lat' dir='ltr'><strong>uti</strong></span> <span class='ocrx_word' id='word_1_813' title='bbox 3384 4136 3402 4162; x_wconf 92' lang='lat'><strong>,</strong></span> <span class='ocrx_word' id='word_1_814' title='bbox 3441 4097 3678 4165; x_wconf 88' lang='lat' dir='ltr'><strong>quando-</strong></span> 
     </span>
    </p>
   </div>
   <div class='ocr_carea' id='block_1_105' title="bbox 2098 4185 3678 4256">
    <p class='ocr_par' dir='ltr' id='par_1_105' title="bbox 2098 4185 3678 4256">
     <span class='ocr_line' id='line_1_105' title="bbox 2098 4185 3678 4256; baseline 0.005 -22"><span class='ocrx_word' id='word_1_815' title='bbox 2098 4185 2310 4253; x_wconf 81' lang='lat' dir='ltr'><strong>quidem</strong></span> <span class='ocrx_word' id='word_1_816' title='bbox 2344 4185 2480 4238; x_wconf 89' lang='lat' dir='ltr'><strong>l)eus</strong></span> <span class='ocrx_word' id='word_1_817' title='bbox 2506 4200 2609 4238; x_wconf 90' lang='lat' dir='ltr'><strong>non</strong></span> <span class='ocrx_word' id='word_1_818' title='bbox 2640 4200 2732 4240; x_wconf 90' lang='lat' dir='ltr'><strong>eos</strong></span> <span class='ocrx_word' id='word_1_819' title='bbox 2762 4196 2999 4252; x_wconf 90' lang='lat' dir='ltr'><strong>coronat,</strong></span> <span class='ocrx_word' id='word_1_820' title='bbox 3020 4188 3104 4256; x_wconf 92' lang='lat' dir='ltr'><strong>qui</strong></span> <span class='ocrx_word' id='word_1_821' title='bbox 3131 4187 3176 4240; x_wconf 81' lang='lat' dir='ltr'><strong>vi</strong></span> <span class='ocrx_word' id='word_1_822' title='bbox 3204 4187 3371 4241; x_wconf 89' lang='lat' dir='ltr'><strong>abacti</strong></span> <span class='ocrx_word' id='word_1_823' title='bbox 3395 4203 3421 4239; x_wconf 89' lang='lat' dir='ltr'><strong>a</strong></span> <span class='ocrx_word' id='word_1_824' title='bbox 3445 4188 3678 4256; x_wconf 80' lang='lat' dir='ltr'><strong>nequitia</strong></span> 
     </span>
    </p>
   </div>
   <div class='ocr_carea' id='block_1_106' title="bbox 2099 4276 3675 4349">
    <p class='ocr_par' dir='ltr' id='par_1_106' title="bbox 2099 4276 3675 4349">
     <span class='ocr_line' id='line_1_106' title="bbox 2099 4276 3675 4349; baseline 0.004 -21"><span class='ocrx_word' id='word_1_825' title='bbox 2099 4276 2404 4340; x_wconf 76' lang='lat' dir='ltr'><strong>abstinent,</strong></span> <span class='ocrx_word' id='word_1_826' title='bbox 2450 4277 2541 4330; x_wconf 91' lang='lat' dir='ltr'><strong>sed</strong></span> <span class='ocrx_word' id='word_1_827' title='bbox 2569 4291 2661 4330; x_wconf 87' lang='lat' dir='ltr'><strong>eos</strong></span> <span class='ocrx_word' id='word_1_828' title='bbox 2690 4317 2704 4341; x_wconf 93' lang='lat'><strong>,</strong></span> <span class='ocrx_word' id='word_1_829' title='bbox 2742 4278 2828 4346; x_wconf 92' lang='lat' dir='ltr'><strong>qui</strong></span> <span class='ocrx_word' id='word_1_830' title='bbox 2890 4293 2953 4332; x_wconf 87' lang='lat' dir='ltr'><strong>ex</strong></span> <span class='ocrx_word' id='word_1_831' title='bbox 2988 4278 3154 4333; x_wconf 87' lang='lat' dir='ltr'><strong>libero</strong></span> <span class='ocrx_word' id='word_1_832' title='bbox 3200 4281 3470 4349; x_wconf 88' lang='lat' dir='ltr'><strong>proposito</strong></span> <span class='ocrx_word' id='word_1_833' title='bbox 3506 4281 3573 4334; x_wconf 87' lang='lat' dir='ltr'><strong>ab</strong></span> <span class='ocrx_word' id='word_1_834' title='bbox 3614 4295 3675 4336; x_wconf 90' lang='lat' dir='ltr'><strong>ea</strong></span> 
     </span>
    </p>
   </div>
   <div class='ocr_carea' id='block_1_107' title="bbox 2101 4365 3673 4442">
    <p class='ocr_par' dir='ltr' id='par_1_107' title="bbox 2101 4365 3673 4442">
     <span class='ocr_line' id='line_1_107' title="bbox 2101 4365 3673 4442; baseline 0.003 -22"><span class='ocrx_word' id='word_1_835' title='bbox 2101 4365 2386 4422; x_wconf 83' lang='lat' dir='ltr'><strong>declinant.</strong></span> <span class='ocrx_word' id='word_1_836' title='bbox 2415 4367 2768 4432; x_wconf 86' lang='lat' dir='ltr'><strong>Quamobrem</strong></span> <span class='ocrx_word' id='word_1_837' title='bbox 2810 4369 2973 4424; x_wconf 88' lang='lat' dir='ltr'><strong>multa</strong></span> <span class='ocrx_word' id='word_1_838' title='bbox 2998 4369 3208 4438; x_wconf 87' lang='lat' dir='ltr'><strong>quidem</strong></span> <span class='ocrx_word' id='word_1_839' title='bbox 3235 4379 3350 4426; x_wconf 89' lang='lat' dir='ltr'><strong>arte</strong></span> <span class='ocrx_word' id='word_1_840' title='bbox 3377 4385 3510 4442; x_wconf 82' lang='lat' dir='ltr'><strong>Opus</strong></span> <span class='ocrx_word' id='word_1_841' title='bbox 3555 4382 3632 4426; x_wconf 81' lang='lat' dir='ltr'><strong>est</strong></span> <span class='ocrx_word' id='word_1_842' title='bbox 3659 4413 3673 4437; x_wconf 94' lang='lat'><strong>,</strong></span> 
     </span>
    </p>
   </div>
   <div class='ocr_carea' id='block_1_108' title="bbox 2102 4457 3678 4531">
    <p class='ocr_par' dir='ltr' id='par_1_108' title="bbox 2102 4457 3678 4531">
     <span class='ocr_line' id='line_1_108' title="bbox 2102 4457 3678 4531; baseline 0.003 -20"><span class='ocrx_word' id='word_1_843' title='bbox 2102 4466 2156 4511; x_wconf 91' lang='lat' dir='ltr'><strong>ut</strong></span> <span class='ocrx_word' id='word_1_844' title='bbox 2202 4457 2326 4526; x_wconf 79' lang='lat' dir='ltr'><strong>:rgri</strong></span> <span class='ocrx_word' id='word_1_845' title='bbox 2357 4457 2686 4512; x_wconf 88' lang='lat' dir='ltr'><strong>sacerdotum</strong></span> <span class='ocrx_word' id='word_1_846' title='bbox 2720 4458 2969 4512; x_wconf 89' lang='lat' dir='ltr'><strong>remediis</strong></span> <span class='ocrx_word' id='word_1_847' title='bbox 3016 4459 3248 4514; x_wconf 69' lang='lat' dir='ltr'><strong>libenter</strong></span> <span class='ocrx_word' id='word_1_848' title='bbox 3305 4475 3364 4515; x_wconf 88' lang='lat' dir='ltr'><strong>se</strong></span> <span class='ocrx_word' id='word_1_849' title='bbox 3415 4462 3678 4531; x_wconf 84' lang='lat' dir='ltr'><strong>subjicere</strong></span> 
     </span>
    </p>
   </div>
   <div class='ocr_carea' id='block_1_109' title="bbox 2102 4546 3783 4616">
    <p class='ocr_par' dir='ltr' id='par_1_109' title="bbox 2102 4546 3783 4616">
     <span class='ocr_line' id='line_1_109' title="bbox 2102 4546 3783 4616; baseline 0.004 -15"><span class='ocrx_word' id='word_1_850' title='bbox 2102 4546 2422 4601; x_wconf 89' lang='lat' dir='ltr'><strong>suadeantur</strong></span> <span class='ocrx_word' id='word_1_851' title='bbox 2452 4565 2464 4598; x_wconf 90' lang='lat'><strong>:</strong></span> <span class='ocrx_word' id='word_1_852' title='bbox 2496 4563 2666 4616; x_wconf 85' lang='lat' dir='ltr'><strong>neque</strong></span> <span class='ocrx_word' id='word_1_853' title='bbox 2695 4548 2745 4601; x_wconf 92' lang='lat' dir='ltr'><strong>id</strong></span> <span class='ocrx_word' id='word_1_854' title='bbox 2775 4550 2943 4604; x_wconf 80' lang='lat' dir='ltr'><strong>Solum</strong></span> <span class='ocrx_word' id='word_1_855' title='bbox 2963 4590 2981 4615; x_wconf 90' lang='lat'><strong>,</strong></span> <span class='ocrx_word' id='word_1_856' title='bbox 3008 4548 3100 4606; x_wconf 86' lang='lat' dir='ltr'><strong>sed</strong></span> <span class='ocrx_word' id='word_1_857' title='bbox 3149 4560 3201 4604; x_wconf 91' lang='lat' dir='ltr'><strong>ut</strong></span> <span class='ocrx_word' id='word_1_858' title='bbox 3229 4552 3384 4606; x_wconf 91' lang='lat' dir='ltr'><strong>etiam</strong></span> <span class='ocrx_word' id='word_1_859' title='bbox 3436 4552 3536 4606; x_wconf 90' lang='lat' dir='ltr'><strong>illis</strong></span> <span class='ocrx_word' id='word_1_860' title='bbox 3566 4569 3676 4606; x_wconf 86' lang='lat' dir='ltr'><strong>mc-</strong></span> <span class='ocrx_word' id='word_1_861' title='bbox 3763 4576 3783 4594; x_wconf 77' lang='grc' dir='ltr'><em>ι</em></span> 
     </span>
    </p>
   </div>
   <div class='ocr_carea' id='block_1_110' title="bbox 2103 4637 3682 4709">
    <p class='ocr_par' dir='ltr' id='par_1_110' title="bbox 2103 4637 3682 4709">
     <span class='ocr_line' id='line_1_110' title="bbox 2103 4637 3682 4709; baseline 0.004 -19"><span class='ocrx_word' id='word_1_862' title='bbox 2103 4637 2236 4692; x_wconf 81' lang='lat' dir='ltr'><strong>delae</strong></span> <span class='ocrx_word' id='word_1_863' title='bbox 2259 4641 2485 4708; x_wconf 88' lang='lat' dir='ltr'><strong>gratiam</strong></span> <span class='ocrx_word' id='word_1_864' title='bbox 2529 4637 2777 4692; x_wconf 87' lang='lat' dir='ltr'><strong>habeant.</strong></span> <span class='ocrx_word' id='word_1_865' title='bbox 2828 4638 2958 4694; x_wconf 68' lang='lat' dir='ltr'><strong>Nam</strong></span> <span class='ocrx_word' id='word_1_866' title='bbox 2987 4640 3032 4694; x_wconf 91' lang='lat' dir='ltr'><strong>si</strong></span> <span class='ocrx_word' id='word_1_867' title='bbox 3063 4640 3180 4709; x_wconf 88' lang='lat' dir='ltr'><strong>quis</strong></span> <span class='ocrx_word' id='word_1_868' title='bbox 3232 4640 3436 4696; x_wconf 87' lang='lat' dir='ltr'><strong>vinetus</strong></span> <span class='ocrx_word' id='word_1_869' title='bbox 3483 4643 3682 4697; x_wconf 89' lang='lat' dir='ltr'><strong>resiliat</strong></span> 
     </span>
    </p>
   </div>
   <div class='ocr_carea' id='block_1_111' title="bbox 2103 4719 3679 4800">
    <p class='ocr_par' dir='ltr' id='par_1_111' title="bbox 2103 4719 3679 4800">
     <span class='ocr_line' id='line_1_111' title="bbox 2103 4719 3679 4800; baseline 0.003 -19"><span class='ocrx_word' id='word_1_870' title='bbox 2103 4729 2177 4798; x_wconf 93' lang='lat' dir='ltr'><strong>(id</strong></span> <span class='ocrx_word' id='word_1_871' title='bbox 2219 4730 2358 4784; x_wconf 89' lang='lat' dir='ltr'><strong>enim</strong></span> <span class='ocrx_word' id='word_1_872' title='bbox 2391 4745 2553 4799; x_wconf 89' lang='lat' dir='ltr'><strong>penes</strong></span> <span class='ocrx_word' id='word_1_873' title='bbox 2582 4731 2751 4798; x_wconf 77' lang='lat' dir='ltr'><strong>ipsum</strong></span> <span class='ocrx_word' id='word_1_874' title='bbox 2778 4731 2904 4799; x_wconf 87' lang='lat' dir='ltr'><strong>est),</strong></span> <span class='ocrx_word' id='word_1_875' title='bbox 2949 4732 3164 4800; x_wconf 87' lang='lat' dir='ltr'><strong>gravius</strong></span> <span class='ocrx_word' id='word_1_876' title='bbox 3189 4719 3315 4787; x_wconf 34' lang='lat' dir='ltr'><strong>&#39;sibi</strong></span> <span class='ocrx_word' id='word_1_877' title='bbox 3355 4732 3548 4786; x_wconf 84' lang='lat' dir='ltr'><strong>malum</strong></span> <span class='ocrx_word' id='word_1_878' title='bbox 3598 4733 3679 4786; x_wconf 89' lang='lat' dir='ltr'><strong>ef-</strong></span> 
     </span>
    </p>
   </div>
   <div class='ocr_carea' id='block_1_112' title="bbox 2104 4820 3677 4887">
    <p class='ocr_par' dir='ltr' id='par_1_112' title="bbox 2104 4820 3677 4887">
     <span class='ocr_line' id='line_1_112' title="bbox 2104 4820 3677 4887; baseline 0.003 -14"><span class='ocrx_word' id='word_1_879' title='bbox 2104 4821 2253 4886; x_wconf 87' lang='lat' dir='ltr'><strong>ficit;</strong></span> <span class='ocrx_word' id='word_1_880' title='bbox 2296 4821 2342 4878; x_wconf 89' lang='lat' dir='ltr'><strong>si</strong></span> <span class='ocrx_word' id='word_1_881' title='bbox 2381 4823 2651 4876; x_wconf 82' lang='lat' dir='ltr'><strong>monentis</strong></span> <span class='ocrx_word' id='word_1_882' title='bbox 2680 4820 2870 4885; x_wconf 88' lang='lat' dir='ltr'><strong>verba,</strong></span> <span class='ocrx_word' id='word_1_883' title='bbox 2907 4820 3032 4877; x_wconf 87' lang='lat' dir='ltr'><strong>ferri</strong></span> <span class='ocrx_word' id='word_1_884' title='bbox 3086 4838 3234 4876; x_wconf 91' lang='lat' dir='ltr'><strong>more</strong></span> <span class='ocrx_word' id='word_1_885' title='bbox 3263 4823 3491 4878; x_wconf 86' lang='lat' dir='ltr'><strong>secantia</strong></span> <span class='ocrx_word' id='word_1_886' title='bbox 3519 4864 3534 4887; x_wconf 94' lang='lat'><strong>,</strong></span> <span class='ocrx_word' id='word_1_887' title='bbox 3590 4839 3677 4878; x_wconf 90' lang='lat' dir='ltr'><strong>re-</strong></span> 
     </span>
    </p>
   </div>
   <div class='ocr_carea' id='block_1_113' title="bbox 2102 4911 3680 4981">
    <p class='ocr_par' dir='ltr' id='par_1_113' title="bbox 2102 4911 3680 4981">
     <span class='ocr_line' id='line_1_113' title="bbox 2102 4911 3680 4981; baseline 0.003 -17"><span class='ocrx_word' id='word_1_888' title='bbox 2102 4911 2306 4980; x_wconf 85' lang='lat' dir='ltr'><strong>Spuerit</strong></span> <span class='ocrx_word' id='word_1_889' title='bbox 2331 4952 2346 4974; x_wconf 96' lang='lat'><strong>,</strong></span> <span class='ocrx_word' id='word_1_890' title='bbox 2377 4921 2681 4980; x_wconf 87' lang='lat' dir='ltr'><strong>eontemptu</strong></span> <span class='ocrx_word' id='word_1_891' title='bbox 2736 4926 2834 4966; x_wconf 90' lang='lat' dir='ltr'><strong>suo</strong></span> <span class='ocrx_word' id='word_1_892' title='bbox 2866 4912 3009 4966; x_wconf 91' lang='lat' dir='ltr'><strong>aliud</strong></span> <span class='ocrx_word' id='word_1_893' title='bbox 3038 4913 3137 4966; x_wconf 87' lang='lat' dir='ltr'><strong>sibi</strong></span> <span class='ocrx_word' id='word_1_894' title='bbox 3167 4913 3355 4967; x_wconf 86' lang='lat' dir='ltr'><strong>vulnus</strong></span> <span class='ocrx_word' id='word_1_895' title='bbox 3384 4913 3581 4981; x_wconf 87' lang='lat' dir='ltr'><strong>adjicit,</strong></span> <span class='ocrx_word' id='word_1_896' title='bbox 3617 4930 3680 4969; x_wconf 89' lang='lat' dir='ltr'><strong>ae</strong></span> 
     </span>
    </p>
   </div>
   <div class='ocr_carea' id='block_1_114' title="bbox 2102 5001 3681 5057">
    <p class='ocr_par' dir='ltr' id='par_1_114' title="bbox 2102 5001 3681 5057">
     <span class='ocr_line' id='line_1_114' title="bbox 2102 5001 3681 5057; baseline 0.001 -3"><span class='ocrx_word' id='word_1_897' title='bbox 2102 5001 2322 5056; x_wconf 84' lang='lat' dir='ltr'><strong>medehe</strong></span> <span class='ocrx_word' id='word_1_898' title='bbox 2360 5002 2638 5056; x_wconf 86' lang='lat' dir='ltr'><strong>occasione</strong></span> <span class='ocrx_word' id='word_1_899' title='bbox 2680 5001 3090 5057; x_wconf 85' lang='lat' dir='ltr'><strong>vehementioris</strong></span> <span class='ocrx_word' id='word_1_900' title='bbox 3117 5004 3286 5057; x_wconf 87' lang='lat' dir='ltr'><strong>morbi</strong></span> <span class='ocrx_word' id='word_1_901' title='bbox 3313 5017 3468 5056; x_wconf 85' lang='lat' dir='ltr'><strong>causa</strong></span> <span class='ocrx_word' id='word_1_902' title='bbox 3511 5005 3681 5056; x_wconf 82' lang='lat' dir='ltr'><strong>nasci-</strong></span> 
     </span>
    </p>
   </div>
   <div class='ocr_carea' id='block_1_115' title="bbox 2104 5092 3679 5161">
    <p class='ocr_par' dir='ltr' id='par_1_115' title="bbox 2104 5092 3679 5161">
     <span class='ocr_line' id='line_1_115' title="bbox 2104 5092 3679 5161; baseline 0.001 -16"><span class='ocrx_word' id='word_1_903' title='bbox 2104 5103 2189 5148; x_wconf 86' lang='lat' dir='ltr'><strong>tur</strong></span> <span class='ocrx_word' id='word_1_904' title='bbox 2217 5109 2230 5144; x_wconf 89' lang='lat'><strong>:</strong></span> <span class='ocrx_word' id='word_1_905' title='bbox 2261 5106 2431 5160; x_wconf 89' lang='lat' dir='ltr'><strong>neque</strong></span> <span class='ocrx_word' id='word_1_906' title='bbox 2460 5096 2601 5147; x_wconf 84' lang='lat' dir='ltr'><strong>enim</strong></span> <span class='ocrx_word' id='word_1_907' title='bbox 2639 5102 2721 5146; x_wconf 92' lang='lat' dir='ltr'><strong>est</strong></span> <span class='ocrx_word' id='word_1_908' title='bbox 2747 5093 2836 5161; x_wconf 88' lang='lat' dir='ltr'><strong>qui</strong></span> <span class='ocrx_word' id='word_1_909' title='bbox 2867 5093 2972 5146; x_wconf 88' lang='lat' dir='ltr'><strong>vim</strong></span> <span class='ocrx_word' id='word_1_910' title='bbox 2998 5092 3185 5147; x_wconf 83' lang='lat' dir='ltr'><strong>atl‘erat</strong></span> <span class='ocrx_word' id='word_1_911' title='bbox 3211 5135 3226 5158; x_wconf 94' lang='lat'><strong>,</strong></span> <span class='ocrx_word' id='word_1_912' title='bbox 3259 5108 3357 5147; x_wconf 89' lang='lat' dir='ltr'><strong>nec</strong></span> <span class='ocrx_word' id='word_1_913' title='bbox 3378 5092 3464 5161; x_wconf 91' lang='lat' dir='ltr'><strong>qui</strong></span> <span class='ocrx_word' id='word_1_914' title='bbox 3492 5106 3679 5146; x_wconf 88' lang='lat' dir='ltr'><strong>curare</strong></span> 
     </span>
    </p>
   </div>
   <div class='ocr_carea' id='block_1_116' title="bbox 2103 5184 2562 5254">
    <p class='ocr_par' dir='ltr' id='par_1_116' title="bbox 2103 5184 2562 5254">
     <span class='ocr_line' id='line_1_116' title="bbox 2103 5184 2562 5254; baseline -0.002 -15"><span class='ocrx_word' id='word_1_915' title='bbox 2103 5185 2325 5241; x_wconf 88' lang='lat' dir='ltr'><strong>invitum</strong></span> <span class='ocrx_word' id='word_1_916' title='bbox 2378 5184 2562 5254; x_wconf 87' lang='lat' dir='ltr'><strong>possit.</strong></span> 
     </span>
    </p>
   </div>
   <div class='ocr_carea' id='block_1_117' title="bbox 2172 5271 3681 5345">
    <p class='ocr_par' dir='ltr' id='par_1_117' title="bbox 2172 5271 3681 5345">
     <span class='ocr_line' id='line_1_117' title="bbox 2172 5271 3681 5345; baseline -0.003 -15"><span class='ocrx_word' id='word_1_917' title='bbox 2172 5276 2225 5330; x_wconf 64' lang='grc' dir='ltr'><strong>ὁ.</strong></span> <span class='ocrx_word' id='word_1_918' title='bbox 2259 5275 2387 5330; x_wconf 78' lang='lat' dir='ltr'><strong>Rem</strong></span> <span class='ocrx_word' id='word_1_919' title='bbox 2433 5291 2536 5328; x_wconf 74' lang='lat' dir='ltr'><strong>esse</strong></span> <span class='ocrx_word' id='word_1_920' title='bbox 2590 5274 2790 5345; x_wconf 83' lang='lat' dir='ltr'><strong>plenam</strong></span> <span class='ocrx_word' id='word_1_921' title='bbox 2839 5272 3180 5343; x_wconf 68' lang='lat' dir='ltr'><strong>difficultatum</strong></span> <span class='ocrx_word' id='word_1_922' title='bbox 3225 5288 3285 5325; x_wconf 84' lang='lat' dir='ltr'><strong>ac</strong></span> <span class='ocrx_word' id='word_1_923' title='bbox 3325 5271 3681 5338; x_wconf 83' lang='lat' dir='ltr'><strong>periculorum.</strong></span> 
     </span>
    </p>
   </div>
   <div class='ocr_carea' id='block_1_118' title="bbox 2099 5361 3683 5435">
    <p class='ocr_par' dir='ltr' id='par_1_118' title="bbox 2099 5361 3683 5435">
     <span class='ocr_line' id='line_1_118' title="bbox 2099 5361 3683 5435; baseline -0.003 -16"><span class='ocrx_word' id='word_1_924' title='bbox 2099 5365 2322 5434; x_wconf 85' lang='lat' dir='ltr'><strong>——Quid</strong></span> <span class='ocrx_word' id='word_1_925' title='bbox 2353 5365 2509 5435; x_wconf 89' lang='lat' dir='ltr'><strong>igitur</strong></span> <span class='ocrx_word' id='word_1_926' title='bbox 2529 5365 2786 5434; x_wconf 89' lang='lat' dir='ltr'><strong>agendum</strong></span> <span class='ocrx_word' id='word_1_927' title='bbox 2809 5364 2831 5417; x_wconf 92' lang='lat'><strong>?</strong></span> <span class='ocrx_word' id='word_1_928' title='bbox 2851 5364 3061 5419; x_wconf 87' lang='lat' dir='ltr'><strong>Etenim</strong></span> <span class='ocrx_word' id='word_1_929' title='bbox 3111 5363 3155 5416; x_wconf 89' lang='lat' dir='ltr'><strong>si</strong></span> <span class='ocrx_word' id='word_1_930' title='bbox 3187 5361 3365 5416; x_wconf 85' lang='lat' dir='ltr'><strong>mitius</strong></span> <span class='ocrx_word' id='word_1_931' title='bbox 3410 5377 3534 5430; x_wconf 88' lang='lat' dir='ltr'><strong>agas</strong></span> <span class='ocrx_word' id='word_1_932' title='bbox 3562 5377 3683 5416; x_wconf 85' lang='lat' dir='ltr'><strong>cunt</strong></span> 
     </span>
    </p>
   </div>
   <div class='ocr_carea' id='block_1_119' title="bbox 2099 5453 3681 5527">
    <p class='ocr_par' dir='ltr' id='par_1_119' title="bbox 2099 5453 3681 5527">
     <span class='ocr_line' id='line_1_119' title="bbox 2099 5453 3681 5527; baseline -0.006 -15"><span class='ocrx_word' id='word_1_933' title='bbox 2099 5473 2184 5523; x_wconf 90' lang='lat' dir='ltr'><strong>eo,</strong></span> <span class='ocrx_word' id='word_1_934' title='bbox 2211 5456 2298 5527; x_wconf 91' lang='lat' dir='ltr'><strong>qui</strong></span> <span class='ocrx_word' id='word_1_935' title='bbox 2317 5472 2504 5525; x_wconf 85' lang='lat' dir='ltr'><strong>magna</strong></span> <span class='ocrx_word' id='word_1_936' title='bbox 2530 5456 2766 5510; x_wconf 87' lang='lat' dir='ltr'><strong>sectione</strong></span> <span class='ocrx_word' id='word_1_937' title='bbox 2809 5469 2941 5522; x_wconf 86' lang='lat' dir='ltr'><strong>opus</strong></span> <span class='ocrx_word' id='word_1_938' title='bbox 2974 5454 3151 5519; x_wconf 79' lang='lat' dir='ltr'><strong>habet,</strong></span> <span class='ocrx_word' id='word_1_939' title='bbox 3181 5469 3352 5523; x_wconf 88' lang='lat' dir='ltr'><strong>neque</strong></span> <span class='ocrx_word' id='word_1_940' title='bbox 3372 5453 3681 5524; x_wconf 83' lang='lat' dir='ltr'><strong>profundam</strong></span> 
     </span>
    </p>
   </div>
   <div class='ocr_carea' id='block_1_120' title="bbox 2099 5544 3681 5620">
    <p class='ocr_par' dir='ltr' id='par_1_120' title="bbox 2099 5544 3681 5620">
     <span class='ocr_line' id='line_1_120' title="bbox 2099 5544 3681 5620; baseline -0.008 -15"><span class='ocrx_word' id='word_1_941' title='bbox 2099 5565 2233 5620; x_wconf 89' lang='lat' dir='ltr'><strong>opus</strong></span> <span class='ocrx_word' id='word_1_942' title='bbox 2263 5547 2472 5601; x_wconf 89' lang='lat' dir='ltr'><strong>habenti</strong></span> <span class='ocrx_word' id='word_1_943' title='bbox 2504 5546 2708 5616; x_wconf 85' lang='lat' dir='ltr'><strong>plagam</strong></span> <span class='ocrx_word' id='word_1_944' title='bbox 2737 5545 2958 5614; x_wconf 83' lang='lat' dir='ltr'><strong>infligas,</strong></span> <span class='ocrx_word' id='word_1_945' title='bbox 2987 5554 3189 5613; x_wconf 88' lang='lat' dir='ltr'><strong>partem</strong></span> <span class='ocrx_word' id='word_1_946' title='bbox 3240 5544 3475 5599; x_wconf 88' lang='lat' dir='ltr'><strong>vulneris</strong></span> <span class='ocrx_word' id='word_1_947' title='bbox 3501 5545 3681 5598; x_wconf 72' lang='lat' dir='ltr'><strong>absur-</strong></span> 
     </span>
    </p>
   </div>
   <div class='ocr_carea' id='block_1_121' title="bbox 2100 5637 3686 5710">
    <p class='ocr_par' dir='ltr' id='par_1_121' title="bbox 2100 5637 3686 5710">
     <span class='ocr_line' id='line_1_121' title="bbox 2100 5637 3686 5710; baseline -0.006 -14"><span class='ocrx_word' id='word_1_948' title='bbox 2100 5641 2222 5703; x_wconf 68' lang='lat' dir='ltr'><strong>listi,</strong></span> <span class='ocrx_word' id='word_1_949' title='bbox 2243 5649 2445 5710; x_wconf 90' lang='lat' dir='ltr'><strong>partem</strong></span> <span class='ocrx_word' id='word_1_950' title='bbox 2477 5639 2726 5708; x_wconf 90' lang='lat' dir='ltr'><strong>reliquisti</strong></span> <span class='ocrx_word' id='word_1_951' title='bbox 2750 5655 2763 5703; x_wconf 91' lang='lat'><strong>;</strong></span> <span class='ocrx_word' id='word_1_952' title='bbox 2794 5638 2874 5691; x_wconf 91' lang='lat' dir='ltr'><strong>sin</strong></span> <span class='ocrx_word' id='word_1_953' title='bbox 2905 5637 3206 5707; x_wconf 85' lang='lat' dir='ltr'><strong>requisitam</strong></span> <span class='ocrx_word' id='word_1_954' title='bbox 3224 5638 3510 5692; x_wconf 88' lang='lat' dir='ltr'><strong>sectionem</strong></span> <span class='ocrx_word' id='word_1_955' title='bbox 3538 5650 3686 5706; x_wconf 84' lang='lat' dir='ltr'><strong>pror-</strong></span> 
     </span>
    </p>
   </div>
   <div class='ocr_carea' id='block_1_122' title="bbox 2099 5729 3684 5803">
    <p class='ocr_par' dir='ltr' id='par_1_122' title="bbox 2099 5729 3684 5803">
     <span class='ocr_line' id='line_1_122' title="bbox 2099 5729 3684 5803; baseline -0.006 -16"><span class='ocrx_word' id='word_1_956' title='bbox 2099 5747 2190 5787; x_wconf 86' lang='lat' dir='ltr'><strong>sus</strong></span> <span class='ocrx_word' id='word_1_957' title='bbox 2209 5731 2536 5800; x_wconf 85' lang='lat' dir='ltr'><strong>adhibueris,</strong></span> <span class='ocrx_word' id='word_1_958' title='bbox 2566 5747 2709 5803; x_wconf 78' lang='lat' dir='ltr'><strong>s-.epc</strong></span> <span class='ocrx_word' id='word_1_959' title='bbox 2743 5731 3052 5787; x_wconf 88' lang='lat' dir='ltr'><strong>ille-doloris</strong></span> <span class='ocrx_word' id='word_1_960' title='bbox 3103 5730 3424 5801; x_wconf 86' lang='lat' dir='ltr'><strong>impatientia</strong></span> <span class='ocrx_word' id='word_1_961' title='bbox 3452 5729 3684 5782; x_wconf 84' lang='lat' dir='ltr'><strong>animum</strong></span> 
     </span>
    </p>
   </div>
  </div>
