4050 6160
365 323 466 380 655

362 430 724 501 despondcns,
748 431 992 486 omnibus
1040 430 1319 486 confertim
1355 431 1587 499 rejectis,
1612 440 1726 484 tum
1773 429 1940 485 medi-

361 523 501 590 cina,
536 532 645 578 tum
702 523 970 595 ligamine,
1004 524 1234 592 seipsum
1274 523 1593 594 praecipitem
1631 523 1794 588 dabit,
1823 536 1952 577 con-

363 617 488 671 trito
509 616 636 686 jugo
657 631 721 671 ac
758 615 1026 672 confracto
1076 615 1303 670 vinculo.
1352 614 1606 684 Equidem
1637 615 1831 669 multos
1857 629 1946 670 re-

362 721 583 762 censere
608 721 816 776 possem
857 707 908 761 in
953 716 1187 762 extrema
1228 705 1363 759 mala
1412 705 1684 772 deductos,
1711 705 1851 776 quod
1882 707 1948 762 ab

363 802 442 855 eis
467 815 621 869 poma
669 800 896 870 peccatis
925 814 1021 869 par
1053 806 1444 868 exposceretur.
1498 797 1676 867 Neque
1701 799 1838 852 enim
1865 807 1946 851 te-

363 909 510 948 mere
537 892 602 947 ad
633 901 962 962 peccatorum
987 891 1198 944 modum
1225 898 1432 958 Oportet
1474 899 1525 944 et
1555 903 1761 958 poenam
1791 889 1945 943 adhi-

364 984 490 1040 bere
518 1001 533 1050 ;
583 984 676 1038 sed
707 983 1032 1053 peccantium
1059 983 1381 1052 propositum
1431 980 1810 1049 explorandum
1840 988 1941 1046 est,

365 1094 453 1143 ne,
475 1078 599 1132 dum
627 1079 766 1148 quod
797 1079 1018 1132 scissum
1063 1085 1143 1131 est
1185 1091 1442 1131 consuerc
1487 1076 1585 1140 vis,
1628 1076 1941 1129 deteriorem

363 1169 645 1223 scissuram
676 1166 859 1232 facias,
885 1183 1010 1231 neu,
1039 1166 1161 1220 dum
1184 1166 1386 1235 lapsum
1427 1165 1712 1219 emendare
1737 1163 1938 1228 studes,

363 1260 617 1329 majorem
645 1259 852 1313 ruinam
877 1274 1044 1328 pares.
1065 1257 1196 1312 Nam
1214 1258 1299 1326 qui
1320 1257 1512 1311 infirmi
1535 1267 1654 1311 sunt
1671 1271 1731 1310 ac
1754 1255 1941 1310 remis-

363 1350 430 1413 si,
457 1351 725 1420 magisque
749 1349 926 1404 mundi
954 1350 1157 1404 deliciis
1183 1348 1394 1412 irretiti,
1440 1349 1635 1418 quique
1657 1364 1716 1402 ex
1748 1362 1941 1417 genere

363 1452 418 1497 ct
445 1443 675 1512 potentia
716 1443 878 1496 altum
901 1457 1088 1512 sapere
1115 1451 1352 1511 possunt,
1385 1441 1418 1496 ii
1442 1441 1636 1496 sensim
1667 1441 1940 1510 paulatim-

367 1548 471 1602 que
499 1548 527 1585 a
559 1533 808 1601 peccandi
840 1533 1220 1587 consuetudine
1249 1532 1468 1597 retrahi,
1489 1547 1551 1587 ac
1580 1533 1621 1586 si
1651 1547 1754 1586 non
1786 1531 1938 1601 peni-

364 1635 469 1691 tus,
505 1625 695 1694 partim
719 1626 904 1681 sallem
933 1626 999 1679 ab
1045 1626 1130 1692 iis,
1187 1625 1376 1694 quibus
1417 1624 1740 1691 detinentur,
1789 1625 1940 1678 malis

363 1715 574 1770 liberari
606 1717 808 1784 possint
833 1733 848 1770 :
873 1716 1062 1786 quibus
1088 1717 1130 1770 si
1161 1717 1334 1769 statim
1356 1717 1744 1784 correptionem
1777 1716 1933 1769 indu-

363 1823 476 1873 cas,
518 1808 675 1862 etiam
709 1811 911 1863 minore
963 1810 1046 1863 illa
1081 1808 1446 1862 emendatione
1475 1808 1716 1876 privabis.
1750 1808 1934 1861 Anima

361 1900 557 1970 quippe
577 1901 852 1955 confestim
897 1902 948 1954 in
977 1901 1221 1954 ruborem
1250 1909 1361 1953 aeta
1397 1901 1448 1953 in
1493 1899 1831 1953 indolentiam
1863 1900 1936 1953 la-

365 1991 522 2055 bitur,
557 2005 725 2060 nequc
754 1990 960 2044 blandis
988 2001 1167 2060 postea
1215 1991 1391 2044 verbis
1432 2000 1597 2060 paret,
1633 2005 1802 2059 neque
1833 1990 1934 2042 tni-

365 2081 446 2133 nis
469 2082 712 2147 flectitur,
743 2097 839 2135 nec
859 2082 1127 2135 beneficiis
1157 2092 1433 2144 movetur;
1467 2081 1557 2134 sed
1601 2081 1763 2134 multo
1785 2081 1934 2135 dete-

364 2171 472 2224 rior
499 2171 728 2224 efficitur
770 2171 857 2224 illa
884 2171 1093 2225 civitate
1115 2212 1129 2236 ,
1167 2186 1320 2240 quam
1350 2170 1600 2239 propheta
1630 2171 1936 2240 vituperans

361 2261 572 2315 dicebat
603 2279 615 2313 :
661 2261 821 2314 Facta
856 2271 927 2314 est
954 2263 1038 2314 tibi
1083 2266 1222 2332 frons
1251 2262 1544 2332 meretricis,
1575 2265 1713 2331 apud
1765 2277 1934 2314 omnes

361 2354 690 2407 inverecunde
709 2355 852 2424 egisti
899 2354 1041 2422 (Jer.
1090 2355 1142 2408 5.
1172 2355 1205 2408 5
1237 2355 1272 2423 ).
1301 2354 1556 2420 Quocirca
1600 2355 1761 2408 multa
1802 2369 1933 2424 opus

363 2452 445 2496 est
472 2443 667 2512 pastori
697 2443 973 2512 prudentia
1011 2459 1072 2498 ac
1091 2444 1352 2497 sexcentis
1397 2444 1578 2507 oculis,
1611 2452 1665 2497 ut
1705 2443 1934 2513 undique

363 2535 552 2589 anima:
581 2544 775 2590 statum
823 2536 1230 2605 circumspiciat.
1281 2536 1738 2603 Quemadmodum
1787 2535 1928 2588 enim

363 2625 514 2679 multi
547 2626 596 2679 in
643 2628 994 2695 arrogantiam
1051 2627 1374 2681 extolluntur
1399 2639 1448 2681 et
1494 2628 1543 2679 in
1591 2627 1775 2680 salutis
1823 2642 1933 2681 sure

363 2718 783 2786 desperationem
804 2717 1059 2783 incidunt,
1093 2717 1234 2788 quod
1263 2718 1536 2772 acerbiora
1565 2719 1797 2772 remedia
1826 2718 1930 2788 pati

361 2817 626 2878 nequeant
655 2810 760 2862 :ita
791 2818 912 2862 sunt
943 2820 995 2864 et
1023 2810 1112 2863 alii
1156 2809 1266 2879 qni,
1297 2809 1433 2878 quod
1491 2825 1646 2878 pares
1700 2811 1932 2878 peccatis

361 2896 471 2952 suis
497 2899 842 2966 pmnasluere
871 2899 1062 2965 nolint,
1112 2900 1164 2952 in
1214 2899 1510 2968 neglectum
1553 2909 1848 2965 vertuntur,
1879 2909 1931 2953 et

359 2989 524 3043 multo
547 2989 838 3044 deteriores
871 2990 1119 3055 evadunt,
1169 2993 1528 3060 majorcmque
1585 2990 1835 3059 peccandi
1860 2990 1923 3044 li-

357 3080 584 3136 centiam
619 3089 886 3148 usurpant.
919 3079 1057 3134 Nihil
1085 3081 1258 3150 itaque
1280 3080 1466 3135 horum
1515 3083 1632 3134 sine
1679 3080 1928 3135 examine

357 3171 756 3240 relinquendum
799 3181 899 3235 est,
953 3171 1046 3226 sed
1097 3174 1343 3226 omnibus
1373 3172 1474 3226 tite
1498 3173 1782 3240 exploratis
1814 3174 1928 3242 cpi-

356 3274 548 3329 sc0pus
576 3272 948 3328 congruenter,
977 3278 1096 3331 quae
1145 3261 1212 3315 ad
1262 3277 1320 3316 se
1368 3261 1649 3330 pertinent,
1699 3262 1932 3331 proferat

353 3359 581 3418 oportet,
600 3365 669 3405 ne
698 3366 885 3404 vanam
914 3349 1601 3405 sollicitudinemadhibeat.
1625 3351 1804 3421 Neque
1831 3351 1929 3407 hac

353 3442 410 3497 in
439 3458 497 3497 re
524 3452 748 3510 tantum,
766 3443 858 3498 sed
871 3445 1032 3498 etiam
1048 3441 1106 3496 in
1118 3441 1376 3500 abscissis
1389 3441 1638 3497 Ecclcsim
1668 3444 1922 3498 membris

323 3525 736 3603 'conjungendis
765 3533 944 3587 multis
965 3533 1110 3586 illum
1165 3532 1391 3602 negotiis
1451 3533 1682 3587 distendi
1723 3533 1920 3588 videas.

353 3624 485 3679 Nam
510 3625 684 3678 ovium
707 3623 918 3694 quidem
947 3634 1125 3694 pastor
1158 3639 1370 3694 gregem
1424 3623 1580 3678 habet
1617 3633 1924 3693 sequentem

353 3727 688 3784 quocumque
713 3713 923 3768 duxerit
953 3731 966 3766 :
997 3713 1138 3784 quod
1187 3715 1230 3767 si
1272 3729 1388 3783 quae
1426 3728 1553 3769 oves
1580 3714 1647 3768 de
1672 3723 1812 3768 recta
1844 3716 1925 3768 via

353 3804 656 3872 dcflectant,
717 3805 1020 3875 salubrique
1072 3806 1258 3860 relicto
1305 3807 1495 3876 pabulo
1541 3807 1740 3861 sterilia
1771 3816 1927 3876 atque

353 3893 575 3964 abrupta
597 3893 708 3948 loca
729 3894 1035 3965 depascant,
1069 3897 1195 3950 satis
1221 3905 1321 3960 est,
1345 3896 1390 3950 si
1415 3897 1570 3951 altius
1617 3897 1830 3963 clamet,
1863 3907 1917 3950 ut

352 3999 444 4039 eas
468 3993 670 4054 repetat
696 3994 750 4040 et
777 3985 840 4040 ad
862 4002 1073 4056 gregem
1123 3988 1360 4042 reducat.
1411 3991 1478 4043 At
1503 3989 1545 4042 si
1585 3990 1703 4058 quis
1729 4005 1758 4042 a
1783 3999 1922 4043 recta

353 4073 458 4128 fide
477 4075 821 4141 abcrraverit,
855 4093 1100 4147 maguum
1127 4079 1318 4146 pastori
1342 4093 1474 4147 Opus
1501 4078 1774 4146 incumbit,
1804 4094 1915 4132 ma-

349 4179 450 4235 gna
488 4175 605 4236 eget
651 4168 1039 4236 perseverantia
1070 4178 1228 4238 atque
1256 4170 1524 4239 patientia.
1572 4169 1754 4239 Neque
1780 4169 1921 4223 enim

351 4269 525 4334 potest
550 4263 632 4316 vel
648 4263 696 4318 vi
714 4263 1003 4330 retrahere,
1048 4263 1135 4318 vel
1174 4273 1313 4318 metu
1339 4278 1531 4333 cogere
1559 4280 1573 4329 ;
1606 4262 1698 4318 sed
1720 4263 1924 4318 suasio-

355 4369 418 4410 ne
443 4362 653 4422 Oportet
674 4355 739 4407 ad
758 4356 1029 4410 veritatem
1059 4354 1332 4419 reducere,
1363 4353 1502 4409 unde
1529 4355 1678 4409 initio
1703 4353 1919 4409 excidit.

349 4442 622 4498 ieneroso
667 4444 842 4513 itaque
874 4445 1072 4514 indiget
1111 4446 1308 4507 animo,
1353 4461 1418 4500 ne
1450 4445 1648 4499 viribus
1686 4443 1918 4509 deficiat,

349 4550 452 4589 neu
470 4534 537 4589 de
566 4534 854 4588 errantium
873 4536 1043 4590 salute
1072 4535 1342 4605 desperet,
1370 4545 1428 4589 ut
1479 4536 1780 4605 frequenter
1807 4534 1921 4590 lucc

347 4625 545 4696 cogitet
582 4634 636 4679 et
663 4623 925 4694 loquatur,
953 4623 1238 4695 Nequando
1278 4625 1415 4679 Deus
1440 4625 1520 4678 det
1547 4627 1648 4680 illis
1669 4627 1919 4696 paeniten-

349 4718 471 4771 tiam
491 4722 560 4770 ad
611 4716 1007 4787 cognoscendam
1041 4719 1316 4784 veritatem,
1347 4727 1390 4771 et
1413 4719 1710 4788 resipiscam
1739 4735 1769 4771 a
1800 4719 1918 4772 dia-

348 4807 449 4861 boli
467 4808 644 4876 laqueo
673 4807 691 4877 (
715 4807 770 4861 2.
798 4805 927 4859 Tim.
953 4807 1008 4861 2.
1030 4807 1120 4862 25.
1145 4807 1215 4862 26
1248 4809 1286 4876 ).
1334 4809 1620 4878 Propterea
1659 4810 1913 4864 Dominus

347 4899 632 4967 discipulos
680 4900 756 4953 sic
793 4899 1158 4968 alloquebatur
1189 4918 1202 4952 :
1233 4899 1477 4964 Quisnam
1534 4903 1700 4966 delis
1745 4919 1918 4956 servus

341 4991 393 5035 ct
413 4982 629 5052 prudens
658 4982 676 5051 (
698 4981 882 5036 Matth.
910 4982 999 5038 2f.
1028 4985 1096 5039 45
1131 4983 1194 5055 )?
1220 4983 1348 5037 Nam
1391 4984 1480 5054 qui
1503 4986 1734 5054 seipsum
1761 5001 1917 5041 excr-

344 5081 448 5136 cet,
483 5073 533 5124 in
560 5087 619 5126 se
639 5073 809 5126 solum
839 5075 1118 5130 utilitatem
1171 5075 1559 5130 circumscribit
1588 5094 1599 5128 :
1635 5077 1913 5146 pastoralis

345 5172 520 5216 autem
546 5162 708 5219 officii
759 5165 960 5218 lucrum
987 5164 1052 5218 ad
1082 5166 1384 5219 universum
1415 5166 1668 5236 populum
1714 5177 1913 5222 manat.

345 5252 485 5309 Sane
509 5257 596 5325 qui
647 5256 899 5324 pecunias
930 5257 1110 5326 egenis
1153 5256 1444 5321 distribuit,
1495 5267 1584 5311 aut
1607 5258 1738 5311 alias
1773 5258 1914 5312 laesis

342 5347 718 5415 patrocinatur,
753 5349 805 5401 in
829 5349 1004 5418 aliquo
1023 5349 1279 5418 proximis
1301 5348 1534 5416 prodest,
1567 5357 1714 5402 tanto
1739 5349 1913 5402 minus

343 5448 517 5490 tamen
551 5453 705 5504 quam
725 5440 993 5506 sacerdos,
1016 5450 1210 5510 quanto
1234 5439 1506 5494 intervallo
1535 5439 1706 5492 anima
1725 5454 1912 5508 corpo-

342 5528 384 5581 ri
407 5537 640 5595 praestat.
666 5527 792 5583 Jure
811 5533 982 5599 itaque
1037 5531 1290 5584 Dominus
1311 5521 1490 5584 curant
1515 5529 1688 5599 gregis
1716 5529 1912 5583 amoris

343 5634 466 5686 erga
493 5632 550 5672 se
577 5631 941 5686 argumentum
970 5636 1086 5674 esse
1101 5620 1248 5673 dixit.

407 5706 620 5763 BASIL.
672 5707 750 5762 Tu
797 5725 958 5773 vero,
1011 5711 1216 5780 inquit,
1260 5709 1529 5766 Christum
1579 5727 1684 5767 non
1721 5709 1907 5764 amna?

1106 322 1162 378 S.
1202 320 1477 376 JOANNIS
1513 317 1984 375 CIIRYSOSJTOMI
2023 318 2334 374 ARCHIEP.
2375 311 2918 376 CONSTANTINOP.

3532 320 3634 376 63

2061 429 2434 485 CHRYSOST.
2488 431 2551 485 Et
2594 447 2749 498 amo,
2799 442 2848 486 ct
2893 431 3101 485 amandi
3145 431 3298 485 finem
3349 448 3632 502 numquam

2056 520 2244 577 faciam
2265 541 2276 576 :
2294 532 2346 576 at
2373 538 2559 577 vereor
2578 539 2662 588 ne,
2686 540 2841 592 quem
2861 538 3000 584 amo,
3024 539 3144 578 eum
3168 523 3389 577 irritem.
3412 524 3628 579 B.\SlL.

2056 615 2270 686 Ecquod
2298 617 2542 686 :enigma,
2581 617 2780 686 inquit,
2810 615 3086 670 obscurius
3115 615 3288 680 fuerit,
3317 617 3360 669 si
3388 616 3632 675 Christus

2054 707 2224 772 illum,
2251 708 2339 778 qui
2372 723 2431 763 se
2455 718 2614 772 amet,
2643 723 2770 762 ores
2799 723 2921 762 suas
2949 723 3165 776 pascere
3189 708 3372 778 jubeat
3391 727 3402 760 :
3424 717 3477 762 tu
3504 725 3632 764 vero

2054 798 2198 852 dicas
2245 799 2362 853 ideo
2411 799 2554 852 nolle
2606 813 2862 866 pascere,
2908 798 3028 868 quia
3079 797 3181 852 hoc
3238 799 3628 868 prazcipientem

2043 891 2236 968 amas?
2261 890 2816 964 CliRY0$'lO.\lUS.
2846 891 2962 946 Non
2991 901 3090 953 est,
3120 891 3354 960 inquam,
3379 893 3625 963 arnigma,

2054 983 2160 1037 imo
2191 998 2275 1038 res
2304 983 2586 1038 admodum
2618 984 2755 1038 clara
2787 993 2838 1038 et
2866 985 3107 1054 simplex.
3154 983 3285 1038 Nam
3323 985 3366 1038 si
3407 984 3627 1039 idoneus

2051 1092 2224 1131 essem
2256 1075 2673 1130 administrando
2714 1077 2917 1131 muneri
2944 1077 3090 1143 juxta
3119 1076 3310 1132 Christi
3338 1078 3586 1148 placitum
3609 1119 3624 1141 ,

2051 1179 2104 1223 et
2127 1179 2297 1223 tamen
2319 1170 2624 1239 effugercm,
2649 1179 2830 1238 argute
2854 1185 3034 1239 posses
3054 1169 3190 1223 dicta
3214 1185 3329 1224 mea
3351 1171 3624 1226 refellere:

2050 1259 2172 1328 quia
2203 1275 2330 1314 vero
2359 1261 2520 1313 animi
2552 1259 2883 1314 imbecillitas
2915 1259 3034 1315 huic
3065 1275 3149 1314 me
3178 1259 3355 1315 ofcio
3387 1260 3621 1314 inutilem

2049 1352 2338 1416 constituit,
2386 1366 2479 1406 cur
2523 1351 2820 1421 objectione
2859 1367 2990 1420 opus
3029 1353 3167 1406 erit?
3203 1352 3409 1407 Etenim
3437 1369 3626 1409 vereor

2048 1457 2115 1496 ne
2145 1441 2188 1496 si
2213 1458 2426 1512 gregem
2451 1442 2642 1497 Christi
2674 1443 2809 1498 bene
2831 1443 3089 1498 valentem
3120 1459 3182 1498 ac
3208 1452 3448 1514 vegetum
3480 1446 3622 1499 acci-

2047 1533 2221 1600 piam,
2266 1532 2564 1602 deindeque
2594 1534 2764 1602 ipsum
2809 1533 3009 1587 incuria
3049 1533 3296 1604 perdam,
3332 1535 3498 1590 Deum
3525 1537 3621 1591 ad-

2048 1637 2257 1676 versum
2289 1638 2372 1676 me
2403 1624 2602 1677 irritem
2624 1663 2637 1687 ,
2668 1623 2756 1693 qui
2785 1623 2854 1677 ita
2900 1624 3068 1692 ipsum
3103 1634 3239 1677 amat
3267 1665 3282 1689 ,
3325 1633 3381 1677 ut
3410 1625 3474 1678 ad
3506 1627 3622 1694 ejus

2046 1714 2267 1768 salutem
2300 1713 2350 1767 in
2383 1715 2606 1783 pretium
2648 1729 2765 1769 sese
2805 1714 3096 1769 tradiderit.
3136 1714 3460 1771 BASlLlUS.
3508 1717 3620 1771 Lu-

2044 1805 2196 1871 dens,
2227 1806 2412 1874 inquit,
2440 1805 2551 1859 hmo
2573 1805 2705 1860 dicis
2729 1822 2742 1859 :
2768 1821 2886 1872 nam
2913 1806 2954 1860 si
2980 1805 3139 1867 serio,
3174 1822 3278 1860 non
3306 1807 3457 1862 video
3482 1823 3616 1878 quo-

2045 1896 2201 1949 modo
2231 1896 2420 1950 melius
2470 1895 2832 1950 demonstrare
2872 1895 3099 1950 volueris
3130 1911 3225 1950 nos
3249 1897 3366 1966 jure
3397 1898 3576 1954 dolere
3599 1941 3616 1966 ,

2043 2000 2199 2054 quam
2232 1984 2379 2040 hisce
2410 1987 2581 2039 verbis
2613 1986 2715 2040 tuis
2740 2027 2752 2049 ,
2797 1973 2988 2054 quibus
3028 2001 3310 2042 mmrorcm
3352 1987 3618 2058 depellere

2042 2075 2286 2130 curabas.
2322 2076 2429 2145 Ego
2455 2076 2594 2129 enim
2622 2075 2741 2130 licet
2768 2075 2911 2144 prius
2937 2076 3170 2130 noverim
3200 2092 3284 2131 me
3323 2093 3416 2147 per
3444 2087 3492 2133 te
3518 2079 3614 2135 de-

2042 2175 2253 2234 ceptum
2282 2181 2342 2220 ac
2363 2166 2631 2240 proditum
2663 2165 2823 2221 fuisse
2847 2207 2860 2230 ,
2897 2181 3037 2219 nunc
3063 2180 3189 2221 sane
3216 2167 3382 2221 multo
3411 2169 3576 2238 magis
3597 2211 3615 2234 ,

2042 2256 2252 2326 quando
2290 2255 2492 2327 objecta
2540 2257 2628 2310 tibi
2673 2255 2894 2310 erimina
2937 2256 3140 2312 diluere
3183 2267 3401 2312 conatus
3427 2274 3514 2324 es,
3564 2259 3614 2314 id

2041 2346 2220 2401 edisco
2245 2354 2298 2400 et
2328 2346 2490 2415 probe
2530 2345 2768 2415 intelligo
2790 2387 2805 2411 ,
2854 2362 2959 2414 quo
3003 2362 3087 2401 me
3119 2347 3328 2401 tandem
3356 2348 3612 2408 malorum

2042 2437 2332 2492 induxeris.
2363 2437 2492 2492 Nam
2515 2438 2558 2491 si
2578 2446 2626 2492 te
2649 2436 2767 2492 ideo
2783 2437 2848 2491 ab
2868 2437 2969 2492 hoc
2985 2439 3276 2492 ministerio
3293 2439 3608 2505 subduxisti,

2041 2530 2157 2596 quia
2186 2529 2417 2583 animum
2448 2538 2592 2583 tuum
2622 2539 2778 2583 tanta:
2813 2529 2968 2584 molis
3006 2531 3082 2584 rei
3127 2545 3308 2602 parem
3351 2547 3454 2586 non
3492 2547 3613 2589 esse

2040 2619 2281 2686 sciebas,
2329 2636 2414 2673 me
2456 2621 2602 2689 prius
2648 2631 2885 2689 ereptum
2934 2624 3202 2691 oportuit,
3256 2624 3414 2678 etiam
3462 2627 3504 2679 si
3559 2626 3609 2679 id

2040 2725 2248 2763 suntme
2273 2709 2451 2764 studio
2481 2709 2816 2764 ambivissem
2843 2728 2856 2764 :
2880 2725 2948 2766 ne
2989 2711 3161 2766 dicam
3191 2728 3277 2769 me
3304 2714 3393 2767 tibi
3425 2715 3608 2768 horum

2042 2800 2320 2854 consilium
2361 2801 2570 2868 penitus
2601 2801 2950 2855 commisisse.
2975 2801 3124 2856 Nunc
3147 2817 3412 2864 verojrem
3441 2805 3609 2859 solum

2039 2901 2181 2947 tuam
2224 2891 2294 2946 ob
2318 2893 2501 2947 oculos
2543 2892 2743 2948 habens
2772 2908 2942 2947 meam
2983 2893 3276 2963 neglexisti.
3301 2896 3473 2965 Atque
3502 2897 3610 2950 uti-

2040 2998 2161 3037 nam
2193 2983 2546 3054 neglexisses!
2575 2982 2625 3037 id
2651 2998 2778 3038 sane
2804 2983 3092 3053 Optandutn
3115 2993 3254 3039 esset
3279 3004 3292 3040 :
3318 3002 3500 3043 verum
3532 2998 3607 3054 tu,

2038 3082 2094 3128 ut
2123 3075 2325 3128 facilius
2348 3090 2376 3128 a
2407 3075 2766 3144 quaerentibus
2802 3090 3025 3144 caperer
3045 3115 3058 3138 ,
3107 3076 3324 3130 insidias
3349 3080 3606 3134 strnxisti.

2036 3165 2216 3234 Neque
2241 3166 2380 3220 enim
2405 3165 2530 3219 illud
2555 3165 2728 3236 elTugii
2762 3166 2852 3220 tibi
2887 3165 3218 3235 relinquitur,
3247 3167 3385 3237 quod
3417 3169 3606 3224 videli-

2035 3266 2120 3311 cet
2142 3257 2280 3326 vulgi
2307 3257 2486 3326 opinio
2515 3267 2564 3310 te
2585 3256 2882 3326 deceperit,
2907 3265 3060 3325 teque
3087 3256 3151 3310 ad
3181 3273 3364 3327 magna
3392 3259 3608 3314 mirabi-

2036 3346 2210 3416 liaque
2238 3347 2305 3401 de
2334 3362 2419 3401 me
2449 3345 2795 3401 existimanda
2823 3346 3121 3401 deduxerit.
3151 3346 3266 3401 Non
3293 3349 3433 3402 enim
3472 3349 3608 3405 inter

2035 3439 2374 3494 adntirandos
2400 3448 2453 3493 et
2477 3439 2794 3508 conspicuos
2819 3454 3099 3494 censemur
3124 3459 3138 3495 :
3167 3457 3355 3512 neque,
3401 3444 3606 3500 etiamsi

2036 3547 2122 3586 res
2163 3533 2230 3585 ita
2261 3547 2321 3586 se
2363 3531 2673 3596 habuisset,
2701 3531 2986 3585 multorum
3021 3531 3198 3600 Opinio
3221 3534 3427 3588 veritati
3452 3545 3605 3591 ante-

2035 3623 2278 3692 ponenda
2309 3623 2513 3678 fuisset.
2542 3622 2672 3677 Nam
2699 3623 2743 3677 si
2775 3622 2866 3676 tibi
2894 3637 3178 3691 numquam
3205 3639 3301 3693 per
3327 3640 3423 3678 nos
3451 3635 3604 3680 antea

2034 3714 2289 3779 licuisset,
2321 3721 2379 3767 ut
2405 3712 2798 3768 consuetudinis
2831 3723 3024 3766 nostra:
3054 3714 3341 3782 periculum
3374 3713 3604 3780 faceres,

2033 3808 2178 3863 color
2205 3807 2393 3878 aliquis
2419 3806 2606 3860 adesse
2629 3805 2721 3860 tibi
2746 3804 3032 3871 videretur,
3057 3820 3175 3860 curn
3206 3821 3274 3860 ex
3299 3807 3436 3877 vulgi
3466 3808 3602 3862 fama

2033 3900 2349 3955 sententiam
2381 3899 2582 3964 ferres;
2613 3899 2692 3952 sin
2720 3909 2895 3952 autem
2922 3898 3096 3953 nullus
3124 3899 3339 3968 perinde
3365 3909 3522 3970 atque
3550 3911 3604 3954 tu

2033 4001 2211 4044 nostra
2243 3990 2412 4056 novit,
2443 3989 2547 4043 imo
2573 3997 2808 4043 nostrum
2840 3989 3073 4042 animum
3106 3990 3294 4043 melius
3318 4005 3474 4059 quam
3505 3991 3603 4059 ipsi

2034 4093 2277 4152 parentes
2317 4090 2370 4136 et
2411 4080 2691 4136 eductores
2733 4087 3068 4149 perspectum
3109 4078 3305 4145 habes,
3347 4095 3448 4150 qua
3497 4090 3602 4134 tam

2033 4173 2289 4244 probabili
2319 4173 2558 4226 oratione
2586 4171 2750 4226 utaris
2773 4212 2788 4236 ,
2829 4179 2888 4224 ut
2927 4170 3096 4240 possis
3131 4170 3457 4225 auditoribus
3485 4188 3602 4240 per-

2030 4263 2250 4319 suadere
2271 4304 2284 4328 ,
2337 4271 2388 4317 te
2424 4278 2521 4317 nos
2560 4261 2612 4316 in
2643 4271 2844 4316 tantum
2878 4261 3094 4329 periculi
3126 4276 3228 4315 non
3259 4261 3396 4316 ultro
3425 4263 3586 4328 conje

2029 4354 2205 4410 cisse?
2252 4355 2444 4408 Verum
2484 4354 2598 4407 hmo
2627 4367 2764 4407 nunc
2793 4353 2951 4405 missa
2995 4349 3413 4406 faciamusznon
3457 4354 3598 4408 enim

2035 4456 2084 4500 te
2116 4445 2353 4516 cogimus
2383 4444 2464 4498 his
2491 4443 2557 4498 de
2586 4442 2761 4498 causis
2800 4443 2886 4510 jus
2927 4441 3136 4497 dicere:
3159 4458 3260 4511 qua
3291 4442 3600 4501 defensione

2031 4546 2214 4591 contra
2242 4544 2575 4590 accusatores
2605 4533 2846 4588 utemur?
2871 4532 2956 4587 dic
2979 4533 3154 4588 sodes.
3182 4533 3422 4589 CllRYS.
3443 4536 3600 4592 Certe

2030 4644 2133 4683 non
2165 4629 2329 4698 prius,
2358 4628 2590 4696 inquam,
2619 4626 2682 4680 ad
2712 4626 2796 4680 illa
2833 4640 2918 4681 me
2946 4635 3147 4680 vertam
3173 4667 3188 4693 ,
3221 4643 3376 4696 quam
3416 4643 3476 4682 ea
3515 4629 3598 4683 di-

2029 4719 2201 4784 luero,
2233 4733 2350 4788 qua:
2376 4717 2442 4771 ad
2473 4726 2523 4771 te
2550 4726 2808 4786 spectant,
2861 4716 3067 4770 etiamsi
3096 4718 3394 4772 sexcenties
3433 4721 3596 4772 instes

2027 4819 2082 4864 ut
2141 4809 2358 4863 crimina
2441 4807 2722 4875 depellant.
2799 4807 3144 4874 ignorantiam
3207 4807 3344 4862 enim
3420 4809 3599 4864 dixisti

2027 4900 2235 4953 veniam
2262 4899 2413 4952 nobis
2433 4897 2641 4959 afferre,
2665 4905 2719 4951 et
2739 4897 2883 4950 omni
2907 4911 3001 4950 nos
3017 4897 3382 4952 criminatione
3403 4899 3594 4955 liberos

2026 4989 2161 5054 fore,
2193 4989 2236 5044 si
2261 5004 2434 5042 rerum
2464 4997 2667 5040 tuarmn
2695 4988 2880 5056 ignari,
2911 4996 2961 5040 te
2988 4988 3039 5040 in
3061 4997 3375 5054 prmsentem
3401 5000 3590 5046 Statum

2027 5080 2442 5143 dcduxerimus;
2489 5078 2610 5148 quia
2641 5093 2766 5131 vero
2795 5086 2845 5130 te
2888 5093 2990 5130 non
3035 5077 3336 5146 ignorantes
3363 5080 3591 5148 prodidi-

2026 5185 2162 5231 mus,
2194 5184 2280 5224 res
2309 5177 2424 5223 tuas
2449 5168 2686 5237 apprime
2726 5167 2980 5222 callentes
3000 5207 3014 5231 ,
3055 5167 3176 5222 ideo
3201 5183 3410 5223 onmem
3442 5171 3593 5226 nobis

2025 5260 2218 5314 auferri
2251 5259 2606 5313 excusationis
2644 5266 2698 5312 et
2737 5258 3074 5326 congruentis
3102 5259 3356 5327 apologia:
3385 5275 3592 5318 ansam.

2023 5357 2093 5404 At
2115 5365 2212 5419 ego
2235 5358 2414 5403 contra
2435 5347 2784 5404 censeo:hacc
2803 5350 2942 5403 enim
2967 5348 3132 5401 mullo
3155 5359 3312 5418 egent
3329 5355 3591 5407 examine.

2020 5439 2158 5493 Sane
2206 5454 2326 5491 cum
2380 5438 2469 5507 qui
2520 5437 2584 5492 ad
2633 5437 2984 5491 sacerdotium
3032 5441 3331 5506 quempiam
3382 5441 3594 5496 tradere

2021 5530 2179 5594 velit,
2236 5543 2339 5581 non
2387 5537 2594 5596 oportet
2638 5529 2749 5582 sola
2794 5528 2932 5596 vulgi
2981 5528 3230 5596 opinione
3281 5540 3590 5587 contentum

2017 5633 2158 5682 esse,
2186 5618 2278 5671 sed
2307 5628 2362 5671 ut
2389 5633 2508 5671 cum
2549 5617 2637 5671 illa
2685 5632 2833 5670 suam
2865 5633 2971 5686 prae
2998 5618 3242 5673 omnibus
3271 5618 3428 5674 addat
3454 5636 3590 5690 opus

2019 5718 2130 5769 cst.
2177 5719 2336 5778 utque
2366 5709 2416 5762 in
2446 5707 2627 5777 primis
2657 5708 2794 5764 illius
2835 5708 3108 5763 facultates
3148 5707 3407 5778 exploret.
3455 5709 3588 5766 Natu
