  <div class='ocr_page' id='page_1' title='image "/cluster/home/n/w/nwhite01/storage/ocr_20150623/48/mdp.39015032114640/117.png"; bbox 0 0 4050 6160; ppageno 0'>
   <div class='ocr_carea' id='block_1_1' title="bbox 358 313 458 367">
    <p class='ocr_par' dir='ltr' id='par_1_1' title="bbox 358 313 458 367">
     <span class='ocr_line' id='line_1_1' title="bbox 358 313 458 367; baseline -0.01 0"><span class='ocrx_word' id='word_1_1' title='bbox 358 313 458 367; x_wconf 68' lang='lat'>(&#39;37</span> 
     </span>
    </p>
   </div>
   <div class='ocr_carea' id='block_1_2' title="bbox 355 421 2025 498">
    <p class='ocr_par' dir='ltr' id='par_1_2' title="bbox 355 421 2025 498">
     <span class='ocr_line' id='line_1_2' title="bbox 355 421 2025 498; baseline -0.007 -14"><span class='ocrx_word' id='word_1_2' title='bbox 355 429 566 484; x_wconf 77' lang='grc' dir='ltr'>πολλῶν</span> <span class='ocrx_word' id='word_1_3' title='bbox 608 424 896 498; x_wconf 81' lang='grc' dir='ltr'>ἀρκεῖσθαι</span> <span class='ocrx_word' id='word_1_4' title='bbox 944 425 1099 496; x_wconf 81' lang='grc' dir='ltr'>φήμῃ</span> <span class='ocrx_word' id='word_1_5' title='bbox 1142 423 1321 494; x_wconf 85' lang='grc' dir='ltr'>μόνον,</span> <span class='ocrx_word' id='word_1_6' title='bbox 1357 423 1494 476; x_wconf 87' lang='grc' dir='ltr'>ἀλλά</span> <span class='ocrx_word' id='word_1_7' title='bbox 1534 423 1652 494; x_wconf 82' lang='grc' dir='ltr'>μετ’</span> <span class='ocrx_word' id='word_1_8' title='bbox 1687 421 1904 493; x_wconf 80' lang='grc' dir='ltr'>ἐκείνης</span> <span class='ocrx_word' id='word_1_9' title='bbox 1930 421 2025 475; x_wconf 73' lang='grc' dir='ltr'>καὶ</span> 
     </span>
    </p>
   </div>
   <div class='ocr_carea' id='block_1_3' title="bbox 353 510 2028 589">
    <p class='ocr_par' dir='ltr' id='par_1_3' title="bbox 353 510 2028 589">
     <span class='ocr_line' id='line_1_3' title="bbox 353 510 2028 589; baseline -0.007 -17"><span class='ocrx_word' id='word_1_10' title='bbox 353 521 517 572; x_wconf 62' lang='grc' dir='ltr'>αὐτὸν</span> <span class='ocrx_word' id='word_1_11' title='bbox 559 517 791 589; x_wconf 85' lang='grc' dir='ltr'>μάλιστα</span> <span class='ocrx_word' id='word_1_12' title='bbox 823 515 1040 568; x_wconf 86' lang='grc' dir='ltr'>πάντων</span> <span class='ocrx_word' id='word_1_13' title='bbox 1083 513 1177 566; x_wconf 80' lang='grc' dir='ltr'>καὶ</span> <span class='ocrx_word' id='word_1_14' title='bbox 1203 511 1308 583; x_wconf 77' lang='grc' dir='ltr'>πρὸ</span> <span class='ocrx_word' id='word_1_15' title='bbox 1337 511 1552 565; x_wconf 90' lang='grc' dir='ltr'>πάντων</span> <span class='ocrx_word' id='word_1_16' title='bbox 1597 511 1919 582; x_wconf 74' lang='grc' dir='ltr'>ἐξητακέναι</span> <span class='ocrx_word' id='word_1_17' title='bbox 1957 510 2028 562; x_wconf 79' lang='grc' dir='ltr'>τά</span> 
     </span>
    </p>
   </div>
   <div class='ocr_carea' id='block_1_4' title="bbox 355 595 2028 672">
    <p class='ocr_par' dir='ltr' id='par_1_4' title="bbox 355 595 2028 672">
     <span class='ocr_line' id='line_1_4' title="bbox 355 595 2028 672; baseline -0.007 -12"><span class='ocrx_word' id='word_1_18' title='bbox 355 607 589 660; x_wconf 81' lang='grc' dir='ltr'>ἐκείνου.</span> <span class='ocrx_word' id='word_1_19' title='bbox 644 604 753 657; x_wconf 74' lang='grc' dir='ltr'>Καὶ</span> <span class='ocrx_word' id='word_1_20' title='bbox 800 602 909 672; x_wconf 81' lang='grc' dir='ltr'>γάρ</span> <span class='ocrx_word' id='word_1_21' title='bbox 949 603 976 654; x_wconf 90' lang='grc' dir='ltr'>ὁ</span> <span class='ocrx_word' id='word_1_22' title='bbox 1023 598 1291 670; x_wconf 87' lang='grc' dir='ltr'>μακάριος</span> <span class='ocrx_word' id='word_1_23' title='bbox 1325 598 1535 662; x_wconf 86' lang='grc' dir='ltr'>Παῦλος</span> <span class='ocrx_word' id='word_1_24' title='bbox 1581 597 1774 661; x_wconf 83' lang='grc' dir='ltr'>εἰπὼν,</span> <span class='ocrx_word' id='word_1_25' title='bbox 1815 596 1916 650; x_wconf 85' lang='grc' dir='ltr'>Δεῖ</span> <span class='ocrx_word' id='word_1_26' title='bbox 1959 595 2028 649; x_wconf 80' lang='grc' dir='ltr'>δὲ</span> 
     </span>
    </p>
   </div>
   <div class='ocr_carea' id='block_1_5' title="bbox 356 683 2026 760">
    <p class='ocr_par' dir='ltr' id='par_1_5' title="bbox 356 683 2026 760">
     <span class='ocr_line' id='line_1_5' title="bbox 356 683 2026 760; baseline -0.007 -12"><span class='ocrx_word' id='word_1_27' title='bbox 356 697 543 750; x_wconf 75' lang='grc' dir='ltr'>αὐτὸν</span> <span class='ocrx_word' id='word_1_28' title='bbox 575 695 672 747; x_wconf 76' lang='grc' dir='ltr'>καὶ</span> <span class='ocrx_word' id='word_1_29' title='bbox 702 689 1036 760; x_wconf 71' lang='grc' dir='ltr'>μαρτυρίαν</span> <span class='ocrx_word' id='word_1_30' title='bbox 1064 686 1228 754; x_wconf 76' lang='grc' dir='ltr'>ἔχειν</span> <span class='ocrx_word' id='word_1_31' title='bbox 1256 684 1454 752; x_wconf 70' lang='grc' dir='ltr'>καλὴν</span> <span class='ocrx_word' id='word_1_32' title='bbox 1485 684 1603 740; x_wconf 80' lang='grc' dir='ltr'>ἀπὸ</span> <span class='ocrx_word' id='word_1_33' title='bbox 1637 683 1753 738; x_wconf 79' lang='grc' dir='ltr'>τῶν</span> <span class='ocrx_word' id='word_1_34' title='bbox 1785 683 2026 750; x_wconf 73' lang='grc' dir='ltr'>ἔξωθεν,</span> 
     </span>
    </p>
   </div>
   <div class='ocr_carea' id='block_1_6' title="bbox 357 771 2024 852">
    <p class='ocr_par' dir='ltr' id='par_1_6' title="bbox 357 771 2024 852">
     <span class='ocr_line' id='line_1_6' title="bbox 357 771 2024 852; baseline -0.008 -15"><span class='ocrx_word' id='word_1_35' title='bbox 357 785 458 837; x_wconf 89' lang='grc' dir='ltr'>οὐκ</span> <span class='ocrx_word' id='word_1_36' title='bbox 498 783 712 852; x_wconf 86' lang='grc' dir='ltr'>ἀναιρεῖ</span> <span class='ocrx_word' id='word_1_37' title='bbox 755 779 852 849; x_wconf 81' lang='grc' dir='ltr'>τήν</span> <span class='ocrx_word' id='word_1_38' title='bbox 890 775 1090 846; x_wconf 82' lang='grc' dir='ltr'>ἀκριϐῆ</span> <span class='ocrx_word' id='word_1_39' title='bbox 1129 777 1223 828; x_wconf 68' lang='grc' dir='ltr'>καὶ</span> <span class='ocrx_word' id='word_1_40' title='bbox 1265 773 1733 844; x_wconf 69' lang='grc' dir='ltr'>βεϐασανισμένην</span> <span class='ocrx_word' id='word_1_41' title='bbox 1774 771 2024 843; x_wconf 78' lang='grc' dir='ltr'>ἔρευναν,</span> 
     </span>
    </p>
   </div>
   <div class='ocr_carea' id='block_1_7' title="bbox 359 859 2028 937">
    <p class='ocr_par' dir='ltr' id='par_1_7' title="bbox 359 859 2028 937">
     <span class='ocr_line' id='line_1_7' title="bbox 359 859 2028 937; baseline -0.009 -12"><span class='ocrx_word' id='word_1_42' title='bbox 359 873 466 925; x_wconf 78' lang='grc' dir='ltr'>οὐδ’</span> <span class='ocrx_word' id='word_1_43' title='bbox 503 870 578 933; x_wconf 81' lang='grc' dir='ltr'>ὡς</span> <span class='ocrx_word' id='word_1_44' title='bbox 618 865 1024 937; x_wconf 79' lang='grc' dir='ltr'>προηγούμενον</span> <span class='ocrx_word' id='word_1_45' title='bbox 1053 863 1352 932; x_wconf 86' lang='grc' dir='ltr'>τεκμήριον</span> <span class='ocrx_word' id='word_1_46' title='bbox 1383 859 1540 913; x_wconf 83' lang='grc' dir='ltr'>τοῦτο</span> <span class='ocrx_word' id='word_1_47' title='bbox 1584 859 1766 930; x_wconf 70' lang='grc' dir='ltr'>τίθησί</span> <span class='ocrx_word' id='word_1_48' title='bbox 1792 861 1891 930; x_wconf 81' lang='grc' dir='ltr'>τῆς</span> <span class='ocrx_word' id='word_1_49' title='bbox 1919 859 2028 912; x_wconf 87' lang='grc' dir='ltr'>τῶν</span> 
     </span>
    </p>
   </div>
   <div class='ocr_carea' id='block_1_8' title="bbox 359 945 2030 1024">
    <p class='ocr_par' dir='ltr' id='par_1_8' title="bbox 359 945 2030 1024">
     <span class='ocr_line' id='line_1_8' title="bbox 359 945 2030 1024; baseline -0.01 -11"><span class='ocrx_word' id='word_1_50' title='bbox 359 958 612 1014; x_wconf 65' lang='grc' dir='ltr'>τοιούτων</span> <span class='ocrx_word' id='word_1_51' title='bbox 658 953 1000 1024; x_wconf 85' lang='grc' dir='ltr'>δοκιμασίας.</span> <span class='ocrx_word' id='word_1_52' title='bbox 1039 951 1148 1004; x_wconf 74' lang='grc' dir='ltr'>Καὶ</span> <span class='ocrx_word' id='word_1_53' title='bbox 1192 949 1300 1018; x_wconf 80' lang='grc' dir='ltr'>γάρ</span> <span class='ocrx_word' id='word_1_54' title='bbox 1347 946 1516 1000; x_wconf 86' lang='grc' dir='ltr'>πολλά</span> <span class='ocrx_word' id='word_1_55' title='bbox 1545 947 1808 1019; x_wconf 86' lang='grc' dir='ltr'>πρότερον</span> <span class='ocrx_word' id='word_1_56' title='bbox 1855 945 2030 999; x_wconf 85' lang='grc' dir='ltr'>διαλε-</span> 
     </span>
    </p>
   </div>
   <div class='ocr_carea' id='block_1_9' title="bbox 360 1034 2028 1119">
    <p class='ocr_par' dir='ltr' id='par_1_9' title="bbox 360 1034 2028 1119">
     <span class='ocr_line' id='line_1_9' title="bbox 360 1034 2028 1119; baseline -0.01 -17"><span class='ocrx_word' id='word_1_57' title='bbox 360 1049 531 1119; x_wconf 69' lang='grc' dir='ltr'>χθεὶς,</span> <span class='ocrx_word' id='word_1_58' title='bbox 559 1046 782 1115; x_wconf 74' lang='grc' dir='ltr'>ὕστερον</span> <span class='ocrx_word' id='word_1_59' title='bbox 828 1039 986 1094; x_wconf 88' lang='grc' dir='ltr'>τοῦτο</span> <span class='ocrx_word' id='word_1_60' title='bbox 1017 1037 1342 1112; x_wconf 85' lang='grc' dir='ltr'>προσέθηκε,</span> <span class='ocrx_word' id='word_1_61' title='bbox 1377 1037 1588 1098; x_wconf 77' lang='grc' dir='ltr'>δεικνὺς</span> <span class='ocrx_word' id='word_1_62' title='bbox 1620 1035 1696 1098; x_wconf 86' lang='grc' dir='ltr'>ὡς</span> <span class='ocrx_word' id='word_1_63' title='bbox 1723 1035 1821 1088; x_wconf 90' lang='grc' dir='ltr'>οὐκ</span> <span class='ocrx_word' id='word_1_64' title='bbox 1849 1034 2028 1104; x_wconf 78' lang='grc' dir='ltr'>αὐτῷ·</span> 
     </span>
    </p>
   </div>
   <div class='ocr_carea' id='block_1_10' title="bbox 367 1122 2028 1208">
    <p class='ocr_par' dir='ltr' id='par_1_10' title="bbox 367 1122 2028 1208">
     <span class='ocr_line' id='line_1_10' title="bbox 367 1122 2028 1208; baseline -0.008 -18"><span class='ocrx_word' id='word_1_65' title='bbox 367 1136 528 1208; x_wconf 92' lang='grc' dir='ltr'>μόνον</span> <span class='ocrx_word' id='word_1_66' title='bbox 565 1129 853 1204; x_wconf 86' lang='grc' dir='ltr'>ἀρκεῖσθαι</span> <span class='ocrx_word' id='word_1_67' title='bbox 886 1129 968 1182; x_wconf 90' lang='grc' dir='ltr'>δεῖ</span> <span class='ocrx_word' id='word_1_68' title='bbox 998 1127 1135 1198; x_wconf 74' lang='grc' dir='ltr'>πρὸς</span> <span class='ocrx_word' id='word_1_69' title='bbox 1169 1125 1269 1189; x_wconf 84' lang='grc' dir='ltr'>τὰς</span> <span class='ocrx_word' id='word_1_70' title='bbox 1309 1123 1562 1186; x_wconf 77' lang='grc' dir='ltr'>τοιαύτας</span> <span class='ocrx_word' id='word_1_71' title='bbox 1606 1123 1866 1194; x_wconf 79' lang='grc' dir='ltr'>αἱρέσεις,</span> <span class='ocrx_word' id='word_1_72' title='bbox 1895 1122 2028 1176; x_wconf 73' lang='grc' dir='ltr'>ἀλλὰ</span> 
     </span>
    </p>
   </div>
   <div class='ocr_carea' id='block_1_11' title="bbox 368 1209 2026 1296">
    <p class='ocr_par' dir='ltr' id='par_1_11' title="bbox 368 1209 2026 1296">
     <span class='ocr_line' id='line_1_11' title="bbox 368 1209 2026 1296; baseline -0.012 -18"><span class='ocrx_word' id='word_1_73' title='bbox 368 1223 504 1296; x_wconf 88' lang='grc' dir='ltr'>μετά</span> <span class='ocrx_word' id='word_1_74' title='bbox 540 1220 650 1274; x_wconf 82' lang='grc' dir='ltr'>τῶν</span> <span class='ocrx_word' id='word_1_75' title='bbox 697 1219 871 1273; x_wconf 71' lang='grc' dir='ltr'>ἄλλων</span> <span class='ocrx_word' id='word_1_76' title='bbox 910 1216 1003 1269; x_wconf 67' lang='grc' dir='ltr'>καὶ</span> <span class='ocrx_word' id='word_1_77' title='bbox 1046 1213 1176 1267; x_wconf 84' lang='grc' dir='ltr'>αὐτὸ</span> <span class='ocrx_word' id='word_1_78' title='bbox 1219 1210 1667 1283; x_wconf 88' lang='grc' dir='ltr'>παραλαμϐάνειν</span> <span class='ocrx_word' id='word_1_79' title='bbox 1708 1210 1835 1280; x_wconf 82' lang='grc' dir='ltr'>χρή.</span> <span class='ocrx_word' id='word_1_80' title='bbox 1887 1209 2026 1278; x_wconf 85' lang='grc' dir='ltr'>Συμ-</span> 
     </span>
    </p>
   </div>
   <div class='ocr_carea' id='block_1_12' title="bbox 363 1297 2028 1378">
    <p class='ocr_par' dir='ltr' id='par_1_12' title="bbox 363 1297 2028 1378">
     <span class='ocr_line' id='line_1_12' title="bbox 363 1297 2028 1378; baseline -0.011 -12"><span class='ocrx_word' id='word_1_81' title='bbox 363 1312 538 1366; x_wconf 86' lang='grc' dir='ltr'>ϐαίνει</span> <span class='ocrx_word' id='word_1_82' title='bbox 561 1308 669 1378; x_wconf 84' lang='grc' dir='ltr'>γὰρ</span> <span class='ocrx_word' id='word_1_83' title='bbox 702 1304 960 1366; x_wconf 81' lang='grc' dir='ltr'>πολλάκις</span> <span class='ocrx_word' id='word_1_84' title='bbox 988 1302 1087 1372; x_wconf 75' lang='grc' dir='ltr'>τὴν</span> <span class='ocrx_word' id='word_1_85' title='bbox 1114 1301 1221 1353; x_wconf 83' lang='grc' dir='ltr'>τῶν</span> <span class='ocrx_word' id='word_1_86' title='bbox 1252 1297 1461 1352; x_wconf 77' lang='grc' dir='ltr'>πολλῶν</span> <span class='ocrx_word' id='word_1_87' title='bbox 1483 1297 1772 1367; x_wconf 72' lang='grc' dir='ltr'>ψεύδεσθαι</span> <span class='ocrx_word' id='word_1_88' title='bbox 1809 1298 1994 1367; x_wconf 87' lang='grc' dir='ltr'>φήμην</span> <span class='ocrx_word' id='word_1_89' title='bbox 2014 1312 2028 1328; x_wconf 79' lang='grc' dir='ltr'><strong><em>ο</em></strong></span> 
     </span>
    </p>
   </div>
   <div class='ocr_carea' id='block_1_13' title="bbox 362 1382 2031 1471">
    <p class='ocr_par' dir='ltr' id='par_1_13' title="bbox 362 1382 2031 1471">
     <span class='ocr_line' id='line_1_13' title="bbox 362 1382 2031 1471; baseline -0.011 -19"><span class='ocrx_word' id='word_1_90' title='bbox 362 1401 461 1471; x_wconf 82' lang='grc' dir='ltr'>τῆς</span> <span class='ocrx_word' id='word_1_91' title='bbox 491 1397 546 1450; x_wconf 85' lang='grc' dir='ltr'>δέ</span> <span class='ocrx_word' id='word_1_92' title='bbox 570 1392 827 1466; x_wconf 85' lang='grc' dir='ltr'>ἀκριϐοῦς</span> <span class='ocrx_word' id='word_1_93' title='bbox 859 1391 1158 1457; x_wconf 76' lang='grc' dir='ltr'>ἐξετάσεως</span> <span class='ocrx_word' id='word_1_94' title='bbox 1183 1386 1564 1458; x_wconf 84' lang='grc' dir='ltr'>ἡγησαμένης,</span> <span class='ocrx_word' id='word_1_95' title='bbox 1598 1385 1784 1439; x_wconf 88' lang='grc' dir='ltr'>οὐδένα</span> <span class='ocrx_word' id='word_1_96' title='bbox 1816 1386 1880 1437; x_wconf 88' lang='grc' dir='ltr'>ἐκ</span> <span class='ocrx_word' id='word_1_97' title='bbox 1902 1382 2031 1436; x_wconf 85' lang='grc' dir='ltr'>ταύ-</span> 
     </span>
    </p>
   </div>
   <div class='ocr_carea' id='block_1_14' title="bbox 364 1469 2032 1557">
    <p class='ocr_par' dir='ltr' id='par_1_14' title="bbox 364 1469 2032 1557">
     <span class='ocr_line' id='line_1_14' title="bbox 364 1469 2032 1557; baseline -0.01 -18"><span class='ocrx_word' id='word_1_98' title='bbox 364 1469 464 1557; x_wconf 86' lang='grc' dir='ltr'>της</span> <span class='ocrx_word' id='word_1_99' title='bbox 496 1482 738 1538; x_wconf 83' lang='grc' dir='ltr'>κίνδυνόν</span> <span class='ocrx_word' id='word_1_100' title='bbox 771 1481 917 1532; x_wconf 87' lang='grc' dir='ltr'>ἐστιν</span> <span class='ocrx_word' id='word_1_101' title='bbox 949 1475 1285 1530; x_wconf 75' lang='grc' dir='ltr'>ὑποπτεῦσαι</span> <span class='ocrx_word' id='word_1_102' title='bbox 1328 1474 1532 1527; x_wconf 64' lang='grc' dir='ltr'>λοιπόν.</span> <span class='ocrx_word' id='word_1_103' title='bbox 1563 1473 1662 1526; x_wconf 83' lang='grc' dir='ltr'>Διά</span> <span class='ocrx_word' id='word_1_104' title='bbox 1700 1472 1858 1525; x_wconf 87' lang='grc' dir='ltr'>τοῦτο</span> <span class='ocrx_word' id='word_1_105' title='bbox 1895 1469 2032 1542; x_wconf 83' lang='grc' dir='ltr'>μετά</span> 
     </span>
    </p>
   </div>
   <div class='ocr_carea' id='block_1_15' title="bbox 366 1557 2032 1637">
    <p class='ocr_par' dir='ltr' id='par_1_15' title="bbox 366 1557 2032 1637">
     <span class='ocr_line' id='line_1_15' title="bbox 366 1557 2032 1637; baseline -0.01 -12"><span class='ocrx_word' id='word_1_106' title='bbox 366 1572 436 1625; x_wconf 68' lang='grc' dir='ltr'>τὰ</span> <span class='ocrx_word' id='word_1_107' title='bbox 467 1569 601 1625; x_wconf 81' lang='grc' dir='ltr'>ἄλλα</span> <span class='ocrx_word' id='word_1_108' title='bbox 643 1567 711 1620; x_wconf 82' lang='grc' dir='ltr'>τὰ</span> <span class='ocrx_word' id='word_1_109' title='bbox 750 1565 902 1637; x_wconf 88' lang='grc' dir='ltr'>παρά</span> <span class='ocrx_word' id='word_1_110' title='bbox 949 1563 1055 1616; x_wconf 82' lang='grc' dir='ltr'>τῶν</span> <span class='ocrx_word' id='word_1_111' title='bbox 1109 1561 1306 1628; x_wconf 75' lang='grc' dir='ltr'>ἔξωθεν</span> <span class='ocrx_word' id='word_1_112' title='bbox 1337 1559 1501 1614; x_wconf 87' lang='grc' dir='ltr'>αὐτοῦ</span> <span class='ocrx_word' id='word_1_113' title='bbox 1545 1559 1773 1629; x_wconf 80' lang='grc' dir='ltr'>τίθησιν.</span> <span class='ocrx_word' id='word_1_114' title='bbox 1819 1559 1894 1611; x_wconf 85' lang='grc' dir='ltr'>Οὐ</span> <span class='ocrx_word' id='word_1_115' title='bbox 1924 1557 2032 1626; x_wconf 74' lang='grc' dir='ltr'>γὰρ</span> 
     </span>
    </p>
   </div>
   <div class='ocr_carea' id='block_1_16' title="bbox 367 1643 2030 1724">
    <p class='ocr_par' dir='ltr' id='par_1_16' title="bbox 367 1643 2030 1724">
     <span class='ocr_line' id='line_1_16' title="bbox 367 1643 2030 1724; baseline -0.01 -12"><span class='ocrx_word' id='word_1_116' title='bbox 367 1657 554 1719; x_wconf 83' lang='grc' dir='ltr'>ἁπλῶς</span> <span class='ocrx_word' id='word_1_117' title='bbox 585 1655 755 1724; x_wconf 75' lang='grc' dir='ltr'>ἔφησε</span> <span class='ocrx_word' id='word_1_118' title='bbox 774 1669 788 1682; x_wconf 88' lang='grc'><strong>·</strong></span> <span class='ocrx_word' id='word_1_119' title='bbox 819 1651 920 1705; x_wconf 89' lang='grc' dir='ltr'>Δεῖ</span> <span class='ocrx_word' id='word_1_120' title='bbox 944 1649 1012 1704; x_wconf 83' lang='grc' dir='ltr'>δὲ</span> <span class='ocrx_word' id='word_1_121' title='bbox 1045 1648 1232 1704; x_wconf 79' lang='grc' dir='ltr'>αὑτὸν</span> <span class='ocrx_word' id='word_1_122' title='bbox 1254 1647 1590 1718; x_wconf 74' lang='grc' dir='ltr'>μαρτυρίαν</span> <span class='ocrx_word' id='word_1_123' title='bbox 1618 1648 1779 1714; x_wconf 78' lang='grc' dir='ltr'>ἔχειν</span> <span class='ocrx_word' id='word_1_124' title='bbox 1813 1643 2030 1711; x_wconf 71' lang='grc' dir='ltr'>καλὴν,</span> 
     </span>
    </p>
   </div>
   <div class='ocr_carea' id='block_1_17' title="bbox 366 1732 2033 1809">
    <p class='ocr_par' dir='ltr' id='par_1_17' title="bbox 366 1732 2033 1809">
     <span class='ocr_line' id='line_1_17' title="bbox 366 1732 2033 1809; baseline -0.011 -8"><span class='ocrx_word' id='word_1_125' title='bbox 366 1746 504 1802; x_wconf 84' lang='grc' dir='ltr'>ἀλλά</span> <span class='ocrx_word' id='word_1_126' title='bbox 533 1745 593 1798; x_wconf 81' lang='grc' dir='ltr'>τὺ</span> <span class='ocrx_word' id='word_1_127' title='bbox 640 1745 732 1797; x_wconf 67' lang='grc' dir='ltr'>καὶ</span> <span class='ocrx_word' id='word_1_128' title='bbox 771 1741 936 1809; x_wconf 81' lang='grc' dir='ltr'>Παρὰ</span> <span class='ocrx_word' id='word_1_129' title='bbox 983 1738 1101 1792; x_wconf 83' lang='grc' dir='ltr'>τῶν</span> <span class='ocrx_word' id='word_1_130' title='bbox 1129 1736 1351 1800; x_wconf 74' lang='grc' dir='ltr'>ἔξωθεν</span> <span class='ocrx_word' id='word_1_131' title='bbox 1393 1735 1749 1806; x_wconf 88' lang='grc' dir='ltr'>παρενέϐαλε,</span> <span class='ocrx_word' id='word_1_132' title='bbox 1795 1732 2033 1802; x_wconf 81' lang='grc' dir='ltr'>δηλῶσαι</span> 
     </span>
    </p>
   </div>
   <div class='ocr_carea' id='block_1_18' title="bbox 370 1819 2033 1904">
    <p class='ocr_par' dir='ltr' id='par_1_18' title="bbox 370 1819 2033 1904">
     <span class='ocr_line' id='line_1_18' title="bbox 370 1819 2033 1904; baseline -0.009 -18"><span class='ocrx_word' id='word_1_133' title='bbox 370 1834 686 1904; x_wconf 84' lang='grc' dir='ltr'>βουλόμενος</span> <span class='ocrx_word' id='word_1_134' title='bbox 712 1831 792 1882; x_wconf 84' lang='grc' dir='ltr'>ὅτι</span> <span class='ocrx_word' id='word_1_135' title='bbox 827 1829 932 1898; x_wconf 84' lang='grc' dir='ltr'>πρὸ</span> <span class='ocrx_word' id='word_1_136' title='bbox 957 1826 1056 1895; x_wconf 80' lang='grc' dir='ltr'>τῆς</span> <span class='ocrx_word' id='word_1_137' title='bbox 1088 1823 1193 1876; x_wconf 84' lang='grc' dir='ltr'>τῶν</span> <span class='ocrx_word' id='word_1_138' title='bbox 1239 1822 1440 1888; x_wconf 77' lang='grc' dir='ltr'>ἔξωθεν</span> <span class='ocrx_word' id='word_1_139' title='bbox 1475 1824 1663 1893; x_wconf 84' lang='grc' dir='ltr'>φήμης</span> <span class='ocrx_word' id='word_1_140' title='bbox 1708 1821 1842 1891; x_wconf 83' lang='grc' dir='ltr'>πρὸς</span> <span class='ocrx_word' id='word_1_141' title='bbox 1875 1819 2033 1890; x_wconf 81' lang='grc' dir='ltr'>ἀκρί⁴</span> 
     </span>
    </p>
   </div>
   <div class='ocr_carea' id='block_1_19' title="bbox 366 1905 2032 1984">
    <p class='ocr_par' dir='ltr' id='par_1_19' title="bbox 366 1905 2032 1984">
     <span class='ocr_line' id='line_1_19' title="bbox 366 1905 2032 1984; baseline -0.01 -9"><span class='ocrx_word' id='word_1_142' title='bbox 366 1923 518 1974; x_wconf 88' lang='grc' dir='ltr'>ϐειαν</span> <span class='ocrx_word' id='word_1_143' title='bbox 568 1919 728 1972; x_wconf 79' lang='grc' dir='ltr'>αὐτὸν</span> <span class='ocrx_word' id='word_1_144' title='bbox 769 1911 1216 1984; x_wconf 75' lang='grc' dir='ltr'>διερευνήσασθαι</span> <span class='ocrx_word' id='word_1_145' title='bbox 1275 1911 1372 1963; x_wconf 86' lang='grc' dir='ltr'>δεῖ.</span> <span class='ocrx_word' id='word_1_146' title='bbox 1423 1910 1576 1962; x_wconf 75' lang='grc' dir='ltr'>Ἐπεὶ</span> <span class='ocrx_word' id='word_1_147' title='bbox 1609 1905 1700 1962; x_wconf 74' lang='grc' dir='ltr'>οὖν</span> <span class='ocrx_word' id='word_1_148' title='bbox 1731 1910 1823 1961; x_wconf 72' lang='grc' dir='ltr'>καὶ</span> <span class='ocrx_word' id='word_1_149' title='bbox 1869 1907 2032 1972; x_wconf 81' lang='grc' dir='ltr'>αὐτὸς</span> 
     </span>
    </p>
   </div>
   <div class='ocr_carea' id='block_1_20' title="bbox 365 1995 2033 2080">
    <p class='ocr_par' dir='ltr' id='par_1_20' title="bbox 365 1995 2033 2080">
     <span class='ocr_line' id='line_1_20' title="bbox 365 1995 2033 2080; baseline -0.008 -18"><span class='ocrx_word' id='word_1_150' title='bbox 365 2008 514 2080; x_wconf 75' lang='grc' dir='ltr'>ᾔδειν</span> <span class='ocrx_word' id='word_1_151' title='bbox 544 2005 612 2058; x_wconf 71' lang='grc' dir='ltr'>τὰ</span> <span class='ocrx_word' id='word_1_152' title='bbox 642 2005 710 2058; x_wconf 80' lang='grc' dir='ltr'>σὰ</span> <span class='ocrx_word' id='word_1_153' title='bbox 743 2002 852 2054; x_wconf 88' lang='grc' dir='ltr'>τῶν</span> <span class='ocrx_word' id='word_1_154' title='bbox 893 1999 1301 2070; x_wconf 74' lang='grc' dir='ltr'>γεγεννηκότων</span> <span class='ocrx_word' id='word_1_155' title='bbox 1353 1997 1571 2069; x_wconf 79' lang='grc' dir='ltr'>μᾶλλον,</span> <span class='ocrx_word' id='word_1_156' title='bbox 1619 1996 1694 2058; x_wconf 84' lang='grc' dir='ltr'>ὡς</span> <span class='ocrx_word' id='word_1_157' title='bbox 1737 1997 1832 2049; x_wconf 75' lang='grc' dir='ltr'>καὶ</span> <span class='ocrx_word' id='word_1_158' title='bbox 1870 1995 2033 2059; x_wconf 73' lang='grc' dir='ltr'>αὐτὸς</span> 
     </span>
    </p>
   </div>
   <div class='ocr_carea' id='block_1_21' title="bbox 365 2083 2032 2167">
    <p class='ocr_par' dir='ltr' id='par_1_21' title="bbox 365 2083 2032 2167">
     <span class='ocr_line' id='line_1_21' title="bbox 365 2083 2032 2167; baseline -0.01 -17"><span class='ocrx_word' id='word_1_159' title='bbox 365 2095 746 2167; x_wconf 79' lang='grc' dir='ltr'>ὡμολόγησας,</span> <span class='ocrx_word' id='word_1_160' title='bbox 773 2092 858 2145; x_wconf 80' lang='grc' dir='ltr'>διά</span> <span class='ocrx_word' id='word_1_161' title='bbox 888 2089 1047 2143; x_wconf 68' lang='grc' dir='ltr'>τοῦτο</span> <span class='ocrx_word' id='word_1_162' title='bbox 1079 2089 1285 2150; x_wconf 82' lang='grc' dir='ltr'>δίκαιος</span> <span class='ocrx_word' id='word_1_163' title='bbox 1311 2087 1377 2140; x_wconf 82' lang='grc' dir='ltr'>ἂν</span> <span class='ocrx_word' id='word_1_164' title='bbox 1411 2085 1530 2157; x_wconf 82' lang='grc' dir='ltr'>είην</span> <span class='ocrx_word' id='word_1_165' title='bbox 1570 2085 1750 2155; x_wconf 82' lang='grc' dir='ltr'>πάσης</span> <span class='ocrx_word' id='word_1_166' title='bbox 1781 2083 2032 2153; x_wconf 87' lang='grc' dir='ltr'>ἀφεῖσθαι</span> 
     </span>
    </p>
   </div>
   <div class='ocr_carea' id='block_1_22' title="bbox 364 2199 564 2245">
    <p class='ocr_par' dir='ltr' id='par_1_22' title="bbox 364 2199 564 2245">
     <span class='ocr_line' id='line_1_22' title="bbox 364 2199 564 2245; baseline -0.015 -8"><span class='ocrx_word' id='word_1_167' title='bbox 364 2199 564 2245; x_wconf 88' lang='grc' dir='ltr'>αιτιας.</span> 
     </span>
    </p>
   </div>
   <div class='ocr_carea' id='block_1_23' title="bbox 437 2259 2036 2336">
    <p class='ocr_par' dir='ltr' id='par_1_23' title="bbox 437 2259 2036 2336">
     <span class='ocr_line' id='line_1_23' title="bbox 437 2259 2036 2336; baseline -0.006 -12"><span class='ocrx_word' id='word_1_168' title='bbox 437 2272 659 2324; x_wconf 80' lang='grc' dir='ltr'>ΒΛΣῐΛ.</span> <span class='ocrx_word' id='word_1_169' title='bbox 688 2268 763 2320; x_wconf 80' lang='grc' dir='ltr'>Δι’</span> <span class='ocrx_word' id='word_1_170' title='bbox 800 2266 930 2321; x_wconf 77' lang='grc' dir='ltr'>αὐτὸ</span> <span class='ocrx_word' id='word_1_171' title='bbox 979 2265 1076 2336; x_wconf 88' lang='grc' dir='ltr'>μέν</span> <span class='ocrx_word' id='word_1_172' title='bbox 1106 2261 1198 2318; x_wconf 82' lang='grc' dir='ltr'>οῦν</span> <span class='ocrx_word' id='word_1_173' title='bbox 1229 2263 1406 2327; x_wconf 85' lang='grc' dir='ltr'>τοῦτο,</span> <span class='ocrx_word' id='word_1_174' title='bbox 1448 2261 1646 2333; x_wconf 72' lang='grc' dir='ltr'>φησὶν..</span> <span class='ocrx_word' id='word_1_175' title='bbox 1673 2262 1774 2315; x_wconf 89' lang='grc' dir='ltr'>οὐκ</span> <span class='ocrx_word' id='word_1_176' title='bbox 1814 2261 1880 2315; x_wconf 81' lang='grc' dir='ltr'>ἂν</span> <span class='ocrx_word' id='word_1_177' title='bbox 1907 2259 2036 2330; x_wconf 81' lang='grc' dir='ltr'>ἐφυ-</span> 
     </span>
    </p>
   </div>
   <div class='ocr_carea' id='block_1_24' title="bbox 365 2345 2037 2428">
    <p class='ocr_par' dir='ltr' id='par_1_24' title="bbox 365 2345 2037 2428">
     <span class='ocr_line' id='line_1_24' title="bbox 365 2345 2037 2428; baseline -0.008 -15"><span class='ocrx_word' id='word_1_178' title='bbox 365 2359 527 2428; x_wconf 75' lang='grc' dir='ltr'>γεςὶ),</span> <span class='ocrx_word' id='word_1_179' title='bbox 570 2359 622 2411; x_wconf 79' lang='grc' dir='ltr'>εἴ</span> <span class='ocrx_word' id='word_1_180' title='bbox 647 2358 730 2420; x_wconf 84' lang='grc' dir='ltr'>τίς</span> <span class='ocrx_word' id='word_1_181' title='bbox 763 2372 819 2408; x_wconf 90' lang='grc' dir='ltr'>σε</span> <span class='ocrx_word' id='word_1_182' title='bbox 846 2352 1155 2426; x_wconf 76' lang='grc' dir='ltr'>γράφεσθαι</span> <span class='ocrx_word' id='word_1_183' title='bbox 1187 2351 1397 2422; x_wconf 76' lang='grc' dir='ltr'>ἠθελεν.</span> <span class='ocrx_word' id='word_1_184' title='bbox 1439 2345 1516 2403; x_wconf 84' lang='grc' dir='ltr'><strong><em>Ἦ</em></strong></span> <span class='ocrx_word' id='word_1_185' title='bbox 1547 2349 1609 2402; x_wconf 92' lang='grc' dir='ltr'>οὐ</span> <span class='ocrx_word' id='word_1_186' title='bbox 1643 2348 1915 2420; x_wconf 84' lang='grc' dir='ltr'>μέμνησαι</span> <span class='ocrx_word' id='word_1_187' title='bbox 1942 2348 2037 2401; x_wconf 80' lang='grc' dir='ltr'>καὶ</span> 
     </span>
    </p>
   </div>
   <div class='ocr_carea' id='block_1_25' title="bbox 367 2434 2035 2519">
    <p class='ocr_par' dir='ltr' id='par_1_25' title="bbox 367 2434 2035 2519">
     <span class='ocr_line' id='line_1_25' title="bbox 367 2434 2035 2519; baseline -0.007 -18"><span class='ocrx_word' id='word_1_188' title='bbox 367 2449 497 2519; x_wconf 77' lang='grc' dir='ltr'>παρ’</span> <span class='ocrx_word' id='word_1_189' title='bbox 533 2444 690 2517; x_wconf 77' lang='grc' dir='ltr'>ἡμῶν</span> <span class='ocrx_word' id='word_1_190' title='bbox 729 2442 966 2504; x_wconf 84' lang='grc' dir='ltr'>ἀκούσας</span> <span class='ocrx_word' id='word_1_191' title='bbox 999 2441 1094 2493; x_wconf 74' lang='grc' dir='ltr'>καὶ</span> <span class='ocrx_word' id='word_1_192' title='bbox 1131 2438 1390 2502; x_wconf 84' lang='grc' dir='ltr'>πολλάκις</span> <span class='ocrx_word' id='word_1_193' title='bbox 1431 2437 1527 2490; x_wconf 70' lang='grc' dir='ltr'>καὶ</span> <span class='ocrx_word' id='word_1_194' title='bbox 1577 2436 1663 2490; x_wconf 77' lang='grc' dir='ltr'>διὰ</span> <span class='ocrx_word' id='word_1_195' title='bbox 1701 2435 1810 2488; x_wconf 83' lang='grc' dir='ltr'>τῶν</span> <span class='ocrx_word' id='word_1_196' title='bbox 1857 2434 2035 2506; x_wconf 74' lang='grc' dir='ltr'>ἔργων</span> 
     </span>
    </p>
   </div>
   <div class='ocr_carea' id='block_1_26' title="bbox 367 2523 2033 2600">
    <p class='ocr_par' dir='ltr' id='par_1_26' title="bbox 367 2523 2033 2600">
     <span class='ocr_line' id='line_1_26' title="bbox 367 2523 2033 2600; baseline -0.006 -14"><span class='ocrx_word' id='word_1_197' title='bbox 367 2532 548 2586; x_wconf 85' lang='grc' dir='ltr'>αὐτῶν</span> <span class='ocrx_word' id='word_1_198' title='bbox 582 2529 850 2600; x_wconf 78' lang='grc' dir='ltr'>διδαχθεὶς</span> <span class='ocrx_word' id='word_1_199' title='bbox 901 2529 960 2580; x_wconf 72' lang='grc' dir='ltr'>τὸ</span> <span class='ocrx_word' id='word_1_200' title='bbox 992 2527 1093 2596; x_wconf 79' lang='grc' dir='ltr'>τῆς</span> <span class='ocrx_word' id='word_1_201' title='bbox 1142 2525 1321 2596; x_wconf 80' lang='grc' dir='ltr'>ψυχῆς</span> <span class='ocrx_word' id='word_1_202' title='bbox 1370 2523 1596 2593; x_wconf 84' lang='grc' dir='ltr'>ἀγεννὲς</span> <span class='ocrx_word' id='word_1_203' title='bbox 1623 2523 1722 2593; x_wconf 79' lang='grc' dir='ltr'>τῆς</span> <span class='ocrx_word' id='word_1_204' title='bbox 1755 2523 1924 2592; x_wconf 83' lang='grc' dir='ltr'>ἐμῆς;</span> <span class='ocrx_word' id='word_1_205' title='bbox 1957 2523 2033 2576; x_wconf 82' lang='grc' dir='ltr'>Οὐ</span> 
     </span>
    </p>
   </div>
   <div class='ocr_carea' id='block_1_27' title="bbox 366 2609 2034 2687">
    <p class='ocr_par' dir='ltr' id='par_1_27' title="bbox 366 2609 2034 2687">
     <span class='ocr_line' id='line_1_27' title="bbox 366 2609 2034 2687; baseline -0.008 -13"><span class='ocrx_word' id='word_1_206' title='bbox 366 2622 453 2674; x_wconf 77' lang='grc' dir='ltr'>διὰ</span> <span class='ocrx_word' id='word_1_207' title='bbox 487 2619 644 2673; x_wconf 78' lang='grc' dir='ltr'>τοῦτο</span> <span class='ocrx_word' id='word_1_208' title='bbox 671 2621 751 2681; x_wconf 83' lang='grc' dir='ltr'>είς</span> <span class='ocrx_word' id='word_1_209' title='bbox 786 2615 1150 2687; x_wconf 72' lang='grc' dir='ltr'>μικροψυχίαν</span> <span class='ocrx_word' id='word_1_210' title='bbox 1183 2615 1330 2683; x_wconf 73' lang='grc' dir='ltr'>ἡμᾶς</span> <span class='ocrx_word' id='word_1_211' title='bbox 1349 2611 1603 2674; x_wconf 83' lang='grc' dir='ltr'>διετέλεις</span> <span class='ocrx_word' id='word_1_212' title='bbox 1633 2609 1898 2663; x_wconf 72' lang='grc' dir='ltr'>σκώπτων</span> <span class='ocrx_word' id='word_1_213' title='bbox 1925 2611 2034 2674; x_wconf 78' lang='grc' dir='ltr'>ἀεὶ,</span> 
     </span>
    </p>
   </div>
   <div class='ocr_carea' id='block_1_28' title="bbox 366 2696 2032 2773">
    <p class='ocr_par' dir='ltr' id='par_1_28' title="bbox 366 2696 2032 2773">
     <span class='ocr_line' id='line_1_28' title="bbox 366 2696 2032 2773; baseline -0.008 -11"><span class='ocrx_word' id='word_1_214' title='bbox 366 2711 448 2762; x_wconf 75' lang='grc' dir='ltr'>ὅτι</span> <span class='ocrx_word' id='word_1_215' title='bbox 483 2711 576 2760; x_wconf 73' lang='grc' dir='ltr'>καὶ</span> <span class='ocrx_word' id='word_1_216' title='bbox 602 2706 718 2768; x_wconf 83' lang='grc' dir='ltr'>ταῖς</span> <span class='ocrx_word' id='word_1_217' title='bbox 744 2703 1032 2773; x_wconf 78' lang='grc' dir='ltr'>τυχούσαις</span> <span class='ocrx_word' id='word_1_218' title='bbox 1062 2701 1308 2772; x_wconf 73' lang='grc' dir='ltr'>φροντίσι</span> <span class='ocrx_word' id='word_1_219' title='bbox 1335 2699 1748 2768; x_wconf 87' lang='grc' dir='ltr'>καταπίπτομεν</span> <span class='ocrx_word' id='word_1_220' title='bbox 1769 2696 2032 2763; x_wconf 82' lang='grc' dir='ltr'>εὐκόλως;</span> 
     </span>
    </p>
   </div>
   <div class='ocr_carea' id='block_1_29' title="bbox 437 2785 2032 2860">
    <p class='ocr_par' dir='ltr' id='par_1_29' title="bbox 437 2785 2032 2860">
     <span class='ocr_line' id='line_1_29' title="bbox 437 2785 2032 2860; baseline -0.007 -12"><span class='ocrx_word' id='word_1_221' title='bbox 437 2801 498 2848; x_wconf 85' lang='grc' dir='ltr'>ε’.</span> <span class='ocrx_word' id='word_1_222' title='bbox 537 2792 872 2845; x_wconf 82' lang='grc' dir='ltr'>ΧΡΥΣΟΣΤ.</span> <span class='ocrx_word' id='word_1_223' title='bbox 914 2791 1214 2860; x_wconf 87' lang='grc' dir='ltr'>Μέμνημαι</span> <span class='ocrx_word' id='word_1_224' title='bbox 1265 2787 1361 2858; x_wconf 79' lang='grc' dir='ltr'>μὲν</span> <span class='ocrx_word' id='word_1_225' title='bbox 1406 2787 1500 2840; x_wconf 75' lang='grc' dir='ltr'>καὶ</span> <span class='ocrx_word' id='word_1_226' title='bbox 1541 2786 1712 2839; x_wconf 88' lang='grc' dir='ltr'>ταῦτα</span> <span class='ocrx_word' id='word_1_227' title='bbox 1754 2785 2032 2851; x_wconf 77' lang='grc' dir='ltr'>πολλάκις,</span> 
     </span>
    </p>
   </div>
   <div class='ocr_carea' id='block_1_30' title="bbox 367 2873 2037 2952">
    <p class='ocr_par' dir='ltr' id='par_1_30' title="bbox 367 2873 2037 2952">
     <span class='ocr_line' id='line_1_30' title="bbox 367 2873 2037 2952; baseline -0.007 -16"><span class='ocrx_word' id='word_1_228' title='bbox 367 2882 524 2952; x_wconf 81' lang='grc' dir='ltr'>ἔφην,</span> <span class='ocrx_word' id='word_1_229' title='bbox 559 2879 796 2943; x_wconf 87' lang='grc' dir='ltr'>ἀκούσας</span> <span class='ocrx_word' id='word_1_230' title='bbox 831 2877 980 2948; x_wconf 86' lang='grc' dir='ltr'>παρά</span> <span class='ocrx_word' id='word_1_231' title='bbox 1009 2876 1100 2930; x_wconf 86' lang='grc' dir='ltr'>σοῦ</span> <span class='ocrx_word' id='word_1_232' title='bbox 1135 2875 1203 2929; x_wconf 74' lang='grc' dir='ltr'>τὰ</span> <span class='ocrx_word' id='word_1_233' title='bbox 1239 2876 1481 2947; x_wconf 77' lang='grc' dir='ltr'>ῥήματα,</span> <span class='ocrx_word' id='word_1_234' title='bbox 1520 2876 1612 2927; x_wconf 73' lang='grc' dir='ltr'>καὶ</span> <span class='ocrx_word' id='word_1_235' title='bbox 1638 2875 1738 2928; x_wconf 91' lang='grc' dir='ltr'>οὐκ</span> <span class='ocrx_word' id='word_1_236' title='bbox 1770 2873 1834 2926; x_wconf 79' lang='grc' dir='ltr'>ἂν</span> <span class='ocrx_word' id='word_1_237' title='bbox 1870 2874 2037 2944; x_wconf 86' lang='grc' dir='ltr'>ἀρνη-</span> 
     </span>
    </p>
   </div>
   <div class='ocr_carea' id='block_1_31' title="bbox 369 2960 2034 3041">
    <p class='ocr_par' dir='ltr' id='par_1_31' title="bbox 369 2960 2034 3041">
     <span class='ocr_line' id='line_1_31' title="bbox 369 2960 2034 3041; baseline -0.007 -18"><span class='ocrx_word' id='word_1_238' title='bbox 369 2970 540 3041; x_wconf 81' lang='grc' dir='ltr'>θείην.</span> <span class='ocrx_word' id='word_1_239' title='bbox 572 2965 711 3036; x_wconf 84' lang='grc' dir='ltr'>Ἐγὼ</span> <span class='ocrx_word' id='word_1_240' title='bbox 746 2967 801 3019; x_wconf 89' lang='grc' dir='ltr'>δέ</span> <span class='ocrx_word' id='word_1_241' title='bbox 830 2983 889 3018; x_wconf 86' lang='grc' dir='ltr'>σε</span> <span class='ocrx_word' id='word_1_242' title='bbox 916 2964 970 3018; x_wconf 78' lang='grc' dir='ltr'>εἴ</span> <span class='ocrx_word' id='word_1_243' title='bbox 999 2981 1126 3018; x_wconf 89' lang='grc' dir='ltr'>ποτε</span> <span class='ocrx_word' id='word_1_244' title='bbox 1171 2964 1473 3027; x_wconf 74' lang='grc' dir='ltr'>ἔσκωπτον,</span> <span class='ocrx_word' id='word_1_245' title='bbox 1511 2962 1739 3026; x_wconf 75' lang='grc' dir='ltr'>παίζων,</span> <span class='ocrx_word' id='word_1_246' title='bbox 1771 2961 1872 3014; x_wconf 91' lang='grc' dir='ltr'>οὐκ</span> <span class='ocrx_word' id='word_1_247' title='bbox 1899 2960 2034 3029; x_wconf 79' lang='grc' dir='ltr'>άλη-</span> 
     </span>
    </p>
   </div>
   <div class='ocr_carea' id='block_1_32' title="bbox 368 3049 2038 3122">
    <p class='ocr_par' dir='ltr' id='par_1_32' title="bbox 368 3049 2038 3122">
     <span class='ocr_line' id='line_1_32' title="bbox 368 3049 2038 3122; baseline -0.008 -10"><span class='ocrx_word' id='word_1_248' title='bbox 368 3059 539 3113; x_wconf 87' lang='grc' dir='ltr'>θεύων</span> <span class='ocrx_word' id='word_1_249' title='bbox 560 3055 716 3115; x_wconf 85' lang='grc' dir='ltr'>τοῦτο</span> <span class='ocrx_word' id='word_1_250' title='bbox 742 3053 974 3108; x_wconf 86' lang='grc' dir='ltr'>ἐποίουν.</span> <span class='ocrx_word' id='word_1_251' title='bbox 994 3052 1132 3107; x_wconf 83' lang='grc' dir='ltr'>Ἀλλ’</span> <span class='ocrx_word' id='word_1_252' title='bbox 1163 3053 1308 3122; x_wconf 85' lang='grc' dir='ltr'>ὅμως</span> <span class='ocrx_word' id='word_1_253' title='bbox 1331 3050 1480 3104; x_wconf 77' lang='grc' dir='ltr'>οὐδὲν</span> <span class='ocrx_word' id='word_1_254' title='bbox 1512 3051 1650 3121; x_wconf 81' lang='grc' dir='ltr'>ὑπὲρ</span> <span class='ocrx_word' id='word_1_255' title='bbox 1666 3049 1868 3102; x_wconf 89' lang='grc' dir='ltr'>τούτων</span> <span class='ocrx_word' id='word_1_256' title='bbox 1892 3049 2038 3116; x_wconf 87' lang='grc' dir='ltr'>φιλο-</span> 
     </span>
    </p>
   </div>
   <div class='ocr_carea' id='block_1_33' title="bbox 367 3139 2035 3210">
    <p class='ocr_par' dir='ltr' id='par_1_33' title="bbox 367 3139 2035 3210">
     <span class='ocr_line' id='line_1_33' title="bbox 367 3139 2035 3210; baseline -0.007 -8"><span class='ocrx_word' id='word_1_257' title='bbox 367 3146 532 3202; x_wconf 86' lang='grc' dir='ltr'>νεικῶ</span> <span class='ocrx_word' id='word_1_258' title='bbox 555 3145 670 3206; x_wconf 90' lang='grc' dir='ltr'>νῦν,</span> <span class='ocrx_word' id='word_1_259' title='bbox 700 3143 834 3207; x_wconf 79' lang='grc' dir='ltr'>άξιῶ</span> <span class='ocrx_word' id='word_1_260' title='bbox 858 3142 915 3194; x_wconf 83' lang='grc' dir='ltr'>δὲ</span> <span class='ocrx_word' id='word_1_261' title='bbox 947 3142 1039 3194; x_wconf 79' lang='grc' dir='ltr'>καὶ</span> <span class='ocrx_word' id='word_1_262' title='bbox 1068 3141 1290 3194; x_wconf 76' lang='grc' dir='ltr'>σεαυτὸν</span> <span class='ocrx_word' id='word_1_263' title='bbox 1314 3140 1414 3210; x_wconf 84' lang='grc' dir='ltr'>τήν</span> <span class='ocrx_word' id='word_1_264' title='bbox 1447 3139 1568 3209; x_wconf 78' lang='grc' dir='ltr'>ἴσην</span> <span class='ocrx_word' id='word_1_265' title='bbox 1610 3154 1698 3206; x_wconf 91' lang='grc' dir='ltr'>μοι</span> <span class='ocrx_word' id='word_1_266' title='bbox 1732 3139 2035 3206; x_wconf 84' lang='grc' dir='ltr'>παρασχεῖν</span> 
     </span>
    </p>
   </div>
   <div class='ocr_carea' id='block_1_34' title="bbox 366 3224 2037 3304">
    <p class='ocr_par' dir='ltr' id='par_1_34' title="bbox 366 3224 2037 3304">
     <span class='ocr_line' id='line_1_34' title="bbox 366 3224 2037 3304; baseline -0.007 -16"><span class='ocrx_word' id='word_1_267' title='bbox 366 3231 807 3304; x_wconf 87' lang='grc' dir='ltr'>εὐγνωμοσύνην,</span> <span class='ocrx_word' id='word_1_268' title='bbox 833 3231 960 3283; x_wconf 81' lang='grc' dir='ltr'>ὅταν</span> <span class='ocrx_word' id='word_1_269' title='bbox 982 3229 1193 3300; x_wconf 87' lang='grc' dir='ltr'>θελήσω</span> <span class='ocrx_word' id='word_1_270' title='bbox 1217 3227 1362 3290; x_wconf 78' lang='grc' dir='ltr'>τινὸς</span> <span class='ocrx_word' id='word_1_271' title='bbox 1384 3225 1785 3296; x_wconf 82' lang='grc' dir='ltr'>ἐπιμνησθῆναι</span> <span class='ocrx_word' id='word_1_272' title='bbox 1811 3224 1919 3279; x_wconf 84' lang='grc' dir='ltr'>τῶν</span> <span class='ocrx_word' id='word_1_273' title='bbox 1953 3225 2037 3276; x_wconf 76' lang='grc' dir='ltr'>σοὶ</span> 
     </span>
    </p>
   </div>
   <div class='ocr_carea' id='block_1_35' title="bbox 366 3312 2037 3392">
    <p class='ocr_par' dir='ltr' id='par_1_35' title="bbox 366 3312 2037 3392">
     <span class='ocr_line' id='line_1_35' title="bbox 366 3312 2037 3392; baseline -0.007 -17"><span class='ocrx_word' id='word_1_274' title='bbox 366 3323 680 3392; x_wconf 70' lang='grc' dir='ltr'>προσόντων</span> <span class='ocrx_word' id='word_1_275' title='bbox 727 3317 968 3386; x_wconf 86' lang='grc' dir='ltr'>ἀγαθῶν.</span> <span class='ocrx_word' id='word_1_276' title='bbox 1006 3315 1128 3369; x_wconf 82' lang='grc' dir='ltr'>Κᾶν</span> <span class='ocrx_word' id='word_1_277' title='bbox 1175 3316 1284 3384; x_wconf 83' lang='grc' dir='ltr'>γάρ</span> <span class='ocrx_word' id='word_1_278' title='bbox 1326 3315 1681 3384; x_wconf 80' lang='grc' dir='ltr'>ἐπιχειρήσῃς</span> <span class='ocrx_word' id='word_1_279' title='bbox 1713 3313 1863 3382; x_wconf 78' lang='grc' dir='ltr'>ἡμᾶς</span> <span class='ocrx_word' id='word_1_280' title='bbox 1930 3312 2037 3364; x_wconf 84' lang='grc' dir='ltr'>άπ-</span> 
     </span>
    </p>
   </div>
   <div class='ocr_carea' id='block_1_36' title="bbox 365 3399 2036 3476">
    <p class='ocr_par' dir='ltr' id='par_1_36' title="bbox 365 3399 2036 3476">
     <span class='ocr_line' id='line_1_36' title="bbox 365 3399 2036 3476; baseline -0.006 -14"><span class='ocrx_word' id='word_1_281' title='bbox 365 3408 583 3476; x_wconf 84' lang='grc' dir='ltr'>ελέγξαι</span> <span class='ocrx_word' id='word_1_282' title='bbox 622 3405 1017 3476; x_wconf 70' lang='grc' dir='ltr'>ψευδομένους,</span> <span class='ocrx_word' id='word_1_283' title='bbox 1061 3404 1122 3456; x_wconf 91' lang='grc' dir='ltr'>οὐ</span> <span class='ocrx_word' id='word_1_284' title='bbox 1175 3401 1491 3472; x_wconf 88' lang='grc' dir='ltr'>φεισόμεθα,</span> <span class='ocrx_word' id='word_1_285' title='bbox 1527 3399 1638 3455; x_wconf 86' lang='grc' dir='ltr'>ἀλλ’</span> <span class='ocrx_word' id='word_1_286' title='bbox 1686 3399 2036 3470; x_wconf 81' lang='grc' dir='ltr'>ἀποδείξομεν</span> 
     </span>
    </p>
   </div>
   <div class='ocr_carea' id='block_1_37' title="bbox 371 3485 2038 3566">
    <p class='ocr_par' dir='ltr' id='par_1_37' title="bbox 371 3485 2038 3566">
     <span class='ocr_line' id='line_1_37' title="bbox 371 3485 2038 3566; baseline -0.006 -18"><span class='ocrx_word' id='word_1_287' title='bbox 371 3494 732 3566; x_wconf 76' lang='grc' dir='ltr'>μετριάζοντα</span> <span class='ocrx_word' id='word_1_288' title='bbox 770 3509 828 3545; x_wconf 87' lang='grc' dir='ltr'>σε</span> <span class='ocrx_word' id='word_1_289' title='bbox 871 3490 1070 3561; x_wconf 80' lang='grc' dir='ltr'>μᾶλλον</span> <span class='ocrx_word' id='word_1_290' title='bbox 1107 3489 1140 3560; x_wconf 81' lang='grc' dir='ltr'>ἢ</span> <span class='ocrx_word' id='word_1_291' title='bbox 1176 3493 1310 3560; x_wconf 80' lang='grc' dir='ltr'>πρὸς</span> <span class='ocrx_word' id='word_1_292' title='bbox 1347 3488 1602 3558; x_wconf 86' lang='grc' dir='ltr'>ἀλήθειαν</span> <span class='ocrx_word' id='word_1_293' title='bbox 1654 3485 1829 3539; x_wconf 87' lang='grc' dir='ltr'>ταῦτα</span> <span class='ocrx_word' id='word_1_294' title='bbox 1872 3485 2038 3556; x_wconf 82' lang='grc' dir='ltr'>φθεγ-</span> 
     </span>
    </p>
   </div>
   <div class='ocr_carea' id='block_1_38' title="bbox 366 3573 2038 3653">
    <p class='ocr_par' dir='ltr' id='par_1_38' title="bbox 366 3573 2038 3653">
     <span class='ocr_line' id='line_1_38' title="bbox 366 3573 2038 3653; baseline -0.007 -16"><span class='ocrx_word' id='word_1_295' title='bbox 366 3584 618 3653; x_wconf 89' lang='grc' dir='ltr'>γόμενον,</span> <span class='ocrx_word' id='word_1_296' title='bbox 654 3580 827 3650; x_wconf 79' lang='grc' dir='ltr'>ἑτέρῳ</span> <span class='ocrx_word' id='word_1_297' title='bbox 872 3578 971 3648; x_wconf 80' lang='grc' dir='ltr'>μὲν</span> <span class='ocrx_word' id='word_1_298' title='bbox 1003 3577 1200 3642; x_wconf 72' lang='grc' dir='ltr'>οὐδενὶ,</span> <span class='ocrx_word' id='word_1_299' title='bbox 1231 3580 1346 3639; x_wconf 87' lang='grc' dir='ltr'>τοῖς</span> <span class='ocrx_word' id='word_1_300' title='bbox 1374 3575 1429 3627; x_wconf 78' lang='grc' dir='ltr'>δέ</span> <span class='ocrx_word' id='word_1_301' title='bbox 1452 3575 1631 3644; x_wconf 79' lang='grc' dir='ltr'>λόγοις</span> <span class='ocrx_word' id='word_1_302' title='bbox 1658 3575 1770 3635; x_wconf 88' lang='grc' dir='ltr'>τοῖς</span> <span class='ocrx_word' id='word_1_303' title='bbox 1801 3576 1911 3636; x_wconf 90' lang='grc' dir='ltr'>σοῖς</span> <span class='ocrx_word' id='word_1_304' title='bbox 1943 3573 2038 3626; x_wconf 71' lang='grc' dir='ltr'>καὶ</span> 
     </span>
    </p>
   </div>
   <div class='ocr_carea' id='block_1_39' title="bbox 366 3660 2036 3738">
    <p class='ocr_par' dir='ltr' id='par_1_39' title="bbox 366 3660 2036 3738">
     <span class='ocr_line' id='line_1_39' title="bbox 366 3660 2036 3738; baseline -0.005 -15"><span class='ocrx_word' id='word_1_305' title='bbox 366 3673 487 3733; x_wconf 85' lang='grc' dir='ltr'>ταῖς</span> <span class='ocrx_word' id='word_1_306' title='bbox 523 3667 752 3738; x_wconf 83' lang='grc' dir='ltr'>πράξεσι</span> <span class='ocrx_word' id='word_1_307' title='bbox 779 3668 1012 3737; x_wconf 85' lang='grc' dir='ltr'>μάρτυσι</span> <span class='ocrx_word' id='word_1_308' title='bbox 1037 3663 1361 3735; x_wconf 83' lang='grc' dir='ltr'>κεχρημένοι</span> <span class='ocrx_word' id='word_1_309' title='bbox 1395 3662 1529 3733; x_wconf 73' lang='grc' dir='ltr'>πρὸς</span> <span class='ocrx_word' id='word_1_310' title='bbox 1544 3662 1643 3733; x_wconf 79' lang='grc' dir='ltr'>τὴν</span> <span class='ocrx_word' id='word_1_311' title='bbox 1671 3661 1778 3713; x_wconf 86' lang='grc' dir='ltr'>τῶν</span> <span class='ocrx_word' id='word_1_312' title='bbox 1807 3660 2036 3730; x_wconf 85' lang='grc' dir='ltr'>λεγομέ-</span> 
     </span>
    </p>
   </div>
   <div class='ocr_carea' id='block_1_40' title="bbox 368 3747 2033 3825">
    <p class='ocr_par' dir='ltr' id='par_1_40' title="bbox 368 3747 2033 3825">
     <span class='ocr_line' id='line_1_40' title="bbox 368 3747 2033 3825; baseline -0.005 -16"><span class='ocrx_word' id='word_1_313' title='bbox 368 3774 475 3809; x_wconf 91' lang='grc' dir='ltr'>νων</span> <span class='ocrx_word' id='word_1_314' title='bbox 503 3755 780 3825; x_wconf 81' lang='grc' dir='ltr'>άλήθειαν.</span> <span class='ocrx_word' id='word_1_315' title='bbox 832 3753 1052 3822; x_wconf 81' lang='grc' dir='ltr'>Πρῶτον</span> <span class='ocrx_word' id='word_1_316' title='bbox 1076 3752 1133 3805; x_wconf 91' lang='grc' dir='ltr'>δέ</span> <span class='ocrx_word' id='word_1_317' title='bbox 1175 3767 1232 3803; x_wconf 90' lang='grc' dir='ltr'>σε</span> <span class='ocrx_word' id='word_1_318' title='bbox 1272 3751 1450 3803; x_wconf 66' lang='grc' dir='ltr'>ἐκεῖνο</span> <span class='ocrx_word' id='word_1_319' title='bbox 1483 3747 1701 3818; x_wconf 86' lang='grc' dir='ltr'>ἐρέσθαι</span> <span class='ocrx_word' id='word_1_320' title='bbox 1739 3747 2033 3818; x_wconf 83' lang='grc' dir='ltr'>βούλομαι⁶</span> 
     </span>
    </p>
   </div>
   <div class='ocr_carea' id='block_1_41' title="bbox 367 3834 2037 3914">
    <p class='ocr_par' dir='ltr' id='par_1_41' title="bbox 367 3834 2037 3914">
     <span class='ocr_line' id='line_1_41' title="bbox 367 3834 2037 3914; baseline -0.007 -17"><span class='ocrx_word' id='word_1_321' title='bbox 367 3841 525 3898; x_wconf 86' lang='grc' dir='ltr'>οἶσθα</span> <span class='ocrx_word' id='word_1_322' title='bbox 561 3843 700 3914; x_wconf 77' lang='grc' dir='ltr'>πόση</span> <span class='ocrx_word' id='word_1_323' title='bbox 725 3843 822 3911; x_wconf 77' lang='grc' dir='ltr'>τῆς</span> <span class='ocrx_word' id='word_1_324' title='bbox 851 3841 1122 3911; x_wconf 84' lang='grc' dir='ltr'>ἀγάπηςή</span> <span class='ocrx_word' id='word_1_325' title='bbox 1155 3837 1414 3908; x_wconf 85' lang='grc' dir='ltr'>δύναμις;</span> <span class='ocrx_word' id='word_1_326' title='bbox 1457 3837 1516 3888; x_wconf 92' lang='lat'><strong>&#39;0</strong></span> <span class='ocrx_word' id='word_1_327' title='bbox 1544 3834 1643 3906; x_wconf 85' lang='grc' dir='ltr'>μὲν</span> <span class='ocrx_word' id='word_1_328' title='bbox 1672 3835 1778 3906; x_wconf 78' lang='grc' dir='ltr'>γάρ</span> <span class='ocrx_word' id='word_1_329' title='bbox 1804 3834 2037 3905; x_wconf 80' lang='grc' dir='ltr'>Χριστὸς</span> 
     </span>
    </p>
   </div>
   <div class='ocr_carea' id='block_1_42' title="bbox 367 3920 2036 4002">
    <p class='ocr_par' dir='ltr' id='par_1_42' title="bbox 367 3920 2036 4002">
     <span class='ocr_line' id='line_1_42' title="bbox 367 3920 2036 4002; baseline -0.007 -17"><span class='ocrx_word' id='word_1_330' title='bbox 367 3929 438 3985; x_wconf 69' lang='grc' dir='ltr'>τά</span> <span class='ocrx_word' id='word_1_331' title='bbox 484 3929 743 4002; x_wconf 80' lang='grc' dir='ltr'>τεράστια</span> <span class='ocrx_word' id='word_1_332' title='bbox 789 3928 965 3981; x_wconf 85' lang='grc' dir='ltr'>πάντα</span> <span class='ocrx_word' id='word_1_333' title='bbox 991 3926 1170 3995; x_wconf 75' lang='grc' dir='ltr'>ἀφεὶς,</span> <span class='ocrx_word' id='word_1_334' title='bbox 1209 3925 1350 3995; x_wconf 83' lang='grc' dir='ltr'>άπερ</span> <span class='ocrx_word' id='word_1_335' title='bbox 1383 3921 1605 3993; x_wconf 73' lang='grc' dir='ltr'>ἔμελλεν</span> <span class='ocrx_word' id='word_1_336' title='bbox 1634 3921 1738 3974; x_wconf 87' lang='grc' dir='ltr'>ὑπὸ</span> <span class='ocrx_word' id='word_1_337' title='bbox 1765 3920 1874 3973; x_wconf 85' lang='grc' dir='ltr'>τῶν</span> <span class='ocrx_word' id='word_1_338' title='bbox 1901 3922 2036 3974; x_wconf 80' lang='grc' dir='ltr'>ἀπο-</span> 
     </span>
    </p>
   </div>
   <div class='ocr_carea' id='block_1_43' title="bbox 369 4008 2035 4080">
    <p class='ocr_par' dir='ltr' id='par_1_43' title="bbox 369 4008 2035 4080">
     <span class='ocr_line' id='line_1_43' title="bbox 369 4008 2035 4080; baseline -0.007 -8"><span class='ocrx_word' id='word_1_339' title='bbox 369 4019 570 4072; x_wconf 84' lang='grc' dir='ltr'>στόλων</span> <span class='ocrx_word' id='word_1_340' title='bbox 591 4015 884 4078; x_wconf 84' lang='grc' dir='ltr'>τελεῖσθαι,</span> <span class='ocrx_word' id='word_1_341' title='bbox 925 4015 1028 4068; x_wconf 80' lang='grc' dir='ltr'><em>Ἐν</em></span> <span class='ocrx_word' id='word_1_342' title='bbox 1060 4014 1270 4078; x_wconf 83' lang='grc' dir='ltr'>τούτῳ,</span> <span class='ocrx_word' id='word_1_343' title='bbox 1305 4013 1456 4080; x_wconf 70' lang='grc' dir='ltr'>φησι,</span> <span class='ocrx_word' id='word_1_344' title='bbox 1489 4009 1822 4080; x_wconf 70' lang='grc' dir='ltr'>γνώσονται</span> <span class='ocrx_word' id='word_1_345' title='bbox 1853 4011 1907 4062; x_wconf 81' lang='lat' dir='ltr'>ol</span> <span class='ocrx_word' id='word_1_346' title='bbox 1931 4008 2035 4061; x_wconf 79' lang='grc' dir='ltr'>ἄν-</span> 
     </span>
    </p>
   </div>
   <div class='ocr_carea' id='block_1_44' title="bbox 367 4094 2033 4174">
    <p class='ocr_par' dir='ltr' id='par_1_44' title="bbox 367 4094 2033 4174">
     <span class='ocr_line' id='line_1_44' title="bbox 367 4094 2033 4174; baseline -0.008 -14"><span class='ocrx_word' id='word_1_347' title='bbox 367 4109 607 4174; x_wconf 76' lang='grc' dir='ltr'>θρωποι,</span> <span class='ocrx_word' id='word_1_348' title='bbox 643 4104 730 4156; x_wconf 86' lang='grc' dir='ltr'>ὅτι</span> <span class='ocrx_word' id='word_1_349' title='bbox 770 4102 900 4172; x_wconf 83' lang='grc' dir='ltr'>ἐμοί</span> <span class='ocrx_word' id='word_1_350' title='bbox 927 4101 1066 4156; x_wconf 84' lang='grc' dir='ltr'>ἐστε</span> <span class='ocrx_word' id='word_1_351' title='bbox 1089 4099 1365 4171; x_wconf 79' lang='grc' dir='ltr'>μαθηταὶ,</span> <span class='ocrx_word' id='word_1_352' title='bbox 1395 4099 1502 4152; x_wconf 78' lang='grc' dir='ltr'>ἐὰν</span> <span class='ocrx_word' id='word_1_353' title='bbox 1532 4095 1799 4166; x_wconf 80' lang='grc' dir='ltr'>ἀγαπᾶτε</span> <span class='ocrx_word' id='word_1_354' title='bbox 1841 4094 2033 4162; x_wconf 73' lang='grc' dir='ltr'>ἀλ.ίή-</span> 
     </span>
    </p>
   </div>
   <div class='ocr_carea' id='block_1_45' title="bbox 364 4185 2034 4261">
    <p class='ocr_par' dir='ltr' id='par_1_45' title="bbox 364 4185 2034 4261">
     <span class='ocr_line' id='line_1_45' title="bbox 364 4185 2034 4261; baseline -0.007 -13"><span class='ocrx_word' id='word_1_355' title='bbox 364 4198 549 4259; x_wconf 69' lang='grc' dir='ltr'>λους·</span> <span class='ocrx_word' id='word_1_356' title='bbox 580 4195 608 4246; x_wconf 90' lang='grc' dir='ltr'>ὁ</span> <span class='ocrx_word' id='word_1_357' title='bbox 635 4192 692 4247; x_wconf 88' lang='grc' dir='ltr'>δέ</span> <span class='ocrx_word' id='word_1_358' title='bbox 726 4191 938 4252; x_wconf 78' lang='grc' dir='ltr'>Παῦλος</span> <span class='ocrx_word' id='word_1_359' title='bbox 975 4189 1248 4261; x_wconf 83' lang='grc' dir='ltr'>πλήρωμα</span> <span class='ocrx_word' id='word_1_360' title='bbox 1281 4185 1376 4240; x_wconf 89' lang='grc' dir='ltr'>τοῦ</span> <span class='ocrx_word' id='word_1_361' title='bbox 1417 4186 1620 4255; x_wconf 74' lang='grc' dir='ltr'>νόμουε</span> <span class='ocrx_word' id='word_1_362' title='bbox 1669 4185 1833 4254; x_wconf 73' lang='grc' dir='ltr'>φησὶν</span> <span class='ocrx_word' id='word_1_363' title='bbox 1866 4186 2034 4255; x_wconf 79' lang='grc' dir='ltr'>αὐτὴν</span> 
     </span>
    </p>
   </div>
   <div class='ocr_carea' id='block_1_46' title="bbox 365 4270 2032 4350">
    <p class='ocr_par' dir='ltr' id='par_1_46' title="bbox 365 4270 2032 4350">
     <span class='ocr_line' id='line_1_46' title="bbox 365 4270 2032 4350; baseline -0.008 -10"><span class='ocrx_word' id='word_1_364' title='bbox 365 4279 528 4345; x_wconf 77' lang='grc' dir='ltr'>εἶναι,</span> <span class='ocrx_word' id='word_1_365' title='bbox 566 4281 658 4335; x_wconf 76' lang='grc' dir='ltr'>καὶ</span> <span class='ocrx_word' id='word_1_366' title='bbox 693 4279 895 4350; x_wconf 89' lang='grc' dir='ltr'>ταύτης</span> <span class='ocrx_word' id='word_1_367' title='bbox 929 4277 1175 4348; x_wconf 87' lang='grc' dir='ltr'>ἀπούσης</span> <span class='ocrx_word' id='word_1_368' title='bbox 1203 4275 1353 4329; x_wconf 80' lang='grc' dir='ltr'>οὐδὲν</span> <span class='ocrx_word' id='word_1_369' title='bbox 1379 4270 1516 4326; x_wconf 76' lang='grc' dir='ltr'>εἶναι</span> <span class='ocrx_word' id='word_1_370' title='bbox 1543 4272 1648 4326; x_wconf 83' lang='grc' dir='ltr'>τῶν</span> <span class='ocrx_word' id='word_1_371' title='bbox 1677 4272 2032 4344; x_wconf 84' lang='grc' dir='ltr'>χαρισμάτων</span> 
     </span>
    </p>
   </div>
   <div class='ocr_carea' id='block_1_47' title="bbox 365 4359 2033 4439">
    <p class='ocr_par' dir='ltr' id='par_1_47' title="bbox 365 4359 2033 4439">
     <span class='ocr_line' id='line_1_47' title="bbox 365 4359 2033 4439; baseline -0.006 -17"><span class='ocrx_word' id='word_1_372' title='bbox 365 4369 578 4439; x_wconf 81' lang='grc' dir='ltr'>δφελος.</span> <span class='ocrx_word' id='word_1_373' title='bbox 616 4367 787 4421; x_wconf 89' lang='grc' dir='ltr'>Τοῦτο</span> <span class='ocrx_word' id='word_1_374' title='bbox 812 4367 875 4437; x_wconf 87' lang='grc' dir='ltr'>δὴ</span> <span class='ocrx_word' id='word_1_375' title='bbox 901 4366 961 4419; x_wconf 69' lang='grc' dir='ltr'>τὸ</span> <span class='ocrx_word' id='word_1_376' title='bbox 987 4364 1260 4435; x_wconf 88' lang='grc' dir='ltr'>ἐξαίρετον</span> <span class='ocrx_word' id='word_1_377' title='bbox 1283 4361 1508 4432; x_wconf 79' lang='grc' dir='ltr'>ἀγαθὸν,</span> <span class='ocrx_word' id='word_1_378' title='bbox 1533 4362 1593 4414; x_wconf 84' lang='grc' dir='ltr'>τὸ</span> <span class='ocrx_word' id='word_1_379' title='bbox 1619 4360 1903 4432; x_wconf 88' lang='grc' dir='ltr'>γνώρισμα</span> <span class='ocrx_word' id='word_1_380' title='bbox 1926 4359 2033 4413; x_wconf 80' lang='grc' dir='ltr'>τών</span> 
     </span>
    </p>
   </div>
   <div class='ocr_carea' id='block_1_48' title="bbox 364 4450 2036 4528">
    <p class='ocr_par' dir='ltr' id='par_1_48' title="bbox 364 4450 2036 4528">
     <span class='ocr_line' id='line_1_48' title="bbox 364 4450 2036 4528; baseline -0.005 -17"><span class='ocrx_word' id='word_1_381' title='bbox 364 4457 460 4511; x_wconf 82' lang='grc' dir='ltr'>τοῦ</span> <span class='ocrx_word' id='word_1_382' title='bbox 505 4456 740 4528; x_wconf 82' lang='grc' dir='ltr'>Χριστοῦ</span> <span class='ocrx_word' id='word_1_383' title='bbox 789 4455 1065 4528; x_wconf 82' lang='grc' dir='ltr'>μαθητῶν,</span> <span class='ocrx_word' id='word_1_384' title='bbox 1114 4453 1174 4507; x_wconf 79' lang='grc' dir='ltr'>τὸ</span> <span class='ocrx_word' id='word_1_385' title='bbox 1213 4453 1321 4506; x_wconf 82' lang='grc' dir='ltr'>τῶν</span> <span class='ocrx_word' id='word_1_386' title='bbox 1375 4451 1729 4523; x_wconf 86' lang='grc' dir='ltr'>χαρισμάτων</span> <span class='ocrx_word' id='word_1_387' title='bbox 1778 4450 2036 4519; x_wconf 85' lang='grc' dir='ltr'>ἀνωτέρω</span> 
     </span>
    </p>
   </div>
   <div class='ocr_carea' id='block_1_49' title="bbox 366 4537 2031 4615">
    <p class='ocr_par' dir='ltr' id='par_1_49' title="bbox 366 4537 2031 4615">
     <span class='ocr_line' id='line_1_49' title="bbox 366 4537 2031 4615; baseline -0.005 -18"><span class='ocrx_word' id='word_1_388' title='bbox 366 4544 638 4615; x_wconf 79' lang='grc' dir='ltr'>κείμενον,</span> <span class='ocrx_word' id='word_1_389' title='bbox 668 4538 805 4597; x_wconf 73' lang='grc' dir='ltr'>εἶδον</span> <span class='ocrx_word' id='word_1_390' title='bbox 834 4543 1093 4610; x_wconf 87' lang='grc' dir='ltr'>γενναίως</span> <span class='ocrx_word' id='word_1_391' title='bbox 1125 4543 1182 4594; x_wconf 91' lang='grc' dir='ltr'>ἐν</span> <span class='ocrx_word' id='word_1_392' title='bbox 1217 4542 1282 4612; x_wconf 80' lang='grc' dir='ltr'>τῇ</span> <span class='ocrx_word' id='word_1_393' title='bbox 1317 4544 1383 4610; x_wconf 78' lang='grc' dir='ltr'>σῇ</span> <span class='ocrx_word' id='word_1_394' title='bbox 1417 4539 1824 4608; x_wconf 83' lang='grc' dir='ltr'>πεφυτευμένον</span> <span class='ocrx_word' id='word_1_395' title='bbox 1862 4537 2031 4608; x_wconf 75' lang='grc' dir='ltr'>ψυχῇ,</span> 
     </span>
    </p>
   </div>
   <div class='ocr_carea' id='block_1_50' title="bbox 365 4626 2033 4702">
    <p class='ocr_par' dir='ltr' id='par_1_50' title="bbox 365 4626 2033 4702">
     <span class='ocr_line' id='line_1_50' title="bbox 365 4626 2033 4702; baseline -0.007 -13"><span class='ocrx_word' id='word_1_396' title='bbox 365 4632 461 4689; x_wconf 78' lang='grc' dir='ltr'>καὶ</span> <span class='ocrx_word' id='word_1_397' title='bbox 502 4629 678 4701; x_wconf 82' lang='grc' dir='ltr'>πολλῷ</span> <span class='ocrx_word' id='word_1_398' title='bbox 711 4629 873 4702; x_wconf 84' lang='grc' dir='ltr'>βρύον</span> <span class='ocrx_word' id='word_1_399' title='bbox 907 4627 986 4700; x_wconf 81' lang='grc' dir='ltr'>τῷ</span> <span class='ocrx_word' id='word_1_400' title='bbox 1033 4626 1250 4698; x_wconf 81' lang='grc' dir='ltr'>καρπῷ.</span> <span class='ocrx_word' id='word_1_401' title='bbox 1293 4627 1402 4680; x_wconf 78' lang='grc' dir='ltr'>Καὶ</span> <span class='ocrx_word' id='word_1_402' title='bbox 1435 4629 1464 4679; x_wconf 86' lang='grc' dir='ltr'>ὁ</span> <span class='ocrx_word' id='word_1_403' title='bbox 1520 4627 1739 4680; x_wconf 77' lang='grc' dir='ltr'>ΒΔΣΙΛ.</span> <span class='ocrx_word' id='word_1_404' title='bbox 1776 4627 1898 4678; x_wconf 71' lang='grc' dir='ltr'>Ὀτι</span> <span class='ocrx_word' id='word_1_405' title='bbox 1936 4626 2033 4693; x_wconf 86' lang='grc' dir='ltr'>μὲν</span> 
     </span>
    </p>
   </div>
   <div class='ocr_carea' id='block_1_51' title="bbox 363 4711 2035 4790">
    <p class='ocr_par' dir='ltr' id='par_1_51' title="bbox 363 4711 2035 4790">
     <span class='ocr_line' id='line_1_51' title="bbox 363 4711 2035 4790; baseline -0.005 -17"><span class='ocrx_word' id='word_1_406' title='bbox 363 4718 534 4790; x_wconf 85' lang='grc' dir='ltr'>πολλή</span> <span class='ocrx_word' id='word_1_407' title='bbox 579 4735 689 4789; x_wconf 91' lang='grc' dir='ltr'>μοι,</span> <span class='ocrx_word' id='word_1_408' title='bbox 737 4715 891 4788; x_wconf 73' lang='grc' dir='ltr'>φησὶ,</span> <span class='ocrx_word' id='word_1_409' title='bbox 937 4715 1030 4768; x_wconf 87' lang='grc' dir='ltr'>τοῦ</span> <span class='ocrx_word' id='word_1_410' title='bbox 1061 4717 1383 4786; x_wconf 86' lang='grc' dir='ltr'>πράγματος</span> <span class='ocrx_word' id='word_1_411' title='bbox 1414 4717 1447 4784; x_wconf 85' lang='grc' dir='ltr'>ὴ</span> <span class='ocrx_word' id='word_1_412' title='bbox 1487 4714 1730 4785; x_wconf 75' lang='grc' dir='ltr'>φροντὶς,</span> <span class='ocrx_word' id='word_1_413' title='bbox 1759 4711 1852 4767; x_wconf 77' lang='grc' dir='ltr'>καὶ</span> <span class='ocrx_word' id='word_1_414' title='bbox 1880 4712 2035 4782; x_wconf 84' lang='grc' dir='ltr'>μεγί-</span> 
     </span>
    </p>
   </div>
   <div class='ocr_carea' id='block_1_52' title="bbox 365 4797 2030 4878">
    <p class='ocr_par' dir='ltr' id='par_1_52' title="bbox 365 4797 2030 4878">
     <span class='ocr_line' id='line_1_52' title="bbox 365 4797 2030 4878; baseline -0.004 -19"><span class='ocrx_word' id='word_1_415' title='bbox 365 4824 500 4878; x_wconf 77' lang='grc' dir='ltr'>στην</span> <span class='ocrx_word' id='word_1_416' title='bbox 545 4804 803 4876; x_wconf 83' lang='grc' dir='ltr'>ποιοῦμαι</span> <span class='ocrx_word' id='word_1_417' title='bbox 843 4803 943 4875; x_wconf 81' lang='grc' dir='ltr'>τὴν</span> <span class='ocrx_word' id='word_1_418' title='bbox 986 4803 1217 4874; x_wconf 85' lang='grc' dir='ltr'>σπουδὴν</span> <span class='ocrx_word' id='word_1_419' title='bbox 1253 4803 1390 4874; x_wconf 84' lang='grc' dir='ltr'>ὑπὲρ</span> <span class='ocrx_word' id='word_1_420' title='bbox 1434 4797 1636 4872; x_wconf 73' lang='grc' dir='ltr'>ταύτης</span> <span class='ocrx_word' id='word_1_421' title='bbox 1663 4803 1762 4865; x_wconf 83' lang='grc' dir='ltr'>τῆς</span> <span class='ocrx_word' id='word_1_422' title='bbox 1790 4801 2030 4870; x_wconf 83' lang='grc' dir='ltr'>ἐντολῆς,</span> 
     </span>
    </p>
   </div>
   <div class='ocr_carea' id='block_1_53' title="bbox 364 4886 2031 4963">
    <p class='ocr_par' dir='ltr' id='par_1_53' title="bbox 364 4886 2031 4963">
     <span class='ocr_line' id='line_1_53' title="bbox 364 4886 2031 4963; baseline -0.006 -14"><span class='ocrx_word' id='word_1_423' title='bbox 364 4895 461 4949; x_wconf 77' lang='grc' dir='ltr'>καὶ</span> <span class='ocrx_word' id='word_1_424' title='bbox 489 4893 650 4956; x_wconf 78' lang='grc' dir='ltr'>αὐτὸς</span> <span class='ocrx_word' id='word_1_425' title='bbox 675 4891 950 4963; x_wconf 80' lang='grc' dir='ltr'>ὁμολογῶ·</span> <span class='ocrx_word' id='word_1_426' title='bbox 980 4892 1061 4944; x_wconf 81' lang='grc' dir='ltr'>ὅτι</span> <span class='ocrx_word' id='word_1_427' title='bbox 1093 4891 1149 4943; x_wconf 83' lang='grc' dir='ltr'>δὲ</span> <span class='ocrx_word' id='word_1_428' title='bbox 1183 4890 1304 4946; x_wconf 80' lang='grc' dir='ltr'>οὐδὲ</span> <span class='ocrx_word' id='word_1_429' title='bbox 1349 4889 1407 4956; x_wconf 86' lang='grc' dir='ltr'>ἐξ</span> <span class='ocrx_word' id='word_1_430' title='bbox 1440 4889 1694 4960; x_wconf 83' lang='grc' dir='ltr'>ἡμισείας</span> <span class='ocrx_word' id='word_1_431' title='bbox 1732 4886 1902 4959; x_wconf 76' lang='grc' dir='ltr'>αὐτὴν</span> <span class='ocrx_word' id='word_1_432' title='bbox 1950 4887 2031 4940; x_wconf 91' lang='grc' dir='ltr'>δι-</span> 
     </span>
    </p>
   </div>
   <div class='ocr_carea' id='block_1_54' title="bbox 362 4975 2031 5056">
    <p class='ocr_par' dir='ltr' id='par_1_54' title="bbox 362 4975 2031 5056">
     <span class='ocr_line' id='line_1_54' title="bbox 362 4975 2031 5056; baseline -0.005 -20"><span class='ocrx_word' id='word_1_433' title='bbox 362 4990 665 5056; x_wconf 83' lang='grc' dir='ltr'>ηνύσαμεν,</span> <span class='ocrx_word' id='word_1_434' title='bbox 694 4981 787 5036; x_wconf 74' lang='grc' dir='ltr'>καὶ</span> <span class='ocrx_word' id='word_1_435' title='bbox 833 4979 996 5043; x_wconf 64' lang='grc' dir='ltr'>αὐτὸς</span> <span class='ocrx_word' id='word_1_436' title='bbox 1037 4979 1101 5034; x_wconf 80' lang='grc' dir='ltr'>ἄν</span> <span class='ocrx_word' id='word_1_437' title='bbox 1149 4995 1238 5050; x_wconf 92' lang='grc' dir='ltr'>μοι</span> <span class='ocrx_word' id='word_1_438' title='bbox 1271 4975 1700 5049; x_wconf 76' lang='grc' dir='ltr'>μαρτυρήσειςά,</span> <span class='ocrx_word' id='word_1_439' title='bbox 1731 4978 1780 5028; x_wconf 85' lang='grc' dir='ltr'>εί</span> <span class='ocrx_word' id='word_1_440' title='bbox 1803 4976 1865 5029; x_wconf 81' lang='grc' dir='ltr'>τὸ</span> <span class='ocrx_word' id='word_1_441' title='bbox 1895 4975 2031 5046; x_wconf 88' lang='grc' dir='ltr'>πρὸς</span> 
     </span>
    </p>
   </div>
   <div class='ocr_carea' id='block_1_55' title="bbox 363 5064 2030 5147">
    <p class='ocr_par' dir='ltr' id='par_1_55' title="bbox 363 5064 2030 5147">
     <span class='ocr_line' id='line_1_55' title="bbox 363 5064 2030 5147; baseline -0.005 -22"><span class='ocrx_word' id='word_1_442' title='bbox 363 5072 527 5147; x_wconf 84' lang='grc' dir='ltr'>χάριν</span> <span class='ocrx_word' id='word_1_443' title='bbox 553 5070 732 5139; x_wconf 84' lang='grc' dir='ltr'>λέγειν</span> <span class='ocrx_word' id='word_1_444' title='bbox 761 5069 920 5138; x_wconf 77' lang='grc' dir='ltr'>ἀφεὶς</span> <span class='ocrx_word' id='word_1_445' title='bbox 960 5068 1189 5138; x_wconf 81' lang='grc' dir='ltr'>τιμῆσαι</span> <span class='ocrx_word' id='word_1_446' title='bbox 1222 5065 1451 5138; x_wconf 86' lang='grc' dir='ltr'>τάληθὲς</span> <span class='ocrx_word' id='word_1_447' title='bbox 1485 5064 1822 5136; x_wconf 84' lang='grc' dir='ltr'>βουληθείης.</span> <span class='ocrx_word' id='word_1_448' title='bbox 1860 5064 2030 5118; x_wconf 82' lang='grc' dir='ltr'>ΧΡΥ-</span> 
     </span>
    </p>
   </div>
   <div class='ocr_carea' id='block_1_56' title="bbox 362 5151 2032 5224">
    <p class='ocr_par' dir='ltr' id='par_1_56' title="bbox 362 5151 2032 5224">
     <span class='ocr_line' id='line_1_56' title="bbox 362 5151 2032 5224; baseline -0.007 -10"><span class='ocrx_word' id='word_1_449' title='bbox 362 5159 556 5214; x_wconf 87' lang='grc' dir='ltr'><strong>ΣΟΣΤ.</strong></span> <span class='ocrx_word' id='word_1_450' title='bbox 587 5157 795 5212; x_wconf 86' lang='grc' dir='ltr'>Οὐκοῦν</span> <span class='ocrx_word' id='word_1_451' title='bbox 829 5156 921 5210; x_wconf 79' lang='grc' dir='ltr'>ἐπὶ</span> <span class='ocrx_word' id='word_1_452' title='bbox 961 5157 1086 5219; x_wconf 78' lang='grc' dir='ltr'>τοὺς</span> <span class='ocrx_word' id='word_1_453' title='bbox 1129 5154 1382 5223; x_wconf 82' lang='grc' dir='ltr'>ἐλέγχους</span> <span class='ocrx_word' id='word_1_454' title='bbox 1422 5153 1712 5224; x_wconf 72' lang='grc' dir='ltr'>τρέψομαι,</span> <span class='ocrx_word' id='word_1_455' title='bbox 1747 5151 1906 5221; x_wconf 84' lang='grc' dir='ltr'>ἐφην,</span> <span class='ocrx_word' id='word_1_456' title='bbox 1936 5151 2032 5203; x_wconf 80' lang='grc' dir='ltr'>καὶ</span> 
     </span>
    </p>
   </div>
   <div class='ocr_carea' id='block_1_57' title="bbox 362 5238 2028 5319">
    <p class='ocr_par' dir='ltr' id='par_1_57' title="bbox 362 5238 2028 5319">
     <span class='ocr_line' id='line_1_57' title="bbox 362 5238 2028 5319; baseline -0.005 -18"><span class='ocrx_word' id='word_1_457' title='bbox 362 5248 498 5319; x_wconf 75' lang='grc' dir='ltr'>ὅπερ</span> <span class='ocrx_word' id='word_1_458' title='bbox 537 5243 831 5318; x_wconf 67' lang='grc' dir='ltr'>ἠπείλησα,</span> <span class='ocrx_word' id='word_1_459' title='bbox 892 5245 1106 5312; x_wconf 89' lang='grc' dir='ltr'>ποιήσω</span> <span class='ocrx_word' id='word_1_460' title='bbox 1146 5243 1240 5296; x_wconf 89' lang='grc' dir='ltr'>νῦν</span> <span class='ocrx_word' id='word_1_461' title='bbox 1269 5239 1444 5314; x_wconf 76' lang='lat'>[578],</span> <span class='ocrx_word' id='word_1_462' title='bbox 1487 5238 1798 5312; x_wconf 75' lang='grc' dir='ltr'>μετριάζειν</span> <span class='ocrx_word' id='word_1_463' title='bbox 1831 5238 2028 5310; x_wconf 82' lang='grc' dir='ltr'>μᾶλλον</span> 
     </span>
    </p>
   </div>
   <div class='ocr_carea' id='block_1_58' title="bbox 426 5450 2023 5520">
    <p class='ocr_par' dir='ltr' id='par_1_58' title="bbox 426 5450 2023 5520">
     <span class='ocr_line' id='line_1_58' title="bbox 426 5450 2023 5520; baseline -0.004 -16"><span class='ocrx_word' id='word_1_464' title='bbox 426 5457 452 5487; x_wconf 77' lang='grc'><strong>⁸</strong></span> <span class='ocrx_word' id='word_1_465' title='bbox 477 5454 626 5506; x_wconf 75' lang='lat' dir='ltr'><strong>Savn.</strong></span> <span class='ocrx_word' id='word_1_466' title='bbox 649 5461 711 5513; x_wconf 86' lang='grc' dir='ltr'>ὠς</span> <span class='ocrx_word' id='word_1_467' title='bbox 729 5460 818 5508; x_wconf 76' lang='grc' dir='ltr'>οὐκ</span> <span class='ocrx_word' id='word_1_468' title='bbox 836 5456 984 5520; x_wconf 80' lang='grc' dir='ltr'>αὐτῷ,</span> <span class='ocrx_word' id='word_1_469' title='bbox 1003 5471 1020 5520; x_wconf 71' lang='grc' dir='ltr'>ι</span> <span class='ocrx_word' id='word_1_470' title='bbox 1037 5467 1173 5520; x_wconf 57' lang='lat' dir='ltr'><strong>recte</strong></span> <span class='ocrx_word' id='word_1_471' title='bbox 1194 5467 1282 5520; x_wconf 62' lang='lat'>910</span> <span class='ocrx_word' id='word_1_472' title='bbox 1307 5454 1440 5516; x_wconf 78' lang='lat' dir='ltr'>vulg.</span> <span class='ocrx_word' id='word_1_473' title='bbox 1467 5454 1534 5520; x_wconf 58' lang='grc' dir='ltr'>ὡς</span> <span class='ocrx_word' id='word_1_474' title='bbox 1551 5452 1637 5520; x_wconf 71' lang='grc' dir='ltr'>οὐκ</span> <span class='ocrx_word' id='word_1_475' title='bbox 1662 5452 1718 5520; x_wconf 74' lang='grc' dir='ltr'>ἂν</span> <span class='ocrx_word' id='word_1_476' title='bbox 1735 5450 2023 5520; x_wconf 38' lang='grc' dir='ltr'>αὐτῷτ-Ευᾼ</span> 
     </span>
    </p>
   </div>
   <div class='ocr_carea' id='block_1_59' title="bbox 361 5513 2031 5582">
    <p class='ocr_par' dir='ltr' id='par_1_59' title="bbox 361 5513 2031 5582">
     <span class='ocr_line' id='line_1_59' title="bbox 361 5513 2031 5582; baseline -0.002 -14"><span class='ocrx_word' id='word_1_477' title='bbox 361 5517 520 5568; x_wconf 78' lang='lat' dir='ltr'>Paulo</span> <span class='ocrx_word' id='word_1_478' title='bbox 543 5527 649 5582; x_wconf 75' lang='lat' dir='ltr'>post</span> <span class='ocrx_word' id='word_1_479' title='bbox 674 5521 771 5582; x_wconf 78' lang='lat' dir='ltr'>duo</span> <span class='ocrx_word' id='word_1_480' title='bbox 792 5533 905 5567; x_wconf 78' lang='lat' dir='ltr'><strong>mss.</strong></span> <span class='ocrx_word' id='word_1_481' title='bbox 931 5513 1181 5582; x_wconf 68' lang='grc' dir='ltr'>ψεύδεσθαι</span> <span class='ocrx_word' id='word_1_482' title='bbox 1195 5513 1362 5576; x_wconf 76' lang='grc' dir='ltr'>δόξαν,</span> <span class='ocrx_word' id='word_1_483' title='bbox 1391 5513 1474 5574; x_wconf 70' lang='grc' dir='ltr'>τῆς</span> <span class='ocrx_word' id='word_1_484' title='bbox 1494 5515 1546 5563; x_wconf 85' lang='grc' dir='ltr'>δέ</span> <span class='ocrx_word' id='word_1_485' title='bbox 1563 5515 1671 5578; x_wconf 84' lang='grc' dir='ltr'>ἀκρ.</span> <span class='ocrx_word' id='word_1_486' title='bbox 1697 5513 1823 5563; x_wconf 85' lang='lat' dir='ltr'><strong>lnlra</strong></span> <span class='ocrx_word' id='word_1_487' title='bbox 1839 5513 2031 5574; x_wconf 60' lang='lat' dir='ltr'>&#39;aliquol</span> 
     </span>
    </p>
   </div>
   <div class='ocr_carea' id='block_1_60' title="bbox 361 5579 840 5637">
    <p class='ocr_par' dir='ltr' id='par_1_60' title="bbox 361 5579 840 5637">
     <span class='ocr_line' id='line_1_60' title="bbox 361 5579 840 5637; baseline -0.002 -7"><span class='ocrx_word' id='word_1_488' title='bbox 361 5593 476 5630; x_wconf 74' lang='lat' dir='ltr'><strong>mss.</strong></span> <span class='ocrx_word' id='word_1_489' title='bbox 504 5579 619 5628; x_wconf 83' lang='grc' dir='ltr'>αὐτὸ</span> <span class='ocrx_word' id='word_1_490' title='bbox 643 5581 840 5637; x_wconf 81' lang='grc' dir='ltr'>τίθησιν.</span> 
     </span>
    </p>
   </div>
   <div class='ocr_carea' id='block_1_61' title="bbox 425 5637 2026 5706">
    <p class='ocr_par' dir='ltr' id='par_1_61' title="bbox 425 5637 2026 5706">
     <span class='ocr_line' id='line_1_61' title="bbox 425 5637 2026 5706; baseline -0.003 -16"><span class='ocrx_word' id='word_1_491' title='bbox 425 5641 452 5681; x_wconf 78' lang='lat' dir='ltr'><strong>b</strong></span> <span class='ocrx_word' id='word_1_492' title='bbox 480 5642 642 5701; x_wconf 70' lang='lat' dir='ltr'>Aliqui</span> <span class='ocrx_word' id='word_1_493' title='bbox 679 5642 900 5706; x_wconf 71' lang='grc' dir='ltr'>ἀπέφυγε.</span> <span class='ocrx_word' id='word_1_494' title='bbox 931 5639 1058 5688; x_wconf 82' lang='lat' dir='ltr'><strong>Infra</strong></span> <span class='ocrx_word' id='word_1_495' title='bbox 1083 5637 1133 5688; x_wconf 88' lang='lat' dir='ltr'><strong>in</strong></span> <span class='ocrx_word' id='word_1_496' title='bbox 1175 5637 1327 5688; x_wconf 78' lang='lat' dir='ltr'>Savil.</span> <span class='ocrx_word' id='word_1_497' title='bbox 1370 5643 1421 5688; x_wconf 71' lang='lat' dir='ltr'><strong>et</strong></span> <span class='ocrx_word' id='word_1_498' title='bbox 1463 5637 1752 5700; x_wconf 83' lang='lat' dir='ltr'>quibusdam</span> <span class='ocrx_word' id='word_1_499' title='bbox 1797 5650 1911 5687; x_wconf 87' lang='lat' dir='ltr'><strong>mss.</strong></span> <span class='ocrx_word' id='word_1_500' title='bbox 1945 5637 2026 5686; x_wconf 84' lang='grc' dir='ltr'>καί</span> 
     </span>
    </p>
   </div>
   <div class='ocr_carea' id='block_1_62' title="bbox 359 5701 908 5756">
    <p class='ocr_par' dir='ltr' id='par_1_62' title="bbox 359 5701 908 5756">
     <span class='ocr_line' id='line_1_62' title="bbox 359 5701 908 5756; baseline -0.002 -4"><span class='ocrx_word' id='word_1_501' title='bbox 359 5701 503 5753; x_wconf 66' lang='grc' dir='ltr'>ἀθεεὶ</span> <span class='ocrx_word' id='word_1_502' title='bbox 527 5709 640 5751; x_wconf 79' lang='lat' dir='ltr'>ante</span> <span class='ocrx_word' id='word_1_503' title='bbox 665 5701 908 5756; x_wconf 76' lang='grc' dir='ltr'>πολλάκις.</span> 
     </span>
    </p>
   </div>
   <div class='ocr_carea' id='block_1_63' title="bbox 423 5761 1319 5824">
    <p class='ocr_par' dir='ltr' id='par_1_63' title="bbox 423 5761 1319 5824">
     <span class='ocr_line' id='line_1_63' title="bbox 423 5761 1319 5824; baseline -0.006 -12"><span class='ocrx_word' id='word_1_504' title='bbox 423 5767 448 5796; x_wconf 73' lang='grc' dir='ltr'><strong><em>ο</em></strong></span> <span class='ocrx_word' id='word_1_505' title='bbox 475 5762 638 5824; x_wconf 83' lang='lat' dir='ltr'><strong>Aliqui</strong></span> <span class='ocrx_word' id='word_1_506' title='bbox 671 5761 756 5810; x_wconf 82' lang='grc' dir='ltr'>τοῦ</span> <span class='ocrx_word' id='word_1_507' title='bbox 776 5763 922 5824; x_wconf 85' lang='grc' dir='ltr'>νόμου</span> <span class='ocrx_word' id='word_1_508' title='bbox 947 5762 1026 5809; x_wconf 85' lang='grc' dir='ltr'>καὶ</span> <span class='ocrx_word' id='word_1_509' title='bbox 1049 5765 1319 5823; x_wconf 82' lang='grc' dir='ltr'>προφητῶν.</span> 
     </span>
    </p>
   </div>
   <div class='ocr_carea' id='block_1_64' title="bbox 422 5824 1152 5887">
    <p class='ocr_par' dir='ltr' id='par_1_64' title="bbox 422 5824 1152 5887">
     <span class='ocr_line' id='line_1_64' title="bbox 422 5824 1152 5887; baseline 0.001 -12"><span class='ocrx_word' id='word_1_510' title='bbox 422 5828 445 5866; x_wconf 78' lang='grc' dir='ltr'>ιι</span> <span class='ocrx_word' id='word_1_511' title='bbox 467 5824 668 5887; x_wconf 80' lang='lat' dir='ltr'>Quidam</span> <span class='ocrx_word' id='word_1_512' title='bbox 692 5837 804 5876; x_wconf 76' lang='lat' dir='ltr'><strong>mss.</strong></span> <span class='ocrx_word' id='word_1_513' title='bbox 829 5824 1152 5887; x_wconf 76' lang='grc' dir='ltr'>μαρτυρήσῃς..</span> 
     </span>
    </p>
   </div>
   <div class='ocr_carea' id='block_1_65' title="bbox 1107 303 2942 367">
    <p class='ocr_par' dir='ltr' id='par_1_65' title="bbox 1107 303 2942 367">
     <span class='ocr_line' id='line_1_65' title="bbox 1107 303 2942 367; baseline 0 -2"><span class='ocrx_word' id='word_1_514' title='bbox 1107 311 1167 366; x_wconf 87' lang='lat' dir='ltr'><strong>S.</strong></span> <span class='ocrx_word' id='word_1_515' title='bbox 1201 306 1483 365; x_wconf 76' lang='lat' dir='ltr'>JOANNIS</span> <span class='ocrx_word' id='word_1_516' title='bbox 1519 304 2010 364; x_wconf 73' lang='lat' dir='ltr'>CHRYSOSTOMI</span> <span class='ocrx_word' id='word_1_517' title='bbox 2043 303 2362 360; x_wconf 69' lang='lat' dir='ltr'>ARCHIEP.</span> <span class='ocrx_word' id='word_1_518' title='bbox 2397 307 2942 367; x_wconf 78' lang='lat' dir='ltr'>CONSTANTINOP.</span> 
     </span>
    </p>
   </div>
   <div class='ocr_carea' id='block_1_66' title="bbox 2133 419 3796 499">
    <p class='ocr_par' dir='ltr' id='par_1_66' title="bbox 2133 419 3796 499">
     <span class='ocr_line' id='line_1_66' title="bbox 2133 419 3796 499; baseline 0.006 -26"><span class='ocrx_word' id='word_1_519' title='bbox 2133 419 2164 491; x_wconf 71' lang='grc' dir='ltr'>ἢ</span> <span class='ocrx_word' id='word_1_520' title='bbox 2185 419 2466 492; x_wconf 89' lang='grc' dir='ltr'>ἀληθεύειν</span> <span class='ocrx_word' id='word_1_521' title='bbox 2487 424 2806 498; x_wconf 80' lang='grc' dir='ltr'>βουλόμενον</span> <span class='ocrx_word' id='word_1_522' title='bbox 2827 425 3131 492; x_wconf 88' lang='grc' dir='ltr'>ἀποδείξας.</span> <span class='ocrx_word' id='word_1_523' title='bbox 3171 425 3312 497; x_wconf 81' lang='grc' dir='ltr'>Ἑρῶ</span> <span class='ocrx_word' id='word_1_524' title='bbox 3337 425 3390 478; x_wconf 70' lang='grc' dir='ltr'>δὲ</span> <span class='ocrx_word' id='word_1_525' title='bbox 3414 428 3644 497; x_wconf 76' lang='grc' dir='ltr'>πρᾶγμα</span> <span class='ocrx_word' id='word_1_526' title='bbox 3666 431 3796 499; x_wconf 78' lang='grc' dir='ltr'>ἄρτι</span> 
     </span>
    </p>
   </div>
   <div class='ocr_carea' id='block_1_67' title="bbox 2131 503 3799 580">
    <p class='ocr_par' dir='ltr' id='par_1_67' title="bbox 2131 503 3799 580">
     <span class='ocr_line' id='line_1_67' title="bbox 2131 503 3799 580; baseline 0.007 -27"><span class='ocrx_word' id='word_1_527' title='bbox 2131 503 2502 577; x_wconf 79' lang='grc' dir='ltr'>συμϐεϐηκὸς,</span> <span class='ocrx_word' id='word_1_528' title='bbox 2535 507 2621 561; x_wconf 82' lang='grc' dir='ltr'>ἵνα</span> <span class='ocrx_word' id='word_1_529' title='bbox 2656 510 2728 580; x_wconf 83' lang='grc' dir='ltr'>μή</span> <span class='ocrx_word' id='word_1_530' title='bbox 2762 525 2846 572; x_wconf 87' lang='grc' dir='ltr'>τις</span> <span class='ocrx_word' id='word_1_531' title='bbox 2875 506 3191 578; x_wconf 78' lang='grc' dir='ltr'>ὑποπτεύσῃ</span> <span class='ocrx_word' id='word_1_532' title='bbox 3213 549 3226 568; x_wconf 83' lang='grc'>,</span> <span class='ocrx_word' id='word_1_533' title='bbox 3261 506 3330 560; x_wconf 88' lang='grc' dir='ltr'>τὰ</span> <span class='ocrx_word' id='word_1_534' title='bbox 3357 507 3559 563; x_wconf 85' lang='grc' dir='ltr'>παλαιά</span> <span class='ocrx_word' id='word_1_535' title='bbox 3590 527 3658 579; x_wconf 86' lang='grc' dir='ltr'>με</span> <span class='ocrx_word' id='word_1_536' title='bbox 3707 511 3799 564; x_wconf 88' lang='grc' dir='ltr'>δι-</span> 
     </span>
    </p>
   </div>
   <div class='ocr_carea' id='block_1_68' title="bbox 2126 585 3799 659">
    <p class='ocr_par' dir='ltr' id='par_1_68' title="bbox 2126 585 3799 659">
     <span class='ocr_line' id='line_1_68' title="bbox 2126 585 3799 659; baseline 0.011 -32"><span class='ocrx_word' id='word_1_537' title='bbox 2126 585 2429 654; x_wconf 77' lang='grc' dir='ltr'>ηγούμενον</span> <span class='ocrx_word' id='word_1_538' title='bbox 2471 586 2548 657; x_wconf 80' lang='grc' dir='ltr'>τῷ</span> <span class='ocrx_word' id='word_1_539' title='bbox 2576 587 2768 659; x_wconf 81' lang='grc' dir='ltr'>πλήθει</span> <span class='ocrx_word' id='word_1_540' title='bbox 2812 588 2905 641; x_wconf 86' lang='grc' dir='ltr'>τοῦ</span> <span class='ocrx_word' id='word_1_541' title='bbox 2940 589 3131 658; x_wconf 87' lang='grc' dir='ltr'>χρόνου</span> <span class='ocrx_word' id='word_1_542' title='bbox 3175 587 3406 658; x_wconf 85' lang='grc' dir='ltr'>τάληθὲς</span> <span class='ocrx_word' id='word_1_543' title='bbox 3449 591 3799 656; x_wconf 77' lang='grc' dir='ltr'>ἐπισκιάζειν</span> 
     </span>
    </p>
   </div>
   <div class='ocr_carea' id='block_1_69' title="bbox 2128 663 3798 739">
    <p class='ocr_par' dir='ltr' id='par_1_69' title="bbox 2128 663 3798 739">
     <span class='ocr_line' id='line_1_69' title="bbox 2128 663 3798 739; baseline 0.004 -25"><span class='ocrx_word' id='word_1_544' title='bbox 2128 663 2446 736; x_wconf 83' lang='grc' dir='ltr'>ἐπιχειρεῖν,</span> <span class='ocrx_word' id='word_1_545' title='bbox 2471 667 2570 736; x_wconf 84' lang='grc' dir='ltr'>τῆς</span> <span class='ocrx_word' id='word_1_546' title='bbox 2598 667 2768 738; x_wconf 86' lang='grc' dir='ltr'>λήθης</span> <span class='ocrx_word' id='word_1_547' title='bbox 2787 678 2810 706; x_wconf 71' lang='grc' dir='ltr'><strong>ο</strong></span> <span class='ocrx_word' id='word_1_548' title='bbox 2841 668 2942 719; x_wconf 87' lang='grc' dir='ltr'>οὐκ</span> <span class='ocrx_word' id='word_1_549' title='bbox 2973 668 3228 737; x_wconf 77' lang='grc' dir='ltr'>ἀφιείσης</span> <span class='ocrx_word' id='word_1_550' title='bbox 3261 669 3562 739; x_wconf 74' lang='grc' dir='ltr'>ἐπισκῆψαί</span> <span class='ocrx_word' id='word_1_551' title='bbox 3596 687 3650 723; x_wconf 88' lang='grc' dir='ltr'>τι</span> <span class='ocrx_word' id='word_1_552' title='bbox 3679 672 3798 734; x_wconf 89' lang='grc' dir='ltr'>τοῖς</span> 
     </span>
    </p>
   </div>
   <div class='ocr_carea' id='block_1_70' title="bbox 2129 741 3161 816">
    <p class='ocr_par' dir='ltr' id='par_1_70' title="bbox 2129 741 3161 816">
     <span class='ocr_line' id='line_1_70' title="bbox 2129 741 3161 816; baseline 0.007 -25"><span class='ocrx_word' id='word_1_553' title='bbox 2129 741 2266 811; x_wconf 85' lang='grc' dir='ltr'>πρὸς</span> <span class='ocrx_word' id='word_1_554' title='bbox 2296 743 2455 814; x_wconf 85' lang='grc' dir='ltr'>χάριν</span> <span class='ocrx_word' id='word_1_555' title='bbox 2486 744 2798 815; x_wconf 83' lang='grc' dir='ltr'>λεγομένοις</span> <span class='ocrx_word' id='word_1_556' title='bbox 2827 744 2954 816; x_wconf 81' lang='grc' dir='ltr'>παρ’</span> <span class='ocrx_word' id='word_1_557' title='bbox 2980 745 3161 814; x_wconf 78' lang='grc' dir='ltr'>ἡμῶν.</span> 
     </span>
    </p>
   </div>
   <div class='ocr_carea' id='block_1_71' title="bbox 2201 824 3799 898">
    <p class='ocr_par' dir='ltr' id='par_1_71' title="bbox 2201 824 3799 898">
     <span class='ocr_line' id='line_1_71' title="bbox 2201 824 3799 898; baseline 0.005 -24"><span class='ocrx_word' id='word_1_558' title='bbox 2201 829 2272 886; x_wconf 81' lang='grc' dir='ltr'>ς’.</span> <span class='ocrx_word' id='word_1_559' title='bbox 2313 825 2439 876; x_wconf 81' lang='grc' dir='ltr'>Ὅτε</span> <span class='ocrx_word' id='word_1_560' title='bbox 2479 824 2586 894; x_wconf 86' lang='grc' dir='ltr'>γὰρ</span> <span class='ocrx_word' id='word_1_561' title='bbox 2614 825 2720 878; x_wconf 82' lang='grc' dir='ltr'>τῶν</span> <span class='ocrx_word' id='word_1_562' title='bbox 2760 825 3077 894; x_wconf 83' lang='grc' dir='ltr'>ἐπιτηδείων</span> <span class='ocrx_word' id='word_1_563' title='bbox 3121 841 3205 888; x_wconf 91' lang='grc' dir='ltr'>τις</span> <span class='ocrx_word' id='word_1_564' title='bbox 3243 825 3352 880; x_wconf 80' lang='grc' dir='ltr'>τῶν</span> <span class='ocrx_word' id='word_1_565' title='bbox 3398 827 3680 898; x_wconf 82' lang='grc' dir='ltr'>ἡμετέρων</span> <span class='ocrx_word' id='word_1_566' title='bbox 3707 829 3799 881; x_wconf 82' lang='grc' dir='ltr'>ἐπ’</span> 
     </span>
    </p>
   </div>
   <div class='ocr_carea' id='block_1_72' title="bbox 2129 901 3802 976">
    <p class='ocr_par' dir='ltr' id='par_1_72' title="bbox 2129 901 3802 976">
     <span class='ocr_line' id='line_1_72' title="bbox 2129 901 3802 976; baseline 0.005 -24"><span class='ocrx_word' id='word_1_567' title='bbox 2129 901 2466 972; x_wconf 85' lang='grc' dir='ltr'>ἐγκλήμασιν</span> <span class='ocrx_word' id='word_1_568' title='bbox 2510 902 2749 975; x_wconf 77' lang='grc' dir='ltr'>ῦϐρεωςο</span> <span class='ocrx_word' id='word_1_569' title='bbox 2791 904 2883 956; x_wconf 72' lang='grc' dir='ltr'>καὶ</span> <span class='ocrx_word' id='word_1_570' title='bbox 2921 903 3175 967; x_wconf 84' lang='grc' dir='ltr'>ἀπονοίας</span> <span class='ocrx_word' id='word_1_571' title='bbox 3210 907 3632 976; x_wconf 74' lang='grc' dir='ltr'>συκοφαντηθεὶς</span> <span class='ocrx_word' id='word_1_572' title='bbox 3666 909 3802 976; x_wconf 78' lang='grc' dir='ltr'>περὶ</span> 
     </span>
    </p>
   </div>
   <div class='ocr_carea' id='block_1_73' title="bbox 2130 979 3798 1052">
    <p class='ocr_par' dir='ltr' id='par_1_73' title="bbox 2130 979 3798 1052">
     <span class='ocr_line' id='line_1_73' title="bbox 2130 979 3798 1052; baseline 0.005 -21"><span class='ocrx_word' id='word_1_573' title='bbox 2130 979 2236 1032; x_wconf 82' lang='grc' dir='ltr'>τῶν</span> <span class='ocrx_word' id='word_1_574' title='bbox 2256 981 2497 1050; x_wconf 86' lang='grc' dir='ltr'>ἐσχάτων</span> <span class='ocrx_word' id='word_1_575' title='bbox 2517 981 2846 1046; x_wconf 86' lang='grc' dir='ltr'>ἐκινδύνευε,</span> <span class='ocrx_word' id='word_1_576' title='bbox 2863 983 2980 1035; x_wconf 92' lang='grc' dir='ltr'>τότε</span> <span class='ocrx_word' id='word_1_577' title='bbox 3001 981 3124 1035; x_wconf 75' lang='grc' dir='ltr'>οὐτε</span> <span class='ocrx_word' id='word_1_578' title='bbox 3145 982 3496 1050; x_wconf 88' lang='grc' dir='ltr'>ἐγκαλοῦντός</span> <span class='ocrx_word' id='word_1_579' title='bbox 3518 986 3598 1038; x_wconf 88' lang='grc' dir='ltr'>σοί</span> <span class='ocrx_word' id='word_1_580' title='bbox 3628 1003 3798 1052; x_wconf 85' lang='grc' dir='ltr'>τινος,</span> 
     </span>
    </p>
   </div>
   <div class='ocr_carea' id='block_1_74' title="bbox 2130 1056 3803 1136">
    <p class='ocr_par' dir='ltr' id='par_1_74' title="bbox 2130 1056 3803 1136">
     <span class='ocr_line' id='line_1_74' title="bbox 2130 1056 3803 1136; baseline 0.004 -25"><span class='ocrx_word' id='word_1_581' title='bbox 2130 1056 2252 1111; x_wconf 79' lang='grc' dir='ltr'>οὐτε</span> <span class='ocrx_word' id='word_1_582' title='bbox 2277 1061 2482 1114; x_wconf 87' lang='grc' dir='ltr'>ἐκείνου</span> <span class='ocrx_word' id='word_1_583' title='bbox 2510 1059 2603 1114; x_wconf 90' lang='grc' dir='ltr'>τοῦ</span> <span class='ocrx_word' id='word_1_584' title='bbox 2630 1061 2956 1115; x_wconf 86' lang='grc' dir='ltr'>κινδυνεύειν</span> <span class='ocrx_word' id='word_1_585' title='bbox 2979 1061 3259 1132; x_wconf 84' lang='grc' dir='ltr'>μέλλοντος</span> <span class='ocrx_word' id='word_1_586' title='bbox 3284 1061 3583 1133; x_wconf 87' lang='grc' dir='ltr'>δεηθέντος,</span> <span class='ocrx_word' id='word_1_587' title='bbox 3605 1066 3685 1128; x_wconf 84' lang='grc' dir='ltr'>είς</span> <span class='ocrx_word' id='word_1_588' title='bbox 3707 1066 3803 1136; x_wconf 82' lang='grc' dir='ltr'>μέ-</span> 
     </span>
    </p>
   </div>
   <div class='ocr_carea' id='block_1_75' title="bbox 2137 1140 3803 1216">
    <p class='ocr_par' dir='ltr' id='par_1_75' title="bbox 2137 1140 3803 1216">
     <span class='ocr_line' id='line_1_75' title="bbox 2137 1140 3803 1216; baseline 0.003 -22"><span class='ocrx_word' id='word_1_589' title='bbox 2137 1158 2260 1204; x_wconf 89' lang='grc' dir='ltr'>σους</span> <span class='ocrx_word' id='word_1_590' title='bbox 2301 1140 2492 1216; x_wconf 84' lang='grc' dir='ltr'>σαυτὸν</span> <span class='ocrx_word' id='word_1_591' title='bbox 2535 1142 2761 1215; x_wconf 70' lang='grc' dir='ltr'>ἔρριψας</span> <span class='ocrx_word' id='word_1_592' title='bbox 2795 1144 2918 1204; x_wconf 77' lang='grc' dir='ltr'>τοὺς</span> <span class='ocrx_word' id='word_1_593' title='bbox 2958 1143 3253 1208; x_wconf 82' lang='grc' dir='ltr'>κινδύνους.</span> <span class='ocrx_word' id='word_1_594' title='bbox 3290 1143 3398 1195; x_wconf 82' lang='grc' dir='ltr'>Καὶ</span> <span class='ocrx_word' id='word_1_595' title='bbox 3427 1143 3488 1197; x_wconf 85' lang='grc' dir='ltr'>τὸ</span> <span class='ocrx_word' id='word_1_596' title='bbox 3518 1143 3613 1214; x_wconf 87' lang='grc' dir='ltr'>μὲν</span> <span class='ocrx_word' id='word_1_597' title='bbox 3637 1144 3803 1216; x_wconf 72' lang='grc' dir='ltr'>ἔργον</span> 
     </span>
    </p>
   </div>
   <div class='ocr_carea' id='block_1_76' title="bbox 2130 1215 3798 1295">
    <p class='ocr_par' dir='ltr' id='par_1_76' title="bbox 2130 1215 3798 1295">
     <span class='ocr_line' id='line_1_76' title="bbox 2130 1215 3798 1295; baseline 0.002 -22"><span class='ocrx_word' id='word_1_598' title='bbox 2130 1219 2287 1274; x_wconf 87' lang='grc' dir='ltr'>τοῦτο</span> <span class='ocrx_word' id='word_1_599' title='bbox 2308 1215 2394 1291; x_wconf 80' lang='grc' dir='ltr'>ἦν·</span> <span class='ocrx_word' id='word_1_600' title='bbox 2433 1221 2518 1274; x_wconf 87' lang='grc' dir='ltr'>ἴνα</span> <span class='ocrx_word' id='word_1_601' title='bbox 2548 1221 2603 1274; x_wconf 89' lang='grc' dir='ltr'>δέ</span> <span class='ocrx_word' id='word_1_602' title='bbox 2641 1238 2699 1274; x_wconf 90' lang='grc' dir='ltr'>σε</span> <span class='ocrx_word' id='word_1_603' title='bbox 2739 1221 2832 1274; x_wconf 76' lang='grc' dir='ltr'>καὶ</span> <span class='ocrx_word' id='word_1_604' title='bbox 2872 1222 2978 1274; x_wconf 85' lang='grc' dir='ltr'>ἀπὸ</span> <span class='ocrx_word' id='word_1_605' title='bbox 3011 1221 3116 1276; x_wconf 82' lang='grc' dir='ltr'>τῶν</span> <span class='ocrx_word' id='word_1_606' title='bbox 3160 1225 3419 1292; x_wconf 79' lang='grc' dir='ltr'>ῥημάτων</span> <span class='ocrx_word' id='word_1_607' title='bbox 3468 1215 3798 1295; x_wconf 80' lang='grc' dir='ltr'>ἐλέγξωμεν,</span> 
     </span>
    </p>
   </div>
   <div class='ocr_carea' id='block_1_77' title="bbox 2133 1298 3802 1373">
    <p class='ocr_par' dir='ltr' id='par_1_77' title="bbox 2133 1298 3802 1373">
     <span class='ocr_line' id='line_1_77' title="bbox 2133 1298 3802 1373; baseline 0.002 -20"><span class='ocrx_word' id='word_1_608' title='bbox 2133 1299 2224 1353; x_wconf 70' lang='grc' dir='ltr'>καὶ</span> <span class='ocrx_word' id='word_1_609' title='bbox 2259 1298 2435 1354; x_wconf 82' lang='grc' dir='ltr'>αὐτῶν</span> <span class='ocrx_word' id='word_1_610' title='bbox 2455 1298 2564 1351; x_wconf 81' lang='grc' dir='ltr'>τῶν</span> <span class='ocrx_word' id='word_1_611' title='bbox 2591 1301 2895 1371; x_wconf 84' lang='grc' dir='ltr'>εἰρημένων</span> <span class='ocrx_word' id='word_1_612' title='bbox 2927 1317 3004 1352; x_wconf 91' lang='grc' dir='ltr'>σοι</span> <span class='ocrx_word' id='word_1_613' title='bbox 3039 1301 3500 1371; x_wconf 88' lang='grc' dir='ltr'>μνημονεύσωμεν</span> <span class='ocrx_word' id='word_1_614' title='bbox 3531 1302 3574 1340; x_wconf 69' lang='grc' dir='ltr'><em>τ’</em></span> <span class='ocrx_word' id='word_1_615' title='bbox 3610 1302 3802 1373; x_wconf 81' lang='grc' dir='ltr'>ἐπειδὴ</span> 
     </span>
    </p>
   </div>
   <div class='ocr_carea' id='block_1_78' title="bbox 2132 1378 3802 1452">
    <p class='ocr_par' dir='ltr' id='par_1_78' title="bbox 2132 1378 3802 1452">
     <span class='ocr_line' id='line_1_78' title="bbox 2132 1378 3802 1452; baseline 0.001 -19"><span class='ocrx_word' id='word_1_616' title='bbox 2132 1380 2240 1452; x_wconf 78' lang='grc' dir='ltr'>γὰρ</span> <span class='ocrx_word' id='word_1_617' title='bbox 2265 1379 2364 1451; x_wconf 82' lang='grc' dir='ltr'>τὴν</span> <span class='ocrx_word' id='word_1_618' title='bbox 2394 1379 2701 1451; x_wconf 88' lang='grc' dir='ltr'>προθυμίαν</span> <span class='ocrx_word' id='word_1_619' title='bbox 2724 1378 2924 1448; x_wconf 81' lang='grc' dir='ltr'>ταύτην</span> <span class='ocrx_word' id='word_1_620' title='bbox 2963 1380 3011 1430; x_wconf 83' lang='grc' dir='ltr'>οί</span> <span class='ocrx_word' id='word_1_621' title='bbox 3057 1379 3153 1447; x_wconf 84' lang='grc' dir='ltr'>μὲν</span> <span class='ocrx_word' id='word_1_622' title='bbox 3180 1380 3279 1433; x_wconf 85' lang='grc' dir='ltr'>οὐκ</span> <span class='ocrx_word' id='word_1_623' title='bbox 3301 1380 3642 1450; x_wconf 86' lang='grc' dir='ltr'>ἀπεδέχοντο.</span> <span class='ocrx_word' id='word_1_624' title='bbox 3665 1383 3715 1434; x_wconf 87' lang='grc' dir='ltr'>οί</span> <span class='ocrx_word' id='word_1_625' title='bbox 3741 1382 3802 1434; x_wconf 80' lang='grc' dir='ltr'>δὲ</span> 
     </span>
    </p>
   </div>
   <div class='ocr_carea' id='block_1_79' title="bbox 2133 1456 3803 1531">
    <p class='ocr_par' dir='ltr' id='par_1_79' title="bbox 2133 1456 3803 1531">
     <span class='ocr_line' id='line_1_79' title="bbox 2133 1456 3803 1531; baseline 0.002 -21"><span class='ocrx_word' id='word_1_626' title='bbox 2133 1461 2364 1531; x_wconf 75' lang='grc' dir='ltr'>ἐπῄνουν</span> <span class='ocrx_word' id='word_1_627' title='bbox 2392 1459 2485 1513; x_wconf 77' lang='grc' dir='ltr'>καὶ</span> <span class='ocrx_word' id='word_1_628' title='bbox 2515 1456 2847 1528; x_wconf 59' lang='grc' dir='ltr'>ἐθαύμαζον</span> <span class='ocrx_word' id='word_1_629' title='bbox 2877 1456 2980 1509; x_wconf 74' lang='grc' dir='ltr'>Καὶ</span> <span class='ocrx_word' id='word_1_630' title='bbox 3019 1457 3070 1509; x_wconf 91' lang='grc' dir='ltr'>τί</span> <span class='ocrx_word' id='word_1_631' title='bbox 3108 1457 3291 1531; x_wconf 86' lang='grc' dir='ltr'>πάθω;</span> <span class='ocrx_word' id='word_1_632' title='bbox 3321 1458 3454 1528; x_wconf 70' lang='grc' dir='ltr'>πρὸς</span> <span class='ocrx_word' id='word_1_633' title='bbox 3479 1460 3604 1522; x_wconf 81' lang='grc' dir='ltr'>τοὺς</span> <span class='ocrx_word' id='word_1_634' title='bbox 3628 1462 3803 1528; x_wconf 82' lang='grc' dir='ltr'>ἐγκα-</span> 
     </span>
    </p>
   </div>
   <div class='ocr_carea' id='block_1_80' title="bbox 2133 1530 3805 1608">
    <p class='ocr_par' dir='ltr' id='par_1_80' title="bbox 2133 1530 3805 1608">
     <span class='ocr_line' id='line_1_80' title="bbox 2133 1530 3805 1608; baseline 0.001 -18"><span class='ocrx_word' id='word_1_635' title='bbox 2133 1530 2355 1601; x_wconf 90' lang='grc' dir='ltr'>λοῦντας</span> <span class='ocrx_word' id='word_1_636' title='bbox 2387 1539 2548 1608; x_wconf 85' lang='grc' dir='ltr'>ἐφης·</span> <span class='ocrx_word' id='word_1_637' title='bbox 2581 1539 2782 1608; x_wconf 87' lang='grc' dir='ltr'>ἐτέρως</span> <span class='ocrx_word' id='word_1_638' title='bbox 2811 1536 2918 1607; x_wconf 79' lang='grc' dir='ltr'>γὰρ</span> <span class='ocrx_word' id='word_1_639' title='bbox 2945 1537 3044 1588; x_wconf 90' lang='grc' dir='ltr'>οὐκ</span> <span class='ocrx_word' id='word_1_640' title='bbox 3078 1530 3194 1588; x_wconf 85' lang='grc' dir='ltr'>οἶδα</span> <span class='ocrx_word' id='word_1_641' title='bbox 3221 1536 3395 1604; x_wconf 82' lang='grc' dir='ltr'>φιλεῖν</span> <span class='ocrx_word' id='word_1_642' title='bbox 3415 1578 3428 1599; x_wconf 90' lang='grc'>,</span> <span class='ocrx_word' id='word_1_643' title='bbox 3452 1535 3564 1590; x_wconf 85' lang='grc' dir='ltr'>ἀλλ’</span> <span class='ocrx_word' id='word_1_644' title='bbox 3595 1539 3627 1608; x_wconf 84' lang='grc' dir='ltr'>ἢ</span> <span class='ocrx_word' id='word_1_645' title='bbox 3663 1537 3805 1608; x_wconf 87' lang='grc' dir='ltr'>μετά</span> 
     </span>
    </p>
   </div>
   <div class='ocr_carea' id='block_1_81' title="bbox 2134 1614 3804 1686">
    <p class='ocr_par' dir='ltr' id='par_1_81' title="bbox 2134 1614 3804 1686">
     <span class='ocr_line' id='line_1_81' title="bbox 2134 1614 3804 1686; baseline 0.001 -17"><span class='ocrx_word' id='word_1_646' title='bbox 2134 1615 2226 1670; x_wconf 88' lang='grc' dir='ltr'>τοῦ</span> <span class='ocrx_word' id='word_1_647' title='bbox 2257 1618 2350 1668; x_wconf 78' lang='grc' dir='ltr'>καὶ</span> <span class='ocrx_word' id='word_1_648' title='bbox 2371 1617 2468 1686; x_wconf 80' lang='grc' dir='ltr'>τὴν</span> <span class='ocrx_word' id='word_1_649' title='bbox 2489 1615 2665 1686; x_wconf 75' lang='grc' dir='ltr'>ψυχὴν</span> <span class='ocrx_word' id='word_1_650' title='bbox 2695 1614 2952 1668; x_wconf 78' lang='grc' dir='ltr'>ἐκδιδόναι</span> <span class='ocrx_word' id='word_1_651' title='bbox 2983 1615 3079 1682; x_wconf 81' lang='grc' dir='ltr'>τὴν</span> <span class='ocrx_word' id='word_1_652' title='bbox 3102 1614 3359 1684; x_wconf 86' lang='grc' dir='ltr'>ἐμαυτοῦ,</span> <span class='ocrx_word' id='word_1_653' title='bbox 3389 1617 3550 1684; x_wconf 85' lang='grc' dir='ltr'>ἡνίκα</span> <span class='ocrx_word' id='word_1_654' title='bbox 3586 1616 3650 1669; x_wconf 79' lang='grc' dir='ltr'>ἀν</span> <span class='ocrx_word' id='word_1_655' title='bbox 3677 1634 3804 1671; x_wconf 72' lang='grc' dir='ltr'>τινα</span> 
     </span>
    </p>
   </div>
   <div class='ocr_carea' id='block_1_82' title="bbox 2133 1690 3806 1767">
    <p class='ocr_par' dir='ltr' id='par_1_82' title="bbox 2133 1690 3806 1767">
     <span class='ocr_line' id='line_1_82' title="bbox 2133 1690 3806 1767; baseline 0.002 -20"><span class='ocrx_word' id='word_1_656' title='bbox 2133 1695 2242 1747; x_wconf 85' lang='grc' dir='ltr'>τῶν</span> <span class='ocrx_word' id='word_1_657' title='bbox 2274 1694 2595 1764; x_wconf 87' lang='grc' dir='ltr'>ἐπιτηδείων</span> <span class='ocrx_word' id='word_1_658' title='bbox 2625 1690 2997 1747; x_wconf 86' lang='grc' dir='ltr'>κινδυνεύοντα</span> <span class='ocrx_word' id='word_1_659' title='bbox 3021 1693 3282 1745; x_wconf 83' lang='grc' dir='ltr'>διασῶσαι</span> <span class='ocrx_word' id='word_1_660' title='bbox 3310 1693 3424 1765; x_wconf 83' lang='grc' dir='ltr'>δέῃ,</span> <span class='ocrx_word' id='word_1_661' title='bbox 3453 1695 3656 1764; x_wconf 75' lang='grc' dir='ltr'>ῥήμασι</span> <span class='ocrx_word' id='word_1_662' title='bbox 3699 1697 3806 1767; x_wconf 81' lang='grc' dir='ltr'>μὲν</span> 
     </span>
    </p>
   </div>
   <div class='ocr_carea' id='block_1_83' title="bbox 2135 1752 3808 1844">
    <p class='ocr_par' dir='ltr' id='par_1_83' title="bbox 2135 1752 3808 1844">
     <span class='ocr_line' id='line_1_83' title="bbox 2135 1752 3808 1844; baseline 0.001 -18"><span class='ocrx_word' id='word_1_663' title='bbox 2135 1773 2363 1843; x_wconf 88' lang='grc' dir='ltr'>ἐτέροις,</span> <span class='ocrx_word' id='word_1_664' title='bbox 2389 1752 2594 1844; x_wconf 72' lang='grc' dir='ltr'>δίανοίᾳ</span> <span class='ocrx_word' id='word_1_665' title='bbox 2632 1772 2689 1825; x_wconf 87' lang='grc' dir='ltr'>δέ</span> <span class='ocrx_word' id='word_1_666' title='bbox 2726 1775 2791 1841; x_wconf 83' lang='grc' dir='ltr'>τῇ</span> <span class='ocrx_word' id='word_1_667' title='bbox 2832 1773 2968 1842; x_wconf 81' lang='grc' dir='ltr'>αὐτῇ</span> <span class='ocrx_word' id='word_1_668' title='bbox 3007 1771 3077 1824; x_wconf 76' lang='grc' dir='ltr'>τὰ</span> <span class='ocrx_word' id='word_1_669' title='bbox 3104 1771 3196 1824; x_wconf 89' lang='grc' dir='ltr'>τοῦ</span> <span class='ocrx_word' id='word_1_670' title='bbox 3225 1752 3463 1842; x_wconf 65' lang='grc' dir='ltr'>Χριστοῦ</span> <span class='ocrx_word' id='word_1_671' title='bbox 3499 1752 3808 1844; x_wconf 70' lang='grc' dir='ltr'>φθεγγόμε-</span> 
     </span>
    </p>
   </div>
   <div class='ocr_carea' id='block_1_84' title="bbox 2135 1850 3805 1925">
    <p class='ocr_par' dir='ltr' id='par_1_84' title="bbox 2135 1850 3805 1925">
     <span class='ocr_line' id='line_1_84' title="bbox 2135 1850 3805 1925; baseline 0.001 -20"><span class='ocrx_word' id='word_1_672' title='bbox 2135 1869 2244 1916; x_wconf 91' lang='grc' dir='ltr'>νος,</span> <span class='ocrx_word' id='word_1_673' title='bbox 2279 1851 2314 1904; x_wconf 69' lang='lat'>5.</span> <span class='ocrx_word' id='word_1_674' title='bbox 2363 1851 2498 1921; x_wconf 77' lang='grc' dir='ltr'>πρὸς</span> <span class='ocrx_word' id='word_1_675' title='bbox 2531 1851 2655 1914; x_wconf 80' lang='grc' dir='ltr'>τοὺς</span> <span class='ocrx_word' id='word_1_676' title='bbox 2684 1851 2929 1921; x_wconf 79' lang='grc' dir='ltr'>μαθητάς</span> <span class='ocrx_word' id='word_1_677' title='bbox 2969 1850 3120 1919; x_wconf 77' lang='grc' dir='ltr'>ἔλεγε</span> <span class='ocrx_word' id='word_1_678' title='bbox 3143 1890 3157 1914; x_wconf 92' lang='grc'>,</span> <span class='ocrx_word' id='word_1_679' title='bbox 3196 1851 3296 1922; x_wconf 81' lang='grc' dir='ltr'>τῆς</span> <span class='ocrx_word' id='word_1_680' title='bbox 3331 1853 3540 1916; x_wconf 88' lang='grc' dir='ltr'>τελείας</span> <span class='ocrx_word' id='word_1_681' title='bbox 3580 1855 3805 1925; x_wconf 82' lang='grc' dir='ltr'>ἀγάπης</span> 
     </span>
    </p>
   </div>
   <div class='ocr_carea' id='block_1_85' title="bbox 2133 1930 3805 2004">
    <p class='ocr_par' dir='ltr' id='par_1_85' title="bbox 2133 1930 3805 2004">
     <span class='ocr_line' id='line_1_85' title="bbox 2133 1930 3805 2004; baseline 0.001 -19"><span class='ocrx_word' id='word_1_682' title='bbox 2133 1934 2259 1996; x_wconf 81' lang='grc' dir='ltr'>τούς</span> <span class='ocrx_word' id='word_1_683' title='bbox 2286 1933 2443 2004; x_wconf 82' lang='grc' dir='ltr'>ὅρους</span> <span class='ocrx_word' id='word_1_684' title='bbox 2471 1931 2656 1991; x_wconf 87' lang='grc' dir='ltr'>τιθείς·</span> <span class='ocrx_word' id='word_1_685' title='bbox 2687 1930 2942 1996; x_wconf 76' lang='grc' dir='ltr'>Μείζονα</span> <span class='ocrx_word' id='word_1_686' title='bbox 2968 1931 3076 2001; x_wconf 78' lang='grc' dir='ltr'>γὰρ</span> <span class='ocrx_word' id='word_1_687' title='bbox 3101 1932 3318 1999; x_wconf 78' lang='grc' dir='ltr'>ταύτης</span> <span class='ocrx_word' id='word_1_688' title='bbox 3343 1933 3582 2002; x_wconf 76' lang='grc' dir='ltr'>ἀγάπην</span> <span class='ocrx_word' id='word_1_689' title='bbox 3605 1935 3805 2002; x_wconf 76' lang='grc' dir='ltr'>οὐδεὶς</span> 
     </span>
    </p>
   </div>
   <div class='ocr_carea' id='block_1_86' title="bbox 2134 2009 3808 2084">
    <p class='ocr_par' dir='ltr' id='par_1_86' title="bbox 2134 2009 3808 2084">
     <span class='ocr_line' id='line_1_86' title="bbox 2134 2009 3808 2084; baseline -0.002 -17"><span class='ocrx_word' id='word_1_690' title='bbox 2134 2014 2278 2084; x_wconf 79' lang='grc' dir='ltr'>ἔχει.</span> <span class='ocrx_word' id='word_1_691' title='bbox 2302 2012 2485 2082; x_wconf 77' lang='grc' dir='ltr'>φησὶν,</span> <span class='ocrx_word' id='word_1_692' title='bbox 2518 2010 2554 2079; x_wconf 79' lang='grc' dir='ltr'><strong>ἢ</strong></span> <span class='ocrx_word' id='word_1_693' title='bbox 2579 2011 2680 2064; x_wconf 81' lang='grc' dir='ltr'>ἵνα</span> <span class='ocrx_word' id='word_1_694' title='bbox 2699 2027 2790 2076; x_wconf 85' lang='grc' dir='ltr'>τις</span> <span class='ocrx_word' id='word_1_695' title='bbox 2816 2009 2930 2077; x_wconf 79' lang='grc' dir='ltr'>τὴν</span> <span class='ocrx_word' id='word_1_696' title='bbox 2958 2010 3172 2079; x_wconf 66' lang='grc' dir='ltr'>ψυχὴν</span> <span class='ocrx_word' id='word_1_697' title='bbox 3193 2010 3381 2064; x_wconf 82' lang='grc' dir='ltr'>αὑτοῦ</span> <span class='ocrx_word' id='word_1_698' title='bbox 3403 2011 3481 2081; x_wconf 76' lang='grc' dir='ltr'>θῇ</span> <span class='ocrx_word' id='word_1_699' title='bbox 3503 2015 3651 2082; x_wconf 76' lang='grc' dir='ltr'>ὑπὲρ</span> <span class='ocrx_word' id='word_1_700' title='bbox 3682 2013 3808 2068; x_wconf 79' lang='grc' dir='ltr'>τῶν</span> 
     </span>
    </p>
   </div>
   <div class='ocr_carea' id='block_1_87' title="bbox 2135 2089 3804 2162">
    <p class='ocr_par' dir='ltr' id='par_1_87' title="bbox 2135 2089 3804 2162">
     <span class='ocr_line' id='line_1_87' title="bbox 2135 2089 3804 2162; baseline 0.001 -18"><span class='ocrx_word' id='word_1_701' title='bbox 2135 2093 2330 2162; x_wconf 73' lang='grc' dir='ltr'>φίλων</span> <span class='ocrx_word' id='word_1_702' title='bbox 2360 2089 2566 2144; x_wconf 84' lang='grc' dir='ltr'>αὐτοῦ.</span> <span class='ocrx_word' id='word_1_703' title='bbox 2602 2091 2663 2143; x_wconf 88' lang='grc' dir='ltr'>Εί</span> <span class='ocrx_word' id='word_1_704' title='bbox 2689 2089 2866 2142; x_wconf 89' lang='grc' dir='ltr'>τοίνυν</span> <span class='ocrx_word' id='word_1_705' title='bbox 2913 2090 3133 2160; x_wconf 78' lang='grc' dir='ltr'>μείζονα</span> <span class='ocrx_word' id='word_1_706' title='bbox 3157 2092 3359 2160; x_wconf 88' lang='grc' dir='ltr'>ταύτης</span> <span class='ocrx_word' id='word_1_707' title='bbox 3388 2093 3488 2145; x_wconf 90' lang='grc' dir='ltr'>οὐκ</span> <span class='ocrx_word' id='word_1_708' title='bbox 3516 2093 3663 2146; x_wconf 86' lang='grc' dir='ltr'>ἐστιν</span> <span class='ocrx_word' id='word_1_709' title='bbox 3699 2095 3804 2147; x_wconf 84' lang='grc' dir='ltr'>εὐ-</span> 
     </span>
    </p>
   </div>
   <div class='ocr_carea' id='block_1_88' title="bbox 2138 2166 3804 2245">
    <p class='ocr_par' dir='ltr' id='par_1_88' title="bbox 2138 2166 3804 2245">
     <span class='ocr_line' id='line_1_88' title="bbox 2138 2166 3804 2245; baseline 0.002 -20"><span class='ocrx_word' id='word_1_710' title='bbox 2138 2176 2274 2243; x_wconf 86' lang='grc' dir='ltr'>ρεῖν,</span> <span class='ocrx_word' id='word_1_711' title='bbox 2306 2173 2400 2224; x_wconf 67' lang='grc' dir='ltr'>ἐπ)⁸</span> <span class='ocrx_word' id='word_1_712' title='bbox 2437 2170 2497 2225; x_wconf 75' lang='grc' dir='ltr'>τὸ</span> <span class='ocrx_word' id='word_1_713' title='bbox 2527 2171 2680 2234; x_wconf 90' lang='grc' dir='ltr'>τέλος</span> <span class='ocrx_word' id='word_1_714' title='bbox 2711 2170 2884 2240; x_wconf 83' lang='grc' dir='ltr'>αὐτῆς</span> <span class='ocrx_word' id='word_1_715' title='bbox 2918 2170 3180 2239; x_wconf 77' lang='grc' dir='ltr'>ἔφθασας,</span> <span class='ocrx_word' id='word_1_716' title='bbox 3211 2171 3305 2224; x_wconf 74' lang='grc' dir='ltr'>καὶ</span> <span class='ocrx_word' id='word_1_717' title='bbox 3329 2171 3396 2224; x_wconf 87' lang='grc' dir='ltr'>δι’</span> <span class='ocrx_word' id='word_1_718' title='bbox 3434 2166 3509 2225; x_wconf 80' lang='grc' dir='ltr'>ὧν</span> <span class='ocrx_word' id='word_1_719' title='bbox 3534 2172 3804 2245; x_wconf 79' lang='grc' dir='ltr'>ἔπραξας,</span> 
     </span>
    </p>
   </div>
   <div class='ocr_carea' id='block_1_89' title="bbox 2137 2245 3806 2322">
    <p class='ocr_par' dir='ltr' id='par_1_89' title="bbox 2137 2245 3806 2322">
     <span class='ocr_line' id='line_1_89' title="bbox 2137 2245 3806 2322; baseline 0.001 -15"><span class='ocrx_word' id='word_1_720' title='bbox 2137 2255 2232 2307; x_wconf 77' lang='grc' dir='ltr'>καὶ</span> <span class='ocrx_word' id='word_1_721' title='bbox 2267 2245 2414 2304; x_wconf 78' lang='grc' dir='ltr'>δι’ὧν</span> <span class='ocrx_word' id='word_1_722' title='bbox 2438 2249 2592 2313; x_wconf 82' lang='grc' dir='ltr'>εἶπες</span> <span class='ocrx_word' id='word_1_723' title='bbox 2616 2251 2662 2312; x_wconf 71' lang='grc' dir='ltr'>ε,</span> <span class='ocrx_word' id='word_1_724' title='bbox 2683 2249 2785 2318; x_wconf 81' lang='grc' dir='ltr'>τῆς</span> <span class='ocrx_word' id='word_1_725' title='bbox 2805 2250 3049 2320; x_wconf 80' lang='grc' dir='ltr'>κορυφῆς</span> <span class='ocrx_word' id='word_1_726' title='bbox 3070 2249 3274 2322; x_wconf 90' lang='grc' dir='ltr'>ἐπέϐης</span> <span class='ocrx_word' id='word_1_727' title='bbox 3295 2250 3486 2321; x_wconf 84' lang='grc' dir='ltr'>αὐτῆς.</span> <span class='ocrx_word' id='word_1_728' title='bbox 3519 2253 3614 2306; x_wconf 79' lang='grc' dir='ltr'>Διὰ</span> <span class='ocrx_word' id='word_1_729' title='bbox 3645 2254 3806 2308; x_wconf 87' lang='grc' dir='ltr'>τοῦτό</span> 
     </span>
    </p>
   </div>
   <div class='ocr_carea' id='block_1_90' title="bbox 2140 2327 3802 2403">
    <p class='ocr_par' dir='ltr' id='par_1_90' title="bbox 2140 2327 3802 2403">
     <span class='ocr_line' id='line_1_90' title="bbox 2140 2327 3802 2403; baseline 0.001 -18"><span class='ocrx_word' id='word_1_730' title='bbox 2140 2349 2199 2384; x_wconf 88' lang='grc' dir='ltr'>σε</span> <span class='ocrx_word' id='word_1_731' title='bbox 2224 2329 2511 2403; x_wconf 85' lang='grc' dir='ltr'>προύδώκα</span> <span class='ocrx_word' id='word_1_732' title='bbox 2521 2346 2639 2400; x_wconf 90' lang='grc' dir='ltr'>μεν,</span> <span class='ocrx_word' id='word_1_733' title='bbox 2663 2328 2752 2382; x_wconf 76' lang='grc' dir='ltr'>διὰ</span> <span class='ocrx_word' id='word_1_734' title='bbox 2771 2327 2929 2381; x_wconf 88' lang='grc' dir='ltr'>τοῦτο</span> <span class='ocrx_word' id='word_1_735' title='bbox 2948 2328 3038 2381; x_wconf 80' lang='grc' dir='ltr'>τὸν</span> <span class='ocrx_word' id='word_1_736' title='bbox 3057 2329 3206 2382; x_wconf 85' lang='grc' dir='ltr'>δόλον</span> <span class='ocrx_word' id='word_1_737' title='bbox 3227 2329 3546 2401; x_wconf 66' lang='grc' dir='ltr'>ἐρῥάψαμεν</span> <span class='ocrx_word' id='word_1_738' title='bbox 3574 2333 3802 2387; x_wconf 86' lang='grc' dir='ltr'>ἐκεῖνον.</span> 
     </span>
    </p>
   </div>
   <div class='ocr_carea' id='block_1_91' title="bbox 2135 2404 3808 2482">
    <p class='ocr_par' dir='ltr' id='par_1_91' title="bbox 2135 2404 3808 2482">
     <span class='ocr_line' id='line_1_91' title="bbox 2135 2404 3808 2482; baseline 0 -18"><span class='ocrx_word' id='word_1_739' title='bbox 2135 2404 2284 2482; x_wconf 66' lang='grc' dir='ltr'>’Δρά</span> <span class='ocrx_word' id='word_1_740' title='bbox 2311 2426 2370 2462; x_wconf 88' lang='grc' dir='ltr'>σε</span> <span class='ocrx_word' id='word_1_741' title='bbox 2401 2408 2659 2478; x_wconf 88' lang='grc' dir='ltr'>πείθομεν</span> <span class='ocrx_word' id='word_1_742' title='bbox 2687 2408 2769 2460; x_wconf 84' lang='grc' dir='ltr'>ὅτι</span> <span class='ocrx_word' id='word_1_743' title='bbox 2792 2405 2916 2460; x_wconf 77' lang='grc' dir='ltr'>οὐτε</span> <span class='ocrx_word' id='word_1_744' title='bbox 2941 2408 3005 2458; x_wconf 86' lang='grc' dir='ltr'>ἐκ</span> <span class='ocrx_word' id='word_1_745' title='bbox 3037 2407 3350 2472; x_wconf 89' lang='grc' dir='ltr'>κακονοίας,</span> <span class='ocrx_word' id='word_1_746' title='bbox 3377 2408 3498 2462; x_wconf 78' lang='grc' dir='ltr'>οὕτε</span> <span class='ocrx_word' id='word_1_747' title='bbox 3525 2412 3603 2473; x_wconf 85' lang='grc' dir='ltr'>είς</span> <span class='ocrx_word' id='word_1_748' title='bbox 3628 2411 3808 2464; x_wconf 72' lang='grc' dir='ltr'>κίνδο-</span> 
     </span>
    </p>
   </div>
   <div class='ocr_carea' id='block_1_92' title="bbox 2137 2485 3809 2560">
    <p class='ocr_par' dir='ltr' id='par_1_92' title="bbox 2137 2485 3809 2560">
     <span class='ocr_line' id='line_1_92' title="bbox 2137 2485 3809 2560; baseline 0.001 -17"><span class='ocrx_word' id='word_1_749' title='bbox 2137 2507 2226 2543; x_wconf 94' lang='grc' dir='ltr'>νον</span> <span class='ocrx_word' id='word_1_750' title='bbox 2259 2487 2514 2560; x_wconf 86' lang='grc' dir='ltr'>ἐμϐαλεῖν</span> <span class='ocrx_word' id='word_1_751' title='bbox 2559 2485 2891 2558; x_wconf 86' lang='grc' dir='ltr'>βουλόμενοι,</span> <span class='ocrx_word' id='word_1_752' title='bbox 2934 2485 3069 2540; x_wconf 86' lang='grc' dir='ltr'>άλλά</span> <span class='ocrx_word' id='word_1_753' title='bbox 3111 2489 3382 2558; x_wconf 83' lang='grc' dir='ltr'>χρήσιμον</span> <span class='ocrx_word' id='word_1_754' title='bbox 3411 2489 3628 2542; x_wconf 75' lang='grc' dir='ltr'>ἔσεσθαι</span> <span class='ocrx_word' id='word_1_755' title='bbox 3672 2491 3809 2545; x_wconf 84' lang='grc' dir='ltr'>εἰδό-</span> 
     </span>
    </p>
   </div>
   <div class='ocr_carea' id='block_1_93' title="bbox 2137 2565 3807 2642">
    <p class='ocr_par' dir='ltr' id='par_1_93' title="bbox 2137 2565 3807 2642">
     <span class='ocr_line' id='line_1_93' title="bbox 2137 2565 3807 2642; baseline 0.002 -20"><span class='ocrx_word' id='word_1_756' title='bbox 2137 2586 2247 2633; x_wconf 88' lang='grc' dir='ltr'>τες,</span> <span class='ocrx_word' id='word_1_757' title='bbox 2283 2573 2362 2634; x_wconf 87' lang='grc' dir='ltr'>είς</span> <span class='ocrx_word' id='word_1_758' title='bbox 2392 2569 2456 2622; x_wconf 84' lang='grc' dir='ltr'>τὸ</span> <span class='ocrx_word' id='word_1_759' title='bbox 2479 2567 2691 2622; x_wconf 87' lang='grc' dir='ltr'>στάδιον</span> <span class='ocrx_word' id='word_1_760' title='bbox 2714 2566 2966 2636; x_wconf 82' lang='grc' dir='ltr'>εῖλκομεν</span> <span class='ocrx_word' id='word_1_761' title='bbox 2983 2565 3172 2632; x_wconf 86' lang='grc' dir='ltr'>τοῦτο;</span> <span class='ocrx_word' id='word_1_762' title='bbox 3200 2569 3419 2623; x_wconf 78' lang='grc' dir='ltr'>ΒΑΣΙΛ.</span> <span class='ocrx_word' id='word_1_763' title='bbox 3455 2567 3586 2623; x_wconf 83' lang='grc' dir='ltr'>Εἶτα</span> <span class='ocrx_word' id='word_1_764' title='bbox 3610 2573 3807 2642; x_wconf 81' lang='grc' dir='ltr'>ἀρκεῖν</span> 
     </span>
    </p>
   </div>
   <div class='ocr_carea' id='block_1_94' title="bbox 2137 2645 3808 2723">
    <p class='ocr_par' dir='ltr' id='par_1_94' title="bbox 2137 2645 3808 2723">
     <span class='ocr_line' id='line_1_94' title="bbox 2137 2645 3808 2723; baseline -0.001 -20"><span class='ocrx_word' id='word_1_765' title='bbox 2137 2650 2261 2713; x_wconf 76' lang='grc' dir='ltr'>οἴει,</span> <span class='ocrx_word' id='word_1_766' title='bbox 2298 2649 2452 2718; x_wconf 81' lang='grc' dir='ltr'>φησὶ,</span> <span class='ocrx_word' id='word_1_767' title='bbox 2502 2646 2638 2718; x_wconf 73' lang='grc' dir='ltr'>πρὸς</span> <span class='ocrx_word' id='word_1_768' title='bbox 2683 2646 2780 2716; x_wconf 80' lang='grc' dir='ltr'>τὴν</span> <span class='ocrx_word' id='word_1_769' title='bbox 2817 2645 2925 2699; x_wconf 85' lang='grc' dir='ltr'>τῶν</span> <span class='ocrx_word' id='word_1_770' title='bbox 2964 2645 3191 2716; x_wconf 88' lang='grc' dir='ltr'>πλησίον</span> <span class='ocrx_word' id='word_1_771' title='bbox 3235 2647 3520 2716; x_wconf 85' lang='grc' dir='ltr'>διόρθωσιν</span> <span class='ocrx_word' id='word_1_772' title='bbox 3561 2650 3660 2720; x_wconf 79' lang='grc' dir='ltr'>τήν</span> <span class='ocrx_word' id='word_1_773' title='bbox 3699 2651 3808 2723; x_wconf 78' lang='grc' dir='ltr'>τῆς</span> 
     </span>
    </p>
   </div>
   <div class='ocr_carea' id='block_1_95' title="bbox 2137 2725 3804 2801">
    <p class='ocr_par' dir='ltr' id='par_1_95' title="bbox 2137 2725 3804 2801">
     <span class='ocr_line' id='line_1_95' title="bbox 2137 2725 3804 2801; baseline -0.004 -18"><span class='ocrx_word' id='word_1_774' title='bbox 2137 2730 2357 2798; x_wconf 88' lang='grc' dir='ltr'>ἀγάπης</span> <span class='ocrx_word' id='word_1_775' title='bbox 2385 2727 2642 2798; x_wconf 88' lang='grc' dir='ltr'>δύναμιν;</span> <span class='ocrx_word' id='word_1_776' title='bbox 2677 2725 3010 2780; x_wconf 86' lang='grc' dir='ltr'>ΧΡΥΣΟΣΤ.</span> <span class='ocrx_word' id='word_1_777' title='bbox 3044 2725 3292 2779; x_wconf 88' lang='grc' dir='ltr'>Μάλιστα</span> <span class='ocrx_word' id='word_1_778' title='bbox 3323 2728 3420 2797; x_wconf 83' lang='grc' dir='ltr'>μὲν</span> <span class='ocrx_word' id='word_1_779' title='bbox 3452 2727 3584 2781; x_wconf 84' lang='grc' dir='ltr'>πολύ</span> <span class='ocrx_word' id='word_1_780' title='bbox 3613 2728 3804 2801; x_wconf 72' lang='grc' dir='ltr'>μέρος,</span> 
     </span>
    </p>
   </div>
   <div class='ocr_carea' id='block_1_96' title="bbox 2137 2804 3805 2880">
    <p class='ocr_par' dir='ltr' id='par_1_96' title="bbox 2137 2804 3805 2880">
     <span class='ocr_line' id='line_1_96' title="bbox 2137 2804 3805 2880; baseline -0.001 -17"><span class='ocrx_word' id='word_1_781' title='bbox 2137 2811 2293 2879; x_wconf 84' lang='grc' dir='ltr'>ἐφην,</span> <span class='ocrx_word' id='word_1_782' title='bbox 2321 2808 2455 2880; x_wconf 85' lang='grc' dir='ltr'>πρὸς</span> <span class='ocrx_word' id='word_1_783' title='bbox 2499 2808 2655 2860; x_wconf 88' lang='grc' dir='ltr'>τοῦτο</span> <span class='ocrx_word' id='word_1_784' title='bbox 2692 2804 3097 2876; x_wconf 87' lang='grc' dir='ltr'>συμϐάλλεσθαι</span> <span class='ocrx_word' id='word_1_785' title='bbox 3137 2805 3342 2858; x_wconf 79' lang='grc' dir='ltr'>δύναιτ’</span> <span class='ocrx_word' id='word_1_786' title='bbox 3373 2809 3468 2860; x_wconf 87' lang='grc' dir='ltr'>ἀν·</span> <span class='ocrx_word' id='word_1_787' title='bbox 3501 2810 3549 2860; x_wconf 83' lang='grc' dir='ltr'>εί</span> <span class='ocrx_word' id='word_1_788' title='bbox 3581 2807 3635 2861; x_wconf 85' lang='grc' dir='ltr'>δὲ</span> <span class='ocrx_word' id='word_1_789' title='bbox 3673 2809 3805 2878; x_wconf 86' lang='grc' dir='ltr'>βού-</span> 
     </span>
    </p>
   </div>
   <div class='ocr_carea' id='block_1_97' title="bbox 2136 2883 3803 2957">
    <p class='ocr_par' dir='ltr' id='par_1_97' title="bbox 2136 2883 3803 2957">
     <span class='ocr_line' id='line_1_97' title="bbox 2136 2883 3803 2957; baseline -0.001 -17"><span class='ocrx_word' id='word_1_790' title='bbox 2136 2887 2218 2940; x_wconf 90' lang='grc' dir='ltr'>λει</span> <span class='ocrx_word' id='word_1_791' title='bbox 2248 2888 2340 2940; x_wconf 68' lang='grc' dir='ltr'>καὶ</span> <span class='ocrx_word' id='word_1_792' title='bbox 2369 2886 2469 2954; x_wconf 78' lang='grc' dir='ltr'>τῆς</span> <span class='ocrx_word' id='word_1_793' title='bbox 2505 2887 2816 2957; x_wconf 88' lang='grc' dir='ltr'>φρονήσεως</span> <span class='ocrx_word' id='word_1_794' title='bbox 2853 2885 3000 2954; x_wconf 78' lang='grc' dir='ltr'>ἡμᾶς</span> <span class='ocrx_word' id='word_1_795' title='bbox 3029 2883 3126 2954; x_wconf 81' lang='grc' dir='ltr'>τῆς</span> <span class='ocrx_word' id='word_1_796' title='bbox 3149 2887 3247 2954; x_wconf 83' lang='grc' dir='ltr'>σῆς</span> <span class='ocrx_word' id='word_1_797' title='bbox 3286 2885 3551 2954; x_wconf 85' lang='grc' dir='ltr'>δείγματα</span> <span class='ocrx_word' id='word_1_798' title='bbox 3585 2887 3803 2954; x_wconf 87' lang='grc' dir='ltr'>ἐξενεγ-</span> 
     </span>
    </p>
   </div>
   <div class='ocr_carea' id='block_1_98' title="bbox 2137 2962 3804 3035">
    <p class='ocr_par' dir='ltr' id='par_1_98' title="bbox 2137 2962 3804 3035">
     <span class='ocr_line' id='line_1_98' title="bbox 2137 2962 3804 3035; baseline 0 -15"><span class='ocrx_word' id='word_1_799' title='bbox 2137 2970 2273 3033; x_wconf 87' lang='grc' dir='ltr'>κεῖν,</span> <span class='ocrx_word' id='word_1_800' title='bbox 2315 2966 2408 3018; x_wconf 72' lang='grc' dir='ltr'>καὶ</span> <span class='ocrx_word' id='word_1_801' title='bbox 2457 2966 2548 3018; x_wconf 84' lang='grc' dir='ltr'>ἐπί</span> <span class='ocrx_word' id='word_1_802' title='bbox 2573 2964 2774 3035; x_wconf 85' lang='grc' dir='ltr'>ταύτην</span> <span class='ocrx_word' id='word_1_803' title='bbox 2800 2962 3150 3034; x_wconf 87' lang='grc' dir='ltr'>βαδιούμεθα,</span> <span class='ocrx_word' id='word_1_804' title='bbox 3187 2963 3280 3016; x_wconf 71' lang='grc' dir='ltr'>καὶ</span> <span class='ocrx_word' id='word_1_805' title='bbox 3304 2964 3552 3034; x_wconf 82' lang='grc' dir='ltr'>δείξομεν</span> <span class='ocrx_word' id='word_1_806' title='bbox 3580 2969 3804 3022; x_wconf 74' lang='grc' dir='ltr'>συνετὸν</span> 
     </span>
    </p>
   </div>
   <div class='ocr_carea' id='block_1_99' title="bbox 2139 3041 2970 3116">
    <p class='ocr_par' dir='ltr' id='par_1_99' title="bbox 2139 3041 2970 3116">
     <span class='ocr_line' id='line_1_99' title="bbox 2139 3041 2970 3116; baseline -0.005 -17"><span class='ocrx_word' id='word_1_807' title='bbox 2139 3045 2269 3098; x_wconf 77' lang='grc' dir='ltr'>ὄντα</span> <span class='ocrx_word' id='word_1_808' title='bbox 2311 3043 2564 3116; x_wconf 81' lang='grc' dir='ltr'>μᾶλλονῆ</span> <span class='ocrx_word' id='word_1_809' title='bbox 2597 3041 2970 3112; x_wconf 80' lang='grc' dir='ltr'>φιλόστοργον.</span> 
     </span>
    </p>
   </div>
   <div class='ocr_carea' id='block_1_100' title="bbox 2222 3120 3805 3195">
    <p class='ocr_par' dir='ltr' id='par_1_100' title="bbox 2222 3120 3805 3195">
     <span class='ocr_line' id='line_1_100' title="bbox 2222 3120 3805 3195; baseline 0.002 -19"><span class='ocrx_word' id='word_1_810' title='bbox 2222 3123 2345 3176; x_wconf 81' lang='grc' dir='ltr'>Ἐπὶ</span> <span class='ocrx_word' id='word_1_811' title='bbox 2363 3122 2570 3186; x_wconf 84' lang='grc' dir='ltr'>τούτοις</span> <span class='ocrx_word' id='word_1_812' title='bbox 2585 3123 2612 3161; x_wconf 73' lang='lat' dir='ltr'><strong>h</strong></span> <span class='ocrx_word' id='word_1_813' title='bbox 2643 3120 2972 3192; x_wconf 84' lang='grc' dir='ltr'>ἐρυθριάσας</span> <span class='ocrx_word' id='word_1_814' title='bbox 2993 3121 3200 3184; x_wconf 89' lang='grc' dir='ltr'>ἐκεῖνος</span> <span class='ocrx_word' id='word_1_815' title='bbox 3226 3123 3317 3174; x_wconf 77' lang='grc' dir='ltr'>καὶ</span> <span class='ocrx_word' id='word_1_816' title='bbox 3339 3123 3630 3195; x_wconf 77' lang='grc' dir='ltr'>φοινιχθεὶς</span> <span class='ocrx_word' id='word_1_817' title='bbox 3655 3126 3805 3195; x_wconf 83' lang='lat' dir='ltr'>(BA-</span> 
     </span>
    </p>
   </div>
   <div class='ocr_carea' id='block_1_101' title="bbox 2138 3200 3805 3277">
    <p class='ocr_par' dir='ltr' id='par_1_101' title="bbox 2138 3200 3805 3277">
     <span class='ocr_line' id='line_1_101' title="bbox 2138 3200 3805 3277; baseline 0.002 -21"><span class='ocrx_word' id='word_1_818' title='bbox 2138 3204 2267 3256; x_wconf 87' lang='grc' dir='ltr'>ΣΙΛ.</span> <span class='ocrx_word' id='word_1_819' title='bbox 2287 3204 2304 3273; x_wconf 87' lang='grc'>)</span> <span class='ocrx_word' id='word_1_820' title='bbox 2323 3242 2338 3266; x_wconf 93' lang='grc'>,</span> <span class='ocrx_word' id='word_1_821' title='bbox 2371 3203 2451 3255; x_wconf 76' lang='grc' dir='ltr'>Τὰ</span> <span class='ocrx_word' id='word_1_822' title='bbox 2480 3202 2577 3273; x_wconf 82' lang='grc' dir='ltr'>μὲν</span> <span class='ocrx_word' id='word_1_823' title='bbox 2599 3201 2866 3271; x_wconf 84' lang='grc' dir='ltr'>ἡμέτερα,</span> <span class='ocrx_word' id='word_1_824' title='bbox 2899 3201 3053 3270; x_wconf 74' lang='grc' dir='ltr'>φησὶ,</span> <span class='ocrx_word' id='word_1_825' title='bbox 3086 3200 3364 3270; x_wconf 89' lang='grc' dir='ltr'>παρείσθω</span> <span class='ocrx_word' id='word_1_826' title='bbox 3389 3201 3484 3255; x_wconf 87' lang='grc' dir='ltr'>νῦν</span> <span class='ocrx_word' id='word_1_827' title='bbox 3503 3220 3517 3234; x_wconf 90' lang='grc'><strong>·</strong></span> <span class='ocrx_word' id='word_1_828' title='bbox 3548 3205 3668 3258; x_wconf 87' lang='grc' dir='ltr'>οὐδὲ</span> <span class='ocrx_word' id='word_1_829' title='bbox 3690 3207 3805 3277; x_wconf 86' lang='grc' dir='ltr'>γὰρ</span> 
     </span>
    </p>
   </div>
   <div class='ocr_carea' id='block_1_102' title="bbox 2138 3278 3804 3353">
    <p class='ocr_par' dir='ltr' id='par_1_102' title="bbox 2138 3278 3804 3353">
     <span class='ocr_line' id='line_1_102' title="bbox 2138 3278 3804 3353; baseline -0.002 -17"><span class='ocrx_word' id='word_1_830' title='bbox 2138 3284 2288 3353; x_wconf 70' lang='grc' dir='ltr'>παρὰ</span> <span class='ocrx_word' id='word_1_831' title='bbox 2317 3282 2413 3352; x_wconf 78' lang='grc' dir='ltr'>τὴν</span> <span class='ocrx_word' id='word_1_832' title='bbox 2443 3281 2618 3352; x_wconf 88' lang='grc' dir='ltr'>ἀρχήν</span> <span class='ocrx_word' id='word_1_833' title='bbox 2645 3297 2704 3332; x_wconf 90' lang='grc' dir='ltr'>σε</span> <span class='ocrx_word' id='word_1_834' title='bbox 2735 3279 2827 3332; x_wconf 87' lang='grc' dir='ltr'>τὸν</span> <span class='ocrx_word' id='word_1_835' title='bbox 2857 3279 2996 3347; x_wconf 79' lang='grc' dir='ltr'>ὑπὲρ</span> <span class='ocrx_word' id='word_1_836' title='bbox 3023 3278 3229 3333; x_wconf 90' lang='grc' dir='ltr'>τούτων</span> <span class='ocrx_word' id='word_1_837' title='bbox 3260 3280 3415 3348; x_wconf 85' lang='grc' dir='ltr'>λόγον</span> <span class='ocrx_word' id='word_1_838' title='bbox 3445 3282 3684 3353; x_wconf 81' lang='grc' dir='ltr'>ἀπῄτουν</span> <span class='ocrx_word' id='word_1_839' title='bbox 3703 3301 3718 3316; x_wconf 89' lang='grc'><strong>·</strong></span> <span class='ocrx_word' id='word_1_840' title='bbox 3751 3288 3804 3338; x_wconf 75' lang='grc' dir='ltr'>εἰ</span> 
     </span>
    </p>
   </div>
   <div class='ocr_carea' id='block_1_103' title="bbox 2137 3358 3804 3433">
    <p class='ocr_par' dir='ltr' id='par_1_103' title="bbox 2137 3358 3804 3433">
     <span class='ocr_line' id='line_1_103' title="bbox 2137 3358 3804 3433; baseline 0.002 -18"><span class='ocrx_word' id='word_1_841' title='bbox 2137 3363 2194 3416; x_wconf 87' lang='grc' dir='ltr'>δέ</span> <span class='ocrx_word' id='word_1_842' title='bbox 2233 3380 2284 3415; x_wconf 85' lang='grc' dir='ltr'>τι</span> <span class='ocrx_word' id='word_1_843' title='bbox 2321 3362 2458 3432; x_wconf 86' lang='grc' dir='ltr'>πρὸς</span> <span class='ocrx_word' id='word_1_844' title='bbox 2495 3361 2620 3423; x_wconf 83' lang='grc' dir='ltr'>τοὺς</span> <span class='ocrx_word' id='word_1_845' title='bbox 2649 3358 2849 3425; x_wconf 76' lang='grc' dir='ltr'>ἔξωθεν</span> <span class='ocrx_word' id='word_1_846' title='bbox 2887 3359 3097 3412; x_wconf 86' lang='grc' dir='ltr'>δίκαιον</span> <span class='ocrx_word' id='word_1_847' title='bbox 3129 3359 3276 3430; x_wconf 80' lang='grc' dir='ltr'>ἔχεις</span> <span class='ocrx_word' id='word_1_848' title='bbox 3305 3363 3503 3425; x_wconf 75' lang='grc' dir='ltr'>εἰπεῖν,</span> <span class='ocrx_word' id='word_1_849' title='bbox 3531 3363 3700 3433; x_wconf 80' lang='grc' dir='ltr'>ήδέως</span> <span class='ocrx_word' id='word_1_850' title='bbox 3733 3366 3804 3419; x_wconf 82' lang='grc' dir='ltr'>ἂν</span> 
     </span>
    </p>
   </div>
   <div class='ocr_carea' id='block_1_104' title="bbox 2135 3436 3803 3513">
    <p class='ocr_par' dir='ltr' id='par_1_104' title="bbox 2135 3436 3803 3513">
     <span class='ocr_line' id='line_1_104' title="bbox 2135 3436 3803 3513; baseline 0.002 -20"><span class='ocrx_word' id='word_1_851' title='bbox 2135 3442 2261 3504; x_wconf 76' lang='grc' dir='ltr'>τοὺς</span> <span class='ocrx_word' id='word_1_852' title='bbox 2299 3441 2438 3512; x_wconf 83' lang='grc' dir='ltr'>ὑπὲρ</span> <span class='ocrx_word' id='word_1_853' title='bbox 2475 3438 2678 3492; x_wconf 90' lang='grc' dir='ltr'>τούτων</span> <span class='ocrx_word' id='word_1_854' title='bbox 2708 3436 2963 3508; x_wconf 89' lang='grc' dir='ltr'>ἀκούοιμι</span> <span class='ocrx_word' id='word_1_855' title='bbox 2987 3436 3196 3505; x_wconf 78' lang='grc' dir='ltr'>λόγους.</span> <span class='ocrx_word' id='word_1_856' title='bbox 3223 3439 3314 3491; x_wconf 85' lang='grc' dir='ltr'>Διὸ</span> <span class='ocrx_word' id='word_1_857' title='bbox 3343 3439 3440 3510; x_wconf 74' lang='grc' dir='ltr'>τὴν</span> <span class='ocrx_word' id='word_1_858' title='bbox 3471 3443 3803 3513; x_wconf 86' lang='grc' dir='ltr'>σκιαμαχίαν</span> 
     </span>
    </p>
   </div>
   <div class='ocr_carea' id='block_1_105' title="bbox 2135 3516 3801 3592">
    <p class='ocr_par' dir='ltr' id='par_1_105' title="bbox 2135 3516 3801 3592">
     <span class='ocr_line' id='line_1_105' title="bbox 2135 3516 3801 3592; baseline 0.002 -19"><span class='ocrx_word' id='word_1_859' title='bbox 2135 3519 2338 3590; x_wconf 87' lang='grc' dir='ltr'>ταύτην</span> <span class='ocrx_word' id='word_1_860' title='bbox 2364 3519 2521 3590; x_wconf 73' lang='grc' dir='ltr'>ἀφεὶς</span> <span class='ocrx_word' id='word_1_861' title='bbox 2540 3519 2680 3583; x_wconf 87' lang='grc' dir='ltr'>είπέ,</span> <span class='ocrx_word' id='word_1_862' title='bbox 2702 3517 2754 3570; x_wconf 94' lang='grc' dir='ltr'>τί</span> <span class='ocrx_word' id='word_1_863' title='bbox 2777 3516 2912 3587; x_wconf 85' lang='grc' dir='ltr'>πρὸς</span> <span class='ocrx_word' id='word_1_864' title='bbox 2935 3517 3060 3580; x_wconf 73' lang='grc' dir='ltr'>τοὺς</span> <span class='ocrx_word' id='word_1_865' title='bbox 3083 3517 3302 3581; x_wconf 77' lang='grc' dir='ltr'>λοιποὺς</span> <span class='ocrx_word' id='word_1_866' title='bbox 3324 3518 3801 3592; x_wconf 81' lang='grc' dir='ltr'>ἀπολογησόμεθα,</span> 
     </span>
    </p>
   </div>
   <div class='ocr_carea' id='block_1_106' title="bbox 2137 3596 3807 3673">
    <p class='ocr_par' dir='ltr' id='par_1_106' title="bbox 2137 3596 3807 3673">
     <span class='ocr_line' id='line_1_106' title="bbox 2137 3596 3807 3673; baseline 0.002 -21"><span class='ocrx_word' id='word_1_867' title='bbox 2137 3599 2232 3654; x_wconf 77' lang='grc' dir='ltr'>καὶ</span> <span class='ocrx_word' id='word_1_868' title='bbox 2272 3601 2396 3663; x_wconf 78' lang='grc' dir='ltr'>τοὺς</span> <span class='ocrx_word' id='word_1_869' title='bbox 2443 3597 2804 3668; x_wconf 87' lang='grc' dir='ltr'>τετιμηκότας</span> <span class='ocrx_word' id='word_1_870' title='bbox 2835 3596 3082 3660; x_wconf 79' lang='grc' dir='ltr'>καὶτοὺς</span> <span class='ocrx_word' id='word_1_871' title='bbox 3107 3597 3246 3667; x_wconf 83' lang='grc' dir='ltr'>ὑπὲρ</span> <span class='ocrx_word' id='word_1_872' title='bbox 3287 3598 3512 3652; x_wconf 81' lang='grc' dir='ltr'>ἐκείνων</span> <span class='ocrx_word' id='word_1_873' title='bbox 3548 3601 3623 3665; x_wconf 83' lang='grc' dir='ltr'>ὡς</span> <span class='ocrx_word' id='word_1_874' title='bbox 3648 3604 3807 3673; x_wconf 85' lang='grc' dir='ltr'>ὑϐρι-</span> 
     </span>
    </p>
   </div>
   <div class='ocr_carea' id='block_1_107' title="bbox 2139 3678 2695 3751">
    <p class='ocr_par' dir='ltr' id='par_1_107' title="bbox 2139 3678 2695 3751">
     <span class='ocr_line' id='line_1_107' title="bbox 2139 3678 2695 3751; baseline -0.004 -19"><span class='ocrx_word' id='word_1_875' title='bbox 2139 3681 2349 3751; x_wconf 88' lang='grc' dir='ltr'>σμένων</span> <span class='ocrx_word' id='word_1_876' title='bbox 2377 3678 2695 3746; x_wconf 89' lang='grc' dir='ltr'>ἀλγοῦντας.</span> 
     </span>
    </p>
   </div>
   <div class='ocr_carea' id='block_1_108' title="bbox 2207 3759 3805 3834">
    <p class='ocr_par' dir='ltr' id='par_1_108' title="bbox 2207 3759 3805 3834">
     <span class='ocr_line' id='line_1_108' title="bbox 2207 3759 3805 3834; baseline 0.009 -19"><span class='ocrx_word' id='word_1_877' title='bbox 2207 3760 2272 3826; x_wconf 79' lang='grc' dir='ltr'>ζ’.</span> <span class='ocrx_word' id='word_1_878' title='bbox 2313 3760 2646 3815; x_wconf 80' lang='grc' dir='ltr'>ΧΡΥΣΟΣΤ.</span> <span class='ocrx_word' id='word_1_879' title='bbox 2684 3759 2795 3813; x_wconf 74' lang='grc' dir='ltr'>Καὶ</span> <span class='ocrx_word' id='word_1_880' title='bbox 2831 3759 2991 3823; x_wconf 82' lang='grc' dir='ltr'>αὐτὸς</span> <span class='ocrx_word' id='word_1_881' title='bbox 3025 3761 3244 3826; x_wconf 77' lang='grc' dir='ltr'>λοιπὸν,</span> <span class='ocrx_word' id='word_1_882' title='bbox 3276 3761 3430 3833; x_wconf 75' lang='grc' dir='ltr'>ἔφην,</span> <span class='ocrx_word' id='word_1_883' title='bbox 3467 3763 3604 3834; x_wconf 79' lang='grc' dir='ltr'>πρὸς</span> <span class='ocrx_word' id='word_1_884' title='bbox 3643 3765 3805 3822; x_wconf 66' lang='grc' dir='ltr'>τοῦτο</span> 
     </span>
    </p>
   </div>
   <div class='ocr_carea' id='block_1_109' title="bbox 2137 3838 3802 3913">
    <p class='ocr_par' dir='ltr' id='par_1_109' title="bbox 2137 3838 3802 3913">
     <span class='ocr_line' id='line_1_109' title="bbox 2137 3838 3802 3913; baseline 0.001 -18"><span class='ocrx_word' id='word_1_885' title='bbox 2137 3842 2444 3910; x_wconf 88' lang='grc' dir='ltr'>ἐπείγομαι.</span> <span class='ocrx_word' id='word_1_886' title='bbox 2489 3838 2702 3910; x_wconf 76' lang='grc' dir='ltr'>Ἐπειδὴ</span> <span class='ocrx_word' id='word_1_887' title='bbox 2747 3839 2857 3910; x_wconf 82' lang='grc' dir='ltr'>γὰρ</span> <span class='ocrx_word' id='word_1_888' title='bbox 2884 3841 2913 3892; x_wconf 85' lang='grc' dir='ltr'>ὁ</span> <span class='ocrx_word' id='word_1_889' title='bbox 2955 3840 3090 3912; x_wconf 78' lang='grc' dir='ltr'>πρὸς</span> <span class='ocrx_word' id='word_1_890' title='bbox 3143 3841 3203 3894; x_wconf 82' lang='grc' dir='ltr'>σέ</span> <span class='ocrx_word' id='word_1_891' title='bbox 3253 3858 3342 3911; x_wconf 92' lang='grc' dir='ltr'>μοι</span> <span class='ocrx_word' id='word_1_892' title='bbox 3385 3841 3665 3913; x_wconf 84' lang='grc' dir='ltr'>διήνυσται</span> <span class='ocrx_word' id='word_1_893' title='bbox 3709 3845 3802 3898; x_wconf 70' lang='grc' dir='ltr'>λὸο</span> 
     </span>
    </p>
   </div>
   <div class='ocr_carea' id='block_1_110' title="bbox 2135 3919 3804 3991">
    <p class='ocr_par' dir='ltr' id='par_1_110' title="bbox 2135 3919 3804 3991">
     <span class='ocr_line' id='line_1_110' title="bbox 2135 3919 3804 3991; baseline 0.006 -21"><span class='ocrx_word' id='word_1_894' title='bbox 2135 3939 2251 3990; x_wconf 84' lang='grc' dir='ltr'>γος,</span> <span class='ocrx_word' id='word_1_895' title='bbox 2291 3919 2524 3982; x_wconf 81' lang='grc' dir='ltr'>εὐκόλως</span> <span class='ocrx_word' id='word_1_896' title='bbox 2563 3919 2657 3972; x_wconf 69' lang='grc' dir='ltr'>καὶ</span> <span class='ocrx_word' id='word_1_897' title='bbox 2696 3919 2789 3972; x_wconf 78' lang='grc' dir='ltr'>ἐπὶ</span> <span class='ocrx_word' id='word_1_898' title='bbox 2823 3919 2980 3972; x_wconf 88' lang='grc' dir='ltr'>τοῦτο</span> <span class='ocrx_word' id='word_1_899' title='bbox 3016 3919 3282 3990; x_wconf 80' lang='grc' dir='ltr'>τρέψομαι</span> <span class='ocrx_word' id='word_1_900' title='bbox 3306 3921 3406 3991; x_wconf 82' lang='grc' dir='ltr'>τῆς</span> <span class='ocrx_word' id='word_1_901' title='bbox 3425 3922 3714 3990; x_wconf 82' lang='grc' dir='ltr'>ἀπολογίας</span> <span class='ocrx_word' id='word_1_902' title='bbox 3741 3925 3804 3980; x_wconf 77' lang='grc' dir='ltr'>τὸ</span> 
     </span>
    </p>
   </div>
   <div class='ocr_carea' id='block_1_111' title="bbox 2140 3992 3806 4070">
    <p class='ocr_par' dir='ltr' id='par_1_111' title="bbox 2140 3992 3806 4070">
     <span class='ocr_line' id='line_1_111' title="bbox 2140 3992 3806 4070; baseline -0.002 -18"><span class='ocrx_word' id='word_1_903' title='bbox 2140 3999 2323 4070; x_wconf 84' lang='grc' dir='ltr'>μέρος.</span> <span class='ocrx_word' id='word_1_904' title='bbox 2355 3998 2451 4060; x_wconf 86' lang='grc' dir='ltr'>Τίς</span> <span class='ocrx_word' id='word_1_905' title='bbox 2481 3992 2574 4050; x_wconf 85' lang='grc' dir='ltr'>οῦν</span> <span class='ocrx_word' id='word_1_906' title='bbox 2608 3999 2641 4068; x_wconf 88' lang='grc' dir='ltr'>ή</span> <span class='ocrx_word' id='word_1_907' title='bbox 2666 3995 2867 4050; x_wconf 87' lang='grc' dir='ltr'>τούτων</span> <span class='ocrx_word' id='word_1_908' title='bbox 2891 3999 3216 4070; x_wconf 85' lang='grc' dir='ltr'>κατηγορία,</span> <span class='ocrx_word' id='word_1_909' title='bbox 3249 4002 3342 4052; x_wconf 79' lang='grc' dir='ltr'>καὶ</span> <span class='ocrx_word' id='word_1_910' title='bbox 3360 4001 3480 4053; x_wconf 85' lang='grc' dir='ltr'>τίνα</span> <span class='ocrx_word' id='word_1_911' title='bbox 3509 4001 3578 4052; x_wconf 76' lang='grc' dir='ltr'>τὰ</span> <span class='ocrx_word' id='word_1_912' title='bbox 3603 4002 3806 4070; x_wconf 77' lang='grc' dir='ltr'>ἐγκλή.</span> 
     </span>
    </p>
   </div>
   <div class='ocr_carea' id='block_1_112' title="bbox 2141 4077 3799 4150">
    <p class='ocr_par' dir='ltr' id='par_1_112' title="bbox 2141 4077 3799 4150">
     <span class='ocr_line' id='line_1_112' title="bbox 2141 4077 3799 4150; baseline 0.004 -20"><span class='ocrx_word' id='word_1_913' title='bbox 2141 4094 2312 4149; x_wconf 86' lang='grc' dir='ltr'>ματα;</span> <span class='ocrx_word' id='word_1_914' title='bbox 2350 4077 2634 4146; x_wconf 81' lang='grc' dir='ltr'>’Υϐρίσθαι</span> <span class='ocrx_word' id='word_1_915' title='bbox 2658 4077 2821 4145; x_wconf 73' lang='grc' dir='ltr'>φασὶν</span> <span class='ocrx_word' id='word_1_916' title='bbox 2846 4079 2935 4146; x_wconf 85' lang='grc' dir='ltr'>ὑφ’</span> <span class='ocrx_word' id='word_1_917' title='bbox 2961 4079 3137 4149; x_wconf 83' lang='grc' dir='ltr'>ήμῶν,</span> <span class='ocrx_word' id='word_1_918' title='bbox 3163 4081 3258 4131; x_wconf 72' lang='grc' dir='ltr'>καὶ</span> <span class='ocrx_word' id='word_1_919' title='bbox 3275 4079 3421 4132; x_wconf 87' lang='grc' dir='ltr'>δεινά</span> <span class='ocrx_word' id='word_1_920' title='bbox 3452 4082 3799 4150; x_wconf 85' lang='grc' dir='ltr'>πεπονθέναι,</span> 
     </span>
    </p>
   </div>
   <div class='ocr_carea' id='block_1_113' title="bbox 2139 4151 3800 4230">
    <p class='ocr_par' dir='ltr' id='par_1_113' title="bbox 2139 4151 3800 4230">
     <span class='ocr_line' id='line_1_113' title="bbox 2139 4151 3800 4230; baseline 0.002 -19"><span class='ocrx_word' id='word_1_921' title='bbox 2139 4159 2221 4211; x_wconf 81' lang='grc' dir='ltr'>ὅτι</span> <span class='ocrx_word' id='word_1_922' title='bbox 2255 4155 2352 4227; x_wconf 82' lang='grc' dir='ltr'>τὴν</span> <span class='ocrx_word' id='word_1_923' title='bbox 2391 4151 2584 4227; x_wconf 64' lang='grc' dir='ltr'>τιμήν,</span> <span class='ocrx_word' id='word_1_924' title='bbox 2637 4157 2703 4226; x_wconf 76' lang='grc' dir='ltr'>ἡν</span> <span class='ocrx_word' id='word_1_925' title='bbox 2749 4157 2976 4227; x_wconf 85' lang='grc' dir='ltr'>τιμῆσαι</span> <span class='ocrx_word' id='word_1_926' title='bbox 3021 4158 3312 4228; x_wconf 77' lang='grc' dir='ltr'>ἠθέλησαν,</span> <span class='ocrx_word' id='word_1_927' title='bbox 3345 4158 3443 4211; x_wconf 90' lang='grc' dir='ltr'>οὐκ</span> <span class='ocrx_word' id='word_1_928' title='bbox 3477 4159 3800 4230; x_wconf 79' lang='grc' dir='ltr'>ἐδεξάμεθα.</span> 
     </span>
    </p>
   </div>
   <div class='ocr_carea' id='block_1_114' title="bbox 2151 4235 3802 4308">
    <p class='ocr_par' dir='ltr' id='par_1_114' title="bbox 2151 4235 3802 4308">
     <span class='ocr_line' id='line_1_114' title="bbox 2151 4235 3802 4308; baseline 0.003 -19"><span class='ocrx_word' id='word_1_929' title='bbox 2151 4235 2292 4305; x_wconf 85' lang='grc' dir='ltr'>Ἐγὼ</span> <span class='ocrx_word' id='word_1_930' title='bbox 2334 4236 2390 4289; x_wconf 89' lang='grc' dir='ltr'>δέ</span> <span class='ocrx_word' id='word_1_931' title='bbox 2440 4236 2653 4307; x_wconf 84' lang='grc' dir='ltr'>πρῶτον</span> <span class='ocrx_word' id='word_1_932' title='bbox 2704 4235 2802 4306; x_wconf 84' lang='grc' dir='ltr'>μὲν</span> <span class='ocrx_word' id='word_1_933' title='bbox 2844 4237 3019 4289; x_wconf 91' lang='grc' dir='ltr'>ἐκεῖνό</span> <span class='ocrx_word' id='word_1_934' title='bbox 3071 4254 3242 4308; x_wconf 81' lang='grc' dir='ltr'>φημι.</span> <span class='ocrx_word' id='word_1_935' title='bbox 3291 4238 3374 4290; x_wconf 86' lang='grc' dir='ltr'>ὅτι</span> <span class='ocrx_word' id='word_1_936' title='bbox 3413 4238 3600 4292; x_wconf 87' lang='grc' dir='ltr'>οὐδένα</span> <span class='ocrx_word' id='word_1_937' title='bbox 3643 4240 3802 4308; x_wconf 85' lang='grc' dir='ltr'>λόγον</span> 
     </span>
    </p>
   </div>
   <div class='ocr_carea' id='block_1_115' title="bbox 2137 4315 3803 4388">
    <p class='ocr_par' dir='ltr' id='par_1_115' title="bbox 2137 4315 3803 4388">
     <span class='ocr_line' id='line_1_115' title="bbox 2137 4315 3803 4388; baseline 0.003 -18"><span class='ocrx_word' id='word_1_938' title='bbox 2137 4315 2403 4372; x_wconf 90' lang='grc' dir='ltr'>ποιεῖσθαι</span> <span class='ocrx_word' id='word_1_939' title='bbox 2456 4315 2538 4368; x_wconf 88' lang='grc' dir='ltr'>δεῖ</span> <span class='ocrx_word' id='word_1_940' title='bbox 2577 4317 2675 4386; x_wconf 85' lang='grc' dir='ltr'>τῆς</span> <span class='ocrx_word' id='word_1_941' title='bbox 2716 4317 2796 4379; x_wconf 89' lang='grc' dir='ltr'>είς</span> <span class='ocrx_word' id='word_1_942' title='bbox 2849 4315 3169 4386; x_wconf 87' lang='grc' dir='ltr'>ἀνθρώπους</span> <span class='ocrx_word' id='word_1_943' title='bbox 3234 4317 3475 4388; x_wconf 78' lang='grc' dir='ltr'>ὕϐρεως,</span> <span class='ocrx_word' id='word_1_944' title='bbox 3530 4319 3656 4374; x_wconf 82' lang='grc' dir='ltr'>ὅταν</span> <span class='ocrx_word' id='word_1_945' title='bbox 3711 4322 3803 4376; x_wconf 68' lang='grc' dir='ltr'>διὰ</span> 
     </span>
    </p>
   </div>
   <div class='ocr_carea' id='block_1_116' title="bbox 2133 4394 3803 4469">
    <p class='ocr_par' dir='ltr' id='par_1_116' title="bbox 2133 4394 3803 4469">
     <span class='ocr_line' id='line_1_116' title="bbox 2133 4394 3803 4469; baseline 0.004 -21"><span class='ocrx_word' id='word_1_946' title='bbox 2133 4397 2231 4466; x_wconf 79' lang='grc' dir='ltr'>τῆς</span> <span class='ocrx_word' id='word_1_947' title='bbox 2275 4395 2354 4458; x_wconf 86' lang='grc' dir='ltr'>εἰς</span> <span class='ocrx_word' id='word_1_948' title='bbox 2403 4394 2641 4458; x_wconf 88' lang='grc' dir='ltr'>ἐκείνους</span> <span class='ocrx_word' id='word_1_949' title='bbox 2687 4394 2854 4466; x_wconf 86' lang='grc' dir='ltr'>τιμῆς</span> <span class='ocrx_word' id='word_1_950' title='bbox 2895 4397 2938 4458; x_wconf 79' lang='grc' dir='ltr'>ί,</span> <span class='ocrx_word' id='word_1_951' title='bbox 2973 4395 3409 4465; x_wconf 79' lang='grc' dir='ltr'>ἀναγκαζώμεθα</span> <span class='ocrx_word' id='word_1_952' title='bbox 3440 4401 3803 4469; x_wconf 81' lang='grc' dir='ltr'>προσκρούειν</span> 
     </span>
    </p>
   </div>
   <div class='ocr_carea' id='block_1_117' title="bbox 2133 4477 3800 4551">
    <p class='ocr_par' dir='ltr' id='par_1_117' title="bbox 2133 4477 3800 4551">
     <span class='ocr_line' id='line_1_117' title="bbox 2133 4477 3800 4551; baseline 0.002 -19"><span class='ocrx_word' id='word_1_953' title='bbox 2133 4478 2271 4549; x_wconf 79' lang='grc' dir='ltr'>Θεῷ.</span> <span class='ocrx_word' id='word_1_954' title='bbox 2317 4477 2450 4532; x_wconf 88' lang='grc' dir='ltr'>Οὐδέ</span> <span class='ocrx_word' id='word_1_955' title='bbox 2502 4477 2610 4548; x_wconf 83' lang='grc' dir='ltr'>γὰρ</span> <span class='ocrx_word' id='word_1_956' title='bbox 2651 4480 2762 4540; x_wconf 88' lang='grc' dir='ltr'>τοῖς</span> <span class='ocrx_word' id='word_1_957' title='bbox 2813 4478 3208 4546; x_wconf 85' lang='grc' dir='ltr'>ἀγανακτοῦσιν</span> <span class='ocrx_word' id='word_1_958' title='bbox 3264 4481 3444 4543; x_wconf 86' lang='grc' dir='ltr'>αὐτοῖς</span> <span class='ocrx_word' id='word_1_959' title='bbox 3485 4482 3544 4534; x_wconf 78' lang='grc' dir='ltr'>τὸ</span> <span class='ocrx_word' id='word_1_960' title='bbox 3603 4483 3800 4551; x_wconf 81' lang='grc' dir='ltr'>δυσχε-</span> 
     </span>
    </p>
   </div>
   <div class='ocr_carea' id='block_1_118' title="bbox 2133 4540 3798 4708">
    <p class='ocr_par' dir='ltr' id='par_1_118' title="bbox 2133 4540 3798 4708">
     <span class='ocr_line' id='line_1_118' title="bbox 2137 4540 3798 4630; baseline 0.003 -19"><span class='ocrx_word' id='word_1_961' title='bbox 2137 4540 2338 4630; x_wconf 64' lang='grc' dir='ltr'>ραίνειν</span> <span class='ocrx_word' id='word_1_962' title='bbox 2366 4559 2457 4611; x_wconf 77' lang='grc' dir='ltr'>ἐπὶ</span> <span class='ocrx_word' id='word_1_963' title='bbox 2487 4540 2693 4620; x_wconf 73' lang='grc' dir='ltr'>τούτοις</span> <span class='ocrx_word' id='word_1_964' title='bbox 2735 4540 3015 4612; x_wconf 85' lang='grc' dir='ltr'>ἀκίνδυνον</span> <span class='ocrx_word' id='word_1_965' title='bbox 3046 4560 3209 4630; x_wconf 87' lang='grc' dir='ltr'>φαίην</span> <span class='ocrx_word' id='word_1_966' title='bbox 3243 4560 3330 4625; x_wconf 83' lang='grc' dir='ltr'>ἂν,</span> <span class='ocrx_word' id='word_1_967' title='bbox 3365 4540 3499 4614; x_wconf 78' lang='grc' dir='ltr'>ἀλλά</span> <span class='ocrx_word' id='word_1_968' title='bbox 3529 4562 3622 4614; x_wconf 75' lang='grc' dir='ltr'>καὶ</span> <span class='ocrx_word' id='word_1_969' title='bbox 3664 4540 3798 4616; x_wconf 46' lang='lat'><strong>71,01-</strong></span> 
     </span>
     <span class='ocr_line' id='line_1_119' title="bbox 2133 4635 3798 4708; baseline 0.004 -19"><span class='ocrx_word' id='word_1_970' title='bbox 2133 4637 2231 4708; x_wconf 78' lang='grc' dir='ltr'>λὴν</span> <span class='ocrx_word' id='word_1_971' title='bbox 2272 4637 2416 4707; x_wconf 76' lang='grc' dir='ltr'>ἔχειν</span> <span class='ocrx_word' id='word_1_972' title='bbox 2449 4636 2546 4705; x_wconf 82' lang='grc' dir='ltr'>τὴν</span> <span class='ocrx_word' id='word_1_973' title='bbox 2593 4636 2814 4706; x_wconf 80' lang='grc' dir='ltr'>ζημίαν.</span> <span class='ocrx_word' id='word_1_974' title='bbox 2864 4639 2956 4690; x_wconf 88' lang='grc' dir='ltr'>Δεῖ</span> <span class='ocrx_word' id='word_1_975' title='bbox 2999 4638 3139 4707; x_wconf 76' lang='grc' dir='ltr'>γάρ,</span> <span class='ocrx_word' id='word_1_976' title='bbox 3179 4635 3368 4708; x_wconf 75' lang='grc' dir='ltr'>οἶμαι,</span> <span class='ocrx_word' id='word_1_977' title='bbox 3416 4641 3542 4703; x_wconf 82' lang='grc' dir='ltr'>τοὺς</span> <span class='ocrx_word' id='word_1_978' title='bbox 3581 4642 3798 4695; x_wconf 88' lang='grc' dir='ltr'>ἀνακει-</span> 
     </span>
    </p>
   </div>
   <div class='ocr_carea' id='block_1_119' title="bbox 2647 4655 3801 4709">
    <p class='ocr_par' dir='ltr' id='par_1_119' title="bbox 2647 4655 3801 4709">
     <span class='ocr_line' id='line_1_120' title="bbox 2647 4655 3801 4709; baseline 0.007 -22"><span class='ocrx_word' id='word_1_979' title='bbox 2647 4655 2814 4706; x_wconf 59' lang='grc' dir='ltr'>γμιαν.</span> <span class='ocrx_word' id='word_1_980' title='bbox 2864 4655 2952 4690; x_wconf 70' lang='lat' dir='ltr'>as:</span> <span class='ocrx_word' id='word_1_981' title='bbox 2999 4655 3139 4707; x_wconf 83' lang='grc' dir='ltr'>γαρ,</span> <span class='ocrx_word' id='word_1_982' title='bbox 3179 4655 3368 4709; x_wconf 88' lang='grc' dir='ltr'>οιμαι,</span> <span class='ocrx_word' id='word_1_983' title='bbox 3416 4655 3542 4703; x_wconf 88' lang='grc' dir='ltr'>τους</span> <span class='ocrx_word' id='word_1_984' title='bbox 3581 4655 3801 4695; x_wconf 78' lang='grc' dir='ltr'>ἀνακει-</span> 
     </span>
    </p>
   </div>
   <div class='ocr_carea' id='block_1_120' title="bbox 2136 4715 3801 4788">
    <p class='ocr_par' dir='ltr' id='par_1_120' title="bbox 2136 4715 3801 4788">
     <span class='ocr_line' id='line_1_121' title="bbox 2136 4715 3801 4788; baseline 0.002 -19"><span class='ocrx_word' id='word_1_985' title='bbox 2136 4716 2333 4788; x_wconf 89' lang='grc' dir='ltr'>μένους</span> <span class='ocrx_word' id='word_1_986' title='bbox 2378 4715 2514 4785; x_wconf 82' lang='grc' dir='ltr'>Θεῷ,</span> <span class='ocrx_word' id='word_1_987' title='bbox 2557 4715 2651 4768; x_wconf 78' lang='grc' dir='ltr'>καὶ</span> <span class='ocrx_word' id='word_1_988' title='bbox 2700 4715 2836 4785; x_wconf 75' lang='grc' dir='ltr'>πρὸς</span> <span class='ocrx_word' id='word_1_989' title='bbox 2881 4717 3042 4771; x_wconf 82' lang='grc' dir='ltr'>αὐτὸν</span> <span class='ocrx_word' id='word_1_990' title='bbox 3085 4716 3381 4786; x_wconf 85' lang='grc' dir='ltr'>βλέποντας</span> <span class='ocrx_word' id='word_1_991' title='bbox 3424 4719 3602 4788; x_wconf 89' lang='grc' dir='ltr'>μόνον,</span> <span class='ocrx_word' id='word_1_992' title='bbox 3653 4719 3801 4774; x_wconf 79' lang='grc' dir='ltr'>οὕτω</span> 
     </span>
    </p>
   </div>
   <div class='ocr_carea' id='block_1_121' title="bbox 2135 4797 3797 4871">
    <p class='ocr_par' dir='ltr' id='par_1_121' title="bbox 2135 4797 3797 4871">
     <span class='ocr_line' id='line_1_122' title="bbox 2135 4797 3797 4871; baseline 0.001 -18"><span class='ocrx_word' id='word_1_993' title='bbox 2135 4797 2286 4869; x_wconf 77' lang='lat'>[579]</span> <span class='ocrx_word' id='word_1_994' title='bbox 2323 4798 2622 4852; x_wconf 88' lang='grc' dir='ltr'>διακεῖσθαι</span> <span class='ocrx_word' id='word_1_995' title='bbox 2671 4797 2934 4863; x_wconf 87' lang='grc' dir='ltr'>εὐλαϐῶς,</span> <span class='ocrx_word' id='word_1_996' title='bbox 2978 4797 3054 4862; x_wconf 85' lang='grc' dir='ltr'>ὡς</span> <span class='ocrx_word' id='word_1_997' title='bbox 3106 4799 3240 4869; x_wconf 87' lang='grc' dir='ltr'>μηδέ</span> <span class='ocrx_word' id='word_1_998' title='bbox 3285 4798 3442 4871; x_wconf 80' lang='grc' dir='ltr'>ὓϐριν</span> <span class='ocrx_word' id='word_1_999' title='bbox 3489 4798 3549 4853; x_wconf 85' lang='grc' dir='ltr'>τὸ</span> <span class='ocrx_word' id='word_1_1000' title='bbox 3581 4801 3797 4854; x_wconf 86' lang='grc' dir='ltr'>τοιοῦτο</span> 
     </span>
    </p>
   </div>
   <div class='ocr_carea' id='block_1_122' title="bbox 2132 4877 3797 4949">
    <p class='ocr_par' dir='ltr' id='par_1_122' title="bbox 2132 4877 3797 4949">
     <span class='ocr_line' id='line_1_123' title="bbox 2132 4877 3797 4949; baseline 0.002 -19"><span class='ocrx_word' id='word_1_1001' title='bbox 2132 4878 2400 4949; x_wconf 68' lang='grc' dir='ltr'>⁴ἡγεῖσθαι,</span> <span class='ocrx_word' id='word_1_1002' title='bbox 2441 4877 2542 4930; x_wconf 72' lang='grc' dir='ltr'>κᾶν</span> <span class='ocrx_word' id='word_1_1003' title='bbox 2589 4877 2847 4947; x_wconf 85' lang='grc' dir='ltr'>μυριάκις</span> <span class='ocrx_word' id='word_1_1004' title='bbox 2893 4879 3230 4949; x_wconf 73' lang='grc' dir='ltr'>ἠτιμωμένοι</span> <span class='ocrx_word' id='word_1_1005' title='bbox 3271 4880 3607 4948; x_wconf 87' lang='grc' dir='ltr'>τυγχάνοιεν.</span> <span class='ocrx_word' id='word_1_1006' title='bbox 3667 4881 3797 4934; x_wconf 89' lang='grc' dir='ltr'>Ὅτι</span> 
     </span>
    </p>
   </div>
   <div class='ocr_carea' id='block_1_123' title="bbox 2129 4957 3798 5029">
    <p class='ocr_par' dir='ltr' id='par_1_123' title="bbox 2129 4957 3798 5029">
     <span class='ocr_line' id='line_1_124' title="bbox 2129 4957 3798 5029; baseline 0.001 -18"><span class='ocrx_word' id='word_1_1007' title='bbox 2129 4959 2187 5011; x_wconf 87' lang='grc' dir='ltr'>δέ</span> <span class='ocrx_word' id='word_1_1008' title='bbox 2217 4958 2336 5011; x_wconf 86' lang='grc' dir='ltr'>οὐδὲ</span> <span class='ocrx_word' id='word_1_1009' title='bbox 2383 4957 2544 5027; x_wconf 91' lang='grc' dir='ltr'>μέχρι</span> <span class='ocrx_word' id='word_1_1010' title='bbox 2584 4957 2791 5020; x_wconf 87' lang='grc' dir='ltr'>ἐννοίας</span> <span class='ocrx_word' id='word_1_1011' title='bbox 2824 4958 3146 5028; x_wconf 83' lang='grc' dir='ltr'>τετόλμηταί</span> <span class='ocrx_word' id='word_1_1012' title='bbox 3182 4975 3235 5012; x_wconf 87' lang='grc' dir='ltr'>τι</span> <span class='ocrx_word' id='word_1_1013' title='bbox 3272 4959 3512 5012; x_wconf 88' lang='grc' dir='ltr'>τοιοῦτον</span> <span class='ocrx_word' id='word_1_1014' title='bbox 3542 4960 3573 5029; x_wconf 75' lang='grc' dir='ltr'>ἦ</span> <span class='ocrx_word' id='word_1_1015' title='bbox 3606 4959 3798 5029; x_wconf 77' lang='grc' dir='ltr'>ἕτερον</span> 
     </span>
    </p>
   </div>
   <div class='ocr_carea' id='block_1_124' title="bbox 2130 5035 3800 5108">
    <p class='ocr_par' dir='ltr' id='par_1_124' title="bbox 2130 5035 3800 5108">
     <span class='ocr_line' id='line_1_125' title="bbox 2130 5035 3800 5108; baseline 0.001 -19"><span class='ocrx_word' id='word_1_1016' title='bbox 2130 5039 2286 5108; x_wconf 74' lang='grc' dir='ltr'>ἐμοὶ,</span> <span class='ocrx_word' id='word_1_1017' title='bbox 2336 5035 2494 5106; x_wconf 58' lang='grc' dir='ltr'>δῆλον</span> <span class='ocrx_word' id='word_1_1018' title='bbox 2541 5035 2770 5090; x_wconf 90' lang='grc' dir='ltr'>ἐκεῖθεν.</span> <span class='ocrx_word' id='word_1_1019' title='bbox 2819 5036 2882 5088; x_wconf 77' lang='lat' dir='ltr'><strong>El</strong></span> <span class='ocrx_word' id='word_1_1020' title='bbox 2935 5036 3035 5106; x_wconf 85' lang='grc' dir='ltr'>μὲν</span> <span class='ocrx_word' id='word_1_1021' title='bbox 3084 5037 3191 5107; x_wconf 85' lang='grc' dir='ltr'>γὰρ</span> <span class='ocrx_word' id='word_1_1022' title='bbox 3240 5037 3467 5108; x_wconf 78' lang='grc' dir='ltr'>ἀπονοίᾳ</span> <span class='ocrx_word' id='word_1_1023' title='bbox 3514 5039 3606 5090; x_wconf 70' lang='grc' dir='ltr'>καὶ</span> <span class='ocrx_word' id='word_1_1024' title='bbox 3644 5038 3800 5106; x_wconf 78' lang='grc' dir='ltr'>φιλο-</span> 
     </span>
    </p>
   </div>
   <div class='ocr_carea' id='block_1_125' title="bbox 2128 5115 3795 5188">
    <p class='ocr_par' dir='ltr' id='par_1_125' title="bbox 2128 5115 3795 5188">
     <span class='ocr_line' id='line_1_126' title="bbox 2128 5115 3795 5188; baseline -0.001 -16"><span class='ocrx_word' id='word_1_1025' title='bbox 2128 5117 2303 5188; x_wconf 74' lang='grc' dir='ltr'>δοξίᾳ,</span> <span class='ocrx_word' id='word_1_1026' title='bbox 2343 5118 2420 5180; x_wconf 82' lang='grc' dir='ltr'>ὡς</span> <span class='ocrx_word' id='word_1_1027' title='bbox 2472 5115 2731 5182; x_wconf 88' lang='grc' dir='ltr'>πολλάκις</span> <span class='ocrx_word' id='word_1_1028' title='bbox 2783 5115 2919 5188; x_wconf 76' lang='grc' dir='ltr'>ἔφης</span> <span class='ocrx_word' id='word_1_1029' title='bbox 2954 5115 3106 5180; x_wconf 90' lang='grc' dir='ltr'>τινάς</span> <span class='ocrx_word' id='word_1_1030' title='bbox 3146 5116 3472 5181; x_wconf 87' lang='grc' dir='ltr'>διαϐάλλειν,</span> <span class='ocrx_word' id='word_1_1031' title='bbox 3508 5118 3598 5171; x_wconf 79' lang='grc' dir='ltr'>ἐπὶ</span> <span class='ocrx_word' id='word_1_1032' title='bbox 3633 5117 3795 5171; x_wconf 87' lang='grc' dir='ltr'>τοῦτο</span> 
     </span>
    </p>
   </div>
   <div class='ocr_carea' id='block_1_126' title="bbox 2192 5321 3796 5386">
    <p class='ocr_par' dir='ltr' id='par_1_126' title="bbox 2192 5321 3796 5386">
     <span class='ocr_line' id='line_1_127' title="bbox 2192 5321 3796 5386; baseline 0.001 -15"><span class='ocrx_word' id='word_1_1033' title='bbox 2192 5322 2222 5356; x_wconf 81' lang='grc'><strong><em>⁸</em></strong></span> <span class='ocrx_word' id='word_1_1034' title='bbox 2260 5322 2342 5372; x_wconf 87' lang='lat' dir='ltr'>Sic</span> <span class='ocrx_word' id='word_1_1035' title='bbox 2383 5323 2572 5386; x_wconf 66' lang='lat' dir='ltr'>aliquot</span> <span class='ocrx_word' id='word_1_1036' title='bbox 2612 5335 2728 5371; x_wconf 89' lang='lat' dir='ltr'>mss.</span> <span class='ocrx_word' id='word_1_1037' title='bbox 2775 5327 2835 5386; x_wconf 4' lang='lat' dir='ltr'>et;</span> <span class='ocrx_word' id='word_1_1038' title='bbox 2861 5321 2970 5372; x_wconf 84' lang='lat' dir='ltr'>Sav.</span> <span class='ocrx_word' id='word_1_1039' title='bbox 3006 5323 3055 5372; x_wconf 78' lang='lat' dir='ltr'><strong>in</strong></span> <span class='ocrx_word' id='word_1_1040' title='bbox 3083 5335 3278 5386; x_wconf 43' lang='grc' dir='ltr'>σῇσι-8.,</span> <span class='ocrx_word' id='word_1_1041' title='bbox 3308 5337 3326 5369; x_wconf 80' lang='grc' dir='ltr'>ι</span> <span class='ocrx_word' id='word_1_1042' title='bbox 3351 5324 3481 5384; x_wconf 86' lang='lat' dir='ltr'><strong>quod</strong></span> <span class='ocrx_word' id='word_1_1043' title='bbox 3519 5322 3654 5384; x_wconf 78' lang='lat' dir='ltr'><strong>vulg.</strong></span> <span class='ocrx_word' id='word_1_1044' title='bbox 3685 5323 3796 5373; x_wconf 82' lang='lat' dir='ltr'>lec-</span> 
     </span>
    </p>
   </div>
   <div class='ocr_carea' id='block_1_127' title="bbox 2131 5384 3216 5445">
    <p class='ocr_par' dir='ltr' id='par_1_127' title="bbox 2131 5384 3216 5445">
     <span class='ocr_line' id='line_1_128' title="bbox 2131 5384 3216 5445; baseline -0.003 -11"><span class='ocrx_word' id='word_1_1045' title='bbox 2131 5384 2268 5440; x_wconf 77' lang='lat' dir='ltr'>tioni.</span> <span class='ocrx_word' id='word_1_1046' title='bbox 2291 5391 2376 5444; x_wconf 84' lang='grc' dir='ltr'>τῆς</span> <span class='ocrx_word' id='word_1_1047' title='bbox 2403 5385 2646 5442; x_wconf 83' lang='grc' dir='ltr'>ἀληθείας,</span> <span class='ocrx_word' id='word_1_1048' title='bbox 2668 5385 2990 5445; x_wconf 71' lang='grc' dir='ltr'>ρτωιυιίωυς.</span> <span class='ocrx_word' id='word_1_1049' title='bbox 3022 5404 3045 5426; x_wconf 72' lang='grc' dir='ltr'>υ</span> <span class='ocrx_word' id='word_1_1050' title='bbox 3082 5385 3216 5432; x_wconf 72' lang='lat' dir='ltr'>Enn.</span> 
     </span>
    </p>
   </div>
   <div class='ocr_carea' id='block_1_128' title="bbox 2129 5445 3795 5557">
    <p class='ocr_par' dir='ltr' id='par_1_128' title="bbox 2129 5445 3795 5557">
     <span class='ocr_line' id='line_1_129' title="bbox 2129 5445 3795 5557; baseline 0.002 -63"><span class='ocrx_word' id='word_1_1051' title='bbox 2129 5509 2143 5557; x_wconf 53' lang='grc' dir='ltr'>ἰ</span> <span class='ocrx_word' id='word_1_1052' title='bbox 2195 5445 2384 5557; x_wconf 45' lang='lat' dir='ltr'>{Iliaci</span> <span class='ocrx_word' id='word_1_1053' title='bbox 2395 5449 2476 5496; x_wconf 81' lang='grc' dir='ltr'>καὶ</span> <span class='ocrx_word' id='word_1_1054' title='bbox 2496 5447 2650 5495; x_wconf 80' lang='grc' dir='ltr'>αὐτῶν</span> <span class='ocrx_word' id='word_1_1055' title='bbox 2668 5447 2762 5493; x_wconf 82' lang='grc' dir='ltr'>τῶν</span> <span class='ocrx_word' id='word_1_1056' title='bbox 2785 5447 3038 5508; x_wconf 76' lang='grc' dir='ltr'>εἰρημένων</span> <span class='ocrx_word' id='word_1_1057' title='bbox 3066 5461 3143 5493; x_wconf 89' lang='grc' dir='ltr'>σοι</span> <span class='ocrx_word' id='word_1_1058' title='bbox 3172 5447 3586 5508; x_wconf 80' lang='grc' dir='ltr'>μνημονεύσωμεν,</span> <span class='ocrx_word' id='word_1_1059' title='bbox 3610 5447 3795 5498; x_wconf 75' lang='lat' dir='ltr'>desunt</span> 
     </span>
     <span class='ocr_line' id='line_1_130' title="bbox 2150 5521 2517 5557; baseline 0 -1"><span class='ocrx_word' id='word_1_1060' title='bbox 2150 5521 2178 5556; x_wconf 81' lang='grc' dir='ltr'>η</span> <span class='ocrx_word' id='word_1_1061' title='bbox 2199 5523 2223 5557; x_wconf 87' lang='lat' dir='ltr'><strong><em>a</em></strong></span> <span class='ocrx_word' id='word_1_1062' title='bbox 2250 5522 2362 5557; x_wconf 81' lang='lat' dir='ltr'>muo</span> <span class='ocrx_word' id='word_1_1063' title='bbox 2405 5523 2517 5557; x_wconf 91' lang='lat' dir='ltr'>mss.</span> 
     </span>
    </p>
   </div>
   <div class='ocr_carea' id='block_1_129' title="bbox 2150 5518 2517 5568">
    <p class='ocr_par' dir='ltr' id='par_1_129' title="bbox 2150 5518 2517 5568">
     <span class='ocr_line' id='line_1_131' title="bbox 2150 5518 2517 5568; baseline 0 -12"><span class='ocrx_word' id='word_1_1064' title='bbox 2150 5521 2178 5556; x_wconf 83' lang='grc' dir='ltr'>η</span> <span class='ocrx_word' id='word_1_1065' title='bbox 2199 5518 2384 5568; x_wconf 77' lang='lat' dir='ltr'>aliquot</span> <span class='ocrx_word' id='word_1_1066' title='bbox 2405 5523 2517 5557; x_wconf 92' lang='lat' dir='ltr'>mss.</span> 
     </span>
    </p>
   </div>
   <div class='ocr_carea' id='block_1_130' title="bbox 2192 5568 2986 5631">
    <p class='ocr_par' dir='ltr' id='par_1_130' title="bbox 2192 5568 2986 5631">
     <span class='ocr_line' id='line_1_132' title="bbox 2192 5568 2986 5631; baseline -0.001 -14"><span class='ocrx_word' id='word_1_1067' title='bbox 2192 5573 2218 5631; x_wconf 59' lang='grc' dir='ltr'>β</span> <span class='ocrx_word' id='word_1_1068' title='bbox 2245 5569 2393 5618; x_wconf 79' lang='lat' dir='ltr'>Savil.</span> <span class='ocrx_word' id='word_1_1069' title='bbox 2415 5579 2461 5618; x_wconf 89' lang='lat' dir='ltr'><strong>el</strong></span> <span class='ocrx_word' id='word_1_1070' title='bbox 2484 5571 2670 5631; x_wconf 73' lang='lat' dir='ltr'>aliquot</span> <span class='ocrx_word' id='word_1_1071' title='bbox 2693 5582 2808 5616; x_wconf 84' lang='lat' dir='ltr'><strong>mss.</strong></span> <span class='ocrx_word' id='word_1_1072' title='bbox 2837 5568 2986 5631; x_wconf 78' lang='grc' dir='ltr'>εἶπας.</span> 
     </span>
    </p>
   </div>
   <div class='ocr_carea' id='block_1_131' title="bbox 2193 5629 3602 5701">
    <p class='ocr_par' dir='ltr' id='par_1_131' title="bbox 2193 5629 3602 5701">
     <span class='ocr_line' id='line_1_133' title="bbox 2193 5629 3602 5701; baseline -0.001 -21"><span class='ocrx_word' id='word_1_1073' title='bbox 2193 5629 2221 5701; x_wconf 61' lang='grc' dir='ltr'>ξι</span> <span class='ocrx_word' id='word_1_1074' title='bbox 2347 5645 2520 5701; x_wconf 53' lang='lat' dir='ltr'>omnes</span> <span class='ocrx_word' id='word_1_1075' title='bbox 2547 5629 2649 5701; x_wconf 57' lang='lat' dir='ltr'>I&#39;L-(e</span> <span class='ocrx_word' id='word_1_1076' title='bbox 2673 5638 2852 5701; x_wconf 68' lang='lat' dir='ltr'>praeter</span> <span class='ocrx_word' id='word_1_1077' title='bbox 2875 5630 3046 5701; x_wconf 76' lang='lat' dir='ltr'>M_orcl_.</span> <span class='ocrx_word' id='word_1_1078' title='bbox 3072 5629 3317 5701; x_wconf 59' lang='lat' dir='ltr'>guihabe}</span> <span class='ocrx_word' id='word_1_1079' title='bbox 3335 5631 3409 5678; x_wconf 78' lang='grc' dir='ltr'>ἐπὶ</span> <span class='ocrx_word' id='word_1_1080' title='bbox 3431 5631 3602 5693; x_wconf 80' lang='grc' dir='ltr'>τούτῳ.</span> 
     </span>
    </p>
   </div>
   <div class='ocr_carea' id='block_1_132' title="bbox 2199 5690 3796 5754">
    <p class='ocr_par' dir='ltr' id='par_1_132' title="bbox 2199 5690 3796 5754">
     <span class='ocr_line' id='line_1_134' title="bbox 2199 5690 3796 5754; baseline -0.003 -14"><span class='ocrx_word' id='word_1_1081' title='bbox 2199 5692 2329 5741; x_wconf 70' lang='lat' dir='ltr'>iAlii</span> <span class='ocrx_word' id='word_1_1082' title='bbox 2369 5694 2446 5742; x_wconf 83' lang='grc' dir='ltr'>διὰ</span> <span class='ocrx_word' id='word_1_1083' title='bbox 2477 5699 2560 5751; x_wconf 84' lang='grc' dir='ltr'>τῆς</span> <span class='ocrx_word' id='word_1_1084' title='bbox 2605 5690 2793 5742; x_wconf 82' lang='grc' dir='ltr'>ἐκείνων</span> <span class='ocrx_word' id='word_1_1085' title='bbox 2816 5699 2984 5754; x_wconf 39' lang='grc' dir='ltr'>τιμῆςκ</span> <span class='ocrx_word' id='word_1_1086' title='bbox 3017 5690 3138 5740; x_wconf 77' lang='lat' dir='ltr'>Infi&#39;a</span> <span class='ocrx_word' id='word_1_1087' title='bbox 3181 5693 3374 5753; x_wconf 78' lang='lat' dir='ltr'><strong>quidam</strong></span> <span class='ocrx_word' id='word_1_1088' title='bbox 3419 5707 3528 5740; x_wconf 82' lang='lat' dir='ltr'>mss.</span> <span class='ocrx_word' id='word_1_1089' title='bbox 3562 5690 3713 5752; x_wconf 66' lang='grc' dir='ltr'>’φαίην</span> <span class='ocrx_word' id='word_1_1090' title='bbox 3737 5690 3796 5736; x_wconf 80' lang='grc' dir='ltr'>ἄν</span> 
     </span>
    </p>
   </div>
   <div class='ocr_carea' id='block_1_133' title="bbox 2130 5753 3798 5863">
    <p class='ocr_par' dir='ltr' id='par_1_133' title="bbox 2130 5753 3798 5863">
     <span class='ocr_line' id='line_1_135' title="bbox 2130 5753 3798 5863; baseline 0 -63"><span class='ocrx_word' id='word_1_1091' title='bbox 2130 5756 2392 5863; x_wconf 47' lang='lat' dir='ltr'>:mjlgunl,</span> <span class='ocrx_word' id='word_1_1092' title='bbox 2427 5761 2479 5804; x_wconf 84' lang='lat' dir='ltr'>cl</span> <span class='ocrx_word' id='word_1_1093' title='bbox 2497 5769 2603 5804; x_wconf 80' lang='lat' dir='ltr'>mox</span> <span class='ocrx_word' id='word_1_1094' title='bbox 2629 5756 2810 5808; x_wconf 57' lang='lat' dir='ltr'>habent</span> <span class='ocrx_word' id='word_1_1095' title='bbox 2832 5753 2943 5817; x_wconf 74' lang='grc' dir='ltr'>ἔχει.</span> <span class='ocrx_word' id='word_1_1096' title='bbox 2968 5753 3094 5804; x_wconf 69' lang='lat' dir='ltr'><strong>Infra</strong></span> <span class='ocrx_word' id='word_1_1097' title='bbox 3124 5755 3320 5818; x_wconf 80' lang='lat' dir='ltr'><strong>quidam</strong></span> <span class='ocrx_word' id='word_1_1098' title='bbox 3346 5755 3480 5817; x_wconf 76' lang='grc' dir='ltr'>ὕϐριν</span> <span class='ocrx_word' id='word_1_1099' title='bbox 3525 5755 3580 5802; x_wconf 72' lang='grc' dir='ltr'>τὸ</span> <span class='ocrx_word' id='word_1_1100' title='bbox 3603 5761 3798 5815; x_wconf 62' lang='grc' dir='ltr'>προὶξ-μα</span> 
     </span>
     <span class='ocr_line' id='line_1_136' title="bbox 2152 5833 2358 5863; baseline 0 0"><span class='ocrx_word' id='word_1_1101' title='bbox 2152 5833 2266 5863; x_wconf 66' lang='grc' dir='ltr'>,γεισ</span> <span class='ocrx_word' id='word_1_1102' title='bbox 2291 5833 2358 5863; x_wconf 87' lang='grc' dir='ltr'>αι.</span> 
     </span>
    </p>
   </div>
   <div class='ocr_carea' id='block_1_134' title="bbox 2151 5833 2358 5876">
    <p class='ocr_par' dir='ltr' id='par_1_134' title="bbox 2151 5833 2358 5876">
     <span class='ocr_line' id='line_1_137' title="bbox 2151 5833 2358 5876; baseline 0.005 -12"><span class='ocrx_word' id='word_1_1103' title='bbox 2151 5833 2358 5876; x_wconf 62' lang='grc' dir='ltr'>ιγεισυαι.</span> 
     </span>
    </p>
   </div>
  </div>
