  <div class='ocr_page' id='page_1' title='image "/cluster/home/n/w/nwhite01/storage/ocr_20150623/48/mdp.39015032114640/118.png"; bbox 0 0 4050 6160; ppageno 0'>
   <div class='ocr_carea' id='block_1_1' title="bbox 292 339 400 393">
    <p class='ocr_par' dir='ltr' id='par_1_1' title="bbox 292 339 400 393">
     <span class='ocr_line' id='line_1_1' title="bbox 292 339 400 393; baseline -0.019 0"><span class='ocrx_word' id='word_1_1' title='bbox 292 339 400 393; x_wconf 75' lang='grc'><strong>657</strong></span> 
     </span>
    </p>
   </div>
   <div class='ocr_carea' id='block_1_2' title="bbox 289 459 1882 528">
    <p class='ocr_par' dir='ltr' id='par_1_2' title="bbox 289 459 1882 528">
     <span class='ocr_line' id='line_1_2' title="bbox 289 459 1882 528; baseline -0.006 -6"><span class='ocrx_word' id='word_1_2' title='bbox 289 467 483 522; x_wconf 82' lang='lat' dir='ltr'><strong>beatus</strong></span> <span class='ocrx_word' id='word_1_3' title='bbox 517 463 604 521; x_wconf 86' lang='lat' dir='ltr'><strong>ille</strong></span> <span class='ocrx_word' id='word_1_4' title='bbox 637 462 833 518; x_wconf 83' lang='lat' dir='ltr'><strong>Paulus</strong></span> <span class='ocrx_word' id='word_1_5' title='bbox 863 478 983 518; x_wconf 91' lang='lat' dir='ltr'><strong>cum</strong></span> <span class='ocrx_word' id='word_1_6' title='bbox 1015 461 1182 516; x_wconf 87' lang='lat' dir='ltr'><strong>dixit:</strong></span> <span class='ocrx_word' id='word_1_7' title='bbox 1212 461 1422 528; x_wconf 84' lang='lat' dir='ltr'><strong>Oportet</strong></span> <span class='ocrx_word' id='word_1_8' title='bbox 1453 468 1619 512; x_wconf 83' lang='lat' dir='ltr'><strong>autent</strong></span> <span class='ocrx_word' id='word_1_9' title='bbox 1652 459 1796 513; x_wconf 85' lang='lat' dir='ltr'><strong>illum</strong></span> <span class='ocrx_word' id='word_1_10' title='bbox 1836 467 1882 512; x_wconf 89' lang='lat' dir='ltr'><strong>et</strong></span> 
     </span>
    </p>
   </div>
   <div class='ocr_carea' id='block_1_3' title="bbox 291 547 1886 622">
    <p class='ocr_par' dir='ltr' id='par_1_3' title="bbox 291 547 1886 622">
     <span class='ocr_line' id='line_1_3' title="bbox 291 547 1886 622; baseline -0.005 -12"><span class='ocrx_word' id='word_1_11' title='bbox 291 557 632 611; x_wconf 76' lang='lat' dir='ltr'><strong>testimonium</strong></span> <span class='ocrx_word' id='word_1_12' title='bbox 660 557 843 609; x_wconf 82' lang='lat' dir='ltr'><strong>habere</strong></span> <span class='ocrx_word' id='word_1_13' title='bbox 867 555 1050 608; x_wconf 81' lang='lat' dir='ltr'><strong>bonum</strong></span> <span class='ocrx_word' id='word_1_14' title='bbox 1080 556 1140 607; x_wconf 86' lang='lat' dir='ltr'><strong>ab</strong></span> <span class='ocrx_word' id='word_1_15' title='bbox 1162 554 1221 607; x_wconf 88' lang='lat' dir='ltr'><strong>iis</strong></span> <span class='ocrx_word' id='word_1_16' title='bbox 1242 554 1324 622; x_wconf 88' lang='lat' dir='ltr'><strong>qui</strong></span> <span class='ocrx_word' id='word_1_17' title='bbox 1353 551 1475 622; x_wconf 77' lang='lat' dir='ltr'><strong>foris</strong></span> <span class='ocrx_word' id='word_1_18' title='bbox 1501 560 1616 604; x_wconf 87' lang='lat' dir='ltr'><strong>sunt</strong></span> <span class='ocrx_word' id='word_1_19' title='bbox 1641 551 1717 620; x_wconf 81' lang='lat' dir='ltr'><strong>(l.</strong></span> <span class='ocrx_word' id='word_1_20' title='bbox 1745 547 1886 603; x_wconf 87' lang='lat' dir='ltr'><strong>Tim.</strong></span> 
     </span>
    </p>
   </div>
   <div class='ocr_carea' id='block_1_4' title="bbox 291 642 1889 717">
    <p class='ocr_par' dir='ltr' id='par_1_4' title="bbox 291 642 1889 717">
     <span class='ocr_line' id='line_1_4' title="bbox 291 642 1889 717; baseline -0.006 -14"><span class='ocrx_word' id='word_1_21' title='bbox 291 651 349 703; x_wconf 77' lang='lat'><strong>3.</strong></span> <span class='ocrx_word' id='word_1_22' title='bbox 381 649 460 714; x_wconf 81' lang='lat'><strong>7),</strong></span> <span class='ocrx_word' id='word_1_23' title='bbox 494 662 831 717; x_wconf 83' lang='lat' dir='ltr'><strong>nequaquam</strong></span> <span class='ocrx_word' id='word_1_24' title='bbox 861 647 991 700; x_wconf 91' lang='lat' dir='ltr'><strong>tollit</strong></span> <span class='ocrx_word' id='word_1_25' title='bbox 1017 653 1320 698; x_wconf 82' lang='lat' dir='ltr'><strong>accuratum</strong></span> <span class='ocrx_word' id='word_1_26' title='bbox 1353 642 1736 712; x_wconf 82' lang='lat' dir='ltr'><strong>probatumque</strong></span> <span class='ocrx_word' id='word_1_27' title='bbox 1762 655 1889 694; x_wconf 78' lang='lat' dir='ltr'><strong>exa—</strong></span> 
     </span>
    </p>
   </div>
   <div class='ocr_carea' id='block_1_5' title="bbox 299 734 1888 810">
    <p class='ocr_par' dir='ltr' id='par_1_5' title="bbox 299 734 1888 810">
     <span class='ocr_line' id='line_1_5' title="bbox 299 734 1888 810; baseline -0.006 -13"><span class='ocrx_word' id='word_1_28' title='bbox 299 759 445 805; x_wconf 87' lang='lat' dir='ltr'><strong>men,</strong></span> <span class='ocrx_word' id='word_1_29' title='bbox 467 756 639 810; x_wconf 75' lang='lat' dir='ltr'><strong>neque</strong></span> <span class='ocrx_word' id='word_1_30' title='bbox 663 749 719 793; x_wconf 86' lang='grc' dir='ltr'><strong>ιιι</strong></span> <span class='ocrx_word' id='word_1_31' title='bbox 739 738 1058 808; x_wconf 62' lang='lat' dir='ltr'><strong>pra‘cipunm</strong></span> <span class='ocrx_word' id='word_1_32' title='bbox 1103 737 1216 808; x_wconf 88' lang='lat' dir='ltr'><strong>ejus</strong></span> <span class='ocrx_word' id='word_1_33' title='bbox 1247 736 1573 806; x_wconf 83' lang='lat' dir='ltr'><strong>probationis</strong></span> <span class='ocrx_word' id='word_1_34' title='bbox 1600 737 1804 806; x_wconf 88' lang='lat' dir='ltr'><strong>signum</strong></span> <span class='ocrx_word' id='word_1_35' title='bbox 1838 734 1888 788; x_wconf 91' lang='lat' dir='ltr'><strong>id</strong></span> 
     </span>
    </p>
   </div>
   <div class='ocr_carea' id='block_1_6' title="bbox 297 826 1889 904">
    <p class='ocr_par' dir='ltr' id='par_1_6' title="bbox 297 826 1889 904">
     <span class='ocr_line' id='line_1_6' title="bbox 297 826 1889 904; baseline -0.004 -18"><span class='ocrx_word' id='word_1_36' title='bbox 297 843 571 904; x_wconf 83' lang='lat' dir='ltr'><strong>proponit.</strong></span> <span class='ocrx_word' id='word_1_37' title='bbox 602 832 814 886; x_wconf 86' lang='lat' dir='ltr'><strong>Etenim</strong></span> <span class='ocrx_word' id='word_1_38' title='bbox 844 830 1021 884; x_wconf 88' lang='lat' dir='ltr'><strong>multis</strong></span> <span class='ocrx_word' id='word_1_39' title='bbox 1049 838 1200 884; x_wconf 90' lang='lat' dir='ltr'><strong>antea</strong></span> <span class='ocrx_word' id='word_1_40' title='bbox 1225 828 1514 899; x_wconf 84' lang='lat' dir='ltr'><strong>prtemissis</strong></span> <span class='ocrx_word' id='word_1_41' title='bbox 1545 827 1756 882; x_wconf 78' lang='lat' dir='ltr'><strong>tandem</strong></span> <span class='ocrx_word' id='word_1_42' title='bbox 1787 826 1889 880; x_wconf 87' lang='lat' dir='ltr'><strong>hoc</strong></span> 
     </span>
    </p>
   </div>
   <div class='ocr_carea' id='block_1_7' title="bbox 297 917 1888 990">
    <p class='ocr_par' dir='ltr' id='par_1_7' title="bbox 297 917 1888 990">
     <span class='ocr_line' id='line_1_7' title="bbox 297 917 1888 990; baseline -0.004 -13"><span class='ocrx_word' id='word_1_43' title='bbox 297 923 547 990; x_wconf 84' lang='lat' dir='ltr'><strong>addidit,</strong></span> <span class='ocrx_word' id='word_1_44' title='bbox 586 930 648 977; x_wconf 90' lang='lat' dir='ltr'><strong>ut</strong></span> <span class='ocrx_word' id='word_1_45' title='bbox 676 921 1018 987; x_wconf 73' lang='lat' dir='ltr'><strong>ostenderet,</strong></span> <span class='ocrx_word' id='word_1_46' title='bbox 1063 935 1168 974; x_wconf 93' lang='lat' dir='ltr'><strong>non</strong></span> <span class='ocrx_word' id='word_1_47' title='bbox 1213 935 1364 974; x_wconf 90' lang='lat' dir='ltr'><strong>suum</strong></span> <span class='ocrx_word' id='word_1_48' title='bbox 1399 929 1598 973; x_wconf 88' lang='lat' dir='ltr'><strong>tanttun</strong></span> <span class='ocrx_word' id='word_1_49' title='bbox 1628 917 1888 972; x_wconf 80' lang='lat' dir='ltr'><strong>calculum</strong></span> 
     </span>
    </p>
   </div>
   <div class='ocr_carea' id='block_1_8' title="bbox 292 1009 1890 1076">
    <p class='ocr_par' dir='ltr' id='par_1_8' title="bbox 292 1009 1890 1076">
     <span class='ocr_line' id='line_1_8' title="bbox 292 1009 1890 1076; baseline -0.005 -6"><span class='ocrx_word' id='word_1_50' title='bbox 292 1013 549 1070; x_wconf 79' lang='lat' dir='ltr'><strong>sufﬁcere</strong></span> <span class='ocrx_word' id='word_1_51' title='bbox 573 1011 638 1067; x_wconf 90' lang='lat' dir='ltr'><strong>ad</strong></span> <span class='ocrx_word' id='word_1_52' title='bbox 669 1013 801 1066; x_wconf 84' lang='lat' dir='ltr'><strong>tales</strong></span> <span class='ocrx_word' id='word_1_53' title='bbox 840 1011 1124 1066; x_wconf 87' lang='lat' dir='ltr'><strong>electiones</strong></span> <span class='ocrx_word' id='word_1_54' title='bbox 1144 1053 1159 1076; x_wconf 91' lang='lat'><strong>,</strong></span> <span class='ocrx_word' id='word_1_55' title='bbox 1190 1010 1282 1063; x_wconf 84' lang='lat' dir='ltr'><strong>sed</strong></span> <span class='ocrx_word' id='word_1_56' title='bbox 1308 1025 1427 1063; x_wconf 92' lang='lat' dir='ltr'><strong>cum</strong></span> <span class='ocrx_word' id='word_1_57' title='bbox 1464 1009 1581 1062; x_wconf 89' lang='lat' dir='ltr'><strong>aliis</strong></span> <span class='ocrx_word' id='word_1_58' title='bbox 1609 1019 1780 1062; x_wconf 86' lang='lat' dir='ltr'><strong>tamen</strong></span> <span class='ocrx_word' id='word_1_59' title='bbox 1807 1023 1890 1062; x_wconf 87' lang='lat' dir='ltr'><strong>re-</strong></span> 
     </span>
    </p>
   </div>
   <div class='ocr_carea' id='block_1_9' title="bbox 293 1099 1885 1175">
    <p class='ocr_par' dir='ltr' id='par_1_9' title="bbox 293 1099 1885 1175">
     <span class='ocr_line' id='line_1_9' title="bbox 293 1099 1885 1175; baseline -0.004 -17"><span class='ocrx_word' id='word_1_60' title='bbox 293 1105 459 1175; x_wconf 86' lang='lat' dir='ltr'><strong>quiri.</strong></span> <span class='ocrx_word' id='word_1_61' title='bbox 505 1101 660 1173; x_wconf 76' lang='lat' dir='ltr'><strong>Stepe</strong></span> <span class='ocrx_word' id='word_1_62' title='bbox 690 1118 917 1173; x_wconf 84' lang='lat' dir='ltr'><strong>namque</strong></span> <span class='ocrx_word' id='word_1_63' title='bbox 943 1101 1118 1158; x_wconf 84' lang='lat' dir='ltr'><strong>evenit</strong></span> <span class='ocrx_word' id='word_1_64' title='bbox 1146 1110 1200 1156; x_wconf 94' lang='lat' dir='ltr'><strong>ut</strong></span> <span class='ocrx_word' id='word_1_65' title='bbox 1229 1101 1366 1171; x_wconf 88' lang='lat' dir='ltr'><strong>vulgi</strong></span> <span class='ocrx_word' id='word_1_66' title='bbox 1407 1101 1586 1170; x_wconf 81' lang='lat' dir='ltr'><strong>opinio</strong></span> <span class='ocrx_word' id='word_1_67' title='bbox 1624 1099 1750 1154; x_wconf 85' lang='lat' dir='ltr'><strong>falsa</strong></span> <span class='ocrx_word' id='word_1_68' title='bbox 1780 1099 1846 1153; x_wconf 89' lang='lat' dir='ltr'><strong>sit</strong></span> <span class='ocrx_word' id='word_1_69' title='bbox 1873 1116 1885 1152; x_wconf 93' lang='lat'>:</span> 
     </span>
    </p>
   </div>
   <div class='ocr_carea' id='block_1_10' title="bbox 296 1190 1891 1264">
    <p class='ocr_par' dir='ltr' id='par_1_10' title="bbox 296 1190 1891 1264">
     <span class='ocr_line' id='line_1_10' title="bbox 296 1190 1891 1264; baseline -0.004 -14"><span class='ocrx_word' id='word_1_70' title='bbox 296 1205 575 1264; x_wconf 70' lang='lat' dir='ltr'><strong>prmeunte</strong></span> <span class='ocrx_word' id='word_1_71' title='bbox 609 1204 788 1249; x_wconf 87' lang='lat' dir='ltr'><strong>autem</strong></span> <span class='ocrx_word' id='word_1_72' title='bbox 818 1202 1065 1248; x_wconf 91' lang='lat' dir='ltr'><strong>accurato</strong></span> <span class='ocrx_word' id='word_1_73' title='bbox 1093 1193 1338 1248; x_wconf 78' lang='lat' dir='ltr'><strong>examine</strong></span> <span class='ocrx_word' id='word_1_74' title='bbox 1369 1191 1498 1245; x_wconf 91' lang='lat' dir='ltr'><strong>nihil</strong></span> <span class='ocrx_word' id='word_1_75' title='bbox 1537 1201 1718 1261; x_wconf 80' lang='lat' dir='ltr'><strong>postea</strong></span> <span class='ocrx_word' id='word_1_76' title='bbox 1751 1190 1891 1260; x_wconf 89' lang='lat' dir='ltr'><strong>peri-</strong></span> 
     </span>
    </p>
   </div>
   <div class='ocr_carea' id='block_1_11' title="bbox 249 1283 1886 1354">
    <p class='ocr_par' dir='ltr' id='par_1_11' title="bbox 249 1283 1886 1354">
     <span class='ocr_line' id='line_1_11' title="bbox 249 1283 1886 1354; baseline -0.002 -15"><span class='ocrx_word' id='word_1_77' title='bbox 249 1311 258 1354; x_wconf 72' lang='lat'>;</span> <span class='ocrx_word' id='word_1_78' title='bbox 294 1286 403 1340; x_wconf 89' lang='lat' dir='ltr'><strong>culi</strong></span> <span class='ocrx_word' id='word_1_79' title='bbox 434 1300 498 1339; x_wconf 88' lang='lat' dir='ltr'><strong>ex</strong></span> <span class='ocrx_word' id='word_1_80' title='bbox 531 1300 592 1339; x_wconf 87' lang='lat' dir='ltr'><strong>ea</strong></span> <span class='ocrx_word' id='word_1_81' title='bbox 623 1285 880 1354; x_wconf 72' lang='lat' dir='ltr'><strong>StISpicari</strong></span> <span class='ocrx_word' id='word_1_82' title='bbox 903 1284 1027 1338; x_wconf 91' lang='lat' dir='ltr'><strong>licet</strong></span> <span class='ocrx_word' id='word_1_83' title='bbox 1051 1301 1064 1337; x_wconf 89' lang='lat'><strong>:</strong></span> <span class='ocrx_word' id='word_1_84' title='bbox 1084 1284 1309 1352; x_wconf 76' lang='lat' dir='ltr'><strong>idecque</strong></span> <span class='ocrx_word' id='word_1_85' title='bbox 1331 1283 1564 1352; x_wconf 84' lang='lat' dir='ltr'><strong>postalia</strong></span> <span class='ocrx_word' id='word_1_86' title='bbox 1585 1291 1886 1337; x_wconf 85' lang='lat' dir='ltr'><strong>cxterorum</strong></span> 
     </span>
    </p>
   </div>
   <div class='ocr_carea' id='block_1_12' title="bbox 293 1374 1881 1446">
    <p class='ocr_par' dir='ltr' id='par_1_12' title="bbox 293 1374 1881 1446">
     <span class='ocr_line' id='line_1_12' title="bbox 293 1374 1881 1446; baseline -0.002 -15"><span class='ocrx_word' id='word_1_87' title='bbox 293 1378 460 1431; x_wconf 86' lang='lat' dir='ltr'><strong>etiam</strong></span> <span class='ocrx_word' id='word_1_88' title='bbox 495 1377 856 1432; x_wconf 88' lang='lat' dir='ltr'><strong>testimonium</strong></span> <span class='ocrx_word' id='word_1_89' title='bbox 884 1377 1126 1446; x_wconf 91' lang='lat' dir='ltr'><strong>requirit.</strong></span> <span class='ocrx_word' id='word_1_90' title='bbox 1151 1374 1336 1446; x_wconf 88' lang='lat' dir='ltr'><strong>Neque</strong></span> <span class='ocrx_word' id='word_1_91' title='bbox 1364 1376 1504 1430; x_wconf 91' lang='lat' dir='ltr'><strong>enim</strong></span> <span class='ocrx_word' id='word_1_92' title='bbox 1535 1376 1704 1429; x_wconf 90' lang='lat' dir='ltr'><strong>solum</strong></span> <span class='ocrx_word' id='word_1_93' title='bbox 1731 1375 1881 1441; x_wconf 83' lang='lat' dir='ltr'><strong>dixit,</strong></span> 
     </span>
    </p>
   </div>
   <div class='ocr_carea' id='block_1_13' title="bbox 295 1467 1883 1538">
    <p class='ocr_par' dir='ltr' id='par_1_13' title="bbox 295 1467 1883 1538">
     <span class='ocr_line' id='line_1_13' title="bbox 295 1467 1883 1538; baseline 0 -15"><span class='ocrx_word' id='word_1_94' title='bbox 295 1468 514 1538; x_wconf 76' lang='lat' dir='ltr'><strong>Oportet</strong></span> <span class='ocrx_word' id='word_1_95' title='bbox 553 1478 722 1523; x_wconf 88' lang='lat' dir='ltr'><strong>autem</strong></span> <span class='ocrx_word' id='word_1_96' title='bbox 750 1468 896 1522; x_wconf 81' lang='lat' dir='ltr'><strong>illum</strong></span> <span class='ocrx_word' id='word_1_97' title='bbox 937 1477 984 1522; x_wconf 89' lang='lat' dir='ltr'><strong>et</strong></span> <span class='ocrx_word' id='word_1_98' title='bbox 1025 1468 1358 1522; x_wconf 86' lang='lat' dir='ltr'><strong>testimonium</strong></span> <span class='ocrx_word' id='word_1_99' title='bbox 1390 1467 1569 1520; x_wconf 85' lang='lat' dir='ltr'><strong>habere</strong></span> <span class='ocrx_word' id='word_1_100' title='bbox 1597 1467 1778 1521; x_wconf 83' lang='lat' dir='ltr'><strong>bonum</strong></span> <span class='ocrx_word' id='word_1_101' title='bbox 1809 1468 1883 1538; x_wconf 90' lang='lat' dir='ltr'><strong>(I.</strong></span> 
     </span>
    </p>
   </div>
   <div class='ocr_carea' id='block_1_14' title="bbox 291 1559 1884 1632">
    <p class='ocr_par' dir='ltr' id='par_1_14' title="bbox 291 1559 1884 1632">
     <span class='ocr_line' id='line_1_14' title="bbox 291 1559 1884 1632; baseline -0.002 -17"><span class='ocrx_word' id='word_1_102' title='bbox 291 1560 430 1615; x_wconf 86' lang='lat' dir='ltr'><strong>Tim.</strong></span> <span class='ocrx_word' id='word_1_103' title='bbox 457 1562 510 1616; x_wconf 77' lang='lat'><strong>5.</strong></span> <span class='ocrx_word' id='word_1_104' title='bbox 538 1559 629 1632; x_wconf 86' lang='lat'><strong>7);</strong></span> <span class='ocrx_word' id='word_1_105' title='bbox 657 1560 749 1614; x_wconf 89' lang='lat' dir='ltr'><strong>sed</strong></span> <span class='ocrx_word' id='word_1_106' title='bbox 771 1559 990 1626; x_wconf 81' lang='lat' dir='ltr'><strong>addidit,</strong></span> <span class='ocrx_word' id='word_1_107' title='bbox 1019 1559 1094 1613; x_wconf 86' lang='lat' dir='ltr'><strong>Ab</strong></span> <span class='ocrx_word' id='word_1_108' title='bbox 1118 1559 1180 1614; x_wconf 90' lang='lat' dir='ltr'><strong>iis</strong></span> <span class='ocrx_word' id='word_1_109' title='bbox 1205 1559 1290 1629; x_wconf 85' lang='lat' dir='ltr'><strong>qui</strong></span> <span class='ocrx_word' id='word_1_110' title='bbox 1312 1559 1436 1630; x_wconf 79' lang='lat' dir='ltr'><strong>foris</strong></span> <span class='ocrx_word' id='word_1_111' title='bbox 1465 1567 1604 1624; x_wconf 89' lang='lat' dir='ltr'><strong>sunt,</strong></span> <span class='ocrx_word' id='word_1_112' title='bbox 1634 1568 1690 1612; x_wconf 93' lang='lat' dir='ltr'><strong>ut</strong></span> <span class='ocrx_word' id='word_1_113' title='bbox 1717 1559 1884 1628; x_wconf 79' lang='lat' dir='ltr'><strong>palam</strong></span> 
     </span>
    </p>
   </div>
   <div class='ocr_carea' id='block_1_15' title="bbox 292 1649 1886 1722">
    <p class='ocr_par' dir='ltr' id='par_1_15' title="bbox 292 1649 1886 1722">
     <span class='ocr_line' id='line_1_15' title="bbox 292 1649 1886 1722; baseline -0.002 -15"><span class='ocrx_word' id='word_1_114' title='bbox 292 1652 534 1720; x_wconf 87' lang='lat' dir='ltr'><strong>faceret,</strong></span> <span class='ocrx_word' id='word_1_115' title='bbox 582 1663 889 1707; x_wconf 83' lang='lat' dir='ltr'><strong>exterorum</strong></span> <span class='ocrx_word' id='word_1_116' title='bbox 920 1651 1155 1722; x_wconf 90' lang='lat' dir='ltr'><strong>opinioni</strong></span> <span class='ocrx_word' id='word_1_117' title='bbox 1197 1659 1250 1705; x_wconf 92' lang='lat' dir='ltr'><strong>et</strong></span> <span class='ocrx_word' id='word_1_118' title='bbox 1284 1650 1437 1705; x_wconf 72' lang='lat' dir='ltr'><strong>fama:</strong></span> <span class='ocrx_word' id='word_1_119' title='bbox 1468 1652 1656 1721; x_wconf 71' lang='lat' dir='ltr'><strong>prmire</strong></span> <span class='ocrx_word' id='word_1_120' title='bbox 1693 1649 1886 1704; x_wconf 87' lang='lat' dir='ltr'><strong>debere</strong></span> 
     </span>
    </p>
   </div>
   <div class='ocr_carea' id='block_1_16' title="bbox 291 1742 1885 1813">
    <p class='ocr_par' dir='ltr' id='par_1_16' title="bbox 291 1742 1885 1813">
     <span class='ocr_line' id='line_1_16' title="bbox 291 1742 1885 1813; baseline -0.001 -16"><span class='ocrx_word' id='word_1_121' title='bbox 291 1753 606 1799; x_wconf 87' lang='lat' dir='ltr'><strong>accuratum</strong></span> <span class='ocrx_word' id='word_1_122' title='bbox 643 1758 890 1798; x_wconf 77' lang='lat' dir='ltr'><strong>examen.</strong></span> <span class='ocrx_word' id='word_1_123' title='bbox 931 1743 1190 1809; x_wconf 85' lang='lat' dir='ltr'><strong>Quoniam</strong></span> <span class='ocrx_word' id='word_1_124' title='bbox 1229 1742 1386 1813; x_wconf 80' lang='lat' dir='ltr'><strong>igitur</strong></span> <span class='ocrx_word' id='word_1_125' title='bbox 1414 1757 1512 1812; x_wconf 86' lang='lat' dir='ltr'><strong>ego</strong></span> <span class='ocrx_word' id='word_1_126' title='bbox 1536 1758 1654 1812; x_wconf 67' lang='lat' dir='ltr'><strong>qum</strong></span> <span class='ocrx_word' id='word_1_127' title='bbox 1682 1750 1732 1796; x_wconf 91' lang='lat' dir='ltr'><strong>te</strong></span> <span class='ocrx_word' id='word_1_128' title='bbox 1761 1757 1885 1812; x_wconf 81' lang='lat' dir='ltr'><strong>spc-</strong></span> 
     </span>
    </p>
   </div>
   <div class='ocr_carea' id='block_1_17' title="bbox 292 1833 1889 1904">
    <p class='ocr_par' dir='ltr' id='par_1_17' title="bbox 292 1833 1889 1904">
     <span class='ocr_line' id='line_1_17' title="bbox 292 1833 1889 1904; baseline -0.003 -15"><span class='ocrx_word' id='word_1_129' title='bbox 292 1834 516 1889; x_wconf 88' lang='lat' dir='ltr'><strong>ctabant</strong></span> <span class='ocrx_word' id='word_1_130' title='bbox 555 1833 674 1903; x_wconf 87' lang='lat' dir='ltr'><strong>plus</strong></span> <span class='ocrx_word' id='word_1_131' title='bbox 709 1849 867 1904; x_wconf 90' lang='lat' dir='ltr'><strong>quam</strong></span> <span class='ocrx_word' id='word_1_132' title='bbox 906 1842 1154 1904; x_wconf 86' lang='lat' dir='ltr'><strong>parentes</strong></span> <span class='ocrx_word' id='word_1_133' title='bbox 1197 1834 1307 1899; x_wconf 91' lang='lat' dir='ltr'><strong>tui,</strong></span> <span class='ocrx_word' id='word_1_134' title='bbox 1339 1842 1395 1887; x_wconf 94' lang='lat' dir='ltr'><strong>ut</strong></span> <span class='ocrx_word' id='word_1_135' title='bbox 1420 1836 1533 1902; x_wconf 84' lang='lat' dir='ltr'><strong>ipse</strong></span> <span class='ocrx_word' id='word_1_136' title='bbox 1561 1833 1762 1898; x_wconf 84' lang='lat' dir='ltr'><strong>fateris,</strong></span> <span class='ocrx_word' id='word_1_137' title='bbox 1792 1849 1889 1886; x_wconf 87' lang='lat' dir='ltr'><strong>no-</strong></span> 
     </span>
    </p>
   </div>
   <div class='ocr_carea' id='block_1_18' title="bbox 290 1923 1888 1996">
    <p class='ocr_par' dir='ltr' id='par_1_18' title="bbox 290 1923 1888 1996">
     <span class='ocr_line' id='line_1_18' title="bbox 290 1923 1888 1996; baseline 0.001 -20"><span class='ocrx_word' id='word_1_138' title='bbox 290 1939 479 1980; x_wconf 80' lang='lat' dir='ltr'><strong>veram</strong></span> <span class='ocrx_word' id='word_1_139' title='bbox 508 1966 521 1987; x_wconf 96' lang='lat'><strong>,</strong></span> <span class='ocrx_word' id='word_1_140' title='bbox 563 1925 686 1980; x_wconf 91' lang='lat' dir='ltr'><strong>ideo</strong></span> <span class='ocrx_word' id='word_1_141' title='bbox 713 1925 903 1996; x_wconf 91' lang='lat' dir='ltr'><strong>dignus</strong></span> <span class='ocrx_word' id='word_1_142' title='bbox 937 1939 1052 1978; x_wconf 88' lang='lat' dir='ltr'><strong>sum</strong></span> <span class='ocrx_word' id='word_1_143' title='bbox 1084 1923 1174 1995; x_wconf 89' lang='lat' dir='ltr'><strong>qui</strong></span> <span class='ocrx_word' id='word_1_144' title='bbox 1222 1923 1288 1977; x_wconf 91' lang='lat' dir='ltr'><strong>ab</strong></span> <span class='ocrx_word' id='word_1_145' title='bbox 1314 1923 1458 1976; x_wconf 89' lang='lat' dir='ltr'><strong>omni</strong></span> <span class='ocrx_word' id='word_1_146' title='bbox 1497 1923 1720 1978; x_wconf 87' lang='lat' dir='ltr'><strong>crimine</strong></span> <span class='ocrx_word' id='word_1_147' title='bbox 1757 1923 1888 1978; x_wconf 90' lang='lat' dir='ltr'><strong>liber</strong></span> 
     </span>
    </p>
   </div>
   <div class='ocr_carea' id='block_1_19' title="bbox 293 2017 560 2071">
    <p class='ocr_par' dir='ltr' id='par_1_19' title="bbox 293 2017 560 2071">
     <span class='ocr_line' id='line_1_19' title="bbox 293 2017 560 2071; baseline 0 -1"><span class='ocrx_word' id='word_1_148' title='bbox 293 2017 560 2071; x_wconf 82' lang='lat' dir='ltr'><strong>dimittar.</strong></span> 
     </span>
    </p>
   </div>
   <div class='ocr_carea' id='block_1_20' title="bbox 363 2101 1888 2180">
    <p class='ocr_par' dir='ltr' id='par_1_20' title="bbox 363 2101 1888 2180">
     <span class='ocr_line' id='line_1_20' title="bbox 363 2101 1888 2180; baseline -0.002 -17"><span class='ocrx_word' id='word_1_149' title='bbox 363 2109 695 2166; x_wconf 75' lang='lat' dir='ltr'><strong>BASILIUS.</strong></span> <span class='ocrx_word' id='word_1_150' title='bbox 721 2109 835 2166; x_wconf 83' lang='lat' dir='ltr'><strong>Non</strong></span> <span class='ocrx_word' id='word_1_151' title='bbox 865 2109 984 2164; x_wconf 86' lang='lat' dir='ltr'><strong>ideo</strong></span> <span class='ocrx_word' id='word_1_152' title='bbox 1005 2101 1257 2180; x_wconf 43' lang='lat' dir='ltr'><strong>&#39;eﬁ‘ugeris</strong></span> <span class='ocrx_word' id='word_1_153' title='bbox 1283 2151 1295 2176; x_wconf 89' lang='lat'><strong>,</strong></span> <span class='ocrx_word' id='word_1_154' title='bbox 1343 2108 1544 2180; x_wconf 88' lang='lat' dir='ltr'><strong>inquit,</strong></span> <span class='ocrx_word' id='word_1_155' title='bbox 1577 2108 1621 2163; x_wconf 91' lang='lat' dir='ltr'><strong>si</strong></span> <span class='ocrx_word' id='word_1_156' title='bbox 1652 2117 1702 2163; x_wconf 91' lang='lat' dir='ltr'><strong>te</strong></span> <span class='ocrx_word' id='word_1_157' title='bbox 1743 2109 1888 2178; x_wconf 51' lang='lat' dir='ltr'><strong>quis«</strong></span> 
     </span>
    </p>
   </div>
   <div class='ocr_carea' id='block_1_21' title="bbox 292 2199 1887 2270">
    <p class='ocr_par' dir='ltr' id='par_1_21' title="bbox 292 2199 1887 2270">
     <span class='ocr_line' id='line_1_21' title="bbox 292 2199 1887 2270; baseline 0.001 -17"><span class='ocrx_word' id='word_1_158' title='bbox 292 2201 437 2270; x_wconf 85' lang='lat' dir='ltr'><strong>piam</strong></span> <span class='ocrx_word' id='word_1_159' title='bbox 485 2215 741 2256; x_wconf 79' lang='lat' dir='ltr'><strong>accusare</strong></span> <span class='ocrx_word' id='word_1_160' title='bbox 786 2201 931 2255; x_wconf 80' lang='lat' dir='ltr'><strong>velit.</strong></span> <span class='ocrx_word' id='word_1_161' title='bbox 982 2204 1170 2255; x_wconf 81' lang='lat' dir='ltr'><strong>Annon</strong></span> <span class='ocrx_word' id='word_1_162' title='bbox 1221 2201 1506 2254; x_wconf 87' lang='lat' dir='ltr'><strong>meministi</strong></span> <span class='ocrx_word' id='word_1_163' title='bbox 1558 2209 1608 2254; x_wconf 91' lang='lat' dir='ltr'><strong>te</strong></span> <span class='ocrx_word' id='word_1_164' title='bbox 1654 2216 1684 2254; x_wconf 90' lang='lat' dir='ltr'><strong>a</strong></span> <span class='ocrx_word' id='word_1_165' title='bbox 1734 2199 1887 2254; x_wconf 86' lang='lat' dir='ltr'><strong>nobis</strong></span> 
     </span>
    </p>
   </div>
   <div class='ocr_carea' id='block_1_22' title="bbox 291 2291 1885 2362">
    <p class='ocr_par' dir='ltr' id='par_1_22' title="bbox 291 2291 1885 2362">
     <span class='ocr_line' id='line_1_22' title="bbox 291 2291 1885 2362; baseline -0.001 -16"><span class='ocrx_word' id='word_1_166' title='bbox 291 2305 439 2362; x_wconf 83' lang='lat' dir='ltr'><strong>saepe</strong></span> <span class='ocrx_word' id='word_1_167' title='bbox 470 2291 703 2357; x_wconf 87' lang='lat' dir='ltr'><strong>audisse,</strong></span> <span class='ocrx_word' id='word_1_168' title='bbox 731 2301 888 2362; x_wconf 88' lang='lat' dir='ltr'><strong>atque</strong></span> <span class='ocrx_word' id='word_1_169' title='bbox 907 2291 974 2346; x_wconf 92' lang='lat' dir='ltr'><strong>ab</strong></span> <span class='ocrx_word' id='word_1_170' title='bbox 1000 2291 1125 2360; x_wconf 81' lang='lat' dir='ltr'><strong>ipsis</strong></span> <span class='ocrx_word' id='word_1_171' title='bbox 1147 2292 1395 2361; x_wconf 88' lang='lat' dir='ltr'><strong>operibus</strong></span> <span class='ocrx_word' id='word_1_172' title='bbox 1421 2291 1701 2346; x_wconf 87' lang='lat' dir='ltr'><strong>edidicisse</strong></span> <span class='ocrx_word' id='word_1_173' title='bbox 1729 2306 1885 2360; x_wconf 89' lang='lat' dir='ltr'><strong>quam</strong></span> 
     </span>
    </p>
   </div>
   <div class='ocr_carea' id='block_1_23' title="bbox 291 2383 1884 2454">
    <p class='ocr_par' dir='ltr' id='par_1_23' title="bbox 291 2383 1884 2454">
     <span class='ocr_line' id='line_1_23' title="bbox 291 2383 1884 2454; baseline 0.001 -17"><span class='ocrx_word' id='word_1_174' title='bbox 291 2399 482 2453; x_wconf 89' lang='lat' dir='ltr'><strong>parum</strong></span> <span class='ocrx_word' id='word_1_175' title='bbox 505 2385 750 2454; x_wconf 80' lang='lat' dir='ltr'><strong>generosi</strong></span> <span class='ocrx_word' id='word_1_176' title='bbox 775 2385 873 2439; x_wconf 88' lang='lat' dir='ltr'><strong>sim</strong></span> <span class='ocrx_word' id='word_1_177' title='bbox 895 2385 1097 2438; x_wconf 83' lang='lat' dir='ltr'><strong>animi?</strong></span> <span class='ocrx_word' id='word_1_178' title='bbox 1129 2386 1317 2437; x_wconf 85' lang='lat' dir='ltr'><strong>Annon</strong></span> <span class='ocrx_word' id='word_1_179' title='bbox 1341 2383 1470 2438; x_wconf 91' lang='lat' dir='ltr'><strong>mihi</strong></span> <span class='ocrx_word' id='word_1_180' title='bbox 1496 2399 1637 2453; x_wconf 66' lang='lat' dir='ltr'><strong>saepe</strong></span> <span class='ocrx_word' id='word_1_181' title='bbox 1659 2383 1884 2439; x_wconf 90' lang='lat' dir='ltr'><strong>ridendo</strong></span> 
     </span>
    </p>
   </div>
   <div class='ocr_carea' id='block_1_24' title="bbox 291 2475 1886 2548">
    <p class='ocr_par' dir='ltr' id='par_1_24' title="bbox 291 2475 1886 2548">
     <span class='ocr_line' id='line_1_24' title="bbox 291 2475 1886 2548; baseline -0.001 -15"><span class='ocrx_word' id='word_1_182' title='bbox 291 2478 786 2548; x_wconf 74' lang='lat' dir='ltr'><strong>pusillanimitatem</strong></span> <span class='ocrx_word' id='word_1_183' title='bbox 829 2477 1231 2547; x_wconf 86' lang='lat' dir='ltr'><strong>exprobrabas,</strong></span> <span class='ocrx_word' id='word_1_184' title='bbox 1282 2475 1422 2547; x_wconf 91' lang='lat' dir='ltr'><strong>quod</strong></span> <span class='ocrx_word' id='word_1_185' title='bbox 1475 2475 1559 2530; x_wconf 87' lang='lat' dir='ltr'><strong>vel</strong></span> <span class='ocrx_word' id='word_1_186' title='bbox 1607 2475 1886 2532; x_wconf 82' lang='lat' dir='ltr'><strong>levissimis</strong></span> 
     </span>
    </p>
   </div>
   <div class='ocr_carea' id='block_1_25' title="bbox 290 2567 934 2639">
    <p class='ocr_par' dir='ltr' id='par_1_25' title="bbox 290 2567 934 2639">
     <span class='ocr_line' id='line_1_25' title="bbox 290 2567 934 2639; baseline -0.005 -15"><span class='ocrx_word' id='word_1_187' title='bbox 290 2570 438 2624; x_wconf 91' lang='lat' dir='ltr'><strong>curis</strong></span> <span class='ocrx_word' id='word_1_188' title='bbox 460 2569 615 2624; x_wconf 80' lang='lat' dir='ltr'><strong>facile</strong></span> <span class='ocrx_word' id='word_1_189' title='bbox 640 2567 934 2639; x_wconf 86' lang='lat' dir='ltr'><strong>dejicerer?</strong></span> 
     </span>
    </p>
   </div>
   <div class='ocr_carea' id='block_1_26' title="bbox 361 2656 1882 2731">
    <p class='ocr_par' dir='ltr' id='par_1_26' title="bbox 361 2656 1882 2731">
     <span class='ocr_line' id='line_1_26' title="bbox 361 2656 1882 2731; baseline -0.005 -15"><span class='ocrx_word' id='word_1_190' title='bbox 361 2661 417 2717; x_wconf 87' lang='lat'><strong>5.</strong></span> <span class='ocrx_word' id='word_1_191' title='bbox 450 2660 562 2714; x_wconf 87' lang='lat' dir='ltr'><strong>Nos</strong></span> <span class='ocrx_word' id='word_1_192' title='bbox 594 2669 798 2731; x_wconf 85' lang='lat' dir='ltr'><strong>prapter</strong></span> <span class='ocrx_word' id='word_1_193' title='bbox 823 2661 1079 2712; x_wconf 84' lang='lat' dir='ltr'><strong>caritatem</strong></span> <span class='ocrx_word' id='word_1_194' title='bbox 1108 2659 1160 2712; x_wconf 91' lang='lat' dir='ltr'><strong>in</strong></span> <span class='ocrx_word' id='word_1_195' title='bbox 1195 2656 1450 2712; x_wconf 85' lang='lat' dir='ltr'><strong>Christum</strong></span> <span class='ocrx_word' id='word_1_196' title='bbox 1484 2674 1588 2712; x_wconf 88' lang='lat' dir='ltr'><strong>rem</strong></span> <span class='ocrx_word' id='word_1_197' title='bbox 1623 2657 1769 2710; x_wconf 89' lang='lat' dir='ltr'><strong>istam</strong></span> <span class='ocrx_word' id='word_1_198' title='bbox 1795 2657 1882 2727; x_wconf 82' lang='lat' dir='ltr'><strong>fu-</strong></span> 
     </span>
    </p>
   </div>
   <div class='ocr_carea' id='block_1_27' title="bbox 287 2748 1884 2824">
    <p class='ocr_par' dir='ltr' id='par_1_27' title="bbox 287 2748 1884 2824">
     <span class='ocr_line' id='line_1_27' title="bbox 287 2748 1884 2824; baseline 0 -20"><span class='ocrx_word' id='word_1_199' title='bbox 287 2753 440 2824; x_wconf 81' lang='lat' dir='ltr'><strong>gisse.</strong></span> <span class='ocrx_word' id='word_1_200' title='bbox 473 2782 546 2792; x_wconf 96' lang='lat'><strong>—</strong></span> <span class='ocrx_word' id='word_1_201' title='bbox 574 2748 949 2806; x_wconf 82' lang='lat' dir='ltr'><strong>CIIRYSOS&#39;I‘.</strong></span> <span class='ocrx_word' id='word_1_202' title='bbox 978 2749 1190 2804; x_wconf 80' lang='lat' dir='ltr'><strong>Memini</strong></span> <span class='ocrx_word' id='word_1_203' title='bbox 1222 2763 1351 2804; x_wconf 84' lang='lat' dir='ltr'><strong>sane</strong></span> <span class='ocrx_word' id='word_1_204' title='bbox 1381 2764 1467 2803; x_wconf 90' lang='lat' dir='ltr'><strong>tne</strong></span> <span class='ocrx_word' id='word_1_205' title='bbox 1494 2763 1640 2819; x_wconf 87' lang='lat' dir='ltr'><strong>saepe</strong></span> <span class='ocrx_word' id='word_1_206' title='bbox 1663 2748 1764 2803; x_wconf 85' lang='lat' dir='ltr'><strong>hoc</strong></span> <span class='ocrx_word' id='word_1_207' title='bbox 1788 2749 1884 2804; x_wconf 90' lang='lat' dir='ltr'><strong>abs</strong></span> 
     </span>
    </p>
   </div>
   <div class='ocr_carea' id='block_1_28' title="bbox 288 2841 1885 2914">
    <p class='ocr_par' dir='ltr' id='par_1_28' title="bbox 288 2841 1885 2914">
     <span class='ocr_line' id='line_1_28' title="bbox 288 2841 1885 2914; baseline -0.002 -16"><span class='ocrx_word' id='word_1_208' title='bbox 288 2854 344 2900; x_wconf 92' lang='lat' dir='ltr'><strong>te</strong></span> <span class='ocrx_word' id='word_1_209' title='bbox 372 2843 579 2910; x_wconf 90' lang='lat' dir='ltr'><strong>audire,</strong></span> <span class='ocrx_word' id='word_1_210' title='bbox 608 2858 782 2914; x_wconf 90' lang='lat' dir='ltr'><strong>neque</strong></span> <span class='ocrx_word' id='word_1_211' title='bbox 822 2843 1028 2898; x_wconf 90' lang='lat' dir='ltr'><strong>inﬁcias</strong></span> <span class='ocrx_word' id='word_1_212' title='bbox 1054 2857 1140 2897; x_wconf 86' lang='lat' dir='ltr'><strong>eo.</strong></span> <span class='ocrx_word' id='word_1_213' title='bbox 1171 2843 1282 2912; x_wconf 87' lang='lat' dir='ltr'><strong>Ego</strong></span> <span class='ocrx_word' id='word_1_214' title='bbox 1311 2857 1439 2896; x_wconf 89' lang='lat' dir='ltr'><strong>vero</strong></span> <span class='ocrx_word' id='word_1_215' title='bbox 1479 2841 1522 2895; x_wconf 89' lang='lat' dir='ltr'><strong>si</strong></span> <span class='ocrx_word' id='word_1_216' title='bbox 1557 2841 1769 2912; x_wconf 84' lang='lat' dir='ltr'><strong>quando</strong></span> <span class='ocrx_word' id='word_1_217' title='bbox 1797 2858 1885 2896; x_wconf 84' lang='lat' dir='ltr'><strong>ca-</strong></span> 
     </span>
    </p>
   </div>
   <div class='ocr_carea' id='block_1_29' title="bbox 285 2932 1882 3005">
    <p class='ocr_par' dir='ltr' id='par_1_29' title="bbox 285 2932 1882 3005">
     <span class='ocr_line' id='line_1_29' title="bbox 285 2932 1882 3005; baseline -0.001 -17"><span class='ocrx_word' id='word_1_218' title='bbox 285 2934 534 3000; x_wconf 72' lang='lat' dir='ltr'><strong>villabar,</strong></span> <span class='ocrx_word' id='word_1_219' title='bbox 570 2935 718 3005; x_wconf 89' lang='lat' dir='ltr'><strong>joco,</strong></span> <span class='ocrx_word' id='word_1_220' title='bbox 751 2949 858 2989; x_wconf 92' lang='lat' dir='ltr'><strong>non</strong></span> <span class='ocrx_word' id='word_1_221' title='bbox 915 2933 1078 2999; x_wconf 90' lang='lat' dir='ltr'><strong>serio,</strong></span> <span class='ocrx_word' id='word_1_222' title='bbox 1121 2933 1171 2987; x_wconf 92' lang='lat' dir='ltr'><strong>id</strong></span> <span class='ocrx_word' id='word_1_223' title='bbox 1213 2932 1455 3003; x_wconf 81' lang='lat' dir='ltr'><strong>agebam.</strong></span> <span class='ocrx_word' id='word_1_224' title='bbox 1487 2933 1737 2986; x_wconf 85' lang='lat' dir='ltr'><strong>Attamen</strong></span> <span class='ocrx_word' id='word_1_225' title='bbox 1776 2948 1882 2987; x_wconf 93' lang='lat' dir='ltr'><strong>non</strong></span> 
     </span>
    </p>
   </div>
   <div class='ocr_carea' id='block_1_30' title="bbox 287 3022 1880 3094">
    <p class='ocr_par' dir='ltr' id='par_1_30' title="bbox 287 3022 1880 3094">
     <span class='ocr_line' id='line_1_30' title="bbox 287 3022 1880 3094; baseline -0.003 -11"><span class='ocrx_word' id='word_1_226' title='bbox 287 3043 352 3083; x_wconf 86' lang='lat' dir='ltr'><strong>ea</strong></span> <span class='ocrx_word' id='word_1_227' title='bbox 395 3027 466 3083; x_wconf 90' lang='lat' dir='ltr'><strong>de</strong></span> <span class='ocrx_word' id='word_1_228' title='bbox 504 3042 564 3083; x_wconf 88' lang='lat' dir='ltr'><strong>re</strong></span> <span class='ocrx_word' id='word_1_229' title='bbox 600 3041 744 3082; x_wconf 91' lang='lat' dir='ltr'><strong>nunc</strong></span> <span class='ocrx_word' id='word_1_230' title='bbox 771 3025 1124 3090; x_wconf 88' lang='lat' dir='ltr'><strong>contendam;</strong></span> <span class='ocrx_word' id='word_1_231' title='bbox 1168 3040 1300 3094; x_wconf 89' lang='lat' dir='ltr'><strong>rogo</strong></span> <span class='ocrx_word' id='word_1_232' title='bbox 1335 3035 1383 3079; x_wconf 89' lang='lat' dir='ltr'><strong>te</strong></span> <span class='ocrx_word' id='word_1_233' title='bbox 1422 3032 1601 3078; x_wconf 89' lang='lat' dir='ltr'><strong>autem</strong></span> <span class='ocrx_word' id='word_1_234' title='bbox 1638 3022 1880 3078; x_wconf 90' lang='lat' dir='ltr'><strong>eamdem</strong></span> 
     </span>
    </p>
   </div>
   <div class='ocr_carea' id='block_1_31' title="bbox 287 3115 1883 3190">
    <p class='ocr_par' dir='ltr' id='par_1_31' title="bbox 287 3115 1883 3190">
     <span class='ocr_line' id='line_1_31' title="bbox 287 3115 1883 3190; baseline -0.004 -16"><span class='ocrx_word' id='word_1_235' title='bbox 287 3121 417 3174; x_wconf 88' lang='lat' dir='ltr'><strong>mihi</strong></span> <span class='ocrx_word' id='word_1_236' title='bbox 438 3128 662 3189; x_wconf 74' lang='lat' dir='ltr'><strong>praestes</strong></span> <span class='ocrx_word' id='word_1_237' title='bbox 685 3118 1090 3190; x_wconf 80' lang='lat' dir='ltr'><strong>ingenuitatem,</strong></span> <span class='ocrx_word' id='word_1_238' title='bbox 1115 3115 1202 3170; x_wconf 90' lang='lat' dir='ltr'><strong>ubi</strong></span> <span class='ocrx_word' id='word_1_239' title='bbox 1227 3116 1482 3169; x_wconf 90' lang='lat' dir='ltr'><strong>virtutum</strong></span> <span class='ocrx_word' id='word_1_240' title='bbox 1501 3123 1708 3169; x_wconf 89' lang='lat' dir='ltr'><strong>tuarum</strong></span> <span class='ocrx_word' id='word_1_241' title='bbox 1733 3130 1883 3168; x_wconf 85' lang='lat' dir='ltr'><strong>men-</strong></span> 
     </span>
    </p>
   </div>
   <div class='ocr_carea' id='block_1_32' title="bbox 285 3203 1880 3265">
    <p class='ocr_par' dir='ltr' id='par_1_32' title="bbox 285 3203 1880 3265">
     <span class='ocr_line' id='line_1_32' title="bbox 285 3203 1880 3265; baseline -0.005 0"><span class='ocrx_word' id='word_1_242' title='bbox 285 3213 490 3265; x_wconf 85' lang='lat' dir='ltr'><strong>tionem</strong></span> <span class='ocrx_word' id='word_1_243' title='bbox 524 3209 735 3264; x_wconf 88' lang='lat' dir='ltr'><strong>faciam.</strong></span> <span class='ocrx_word' id='word_1_244' title='bbox 774 3208 988 3263; x_wconf 87' lang='lat' dir='ltr'><strong>Etenim</strong></span> <span class='ocrx_word' id='word_1_245' title='bbox 1024 3207 1068 3262; x_wconf 91' lang='lat' dir='ltr'><strong>si</strong></span> <span class='ocrx_word' id='word_1_246' title='bbox 1107 3206 1320 3261; x_wconf 90' lang='lat' dir='ltr'><strong>coneris</strong></span> <span class='ocrx_word' id='word_1_247' title='bbox 1360 3220 1460 3260; x_wconf 91' lang='lat' dir='ltr'><strong>nos</strong></span> <span class='ocrx_word' id='word_1_248' title='bbox 1502 3203 1764 3259; x_wconf 88' lang='lat' dir='ltr'><strong>mendacii</strong></span> <span class='ocrx_word' id='word_1_249' title='bbox 1790 3220 1880 3258; x_wconf 87' lang='lat' dir='ltr'><strong>ar-</strong></span> 
     </span>
    </p>
   </div>
   <div class='ocr_carea' id='block_1_33' title="bbox 288 3297 1881 3376">
    <p class='ocr_par' dir='ltr' id='par_1_33' title="bbox 288 3297 1881 3376">
     <span class='ocr_line' id='line_1_33' title="bbox 288 3297 1881 3376; baseline -0.004 -20"><span class='ocrx_word' id='word_1_250' title='bbox 288 3320 483 3376; x_wconf 82' lang='lat' dir='ltr'><strong>guere,</strong></span> <span class='ocrx_word' id='word_1_251' title='bbox 530 3303 621 3358; x_wconf 90' lang='lat' dir='ltr'><strong>tibi</strong></span> <span class='ocrx_word' id='word_1_252' title='bbox 665 3319 769 3356; x_wconf 88' lang='lat' dir='ltr'><strong>non</strong></span> <span class='ocrx_word' id='word_1_253' title='bbox 812 3314 1112 3372; x_wconf 90' lang='lat' dir='ltr'><strong>parccmus,</strong></span> <span class='ocrx_word' id='word_1_254' title='bbox 1150 3298 1242 3353; x_wconf 91' lang='lat' dir='ltr'><strong>scd</strong></span> <span class='ocrx_word' id='word_1_255' title='bbox 1279 3297 1623 3353; x_wconf 88' lang='lat' dir='ltr'><strong>ostendemus</strong></span> <span class='ocrx_word' id='word_1_256' title='bbox 1667 3305 1718 3351; x_wconf 89' lang='lat' dir='ltr'><strong>te</strong></span> <span class='ocrx_word' id='word_1_257' title='bbox 1760 3311 1881 3350; x_wconf 84' lang='lat' dir='ltr'><strong>mo-</strong></span> 
     </span>
    </p>
   </div>
   <div class='ocr_carea' id='block_1_34' title="bbox 283 3386 1876 3464">
    <p class='ocr_par' dir='ltr' id='par_1_34' title="bbox 283 3386 1876 3464">
     <span class='ocr_line' id='line_1_34' title="bbox 283 3386 1876 3464; baseline -0.005 -14"><span class='ocrx_word' id='word_1_258' title='bbox 283 3397 474 3451; x_wconf 73' lang='lat' dir='ltr'><strong>destize</strong></span> <span class='ocrx_word' id='word_1_259' title='bbox 500 3395 700 3464; x_wconf 89' lang='lat' dir='ltr'><strong>potius,</strong></span> <span class='ocrx_word' id='word_1_260' title='bbox 721 3407 878 3464; x_wconf 90' lang='lat' dir='ltr'><strong>quam</strong></span> <span class='ocrx_word' id='word_1_261' title='bbox 902 3391 1142 3446; x_wconf 85' lang='lat' dir='ltr'><strong>veritatis</strong></span> <span class='ocrx_word' id='word_1_262' title='bbox 1160 3405 1318 3445; x_wconf 89' lang='lat' dir='ltr'><strong>causa</strong></span> <span class='ocrx_word' id='word_1_263' title='bbox 1340 3388 1456 3443; x_wconf 70' lang='lat' dir='ltr'><strong>hazc</strong></span> <span class='ocrx_word' id='word_1_264' title='bbox 1479 3389 1638 3443; x_wconf 88' lang='lat' dir='ltr'><strong>verba</strong></span> <span class='ocrx_word' id='word_1_265' title='bbox 1661 3386 1876 3454; x_wconf 86' lang='lat' dir='ltr'><strong>fecisse,</strong></span> 
     </span>
    </p>
   </div>
   <div class='ocr_carea' id='block_1_35' title="bbox 283 3479 1878 3554">
    <p class='ocr_par' dir='ltr' id='par_1_35' title="bbox 283 3479 1878 3554">
     <span class='ocr_line' id='line_1_35' title="bbox 283 3479 1878 3554; baseline -0.004 -13"><span class='ocrx_word' id='word_1_266' title='bbox 283 3502 392 3541; x_wconf 92' lang='lat' dir='ltr'><strong>non</strong></span> <span class='ocrx_word' id='word_1_267' title='bbox 424 3485 545 3540; x_wconf 89' lang='lat' dir='ltr'><strong>aliis</strong></span> <span class='ocrx_word' id='word_1_268' title='bbox 579 3500 739 3554; x_wconf 91' lang='lat' dir='ltr'><strong>quam</strong></span> <span class='ocrx_word' id='word_1_269' title='bbox 766 3483 944 3539; x_wconf 89' lang='lat' dir='ltr'><strong>verbis</strong></span> <span class='ocrx_word' id='word_1_270' title='bbox 973 3492 1027 3537; x_wconf 93' lang='lat' dir='ltr'><strong>et</strong></span> <span class='ocrx_word' id='word_1_271' title='bbox 1063 3481 1216 3536; x_wconf 86' lang='lat' dir='ltr'><strong>factis</strong></span> <span class='ocrx_word' id='word_1_272' title='bbox 1243 3481 1347 3536; x_wconf 88' lang='lat' dir='ltr'><strong>tuis</strong></span> <span class='ocrx_word' id='word_1_273' title='bbox 1381 3481 1652 3549; x_wconf 87' lang='lat' dir='ltr'><strong>usurpatis</strong></span> <span class='ocrx_word' id='word_1_274' title='bbox 1678 3479 1742 3534; x_wconf 90' lang='lat' dir='ltr'><strong>ad</strong></span> <span class='ocrx_word' id='word_1_275' title='bbox 1767 3495 1878 3534; x_wconf 91' lang='lat' dir='ltr'><strong>rem</strong></span> 
     </span>
    </p>
   </div>
   <div class='ocr_carea' id='block_1_36' title="bbox 283 3573 1878 3646">
    <p class='ocr_par' dir='ltr' id='par_1_36' title="bbox 283 3573 1878 3646">
     <span class='ocr_line' id='line_1_36' title="bbox 283 3573 1878 3646; baseline -0.004 -12"><span class='ocrx_word' id='word_1_276' title='bbox 283 3577 708 3634; x_wconf 90' lang='lat' dir='ltr'><strong>conﬁrmandam</strong></span> <span class='ocrx_word' id='word_1_277' title='bbox 739 3577 983 3632; x_wconf 84' lang='lat' dir='ltr'><strong>testibus.</strong></span> <span class='ocrx_word' id='word_1_278' title='bbox 1029 3578 1205 3646; x_wconf 85' lang='lat' dir='ltr'><strong>Atque</strong></span> <span class='ocrx_word' id='word_1_279' title='bbox 1236 3574 1465 3644; x_wconf 89' lang='lat' dir='ltr'><strong>primum</strong></span> <span class='ocrx_word' id='word_1_280' title='bbox 1507 3573 1603 3628; x_wconf 91' lang='lat' dir='ltr'><strong>abs</strong></span> <span class='ocrx_word' id='word_1_281' title='bbox 1643 3582 1694 3628; x_wconf 90' lang='lat' dir='ltr'><strong>te</strong></span> <span class='ocrx_word' id='word_1_282' title='bbox 1728 3589 1878 3643; x_wconf 70' lang='lat' dir='ltr'><strong>qute-</strong></span> 
     </span>
    </p>
   </div>
   <div class='ocr_carea' id='block_1_37' title="bbox 284 3663 1876 3737">
    <p class='ocr_par' dir='ltr' id='par_1_37' title="bbox 284 3663 1876 3737">
     <span class='ocr_line' id='line_1_37' title="bbox 284 3663 1876 3737; baseline -0.004 -12"><span class='ocrx_word' id='word_1_283' title='bbox 284 3685 412 3725; x_wconf 89' lang='lat' dir='ltr'><strong>rere</strong></span> <span class='ocrx_word' id='word_1_284' title='bbox 445 3669 567 3724; x_wconf 87' lang='lat' dir='ltr'><strong>volo</strong></span> <span class='ocrx_word' id='word_1_285' title='bbox 601 3686 615 3722; x_wconf 92' lang='lat'><strong>:</strong></span> <span class='ocrx_word' id='word_1_286' title='bbox 644 3667 868 3733; x_wconf 81' lang='lat' dir='ltr'><strong>Nostin‘,</strong></span> <span class='ocrx_word' id='word_1_287' title='bbox 899 3673 1092 3737; x_wconf 87' lang='lat' dir='ltr'><strong>quanta</strong></span> <span class='ocrx_word' id='word_1_288' title='bbox 1133 3666 1205 3719; x_wconf 92' lang='lat' dir='ltr'><strong>sit</strong></span> <span class='ocrx_word' id='word_1_289' title='bbox 1241 3665 1322 3719; x_wconf 88' lang='lat' dir='ltr'><strong>vis</strong></span> <span class='ocrx_word' id='word_1_290' title='bbox 1354 3664 1636 3719; x_wconf 87' lang='lat' dir='ltr'><strong>caritatis?</strong></span> <span class='ocrx_word' id='word_1_291' title='bbox 1667 3663 1876 3719; x_wconf 83' lang='lat' dir='ltr'><strong>Etenim</strong></span> 
     </span>
    </p>
   </div>
   <div class='ocr_carea' id='block_1_38' title="bbox 282 3755 1878 3829">
    <p class='ocr_par' dir='ltr' id='par_1_38' title="bbox 282 3755 1878 3829">
     <span class='ocr_line' id='line_1_38' title="bbox 282 3755 1878 3829; baseline -0.005 -11"><span class='ocrx_word' id='word_1_292' title='bbox 282 3762 558 3829; x_wconf 88' lang='lat' dir='ltr'><strong>Christus,</strong></span> <span class='ocrx_word' id='word_1_293' title='bbox 587 3760 768 3815; x_wconf 90' lang='lat' dir='ltr'><strong>missis</strong></span> <span class='ocrx_word' id='word_1_294' title='bbox 798 3758 1053 3829; x_wconf 83' lang='lat' dir='ltr'><strong>prodigiis</strong></span> <span class='ocrx_word' id='word_1_295' title='bbox 1084 3757 1352 3822; x_wconf 86' lang='lat' dir='ltr'><strong>omnibus,</strong></span> <span class='ocrx_word' id='word_1_296' title='bbox 1384 3771 1503 3826; x_wconf 72' lang='lat' dir='ltr'><strong>quae</strong></span> <span class='ocrx_word' id='word_1_297' title='bbox 1531 3756 1598 3810; x_wconf 91' lang='lat' dir='ltr'><strong>ab</strong></span> <span class='ocrx_word' id='word_1_298' title='bbox 1621 3755 1878 3825; x_wconf 87' lang='lat' dir='ltr'><strong>apostolis</strong></span> 
     </span>
    </p>
   </div>
   <div class='ocr_carea' id='block_1_39' title="bbox 285 3849 1874 3922">
    <p class='ocr_par' dir='ltr' id='par_1_39' title="bbox 285 3849 1874 3922">
     <span class='ocr_line' id='line_1_39' title="bbox 285 3849 1874 3922; baseline -0.006 -12"><span class='ocrx_word' id='word_1_299' title='bbox 285 3855 497 3911; x_wconf 89' lang='lat' dir='ltr'><strong>edenda</strong></span> <span class='ocrx_word' id='word_1_300' title='bbox 548 3862 720 3920; x_wconf 91' lang='lat' dir='ltr'><strong>erant,</strong></span> <span class='ocrx_word' id='word_1_301' title='bbox 773 3851 839 3907; x_wconf 86' lang='lat' dir='ltr'><strong>In</strong></span> <span class='ocrx_word' id='word_1_302' title='bbox 883 3853 1006 3917; x_wconf 87' lang='lat' dir='ltr'><strong>hoc,</strong></span> <span class='ocrx_word' id='word_1_303' title='bbox 1055 3851 1244 3922; x_wconf 89' lang='lat' dir='ltr'><strong>inquit,</strong></span> <span class='ocrx_word' id='word_1_304' title='bbox 1291 3859 1588 3922; x_wconf 83' lang='lat' dir='ltr'><strong>cognoscent</strong></span> <span class='ocrx_word' id='word_1_305' title='bbox 1629 3849 1874 3916; x_wconf 85' lang='lat' dir='ltr'><strong>homines,</strong></span> 
     </span>
    </p>
   </div>
   <div class='ocr_carea' id='block_1_40' title="bbox 282 3943 1875 4017">
    <p class='ocr_par' dir='ltr' id='par_1_40' title="bbox 282 3943 1875 4017">
     <span class='ocr_line' id='line_1_40' title="bbox 282 3943 1875 4017; baseline -0.004 -16"><span class='ocrx_word' id='word_1_306' title='bbox 282 3949 405 4017; x_wconf 87' lang='lat' dir='ltr'><strong>quia</strong></span> <span class='ocrx_word' id='word_1_307' title='bbox 431 3948 670 4017; x_wconf 77' lang='lat' dir='ltr'><strong>discipuli</strong></span> <span class='ocrx_word' id='word_1_308' title='bbox 698 3947 795 4001; x_wconf 85' lang='lat' dir='ltr'><strong>mei</strong></span> <span class='ocrx_word' id='word_1_309' title='bbox 821 3946 958 4010; x_wconf 86' lang='lat' dir='ltr'><strong>estis,</strong></span> <span class='ocrx_word' id='word_1_310' title='bbox 983 3946 1026 3999; x_wconf 93' lang='lat' dir='ltr'><strong>si</strong></span> <span class='ocrx_word' id='word_1_311' title='bbox 1052 3943 1373 3998; x_wconf 83' lang='lat' dir='ltr'><strong>dilectionem</strong></span> <span class='ocrx_word' id='word_1_312' title='bbox 1399 3943 1674 3998; x_wconf 73' lang='lat' dir='ltr'><strong>habueritis</strong></span> <span class='ocrx_word' id='word_1_313' title='bbox 1694 3943 1762 3997; x_wconf 86' lang='lat' dir='ltr'><strong>ad</strong></span> <span class='ocrx_word' id='word_1_314' title='bbox 1792 3943 1875 3996; x_wconf 83' lang='lat' dir='ltr'><strong>in-</strong></span> 
     </span>
    </p>
   </div>
   <div class='ocr_carea' id='block_1_41' title="bbox 283 4034 1877 4108">
    <p class='ocr_par' dir='ltr' id='par_1_41' title="bbox 283 4034 1877 4108">
     <span class='ocr_line' id='line_1_41' title="bbox 283 4034 1877 4108; baseline -0.002 -16"><span class='ocrx_word' id='word_1_315' title='bbox 283 4040 442 4093; x_wconf 66' lang='lat' dir='ltr'><strong>vicem</strong></span> <span class='ocrx_word' id='word_1_316' title='bbox 491 4038 668 4108; x_wconf 78' lang='lat' dir='ltr'><strong>(Joan.</strong></span> <span class='ocrx_word' id='word_1_317' title='bbox 712 4038 804 4092; x_wconf 71' lang='lat' dir='ltr'><strong>i5.</strong></span> <span class='ocrx_word' id='word_1_318' title='bbox 857 4036 974 4107; x_wconf 75' lang='lat'><strong>55).</strong></span> <span class='ocrx_word' id='word_1_319' title='bbox 1022 4035 1220 4090; x_wconf 85' lang='lat' dir='ltr'><strong>Paulus</strong></span> <span class='ocrx_word' id='word_1_320' title='bbox 1263 4050 1392 4089; x_wconf 88' lang='lat' dir='ltr'><strong>vero</strong></span> <span class='ocrx_word' id='word_1_321' title='bbox 1445 4034 1519 4088; x_wconf 88' lang='lat' dir='ltr'><strong>ait</strong></span> <span class='ocrx_word' id='word_1_322' title='bbox 1564 4034 1707 4088; x_wconf 86' lang='lat' dir='ltr'><strong>illam</strong></span> <span class='ocrx_word' id='word_1_323' title='bbox 1755 4048 1877 4089; x_wconf 89' lang='lat' dir='ltr'><strong>esse</strong></span> 
     </span>
    </p>
   </div>
   <div class='ocr_carea' id='block_1_42' title="bbox 284 4126 1879 4200">
    <p class='ocr_par' dir='ltr' id='par_1_42' title="bbox 284 4126 1879 4200">
     <span class='ocr_line' id='line_1_42' title="bbox 284 4126 1879 4200; baseline -0.003 -14"><span class='ocrx_word' id='word_1_324' title='bbox 284 4132 420 4200; x_wconf 79' lang='lat' dir='ltr'><strong>legis</strong></span> <span class='ocrx_word' id='word_1_325' title='bbox 448 4133 464 4163; x_wconf 86' lang='grc'>¹</span> <span class='ocrx_word' id='word_1_326' title='bbox 494 4130 876 4199; x_wconf 90' lang='lat' dir='ltr'><strong>plenitudinem</strong></span> <span class='ocrx_word' id='word_1_327' title='bbox 896 4170 911 4192; x_wconf 86' lang='lat'><strong>,</strong></span> <span class='ocrx_word' id='word_1_328' title='bbox 951 4129 1066 4186; x_wconf 90' lang='lat' dir='ltr'><strong>sine</strong></span> <span class='ocrx_word' id='word_1_329' title='bbox 1104 4144 1205 4198; x_wconf 90' lang='lat' dir='ltr'><strong>qua</strong></span> <span class='ocrx_word' id='word_1_330' title='bbox 1235 4127 1553 4183; x_wconf 87' lang='lat' dir='ltr'><strong>charismata</strong></span> <span class='ocrx_word' id='word_1_331' title='bbox 1592 4126 1721 4181; x_wconf 88' lang='lat' dir='ltr'><strong>nihil</strong></span> <span class='ocrx_word' id='word_1_332' title='bbox 1751 4141 1879 4197; x_wconf 91' lang='lat' dir='ltr'><strong>pro-</strong></span> 
     </span>
    </p>
   </div>
   <div class='ocr_carea' id='block_1_43' title="bbox 283 4217 1873 4291">
    <p class='ocr_par' dir='ltr' id='par_1_43' title="bbox 283 4217 1873 4291">
     <span class='ocr_line' id='line_1_43' title="bbox 283 4217 1873 4291; baseline -0.003 -14"><span class='ocrx_word' id='word_1_333' title='bbox 283 4233 409 4278; x_wconf 88' lang='lat' dir='ltr'><strong>sunt</strong></span> <span class='ocrx_word' id='word_1_334' title='bbox 436 4222 614 4287; x_wconf 87' lang='lat' dir='ltr'><strong>(Rom.</strong></span> <span class='ocrx_word' id='word_1_335' title='bbox 639 4223 727 4276; x_wconf 79' lang='lat' dir='ltr'><strong>I5.</strong></span> <span class='ocrx_word' id='word_1_336' title='bbox 755 4220 866 4291; x_wconf 87' lang='lat' dir='ltr'><strong>I0).</strong></span> <span class='ocrx_word' id='word_1_337' title='bbox 894 4219 1029 4275; x_wconf 90' lang='lat' dir='ltr'><strong>Illud</strong></span> <span class='ocrx_word' id='word_1_338' title='bbox 1052 4235 1182 4274; x_wconf 88' lang='lat' dir='ltr'><strong>sane</strong></span> <span class='ocrx_word' id='word_1_339' title='bbox 1203 4220 1455 4275; x_wconf 89' lang='lat' dir='ltr'><strong>eximium</strong></span> <span class='ocrx_word' id='word_1_340' title='bbox 1479 4220 1697 4285; x_wconf 90' lang='lat' dir='ltr'><strong>bonum,</strong></span> <span class='ocrx_word' id='word_1_341' title='bbox 1720 4217 1873 4273; x_wconf 88' lang='lat' dir='ltr'><strong>disci-</strong></span> 
     </span>
    </p>
   </div>
   <div class='ocr_carea' id='block_1_44' title="bbox 283 4308 1874 4384">
    <p class='ocr_par' dir='ltr' id='par_1_44' title="bbox 283 4308 1874 4384">
     <span class='ocr_line' id='line_1_44' title="bbox 283 4308 1874 4384; baseline -0.002 -17"><span class='ocrx_word' id='word_1_342' title='bbox 283 4315 535 4384; x_wconf 90' lang='lat' dir='ltr'><strong>pulorum</strong></span> <span class='ocrx_word' id='word_1_343' title='bbox 584 4311 782 4367; x_wconf 88' lang='lat' dir='ltr'><strong>Christi</strong></span> <span class='ocrx_word' id='word_1_344' title='bbox 827 4314 1061 4382; x_wconf 89' lang='lat' dir='ltr'><strong>signum,</strong></span> <span class='ocrx_word' id='word_1_345' title='bbox 1103 4309 1246 4380; x_wconf 89' lang='lat' dir='ltr'><strong>quod</strong></span> <span class='ocrx_word' id='word_1_346' title='bbox 1290 4311 1418 4379; x_wconf 82' lang='lat' dir='ltr'><strong>ipsis</strong></span> <span class='ocrx_word' id='word_1_347' title='bbox 1461 4308 1874 4364; x_wconf 89' lang='lat' dir='ltr'><strong>charismatibus</strong></span> 
     </span>
    </p>
   </div>
   <div class='ocr_carea' id='block_1_45' title="bbox 283 4401 1876 4474">
    <p class='ocr_par' dir='ltr' id='par_1_45' title="bbox 283 4401 1876 4474">
     <span class='ocr_line' id='line_1_45' title="bbox 283 4401 1876 4474; baseline -0.002 -14"><span class='ocrx_word' id='word_1_348' title='bbox 283 4405 534 4474; x_wconf 82' lang='lat' dir='ltr'><strong>superius</strong></span> <span class='ocrx_word' id='word_1_349' title='bbox 557 4411 660 4468; x_wconf 92' lang='lat' dir='ltr'><strong>est,</strong></span> <span class='ocrx_word' id='word_1_350' title='bbox 692 4401 798 4458; x_wconf 90' lang='lat' dir='ltr'><strong>vidi</strong></span> <span class='ocrx_word' id='word_1_351' title='bbox 826 4403 877 4457; x_wconf 91' lang='lat' dir='ltr'><strong>in</strong></span> <span class='ocrx_word' id='word_1_352' title='bbox 907 4402 1088 4456; x_wconf 89' lang='lat' dir='ltr'><strong>animo</strong></span> <span class='ocrx_word' id='word_1_353' title='bbox 1115 4411 1204 4456; x_wconf 91' lang='lat' dir='ltr'><strong>tuo</strong></span> <span class='ocrx_word' id='word_1_354' title='bbox 1232 4417 1492 4472; x_wconf 81' lang='lat' dir='ltr'><strong>generose</strong></span> <span class='ocrx_word' id='word_1_355' title='bbox 1518 4403 1754 4467; x_wconf 90' lang='lat' dir='ltr'><strong>insitum,</strong></span> <span class='ocrx_word' id='word_1_356' title='bbox 1782 4417 1876 4457; x_wconf 64' lang='lat' dir='ltr'><strong>eoo</strong></span> 
     </span>
    </p>
   </div>
   <div class='ocr_carea' id='block_1_46' title="bbox 283 4491 1873 4565">
    <p class='ocr_par' dir='ltr' id='par_1_46' title="bbox 283 4491 1873 4565">
     <span class='ocr_line' id='line_1_46' title="bbox 283 4491 1873 4565; baseline -0.001 -15"><span class='ocrx_word' id='word_1_357' title='bbox 283 4497 604 4565; x_wconf 77' lang='lat' dir='ltr'><strong>piosumque</strong></span> <span class='ocrx_word' id='word_1_358' title='bbox 629 4495 859 4550; x_wconf 89' lang='lat' dir='ltr'><strong>fructum</strong></span> <span class='ocrx_word' id='word_1_359' title='bbox 897 4493 1167 4549; x_wconf 87' lang='lat' dir='ltr'><strong>emittere.</strong></span> <span class='ocrx_word' id='word_1_360' title='bbox 1195 4493 1329 4548; x_wconf 85' lang='lat' dir='ltr'><strong>Tum</strong></span> <span class='ocrx_word' id='word_1_361' title='bbox 1359 4491 1662 4550; x_wconf 83' lang='lat' dir='ltr'><strong>BASILIUS</strong></span> <span class='ocrx_word' id='word_1_362' title='bbox 1701 4512 1715 4548; x_wconf 88' lang='lat'><strong>:</strong></span> <span class='ocrx_word' id='word_1_363' title='bbox 1747 4494 1873 4549; x_wconf 81' lang='lat' dir='ltr'><strong>Mihi</strong></span> 
     </span>
    </p>
   </div>
   <div class='ocr_carea' id='block_1_47' title="bbox 283 4586 1873 4656">
    <p class='ocr_par' dir='ltr' id='par_1_47' title="bbox 283 4586 1873 4656">
     <span class='ocr_line' id='line_1_47' title="bbox 283 4586 1873 4656; baseline 0.001 -14"><span class='ocrx_word' id='word_1_364' title='bbox 283 4586 423 4642; x_wconf 88' lang='lat' dir='ltr'><strong>hanc</strong></span> <span class='ocrx_word' id='word_1_365' title='bbox 463 4603 576 4642; x_wconf 89' lang='lat' dir='ltr'><strong>rem</strong></span> <span class='ocrx_word' id='word_1_366' title='bbox 614 4602 956 4656; x_wconf 88' lang='lat' dir='ltr'><strong>summopere</strong></span> <span class='ocrx_word' id='word_1_367' title='bbox 993 4601 1136 4641; x_wconf 67' lang='lat' dir='ltr'><strong>cura:</strong></span> <span class='ocrx_word' id='word_1_368' title='bbox 1165 4601 1306 4650; x_wconf 89' lang='lat' dir='ltr'><strong>esse,</strong></span> <span class='ocrx_word' id='word_1_369' title='bbox 1353 4587 1744 4656; x_wconf 82' lang='lat' dir='ltr'><strong>maximamque</strong></span> <span class='ocrx_word' id='word_1_370' title='bbox 1782 4603 1873 4644; x_wconf 88' lang='lat' dir='ltr'><strong>me</strong></span> 
     </span>
    </p>
   </div>
   <div class='ocr_carea' id='block_1_48' title="bbox 285 4674 1871 4748">
    <p class='ocr_par' dir='ltr' id='par_1_48' title="bbox 285 4674 1871 4748">
     <span class='ocr_line' id='line_1_48' title="bbox 285 4674 1871 4748; baseline 0 -15"><span class='ocrx_word' id='word_1_371' title='bbox 285 4677 702 4734; x_wconf 84' lang='lat' dir='ltr'><strong>sollicitudinem</strong></span> <span class='ocrx_word' id='word_1_372' title='bbox 734 4677 785 4731; x_wconf 91' lang='lat' dir='ltr'><strong>in</strong></span> <span class='ocrx_word' id='word_1_373' title='bbox 815 4676 920 4731; x_wconf 89' lang='lat' dir='ltr'><strong>hoc</strong></span> <span class='ocrx_word' id='word_1_374' title='bbox 947 4674 1221 4747; x_wconf 92' lang='lat' dir='ltr'><strong>implendo</strong></span> <span class='ocrx_word' id='word_1_375' title='bbox 1251 4685 1521 4746; x_wconf 82' lang='lat' dir='ltr'><strong>praecepto</strong></span> <span class='ocrx_word' id='word_1_376' title='bbox 1548 4691 1750 4748; x_wconf 89' lang='lat' dir='ltr'><strong>ponere</strong></span> <span class='ocrx_word' id='word_1_377' title='bbox 1788 4678 1871 4733; x_wconf 89' lang='lat' dir='ltr'><strong>fa-</strong></span> 
     </span>
    </p>
   </div>
   <div class='ocr_carea' id='block_1_49' title="bbox 283 4768 1872 4840">
    <p class='ocr_par' dir='ltr' id='par_1_49' title="bbox 283 4768 1872 4840">
     <span class='ocr_line' id='line_1_49' title="bbox 283 4768 1872 4840; baseline 0.001 -15"><span class='ocrx_word' id='word_1_378' title='bbox 283 4781 402 4825; x_wconf 89' lang='lat' dir='ltr'><strong>teor</strong></span> <span class='ocrx_word' id='word_1_379' title='bbox 433 4789 446 4826; x_wconf 92' lang='lat'>:</span> <span class='ocrx_word' id='word_1_380' title='bbox 479 4769 622 4840; x_wconf 92' lang='lat' dir='ltr'><strong>quod</strong></span> <span class='ocrx_word' id='word_1_381' title='bbox 663 4779 842 4824; x_wconf 90' lang='lat' dir='ltr'><strong>autem</strong></span> <span class='ocrx_word' id='word_1_382' title='bbox 881 4784 950 4824; x_wconf 90' lang='lat' dir='ltr'><strong>ne</strong></span> <span class='ocrx_word' id='word_1_383' title='bbox 987 4768 1267 4823; x_wconf 88' lang='lat' dir='ltr'><strong>dimidium</strong></span> <span class='ocrx_word' id='word_1_384' title='bbox 1306 4769 1520 4839; x_wconf 92' lang='lat' dir='ltr'><strong>quidem</strong></span> <span class='ocrx_word' id='word_1_385' title='bbox 1565 4769 1682 4840; x_wconf 87' lang='lat' dir='ltr'><strong>ejus</strong></span> <span class='ocrx_word' id='word_1_386' title='bbox 1720 4785 1872 4827; x_wconf 87' lang='lat' dir='ltr'><strong>asse-</strong></span> 
     </span>
    </p>
   </div>
   <div class='ocr_carea' id='block_1_50' title="bbox 279 4859 1871 4932">
    <p class='ocr_par' dir='ltr' id='par_1_50' title="bbox 279 4859 1871 4932">
     <span class='ocr_line' id='line_1_50' title="bbox 279 4859 1871 4932; baseline 0.001 -18"><span class='ocrx_word' id='word_1_387' title='bbox 279 4872 480 4932; x_wconf 90' lang='lat' dir='ltr'><strong>quutus</strong></span> <span class='ocrx_word' id='word_1_388' title='bbox 505 4861 607 4914; x_wconf 91' lang='lat' dir='ltr'><strong>sim</strong></span> <span class='ocrx_word' id='word_1_389' title='bbox 627 4903 642 4926; x_wconf 99' lang='lat'><strong>,</strong></span> <span class='ocrx_word' id='word_1_390' title='bbox 663 4868 719 4915; x_wconf 92' lang='lat' dir='ltr'><strong>tu</strong></span> <span class='ocrx_word' id='word_1_391' title='bbox 739 4859 866 4914; x_wconf 85' lang='lat' dir='ltr'><strong>mihi</strong></span> <span class='ocrx_word' id='word_1_392' title='bbox 895 4859 1046 4916; x_wconf 81' lang='lat' dir='ltr'><strong>testis</strong></span> <span class='ocrx_word' id='word_1_393' title='bbox 1067 4859 1198 4924; x_wconf 88' lang='lat' dir='ltr'><strong>eris,</strong></span> <span class='ocrx_word' id='word_1_394' title='bbox 1221 4859 1265 4914; x_wconf 91' lang='lat' dir='ltr'><strong>si</strong></span> <span class='ocrx_word' id='word_1_395' title='bbox 1294 4875 1399 4914; x_wconf 90' lang='lat' dir='ltr'><strong>non</strong></span> <span class='ocrx_word' id='word_1_396' title='bbox 1421 4859 1488 4915; x_wconf 90' lang='lat' dir='ltr'><strong>ad</strong></span> <span class='ocrx_word' id='word_1_397' title='bbox 1507 4860 1752 4930; x_wconf 82' lang='lat' dir='ltr'><strong>gratiam,</strong></span> <span class='ocrx_word' id='word_1_398' title='bbox 1775 4860 1871 4917; x_wconf 89' lang='lat' dir='ltr'><strong>sed</strong></span> 
     </span>
    </p>
   </div>
   <div class='ocr_carea' id='block_1_51' title="bbox 281 4950 1866 5022">
    <p class='ocr_par' dir='ltr' id='par_1_51' title="bbox 281 4950 1866 5022">
     <span class='ocr_line' id='line_1_51' title="bbox 281 4950 1866 5022; baseline -0.001 -14"><span class='ocrx_word' id='word_1_399' title='bbox 281 4952 580 5009; x_wconf 91' lang='lat' dir='ltr'><strong>secundum</strong></span> <span class='ocrx_word' id='word_1_400' title='bbox 607 4952 686 5006; x_wconf 85' lang='lat' dir='ltr'><strong>rei</strong></span> <span class='ocrx_word' id='word_1_401' title='bbox 713 4953 992 5006; x_wconf 85' lang='lat' dir='ltr'><strong>veritatem</strong></span> <span class='ocrx_word' id='word_1_402' title='bbox 1031 4951 1175 5022; x_wconf 91' lang='lat' dir='ltr'><strong>loqui</strong></span> <span class='ocrx_word' id='word_1_403' title='bbox 1205 4951 1458 5006; x_wconf 88' lang='lat' dir='ltr'><strong>volueris.</strong></span> <span class='ocrx_word' id='word_1_404' title='bbox 1486 4950 1866 5008; x_wconf 77' lang='lat' dir='ltr'><strong>CIIRYSOS’I‘.</strong></span> 
     </span>
    </p>
   </div>
   <div class='ocr_carea' id='block_1_52' title="bbox 284 5043 1870 5117">
    <p class='ocr_par' dir='ltr' id='par_1_52' title="bbox 284 5043 1870 5117">
     <span class='ocr_line' id='line_1_52' title="bbox 284 5043 1870 5117; baseline 0.002 -18"><span class='ocrx_word' id='word_1_405' title='bbox 284 5046 450 5117; x_wconf 88' lang='lat' dir='ltr'><strong>Igitur</strong></span> <span class='ocrx_word' id='word_1_406' title='bbox 477 5045 544 5100; x_wconf 89' lang='lat' dir='ltr'><strong>ad</strong></span> <span class='ocrx_word' id='word_1_407' title='bbox 572 5054 882 5116; x_wconf 88' lang='lat' dir='ltr'><strong>argumenta</strong></span> <span class='ocrx_word' id='word_1_408' title='bbox 907 5059 993 5098; x_wconf 90' lang='lat' dir='ltr'><strong>me</strong></span> <span class='ocrx_word' id='word_1_409' title='bbox 1019 5053 1245 5109; x_wconf 86' lang='lat' dir='ltr'><strong>vertam,</strong></span> <span class='ocrx_word' id='word_1_410' title='bbox 1268 5051 1322 5098; x_wconf 90' lang='lat' dir='ltr'><strong>et</strong></span> <span class='ocrx_word' id='word_1_411' title='bbox 1345 5043 1487 5114; x_wconf 92' lang='lat' dir='ltr'><strong>quod</strong></span> <span class='ocrx_word' id='word_1_412' title='bbox 1512 5045 1870 5102; x_wconf 88' lang='lat' dir='ltr'><strong>comminatus</strong></span> 
     </span>
    </p>
   </div>
   <div class='ocr_carea' id='block_1_53' title="bbox 275 5134 1866 5206">
    <p class='ocr_par' dir='ltr' id='par_1_53' title="bbox 275 5134 1866 5206">
     <span class='ocr_line' id='line_1_53' title="bbox 275 5134 1866 5206; baseline -0.003 -12"><span class='ocrx_word' id='word_1_413' title='bbox 275 5154 397 5194; x_wconf 86' lang='lat' dir='ltr'><strong>sum</strong></span> <span class='ocrx_word' id='word_1_414' title='bbox 422 5151 566 5192; x_wconf 91' lang='lat' dir='ltr'><strong>nunc</strong></span> <span class='ocrx_word' id='word_1_415' title='bbox 589 5135 868 5206; x_wconf 63' lang='lat' dir='ltr'><strong>praestabo,</strong></span> <span class='ocrx_word' id='word_1_416' title='bbox 904 5145 961 5190; x_wconf 91' lang='lat' dir='ltr'><strong>ut</strong></span> <span class='ocrx_word' id='word_1_417' title='bbox 983 5134 1257 5189; x_wconf 85' lang='lat' dir='ltr'><strong>ostendam</strong></span> <span class='ocrx_word' id='word_1_418' title='bbox 1286 5143 1336 5190; x_wconf 91' lang='lat' dir='ltr'><strong>te</strong></span> <span class='ocrx_word' id='word_1_419' title='bbox 1368 5135 1680 5189; x_wconf 89' lang='lat' dir='ltr'><strong>modestiam</strong></span> <span class='ocrx_word' id='word_1_420' title='bbox 1707 5151 1866 5206; x_wconf 89' lang='lat' dir='ltr'><strong>quam</strong></span> 
     </span>
    </p>
   </div>
   <div class='ocr_carea' id='block_1_54' title="bbox 279 5227 1867 5300">
    <p class='ocr_par' dir='ltr' id='par_1_54' title="bbox 279 5227 1867 5300">
     <span class='ocr_line' id='line_1_54' title="bbox 279 5227 1867 5300; baseline 0.001 -18"><span class='ocrx_word' id='word_1_421' title='bbox 279 5231 562 5285; x_wconf 83' lang='lat' dir='ltr'><strong>veritatem</strong></span> <span class='ocrx_word' id='word_1_422' title='bbox 595 5227 762 5298; x_wconf 89' lang='lat' dir='ltr'><strong>magis</strong></span> <span class='ocrx_word' id='word_1_423' title='bbox 788 5242 998 5283; x_wconf 89' lang='lat' dir='ltr'><strong>curare.</strong></span> <span class='ocrx_word' id='word_1_424' title='bbox 1029 5227 1268 5296; x_wconf 81' lang='lat' dir='ltr'><strong>Remque</strong></span> <span class='ocrx_word' id='word_1_425' title='bbox 1297 5227 1526 5281; x_wconf 88' lang='lat' dir='ltr'><strong>narrabo</strong></span> <span class='ocrx_word' id='word_1_426' title='bbox 1565 5243 1734 5298; x_wconf 91' lang='lat' dir='ltr'><strong>nuper</strong></span> <span class='ocrx_word' id='word_1_427' title='bbox 1770 5243 1867 5300; x_wconf 87' lang='lat' dir='ltr'><strong>ge-</strong></span> 
     </span>
    </p>
   </div>
   <div class='ocr_carea' id='block_1_55' title="bbox 272 5319 1868 5392">
    <p class='ocr_par' dir='ltr' id='par_1_55' title="bbox 272 5319 1868 5392">
     <span class='ocr_line' id='line_1_55' title="bbox 272 5319 1868 5392; baseline -0.001 -13"><span class='ocrx_word' id='word_1_428' title='bbox 272 5334 441 5392; x_wconf 87' lang='lat' dir='ltr'><strong>stam,</strong></span> <span class='ocrx_word' id='word_1_429' title='bbox 480 5337 550 5377; x_wconf 91' lang='lat' dir='ltr'><strong>ne</strong></span> <span class='ocrx_word' id='word_1_430' title='bbox 583 5321 726 5390; x_wconf 90' lang='lat' dir='ltr'><strong>quis,</strong></span> <span class='ocrx_word' id='word_1_431' title='bbox 764 5319 810 5375; x_wconf 90' lang='lat' dir='ltr'><strong>si</strong></span> <span class='ocrx_word' id='word_1_432' title='bbox 851 5329 1029 5375; x_wconf 86' lang='lat' dir='ltr'><strong>vetera</strong></span> <span class='ocrx_word' id='word_1_433' title='bbox 1073 5335 1404 5387; x_wconf 88' lang='lat' dir='ltr'><strong>recenseam,</strong></span> <span class='ocrx_word' id='word_1_434' title='bbox 1446 5321 1746 5390; x_wconf 83' lang='lat' dir='ltr'><strong>suspicetur</strong></span> <span class='ocrx_word' id='word_1_435' title='bbox 1778 5336 1868 5377; x_wconf 90' lang='lat' dir='ltr'><strong>me</strong></span> 
     </span>
    </p>
   </div>
   <div class='ocr_carea' id='block_1_56' title="bbox 275 5411 1868 5485">
    <p class='ocr_par' dir='ltr' id='par_1_56' title="bbox 275 5411 1868 5485">
     <span class='ocr_line' id='line_1_56' title="bbox 275 5411 1868 5485; baseline 0 -17"><span class='ocrx_word' id='word_1_436' title='bbox 275 5415 537 5485; x_wconf 90' lang='lat' dir='ltr'><strong>temporis</strong></span> <span class='ocrx_word' id='word_1_437' title='bbox 579 5411 926 5466; x_wconf 86' lang='lat' dir='ltr'><strong>diuturnitate</strong></span> <span class='ocrx_word' id='word_1_438' title='bbox 965 5411 1240 5465; x_wconf 87' lang='lat' dir='ltr'><strong>veritatem</strong></span> <span class='ocrx_word' id='word_1_439' title='bbox 1289 5411 1580 5480; x_wconf 87' lang='lat' dir='ltr'><strong>obtegere:</strong></span> <span class='ocrx_word' id='word_1_440' title='bbox 1625 5425 1744 5465; x_wconf 92' lang='lat' dir='ltr'><strong>eum</strong></span> <span class='ocrx_word' id='word_1_441' title='bbox 1773 5427 1868 5468; x_wconf 83' lang='lat' dir='ltr'><strong>ve-</strong></span> 
     </span>
    </p>
   </div>
   <div class='ocr_carea' id='block_1_57' title="bbox 277 5499 1866 5575">
    <p class='ocr_par' dir='ltr' id='par_1_57' title="bbox 277 5499 1866 5575">
     <span class='ocr_line' id='line_1_57' title="bbox 277 5499 1866 5575; baseline 0.001 -16"><span class='ocrx_word' id='word_1_442' title='bbox 277 5507 408 5562; x_wconf 88' lang='lat' dir='ltr'><strong>ritas</strong></span> <span class='ocrx_word' id='word_1_443' title='bbox 451 5505 570 5575; x_wconf 87' lang='lat' dir='ltr'><strong>ipsa</strong></span> <span class='ocrx_word' id='word_1_444' title='bbox 613 5517 718 5556; x_wconf 92' lang='lat' dir='ltr'><strong>non</strong></span> <span class='ocrx_word' id='word_1_445' title='bbox 761 5501 1032 5572; x_wconf 89' lang='lat' dir='ltr'><strong>permittat</strong></span> <span class='ocrx_word' id='word_1_446' title='bbox 1058 5515 1157 5555; x_wconf 89' lang='lat' dir='ltr'><strong>nos</strong></span> <span class='ocrx_word' id='word_1_447' title='bbox 1182 5499 1470 5574; x_wconf 89' lang='lat' dir='ltr'><strong>quidquam</strong></span> <span class='ocrx_word' id='word_1_448' title='bbox 1495 5499 1752 5574; x_wconf 88' lang='lat' dir='ltr'><strong>afﬁngere</strong></span> <span class='ocrx_word' id='word_1_449' title='bbox 1779 5503 1866 5560; x_wconf 88' lang='lat' dir='ltr'><strong>vel</strong></span> 
     </span>
    </p>
   </div>
   <div class='ocr_carea' id='block_1_58' title="bbox 269 5593 1151 5668">
    <p class='ocr_par' dir='ltr' id='par_1_58' title="bbox 269 5593 1151 5668">
     <span class='ocr_line' id='line_1_58' title="bbox 269 5593 1151 5668; baseline -0.005 -16"><span class='ocrx_word' id='word_1_450' title='bbox 269 5600 355 5664; x_wconf 86' lang='lat' dir='ltr'><strong>iis,</strong></span> <span class='ocrx_word' id='word_1_451' title='bbox 385 5612 511 5668; x_wconf 69' lang='lat' dir='ltr'><strong>qua:</strong></span> <span class='ocrx_word' id='word_1_452' title='bbox 540 5593 608 5650; x_wconf 90' lang='lat' dir='ltr'><strong>ad</strong></span> <span class='ocrx_word' id='word_1_453' title='bbox 632 5593 855 5665; x_wconf 83' lang='lat' dir='ltr'><strong>gratiam</strong></span> <span class='ocrx_word' id='word_1_454' title='bbox 881 5593 1151 5648; x_wconf 90' lang='lat' dir='ltr'><strong>dicuntur.</strong></span> 
     </span>
    </p>
   </div>
   <div class='ocr_carea' id='block_1_59' title="bbox 329 5764 1160 5832">
    <p class='ocr_par' dir='ltr' id='par_1_59' title="bbox 329 5764 1160 5832">
     <span class='ocr_line' id='line_1_59' title="bbox 329 5764 1160 5832; baseline 0 -15"><span class='ocrx_word' id='word_1_455' title='bbox 329 5772 346 5802; x_wconf 74' lang='grc'>⁸</span> <span class='ocrx_word' id='word_1_456' title='bbox 388 5769 570 5832; x_wconf 68' lang='lat' dir='ltr'><strong>aliqui,</strong></span> <span class='ocrx_word' id='word_1_457' title='bbox 597 5764 716 5832; x_wconf 80' lang='lat' dir='ltr'><strong>legis</strong></span> <span class='ocrx_word' id='word_1_458' title='bbox 737 5773 782 5819; x_wconf 89' lang='lat' dir='ltr'><strong>et</strong></span> <span class='ocrx_word' id='word_1_459' title='bbox 805 5765 1160 5832; x_wconf 75' lang='lat' dir='ltr'><strong>prophetarum.</strong></span> 
     </span>
    </p>
   </div>
   <div class='ocr_carea' id='block_1_60' title="bbox 1470 341 2318 402">
    <p class='ocr_par' dir='ltr' id='par_1_60' title="bbox 1470 341 2318 402">
     <span class='ocr_line' id='line_1_60' title="bbox 1470 341 2318 402; baseline -0.002 0"><span class='ocrx_word' id='word_1_460' title='bbox 1470 346 1554 402; x_wconf 81' lang='lat' dir='ltr'><strong>DE</strong></span> <span class='ocrx_word' id='word_1_461' title='bbox 1592 341 2041 402; x_wconf 78' lang='lat' dir='ltr'><strong>SACERDOTIO.</strong></span> <span class='ocrx_word' id='word_1_462' title='bbox 2086 344 2212 400; x_wconf 87' lang='lat' dir='ltr'><strong>LIB.</strong></span> <span class='ocrx_word' id='word_1_463' title='bbox 2256 347 2318 401; x_wconf 85' lang='lat' dir='ltr'><strong>II.</strong></span> 
     </span>
    </p>
   </div>
   <div class='ocr_carea' id='block_1_61' title="bbox 3481 358 3585 414">
    <p class='ocr_par' dir='ltr' id='par_1_61' title="bbox 3481 358 3585 414">
     <span class='ocr_line' id='line_1_61' title="bbox 3481 358 3585 414; baseline 0.019 -3"><span class='ocrx_word' id='word_1_464' title='bbox 3481 358 3585 414; x_wconf 64' lang='lat'><strong>633</strong></span> 
     </span>
    </p>
   </div>
   <div class='ocr_carea' id='block_1_62' title="bbox 2077 455 3585 539">
    <p class='ocr_par' dir='ltr' id='par_1_62' title="bbox 2077 455 3585 539">
     <span class='ocr_line' id='line_1_62' title="bbox 2077 455 3585 539; baseline 0.009 -29"><span class='ocrx_word' id='word_1_465' title='bbox 2077 455 2128 510; x_wconf 82' lang='lat'><strong>6.</strong></span> <span class='ocrx_word' id='word_1_466' title='bbox 2171 455 2543 514; x_wconf 87' lang='lat' dir='ltr'><strong>Demonstratio</strong></span> <span class='ocrx_word' id='word_1_467' title='bbox 2579 459 2772 516; x_wconf 81' lang='lat' dir='ltr'><strong>virtutis</strong></span> <span class='ocrx_word' id='word_1_468' title='bbox 2812 461 3019 529; x_wconf 79' lang='lat' dir='ltr'><strong>Basilii,</strong></span> <span class='ocrx_word' id='word_1_469' title='bbox 3059 476 3106 519; x_wconf 90' lang='lat' dir='ltr'><strong>et</strong></span> <span class='ocrx_word' id='word_1_470' title='bbox 3142 467 3438 523; x_wconf 80' lang='lat' dir='ltr'><strong>vehementis</strong></span> <span class='ocrx_word' id='word_1_471' title='bbox 3478 475 3585 539; x_wconf 80' lang='lat' dir='ltr'><strong>ejus</strong></span> 
     </span>
    </p>
   </div>
   <div class='ocr_carea' id='block_1_63' title="bbox 1999 549 3586 624">
    <p class='ocr_par' dir='ltr' id='par_1_63' title="bbox 1999 549 3586 624">
     <span class='ocr_line' id='line_1_63' title="bbox 1999 549 3586 624; baseline 0.011 -24"><span class='ocrx_word' id='word_1_472' title='bbox 1999 549 2242 603; x_wconf 78' lang='lat' dir='ltr'><strong>raritatis.</strong></span> <span class='ocrx_word' id='word_1_473' title='bbox 2263 580 2328 590; x_wconf 89' lang='lat'><strong>-—</strong></span> <span class='ocrx_word' id='word_1_474' title='bbox 2352 551 2483 606; x_wconf 89' lang='lat' dir='ltr'><strong>Cum</strong></span> <span class='ocrx_word' id='word_1_475' title='bbox 2509 552 2652 610; x_wconf 89' lang='lat' dir='ltr'><strong>enim</strong></span> <span class='ocrx_word' id='word_1_476' title='bbox 2682 553 2894 624; x_wconf 90' lang='lat' dir='ltr'><strong>quidam</strong></span> <span class='ocrx_word' id='word_1_477' title='bbox 2919 572 2985 611; x_wconf 89' lang='lat' dir='ltr'><strong>ex</strong></span> <span class='ocrx_word' id='word_1_478' title='bbox 3012 557 3359 614; x_wconf 78' lang='lat' dir='ltr'><strong>familiaribus</strong></span> <span class='ocrx_word' id='word_1_479' title='bbox 3391 567 3586 618; x_wconf 80' lang='lat' dir='ltr'><strong>nostris</strong></span> 
     </span>
    </p>
   </div>
   <div class='ocr_carea' id='block_1_64' title="bbox 1998 643 3581 720">
    <p class='ocr_par' dir='ltr' id='par_1_64' title="bbox 1998 643 3581 720">
     <span class='ocr_line' id='line_1_64' title="bbox 1998 643 3581 720; baseline 0.008 -24"><span class='ocrx_word' id='word_1_480' title='bbox 1998 643 2334 698; x_wconf 66' lang='lat' dir='ltr'><strong>contumeliae</strong></span> <span class='ocrx_word' id='word_1_481' title='bbox 2371 653 2424 698; x_wconf 90' lang='lat' dir='ltr'><strong>et</strong></span> <span class='ocrx_word' id='word_1_482' title='bbox 2448 648 2764 716; x_wconf 74' lang='lat' dir='ltr'><strong>arrogantize</strong></span> <span class='ocrx_word' id='word_1_483' title='bbox 2794 663 2889 718; x_wconf 88' lang='lat' dir='ltr'><strong>per</strong></span> <span class='ocrx_word' id='word_1_484' title='bbox 2923 650 3242 705; x_wconf 88' lang='lat' dir='ltr'><strong>calumniam</strong></span> <span class='ocrx_word' id='word_1_485' title='bbox 3283 667 3581 720; x_wconf 87' lang='lat' dir='ltr'><strong>accusatus,</strong></span> 
     </span>
    </p>
   </div>
   <div class='ocr_carea' id='block_1_65' title="bbox 2000 731 3586 810">
    <p class='ocr_par' dir='ltr' id='par_1_65' title="bbox 2000 731 3586 810">
     <span class='ocr_line' id='line_1_65' title="bbox 2000 731 3586 810; baseline 0.008 -24"><span class='ocrx_word' id='word_1_486' title='bbox 2000 731 2051 786; x_wconf 90' lang='lat' dir='ltr'><strong>in</strong></span> <span class='ocrx_word' id='word_1_487' title='bbox 2083 743 2322 790; x_wconf 86' lang='lat' dir='ltr'><strong>extremo</strong></span> <span class='ocrx_word' id='word_1_488' title='bbox 2354 737 2588 804; x_wconf 91' lang='lat' dir='ltr'><strong>periculo</strong></span> <span class='ocrx_word' id='word_1_489' title='bbox 2613 747 2757 793; x_wconf 89' lang='lat' dir='ltr'><strong>esset</strong></span> <span class='ocrx_word' id='word_1_490' title='bbox 2779 758 2792 794; x_wconf 91' lang='lat'><strong>:</strong></span> <span class='ocrx_word' id='word_1_491' title='bbox 2817 749 2942 796; x_wconf 89' lang='lat' dir='ltr'><strong>tunc</strong></span> <span class='ocrx_word' id='word_1_492' title='bbox 2974 743 3182 798; x_wconf 87' lang='lat' dir='ltr'><strong>nemine</strong></span> <span class='ocrx_word' id='word_1_493' title='bbox 3209 754 3259 799; x_wconf 90' lang='lat' dir='ltr'><strong>te</strong></span> <span class='ocrx_word' id='word_1_494' title='bbox 3287 745 3586 810; x_wconf 79' lang='lat' dir='ltr'><strong>incusante,</strong></span> 
     </span>
    </p>
   </div>
   <div class='ocr_carea' id='block_1_66' title="bbox 1999 826 3586 905">
    <p class='ocr_par' dir='ltr' id='par_1_66' title="bbox 1999 826 3586 905">
     <span class='ocr_line' id='line_1_66' title="bbox 1999 826 3586 905; baseline 0.009 -29"><span class='ocrx_word' id='word_1_495' title='bbox 1999 837 2096 876; x_wconf 92' lang='lat' dir='ltr'><strong>nec</strong></span> <span class='ocrx_word' id='word_1_496' title='bbox 2112 826 2542 896; x_wconf 85' lang='lat' dir='ltr'><strong>roganteilloqui</strong></span> <span class='ocrx_word' id='word_1_497' title='bbox 2565 829 2978 897; x_wconf 88' lang='lat' dir='ltr'><strong>periclitabatur,</strong></span> <span class='ocrx_word' id='word_1_498' title='bbox 3013 832 3063 885; x_wconf 92' lang='lat' dir='ltr'><strong>in</strong></span> <span class='ocrx_word' id='word_1_499' title='bbox 3095 834 3326 889; x_wconf 91' lang='lat' dir='ltr'><strong>medium</strong></span> <span class='ocrx_word' id='word_1_500' title='bbox 3364 846 3412 890; x_wconf 91' lang='lat' dir='ltr'><strong>te</strong></span> <span class='ocrx_word' id='word_1_501' title='bbox 3442 842 3586 905; x_wconf 88' lang='lat' dir='ltr'><strong>peri-</strong></span> 
     </span>
    </p>
   </div>
   <div class='ocr_carea' id='block_1_67' title="bbox 1999 915 3588 984">
    <p class='ocr_par' dir='ltr' id='par_1_67' title="bbox 1999 915 3588 984">
     <span class='ocr_line' id='line_1_67' title="bbox 1999 915 3588 984; baseline 0.009 -17"><span class='ocrx_word' id='word_1_502' title='bbox 1999 915 2174 967; x_wconf 89' lang='lat' dir='ltr'><strong>culum</strong></span> <span class='ocrx_word' id='word_1_503' title='bbox 2191 915 2484 984; x_wconf 71' lang='lat' dir='ltr'><strong>coniecisti.</strong></span> <span class='ocrx_word' id='word_1_504' title='bbox 2509 918 2618 972; x_wconf 92' lang='lat' dir='ltr'><strong>lloc</strong></span> <span class='ocrx_word' id='word_1_505' title='bbox 2645 927 2698 974; x_wconf 91' lang='lat' dir='ltr'><strong>tu</strong></span> <span class='ocrx_word' id='word_1_506' title='bbox 2717 921 2910 974; x_wconf 89' lang='lat' dir='ltr'><strong>factum</strong></span> <span class='ocrx_word' id='word_1_507' title='bbox 2930 923 3242 980; x_wconf 85' lang='lat' dir='ltr'><strong>edidisti.Ut</strong></span> <span class='ocrx_word' id='word_1_508' title='bbox 3260 937 3435 980; x_wconf 81' lang='lat' dir='ltr'><strong>autem</strong></span> <span class='ocrx_word' id='word_1_509' title='bbox 3461 936 3588 982; x_wconf 80' lang='lat' dir='ltr'><strong>lecx</strong></span> 
     </span>
    </p>
   </div>
   <div class='ocr_carea' id='block_1_68' title="bbox 1996 1004 3585 1084">
    <p class='ocr_par' dir='ltr' id='par_1_68' title="bbox 1996 1004 3585 1084">
     <span class='ocr_line' id='line_1_68' title="bbox 1996 1004 3585 1084; baseline 0.008 -26"><span class='ocrx_word' id='word_1_510' title='bbox 1996 1004 2170 1059; x_wconf 88' lang='lat' dir='ltr'><strong>verbis</strong></span> <span class='ocrx_word' id='word_1_511' title='bbox 2189 1005 2294 1060; x_wconf 91' lang='lat' dir='ltr'><strong>tuis</strong></span> <span class='ocrx_word' id='word_1_512' title='bbox 2315 1023 2618 1077; x_wconf 83' lang='lat' dir='ltr'><strong>arguamus,</strong></span> <span class='ocrx_word' id='word_1_513' title='bbox 2641 1011 2838 1080; x_wconf 88' lang='lat' dir='ltr'><strong>tibique</strong></span> <span class='ocrx_word' id='word_1_514' title='bbox 2862 1012 2972 1084; x_wconf 86' lang='lat' dir='ltr'><strong>ipsa</strong></span> <span class='ocrx_word' id='word_1_515' title='bbox 2991 1015 3149 1068; x_wconf 89' lang='lat' dir='ltr'><strong>verba</strong></span> <span class='ocrx_word' id='word_1_516' title='bbox 3169 1025 3254 1069; x_wconf 90' lang='lat' dir='ltr'><strong>tua</strong></span> <span class='ocrx_word' id='word_1_517' title='bbox 3275 1017 3323 1070; x_wconf 91' lang='lat' dir='ltr'><strong>in</strong></span> <span class='ocrx_word' id='word_1_518' title='bbox 3353 1029 3585 1074; x_wconf 88' lang='lat' dir='ltr'><strong>mentem</strong></span> 
     </span>
    </p>
   </div>
   <div class='ocr_carea' id='block_1_69' title="bbox 1995 1100 3584 1178">
    <p class='ocr_par' dir='ltr' id='par_1_69' title="bbox 1995 1100 3584 1178">
     <span class='ocr_line' id='line_1_69' title="bbox 1995 1100 3584 1178; baseline 0.008 -27"><span class='ocrx_word' id='word_1_519' title='bbox 1995 1112 2308 1152; x_wconf 87' lang='lat' dir='ltr'><strong>revocemus</strong></span> <span class='ocrx_word' id='word_1_520' title='bbox 2333 1100 2348 1131; x_wconf 88' lang='grc'>¹</span> <span class='ocrx_word' id='word_1_521' title='bbox 2382 1117 2538 1155; x_wconf 90' lang='lat' dir='ltr'><strong>:cnm</strong></span> <span class='ocrx_word' id='word_1_522' title='bbox 2587 1101 2723 1156; x_wconf 85' lang='lat' dir='ltr'><strong>hanc</strong></span> <span class='ocrx_word' id='word_1_523' title='bbox 2755 1103 2915 1159; x_wconf 89' lang='lat' dir='ltr'><strong>animi</strong></span> <span class='ocrx_word' id='word_1_524' title='bbox 2955 1107 3026 1160; x_wconf 91' lang='lat' dir='ltr'><strong>tui</strong></span> <span class='ocrx_word' id='word_1_525' title='bbox 3065 1111 3472 1178; x_wconf 87' lang='lat' dir='ltr'><strong>generositatem</strong></span> <span class='ocrx_word' id='word_1_526' title='bbox 3496 1112 3584 1164; x_wconf 80' lang='lat' dir='ltr'><strong>alii</strong></span> 
     </span>
    </p>
   </div>
   <div class='ocr_carea' id='block_1_70' title="bbox 1997 1193 3583 1265">
    <p class='ocr_par' dir='ltr' id='par_1_70' title="bbox 1997 1193 3583 1265">
     <span class='ocr_line' id='line_1_70' title="bbox 1997 1193 3583 1265; baseline 0.009 -24"><span class='ocrx_word' id='word_1_527' title='bbox 1997 1206 2100 1243; x_wconf 89' lang='lat' dir='ltr'><strong>non</strong></span> <span class='ocrx_word' id='word_1_528' title='bbox 2132 1193 2510 1261; x_wconf 86' lang='lat' dir='ltr'><strong>approbarent,</strong></span> <span class='ocrx_word' id='word_1_529' title='bbox 2543 1194 2632 1248; x_wconf 90' lang='lat' dir='ltr'><strong>alii</strong></span> <span class='ocrx_word' id='word_1_530' title='bbox 2665 1196 2938 1250; x_wconf 89' lang='lat' dir='ltr'><strong>laudarent</strong></span> <span class='ocrx_word' id='word_1_531' title='bbox 2963 1214 3024 1252; x_wconf 88' lang='lat' dir='ltr'><strong>ac</strong></span> <span class='ocrx_word' id='word_1_532' title='bbox 3052 1202 3389 1265; x_wconf 80' lang='lat' dir='ltr'><strong>mirarentur,</strong></span> <span class='ocrx_word' id='word_1_533' title='bbox 3422 1218 3583 1257; x_wconf 83' lang='lat' dir='ltr'><strong>accu-</strong></span> 
     </span>
    </p>
   </div>
   <div class='ocr_carea' id='block_1_71' title="bbox 1995 1284 3584 1359">
    <p class='ocr_par' dir='ltr' id='par_1_71' title="bbox 1995 1284 3584 1359">
     <span class='ocr_line' id='line_1_71' title="bbox 1995 1284 3584 1359; baseline 0.008 -23"><span class='ocrx_word' id='word_1_534' title='bbox 1995 1284 2258 1339; x_wconf 88' lang='lat' dir='ltr'><strong>satoribus</strong></span> <span class='ocrx_word' id='word_1_535' title='bbox 2301 1285 2404 1339; x_wconf 90' lang='lat' dir='ltr'><strong>tuis</strong></span> <span class='ocrx_word' id='word_1_536' title='bbox 2442 1285 2619 1340; x_wconf 79' lang='lat' dir='ltr'><strong>dixisti</strong></span> <span class='ocrx_word' id='word_1_537' title='bbox 2669 1305 2681 1340; x_wconf 92' lang='lat'>:</span> <span class='ocrx_word' id='word_1_538' title='bbox 2729 1289 2931 1357; x_wconf 86' lang='lat' dir='ltr'><strong>Ecquid</strong></span> <span class='ocrx_word' id='word_1_539' title='bbox 2973 1293 3164 1359; x_wconf 84' lang='lat' dir='ltr'><strong>agam?</strong></span> <span class='ocrx_word' id='word_1_540' title='bbox 3210 1292 3364 1347; x_wconf 86' lang='lat' dir='ltr'><strong>aliter</strong></span> <span class='ocrx_word' id='word_1_541' title='bbox 3403 1310 3584 1347; x_wconf 87' lang='lat' dir='ltr'><strong>amare</strong></span> 
     </span>
    </p>
   </div>
   <div class='ocr_carea' id='block_1_72' title="bbox 1996 1374 3584 1454">
    <p class='ocr_par' dir='ltr' id='par_1_72' title="bbox 1996 1374 3584 1454">
     <span class='ocr_line' id='line_1_72' title="bbox 1996 1374 3584 1454; baseline 0.006 -27"><span class='ocrx_word' id='word_1_542' title='bbox 1996 1390 2100 1427; x_wconf 90' lang='lat' dir='ltr'><strong>non</strong></span> <span class='ocrx_word' id='word_1_543' title='bbox 2127 1374 2306 1442; x_wconf 90' lang='lat' dir='ltr'><strong>didici,</strong></span> <span class='ocrx_word' id='word_1_544' title='bbox 2337 1376 2436 1431; x_wconf 90' lang='lat' dir='ltr'><strong>nisi</strong></span> <span class='ocrx_word' id='word_1_545' title='bbox 2476 1385 2531 1431; x_wconf 92' lang='lat' dir='ltr'><strong>ut</strong></span> <span class='ocrx_word' id='word_1_546' title='bbox 2568 1378 2730 1432; x_wconf 85' lang='lat' dir='ltr'><strong>vitam</strong></span> <span class='ocrx_word' id='word_1_547' title='bbox 2757 1394 2930 1433; x_wconf 86' lang='lat' dir='ltr'><strong>meam</strong></span> <span class='ocrx_word' id='word_1_548' title='bbox 2971 1396 3253 1452; x_wconf 79' lang='lat' dir='ltr'><strong>exponam,</strong></span> <span class='ocrx_word' id='word_1_549' title='bbox 3283 1398 3404 1437; x_wconf 90' lang='lat' dir='ltr'><strong>cum</strong></span> <span class='ocrx_word' id='word_1_550' title='bbox 3436 1385 3584 1454; x_wconf 84' lang='lat' dir='ltr'><strong>peri-</strong></span> 
     </span>
    </p>
   </div>
   <div class='ocr_carea' id='block_1_73' title="bbox 1993 1465 3586 1546">
    <p class='ocr_par' dir='ltr' id='par_1_73' title="bbox 1993 1465 3586 1546">
     <span class='ocr_line' id='line_1_73' title="bbox 1993 1465 3586 1546; baseline 0.007 -27"><span class='ocrx_word' id='word_1_551' title='bbox 1993 1465 2265 1522; x_wconf 88' lang='lat' dir='ltr'><strong>clitantem</strong></span> <span class='ocrx_word' id='word_1_552' title='bbox 2313 1468 2542 1524; x_wconf 90' lang='lat' dir='ltr'><strong>amicum</strong></span> <span class='ocrx_word' id='word_1_553' title='bbox 2591 1484 2806 1525; x_wconf 87' lang='lat' dir='ltr'><strong>servare</strong></span> <span class='ocrx_word' id='word_1_554' title='bbox 2850 1487 2985 1541; x_wconf 91' lang='lat' dir='ltr'><strong>opus</strong></span> <span class='ocrx_word' id='word_1_555' title='bbox 3029 1482 3111 1528; x_wconf 92' lang='lat' dir='ltr'><strong>est</strong></span> <span class='ocrx_word' id='word_1_556' title='bbox 3153 1493 3165 1528; x_wconf 91' lang='lat'><strong>:</strong></span> <span class='ocrx_word' id='word_1_557' title='bbox 3208 1476 3327 1529; x_wconf 88' lang='lat' dir='ltr'><strong>aliis</strong></span> <span class='ocrx_word' id='word_1_558' title='bbox 3370 1477 3586 1546; x_wconf 78' lang='lat' dir='ltr'><strong>quidem</strong></span> 
     </span>
    </p>
   </div>
   <div class='ocr_carea' id='block_1_74' title="bbox 1995 1557 3586 1637">
    <p class='ocr_par' dir='ltr' id='par_1_74' title="bbox 1995 1557 3586 1637">
     <span class='ocr_line' id='line_1_74' title="bbox 1995 1557 3586 1637; baseline 0.008 -29"><span class='ocrx_word' id='word_1_559' title='bbox 1995 1557 2190 1624; x_wconf 88' lang='lat' dir='ltr'><strong>verbis,</strong></span> <span class='ocrx_word' id='word_1_560' title='bbox 2223 1558 2315 1612; x_wconf 90' lang='lat' dir='ltr'><strong>sed</strong></span> <span class='ocrx_word' id='word_1_561' title='bbox 2344 1559 2532 1613; x_wconf 84' lang='lat' dir='ltr'><strong>eodem</strong></span> <span class='ocrx_word' id='word_1_562' title='bbox 2562 1575 2744 1624; x_wconf 87' lang='lat' dir='ltr'><strong>sensu,</strong></span> <span class='ocrx_word' id='word_1_563' title='bbox 2775 1561 2971 1618; x_wconf 88' lang='lat' dir='ltr'><strong>Christi</strong></span> <span class='ocrx_word' id='word_1_564' title='bbox 3002 1563 3139 1618; x_wconf 90' lang='lat' dir='ltr'><strong>dicta</strong></span> <span class='ocrx_word' id='word_1_565' title='bbox 3169 1564 3440 1634; x_wconf 90' lang='lat' dir='ltr'><strong>loquutus,</strong></span> <span class='ocrx_word' id='word_1_566' title='bbox 3465 1570 3586 1637; x_wconf 83' lang='lat' dir='ltr'><strong>qui-</strong></span> 
     </span>
    </p>
   </div>
   <div class='ocr_carea' id='block_1_75' title="bbox 1993 1647 3682 1726">
    <p class='ocr_par' dir='ltr' id='par_1_75' title="bbox 1993 1647 3682 1726">
     <span class='ocr_line' id='line_1_75' title="bbox 1993 1647 3682 1726; baseline 0.009 -26"><span class='ocrx_word' id='word_1_567' title='bbox 1993 1647 2091 1701; x_wconf 90' lang='lat' dir='ltr'><strong>bus</strong></span> <span class='ocrx_word' id='word_1_568' title='bbox 2115 1649 2202 1703; x_wconf 90' lang='lat' dir='ltr'><strong>ille</strong></span> <span class='ocrx_word' id='word_1_569' title='bbox 2229 1648 2503 1720; x_wconf 88' lang='lat' dir='ltr'><strong>discipulis</strong></span> <span class='ocrx_word' id='word_1_570' title='bbox 2533 1650 2784 1722; x_wconf 77' lang='lat' dir='ltr'><strong>perfecta:</strong></span> <span class='ocrx_word' id='word_1_571' title='bbox 2809 1654 3045 1708; x_wconf 88' lang='lat' dir='ltr'><strong>caritatis</strong></span> <span class='ocrx_word' id='word_1_572' title='bbox 3074 1656 3332 1710; x_wconf 88' lang='lat' dir='ltr'><strong>terminos</strong></span> <span class='ocrx_word' id='word_1_573' title='bbox 3363 1649 3534 1726; x_wconf 86' lang='lat' dir='ltr'><strong>posuit</strong></span> <span class='ocrx_word' id='word_1_574' title='bbox 3565 1676 3577 1714; x_wconf 95' lang='lat'>:</span> <span class='ocrx_word' id='word_1_575' title='bbox 3671 1709 3682 1721; x_wconf 84' lang='lat'><strong>.</strong></span> 
     </span>
    </p>
   </div>
   <div class='ocr_carea' id='block_1_76' title="bbox 1993 1739 3583 1821">
    <p class='ocr_par' dir='ltr' id='par_1_76' title="bbox 1993 1739 3583 1821">
     <span class='ocr_line' id='line_1_76' title="bbox 1993 1739 3583 1821; baseline 0.007 -29"><span class='ocrx_word' id='word_1_576' title='bbox 1993 1754 2117 1794; x_wconf 89' lang='lat' dir='ltr'><strong>nam</strong></span> <span class='ocrx_word' id='word_1_577' title='bbox 2145 1739 2395 1810; x_wconf 71' lang='lat' dir='ltr'><strong>Maiorem</strong></span> <span class='ocrx_word' id='word_1_578' title='bbox 2418 1742 2532 1808; x_wconf 90' lang='lat' dir='ltr'><strong>hac,</strong></span> <span class='ocrx_word' id='word_1_579' title='bbox 2569 1744 2759 1813; x_wconf 87' lang='lat' dir='ltr'><strong>inquit,</strong></span> <span class='ocrx_word' id='word_1_580' title='bbox 2782 1746 3042 1800; x_wconf 89' lang='lat' dir='ltr'><strong>caritatem</strong></span> <span class='ocrx_word' id='word_1_581' title='bbox 3063 1763 3208 1800; x_wconf 88' lang='lat' dir='ltr'><strong>nemo</strong></span> <span class='ocrx_word' id='word_1_582' title='bbox 3237 1748 3399 1814; x_wconf 89' lang='lat' dir='ltr'><strong>habet,</strong></span> <span class='ocrx_word' id='word_1_583' title='bbox 3433 1766 3583 1821; x_wconf 83' lang='lat' dir='ltr'><strong>quant</strong></span> 
     </span>
    </p>
   </div>
   <div class='ocr_carea' id='block_1_77' title="bbox 1993 1831 3580 1907">
    <p class='ocr_par' dir='ltr' id='par_1_77' title="bbox 1993 1831 3580 1907">
     <span class='ocr_line' id='line_1_77' title="bbox 1993 1831 3580 1907; baseline 0.01 -25"><span class='ocrx_word' id='word_1_584' title='bbox 1993 1840 2049 1882; x_wconf 88' lang='lat' dir='ltr'><strong>ut</strong></span> <span class='ocrx_word' id='word_1_585' title='bbox 2075 1831 2297 1885; x_wconf 89' lang='lat' dir='ltr'><strong>animam</strong></span> <span class='ocrx_word' id='word_1_586' title='bbox 2323 1850 2467 1887; x_wconf 85' lang='lat' dir='ltr'><strong>suam</strong></span> <span class='ocrx_word' id='word_1_587' title='bbox 2499 1835 2612 1900; x_wconf 85' lang='lat' dir='ltr'><strong>quis</strong></span> <span class='ocrx_word' id='word_1_588' title='bbox 2641 1847 2796 1904; x_wconf 86' lang='lat' dir='ltr'><strong>ponat</strong></span> <span class='ocrx_word' id='word_1_589' title='bbox 2825 1852 2916 1905; x_wconf 85' lang='lat' dir='ltr'><strong>pro</strong></span> <span class='ocrx_word' id='word_1_590' title='bbox 2941 1838 3116 1892; x_wconf 86' lang='lat' dir='ltr'><strong>amicis</strong></span> <span class='ocrx_word' id='word_1_591' title='bbox 3144 1840 3248 1893; x_wconf 83' lang='lat' dir='ltr'><strong>suis</strong></span> <span class='ocrx_word' id='word_1_592' title='bbox 3277 1839 3458 1907; x_wconf 86' lang='lat' dir='ltr'><strong>(Joan.</strong></span> <span class='ocrx_word' id='word_1_593' title='bbox 3493 1843 3580 1898; x_wconf 79' lang='grc'><strong>15.</strong></span> 
     </span>
    </p>
   </div>
   <div class='ocr_carea' id='block_1_78' title="bbox 1995 1922 3578 1999">
    <p class='ocr_par' dir='ltr' id='par_1_78' title="bbox 1995 1922 3578 1999">
     <span class='ocr_line' id='line_1_78' title="bbox 1995 1922 3578 1999; baseline 0.007 -23"><span class='ocrx_word' id='word_1_594' title='bbox 1995 1922 2105 1992; x_wconf 78' lang='grc'><strong>15).</strong></span> <span class='ocrx_word' id='word_1_595' title='bbox 2132 1923 2293 1994; x_wconf 91' lang='lat' dir='ltr'><strong>Igitur</strong></span> <span class='ocrx_word' id='word_1_596' title='bbox 2321 1924 2366 1978; x_wconf 91' lang='lat' dir='ltr'><strong>si</strong></span> <span class='ocrx_word' id='word_1_597' title='bbox 2391 1924 2561 1994; x_wconf 88' lang='lat' dir='ltr'><strong>major</strong></span> <span class='ocrx_word' id='word_1_598' title='bbox 2588 1925 2688 1980; x_wconf 91' lang='lat' dir='ltr'><strong>hac</strong></span> <span class='ocrx_word' id='word_1_599' title='bbox 2717 1925 2940 1982; x_wconf 89' lang='lat' dir='ltr'><strong>inveniri</strong></span> <span class='ocrx_word' id='word_1_600' title='bbox 2969 1944 3072 1982; x_wconf 94' lang='lat' dir='ltr'><strong>non</strong></span> <span class='ocrx_word' id='word_1_601' title='bbox 3098 1938 3294 1999; x_wconf 89' lang='lat' dir='ltr'><strong>potest,</strong></span> <span class='ocrx_word' id='word_1_602' title='bbox 3324 1932 3390 1986; x_wconf 88' lang='lat' dir='ltr'><strong>ad</strong></span> <span class='ocrx_word' id='word_1_603' title='bbox 3421 1933 3578 1988; x_wconf 90' lang='lat' dir='ltr'><strong>ﬁnem</strong></span> 
     </span>
    </p>
   </div>
   <div class='ocr_carea' id='block_1_79' title="bbox 1992 2014 3580 2091">
    <p class='ocr_par' dir='ltr' id='par_1_79' title="bbox 1992 2014 3580 2091">
     <span class='ocr_line' id='line_1_79' title="bbox 1992 2014 3580 2091; baseline 0.008 -22"><span class='ocrx_word' id='word_1_604' title='bbox 1992 2014 2108 2083; x_wconf 86' lang='lat' dir='ltr'><strong>ejus</strong></span> <span class='ocrx_word' id='word_1_605' title='bbox 2135 2016 2444 2084; x_wconf 84' lang='lat' dir='ltr'><strong>pervenisti,</strong></span> <span class='ocrx_word' id='word_1_606' title='bbox 2471 2031 2534 2070; x_wconf 89' lang='lat' dir='ltr'><strong>ac</strong></span> <span class='ocrx_word' id='word_1_607' title='bbox 2559 2018 2722 2087; x_wconf 77' lang='lat' dir='ltr'><strong>gestis</strong></span> <span class='ocrx_word' id='word_1_608' title='bbox 2755 2019 3012 2090; x_wconf 80' lang='lat' dir='ltr'><strong>dictisque</strong></span> <span class='ocrx_word' id='word_1_609' title='bbox 3041 2021 3144 2075; x_wconf 85' lang='lat' dir='ltr'><strong>tuis</strong></span> <span class='ocrx_word' id='word_1_610' title='bbox 3181 2023 3344 2091; x_wconf 80' lang='lat' dir='ltr'><strong>ipsius</strong></span> <span class='ocrx_word' id='word_1_611' title='bbox 3370 2025 3580 2082; x_wconf 87' lang='lat' dir='ltr'><strong>culmen</strong></span> 
     </span>
    </p>
   </div>
   <div class='ocr_carea' id='block_1_80' title="bbox 1991 2105 3579 2186">
    <p class='ocr_par' dir='ltr' id='par_1_80' title="bbox 1991 2105 3579 2186">
     <span class='ocr_line' id='line_1_80' title="bbox 1991 2105 3579 2186; baseline 0.011 -30"><span class='ocrx_word' id='word_1_612' title='bbox 1991 2105 2229 2174; x_wconf 89' lang='lat' dir='ltr'><strong>attigisti.</strong></span> <span class='ocrx_word' id='word_1_613' title='bbox 2271 2105 2394 2161; x_wconf 92' lang='lat' dir='ltr'><strong>Ideo</strong></span> <span class='ocrx_word' id='word_1_614' title='bbox 2427 2117 2477 2161; x_wconf 89' lang='lat' dir='ltr'><strong>te</strong></span> <span class='ocrx_word' id='word_1_615' title='bbox 2515 2109 2866 2178; x_wconf 90' lang='lat' dir='ltr'><strong>prodidimus,</strong></span> <span class='ocrx_word' id='word_1_616' title='bbox 2904 2111 3026 2166; x_wconf 87' lang='lat' dir='ltr'><strong>ideo</strong></span> <span class='ocrx_word' id='word_1_617' title='bbox 3055 2111 3235 2167; x_wconf 89' lang='lat' dir='ltr'><strong>dolum</strong></span> <span class='ocrx_word' id='word_1_618' title='bbox 3279 2115 3579 2186; x_wconf 69' lang='lat' dir='ltr'><strong>huiusmodi</strong></span> 
     </span>
    </p>
   </div>
   <div class='ocr_carea' id='block_1_81' title="bbox 1992 2197 3580 2271">
    <p class='ocr_par' dir='ltr' id='par_1_81' title="bbox 1992 2197 3580 2271">
     <span class='ocr_line' id='line_1_81' title="bbox 1992 2197 3580 2271; baseline 0.009 -21"><span class='ocrx_word' id='word_1_619' title='bbox 1992 2197 2446 2254; x_wconf 90' lang='lat' dir='ltr'><strong>concinnavimns.</strong></span> <span class='ocrx_word' id='word_1_620' title='bbox 2473 2199 2607 2253; x_wconf 86' lang='lat' dir='ltr'><strong>Num</strong></span> <span class='ocrx_word' id='word_1_621' title='bbox 2638 2201 2730 2256; x_wconf 89' lang='lat' dir='ltr'><strong>tibi</strong></span> <span class='ocrx_word' id='word_1_622' title='bbox 2760 2203 3218 2271; x_wconf 74' lang='lat' dir='ltr'><strong>persuadebimus,</strong></span> <span class='ocrx_word' id='word_1_623' title='bbox 3246 2223 3342 2262; x_wconf 92' lang='lat' dir='ltr'><strong>nos</strong></span> <span class='ocrx_word' id='word_1_624' title='bbox 3371 2224 3476 2262; x_wconf 87' lang='lat' dir='ltr'><strong>non</strong></span> <span class='ocrx_word' id='word_1_625' title='bbox 3515 2225 3580 2266; x_wconf 86' lang='lat' dir='ltr'><strong>ex</strong></span> 
     </span>
    </p>
   </div>
   <div class='ocr_carea' id='block_1_82' title="bbox 1991 2287 3578 2365">
    <p class='ocr_par' dir='ltr' id='par_1_82' title="bbox 1991 2287 3578 2365">
     <span class='ocr_line' id='line_1_82' title="bbox 1991 2287 3578 2365; baseline 0.009 -25"><span class='ocrx_word' id='word_1_626' title='bbox 1991 2287 2362 2343; x_wconf 80' lang='lat' dir='ltr'><strong>malevolentia</strong></span> <span class='ocrx_word' id='word_1_627' title='bbox 2383 2329 2398 2354; x_wconf 92' lang='lat'><strong>,</strong></span> <span class='ocrx_word' id='word_1_628' title='bbox 2427 2303 2531 2342; x_wconf 93' lang='lat' dir='ltr'><strong>non</strong></span> <span class='ocrx_word' id='word_1_629' title='bbox 2572 2300 2630 2344; x_wconf 89' lang='lat' dir='ltr'><strong>ut</strong></span> <span class='ocrx_word' id='word_1_630' title='bbox 2659 2299 2708 2345; x_wconf 90' lang='lat' dir='ltr'><strong>te</strong></span> <span class='ocrx_word' id='word_1_631' title='bbox 2752 2292 2803 2344; x_wconf 92' lang='lat' dir='ltr'><strong>in</strong></span> <span class='ocrx_word' id='word_1_632' title='bbox 2843 2293 3135 2361; x_wconf 90' lang='lat' dir='ltr'><strong>periculum</strong></span> <span class='ocrx_word' id='word_1_633' title='bbox 3170 2297 3578 2365; x_wconf 85' lang='lat' dir='ltr'><strong>conjiceremus,</strong></span> 
     </span>
    </p>
   </div>
   <div class='ocr_carea' id='block_1_83' title="bbox 1992 2378 3578 2451">
    <p class='ocr_par' dir='ltr' id='par_1_83' title="bbox 1992 2378 3578 2451">
     <span class='ocr_line' id='line_1_83' title="bbox 1992 2378 3578 2451; baseline 0.009 -18"><span class='ocrx_word' id='word_1_634' title='bbox 1992 2378 2086 2434; x_wconf 88' lang='lat' dir='ltr'><strong>sed</strong></span> <span class='ocrx_word' id='word_1_635' title='bbox 2126 2379 2269 2450; x_wconf 91' lang='lat' dir='ltr'><strong>quod</strong></span> <span class='ocrx_word' id='word_1_636' title='bbox 2314 2381 2366 2436; x_wconf 90' lang='lat' dir='ltr'><strong>id</strong></span> <span class='ocrx_word' id='word_1_637' title='bbox 2409 2381 2535 2437; x_wconf 91' lang='lat' dir='ltr'><strong>utile</strong></span> <span class='ocrx_word' id='word_1_638' title='bbox 2573 2381 2689 2438; x_wconf 91' lang='lat' dir='ltr'><strong>fore</strong></span> <span class='ocrx_word' id='word_1_639' title='bbox 2727 2384 3005 2451; x_wconf 90' lang='lat' dir='ltr'><strong>sciremus,</strong></span> <span class='ocrx_word' id='word_1_640' title='bbox 3041 2395 3092 2441; x_wconf 90' lang='lat' dir='ltr'><strong>te</strong></span> <span class='ocrx_word' id='word_1_641' title='bbox 3126 2386 3177 2442; x_wconf 87' lang='lat' dir='ltr'><strong>in</strong></span> <span class='ocrx_word' id='word_1_642' title='bbox 3209 2387 3312 2445; x_wconf 90' lang='lat' dir='ltr'><strong>hoc</strong></span> <span class='ocrx_word' id='word_1_643' title='bbox 3349 2391 3578 2448; x_wconf 89' lang='lat' dir='ltr'><strong>stadium</strong></span> 
     </span>
    </p>
   </div>
   <div class='ocr_carea' id='block_1_84' title="bbox 1993 2473 3580 2548">
    <p class='ocr_par' dir='ltr' id='par_1_84' title="bbox 1993 2473 3580 2548">
     <span class='ocr_line' id='line_1_84' title="bbox 1993 2473 3580 2548; baseline 0.008 -21"><span class='ocrx_word' id='word_1_644' title='bbox 1993 2473 2354 2542; x_wconf 87' lang='lat' dir='ltr'><strong>pertraxisse?</strong></span> <span class='ocrx_word' id='word_1_645' title='bbox 2381 2473 2708 2532; x_wconf 90' lang='lat' dir='ltr'><strong>BASILIUS.</strong></span> <span class='ocrx_word' id='word_1_646' title='bbox 2740 2478 2819 2531; x_wconf 84' lang='lat' dir='ltr'><strong>An</strong></span> <span class='ocrx_word' id='word_1_647' title='bbox 2842 2477 2909 2532; x_wconf 91' lang='lat' dir='ltr'><strong>ad</strong></span> <span class='ocrx_word' id='word_1_648' title='bbox 2938 2481 3299 2548; x_wconf 87' lang='lat' dir='ltr'><strong>proximorum</strong></span> <span class='ocrx_word' id='word_1_649' title='bbox 3327 2485 3580 2539; x_wconf 90' lang='lat' dir='ltr'><strong>emenda-</strong></span> 
     </span>
    </p>
   </div>
   <div class='ocr_carea' id='block_1_85' title="bbox 1993 2563 3577 2640">
    <p class='ocr_par' dir='ltr' id='par_1_85' title="bbox 1993 2563 3577 2640">
     <span class='ocr_line' id='line_1_85' title="bbox 1993 2563 3577 2640; baseline 0.011 -24"><span class='ocrx_word' id='word_1_650' title='bbox 1993 2563 2191 2618; x_wconf 91' lang='lat' dir='ltr'><strong>tionem</strong></span> <span class='ocrx_word' id='word_1_651' title='bbox 2223 2565 2328 2619; x_wconf 92' lang='lat' dir='ltr'><strong>vim</strong></span> <span class='ocrx_word' id='word_1_652' title='bbox 2368 2565 2604 2621; x_wconf 91' lang='lat' dir='ltr'><strong>caritatis</strong></span> <span class='ocrx_word' id='word_1_653' title='bbox 2638 2568 2768 2623; x_wconf 88' lang='lat' dir='ltr'><strong>satis</strong></span> <span class='ocrx_word' id='word_1_654' title='bbox 2807 2583 2926 2625; x_wconf 91' lang='lat' dir='ltr'><strong>esse</strong></span> <span class='ocrx_word' id='word_1_655' title='bbox 2968 2573 3160 2640; x_wconf 82' lang='lat' dir='ltr'><strong>putas?</strong></span> <span class='ocrx_word' id='word_1_656' title='bbox 3196 2573 3577 2632; x_wconf 82' lang='lat' dir='ltr'><strong>CIIRYSOST.</strong></span> 
     </span>
    </p>
   </div>
   <div class='ocr_carea' id='block_1_86' title="bbox 1989 2653 3578 2731">
    <p class='ocr_par' dir='ltr' id='par_1_86' title="bbox 1989 2653 3578 2731">
     <span class='ocr_line' id='line_1_86' title="bbox 1989 2653 3578 2731; baseline 0.012 -25"><span class='ocrx_word' id='word_1_657' title='bbox 1989 2653 2220 2710; x_wconf 80' lang='lat' dir='ltr'><strong>Maxime</strong></span> <span class='ocrx_word' id='word_1_658' title='bbox 2248 2655 2460 2725; x_wconf 90' lang='lat' dir='ltr'><strong>quidem</strong></span> <span class='ocrx_word' id='word_1_659' title='bbox 2488 2667 2542 2712; x_wconf 91' lang='lat' dir='ltr'><strong>et</strong></span> <span class='ocrx_word' id='word_1_660' title='bbox 2571 2673 2761 2728; x_wconf 92' lang='lat' dir='ltr'><strong>magna</strong></span> <span class='ocrx_word' id='word_1_661' title='bbox 2788 2675 2853 2714; x_wconf 88' lang='lat' dir='ltr'><strong>ex</strong></span> <span class='ocrx_word' id='word_1_662' title='bbox 2880 2672 3029 2731; x_wconf 89' lang='lat' dir='ltr'><strong>parte</strong></span> <span class='ocrx_word' id='word_1_663' title='bbox 3051 2663 3116 2717; x_wconf 91' lang='lat' dir='ltr'><strong>ad</strong></span> <span class='ocrx_word' id='word_1_664' title='bbox 3148 2663 3199 2718; x_wconf 89' lang='lat' dir='ltr'><strong>id</strong></span> <span class='ocrx_word' id='word_1_665' title='bbox 3224 2666 3469 2724; x_wconf 87' lang='lat' dir='ltr'><strong>conferre</strong></span> <span class='ocrx_word' id='word_1_666' title='bbox 3491 2684 3578 2724; x_wconf 86' lang='lat' dir='ltr'><strong>ca-</strong></span> 
     </span>
    </p>
   </div>
   <div class='ocr_carea' id='block_1_87' title="bbox 1989 2745 3577 2828">
    <p class='ocr_par' dir='ltr' id='par_1_87' title="bbox 1989 2745 3577 2828">
     <span class='ocr_line' id='line_1_87' title="bbox 1989 2745 3577 2828; baseline 0.01 -29"><span class='ocrx_word' id='word_1_667' title='bbox 1989 2745 2118 2799; x_wconf 86' lang='lat' dir='ltr'><strong>ritas</strong></span> <span class='ocrx_word' id='word_1_668' title='bbox 2149 2747 2336 2816; x_wconf 90' lang='lat' dir='ltr'><strong>possit.</strong></span> <span class='ocrx_word' id='word_1_669' title='bbox 2369 2747 2520 2816; x_wconf 85' lang='lat' dir='ltr'><strong>Quod</strong></span> <span class='ocrx_word' id='word_1_670' title='bbox 2557 2748 2602 2808; x_wconf 89' lang='lat' dir='ltr'><strong>si</strong></span> <span class='ocrx_word' id='word_1_671' title='bbox 2643 2751 2772 2805; x_wconf 86' lang='lat' dir='ltr'><strong>velis</strong></span> <span class='ocrx_word' id='word_1_672' title='bbox 2800 2760 2855 2806; x_wconf 93' lang='lat' dir='ltr'><strong>ut</strong></span> <span class='ocrx_word' id='word_1_673' title='bbox 2892 2753 3182 2822; x_wconf 76' lang='lat' dir='ltr'><strong>prudentia:</strong></span> <span class='ocrx_word' id='word_1_674' title='bbox 3224 2772 3435 2828; x_wconf 90' lang='lat' dir='ltr'><strong>quoque</strong></span> <span class='ocrx_word' id='word_1_675' title='bbox 3475 2769 3577 2816; x_wconf 72' lang='lat' dir='ltr'><strong>tua:</strong></span> 
     </span>
    </p>
   </div>
   <div class='ocr_carea' id='block_1_88' title="bbox 1989 2838 3571 2921">
    <p class='ocr_par' dir='ltr' id='par_1_88' title="bbox 1989 2838 3571 2921">
     <span class='ocr_line' id='line_1_88' title="bbox 1989 2838 3571 2921; baseline 0.01 -31"><span class='ocrx_word' id='word_1_676' title='bbox 1989 2838 2278 2906; x_wconf 90' lang='lat' dir='ltr'><strong>specimina</strong></span> <span class='ocrx_word' id='word_1_677' title='bbox 2318 2841 2680 2908; x_wconf 78' lang='lat' dir='ltr'><strong>proferamus,</strong></span> <span class='ocrx_word' id='word_1_678' title='bbox 2712 2842 2777 2897; x_wconf 89' lang='lat' dir='ltr'><strong>ad</strong></span> <span class='ocrx_word' id='word_1_679' title='bbox 2818 2843 2867 2898; x_wconf 91' lang='lat' dir='ltr'><strong>id</strong></span> <span class='ocrx_word' id='word_1_680' title='bbox 2907 2861 3118 2916; x_wconf 90' lang='lat' dir='ltr'><strong>quoque</strong></span> <span class='ocrx_word' id='word_1_681' title='bbox 3153 2864 3240 2904; x_wconf 88' lang='lat' dir='ltr'><strong>me</strong></span> <span class='ocrx_word' id='word_1_682' title='bbox 3277 2851 3571 2921; x_wconf 88' lang='lat' dir='ltr'><strong>conferam,</strong></span> 
     </span>
    </p>
   </div>
   <div class='ocr_carea' id='block_1_89' title="bbox 1989 2931 3181 3004">
    <p class='ocr_par' dir='ltr' id='par_1_89' title="bbox 1989 2931 3181 3004">
     <span class='ocr_line' id='line_1_89' title="bbox 1989 2931 3181 3004; baseline 0.005 -18"><span class='ocrx_word' id='word_1_683' title='bbox 1989 2931 2375 3002; x_wconf 88' lang='lat' dir='ltr'><strong>ostendamque</strong></span> <span class='ocrx_word' id='word_1_684' title='bbox 2407 2942 2456 2988; x_wconf 93' lang='lat' dir='ltr'><strong>te</strong></span> <span class='ocrx_word' id='word_1_685' title='bbox 2487 2934 2654 3004; x_wconf 83' lang='lat' dir='ltr'><strong>magis</strong></span> <span class='ocrx_word' id='word_1_686' title='bbox 2681 2936 2955 3004; x_wconf 87' lang='lat' dir='ltr'><strong>prudentia</strong></span> <span class='ocrx_word' id='word_1_687' title='bbox 2985 2939 3181 2995; x_wconf 88' lang='lat' dir='ltr'><strong>valere.</strong></span> 
     </span>
    </p>
   </div>
   <div class='ocr_carea' id='block_1_90' title="bbox 2061 3021 3573 3107">
    <p class='ocr_par' dir='ltr' id='par_1_90' title="bbox 2061 3021 3573 3107">
     <span class='ocr_line' id='line_1_90' title="bbox 2061 3021 3573 3107; baseline 0.009 -32"><span class='ocrx_word' id='word_1_688' title='bbox 2061 3022 2142 3077; x_wconf 86' lang='lat' dir='ltr'><strong>Ad</strong></span> <span class='ocrx_word' id='word_1_689' title='bbox 2179 3021 2292 3077; x_wconf 66' lang='lat' dir='ltr'><strong>hinc</strong></span> <span class='ocrx_word' id='word_1_690' title='bbox 2329 3023 2418 3078; x_wconf 91' lang='lat' dir='ltr'><strong>ille</strong></span> <span class='ocrx_word' id='word_1_691' title='bbox 2459 3024 2662 3094; x_wconf 89' lang='lat' dir='ltr'><strong>pudore</strong></span> <span class='ocrx_word' id='word_1_692' title='bbox 2702 3026 3002 3098; x_wconf 89' lang='lat' dir='ltr'><strong>ruboreque</strong></span> <span class='ocrx_word' id='word_1_693' title='bbox 3037 3029 3257 3085; x_wconf 71' lang='lat' dir='ltr'><strong>allectus</strong></span> <span class='ocrx_word' id='word_1_694' title='bbox 3286 3031 3573 3107; x_wconf 71' lang='lat' dir='ltr'><strong>(BASIL),</strong></span> 
     </span>
    </p>
   </div>
   <div class='ocr_carea' id='block_1_91' title="bbox 1987 3115 3573 3189">
    <p class='ocr_par' dir='ltr' id='par_1_91' title="bbox 1987 3115 3573 3189">
     <span class='ocr_line' id='line_1_91' title="bbox 1987 3115 3573 3189; baseline 0.01 -21"><span class='ocrx_word' id='word_1_695' title='bbox 1987 3115 2116 3182; x_wconf 83' lang='lat' dir='ltr'><strong>Quae</strong></span> <span class='ocrx_word' id='word_1_696' title='bbox 2171 3131 2278 3182; x_wconf 89' lang='lat' dir='ltr'><strong>me,</strong></span> <span class='ocrx_word' id='word_1_697' title='bbox 2334 3117 2520 3187; x_wconf 87' lang='lat' dir='ltr'><strong>inquit,</strong></span> <span class='ocrx_word' id='word_1_698' title='bbox 2573 3129 2816 3189; x_wconf 89' lang='lat' dir='ltr'><strong>spectant</strong></span> <span class='ocrx_word' id='word_1_699' title='bbox 2861 3136 3005 3177; x_wconf 91' lang='lat' dir='ltr'><strong>nunc</strong></span> <span class='ocrx_word' id='word_1_700' title='bbox 3050 3124 3212 3179; x_wconf 89' lang='lat' dir='ltr'><strong>missa</strong></span> <span class='ocrx_word' id='word_1_701' title='bbox 3261 3125 3517 3183; x_wconf 89' lang='lat' dir='ltr'><strong>faciamus</strong></span> <span class='ocrx_word' id='word_1_702' title='bbox 3557 3145 3573 3185; x_wconf 90' lang='lat'><strong>:</strong></span> 
     </span>
    </p>
   </div>
   <div class='ocr_carea' id='block_1_92' title="bbox 1988 3208 3574 3290">
    <p class='ocr_par' dir='ltr' id='par_1_92' title="bbox 1988 3208 3574 3290">
     <span class='ocr_line' id='line_1_92' title="bbox 1988 3208 3574 3290; baseline 0.01 -30"><span class='ocrx_word' id='word_1_703' title='bbox 1988 3221 2163 3277; x_wconf 89' lang='lat' dir='ltr'><strong>neque</strong></span> <span class='ocrx_word' id='word_1_704' title='bbox 2191 3208 2332 3262; x_wconf 90' lang='lat' dir='ltr'><strong>enim</strong></span> <span class='ocrx_word' id='word_1_705' title='bbox 2373 3209 2440 3263; x_wconf 91' lang='lat' dir='ltr'><strong>ab</strong></span> <span class='ocrx_word' id='word_1_706' title='bbox 2476 3209 2628 3263; x_wconf 89' lang='lat' dir='ltr'><strong>initio</strong></span> <span class='ocrx_word' id='word_1_707' title='bbox 2665 3210 2854 3266; x_wconf 85' lang='lat' dir='ltr'><strong>horum</strong></span> <span class='ocrx_word' id='word_1_708' title='bbox 2883 3212 2979 3267; x_wconf 87' lang='lat' dir='ltr'><strong>abs</strong></span> <span class='ocrx_word' id='word_1_709' title='bbox 3011 3221 3062 3268; x_wconf 92' lang='lat' dir='ltr'><strong>te</strong></span> <span class='ocrx_word' id='word_1_710' title='bbox 3103 3216 3362 3272; x_wconf 88' lang='lat' dir='ltr'><strong>rationem</strong></span> <span class='ocrx_word' id='word_1_711' title='bbox 3394 3220 3574 3290; x_wconf 81' lang='lat' dir='ltr'><strong>exige-</strong></span> 
     </span>
    </p>
   </div>
   <div class='ocr_carea' id='block_1_93' title="bbox 1989 3299 3574 3378">
    <p class='ocr_par' dir='ltr' id='par_1_93' title="bbox 1989 3299 3574 3378">
     <span class='ocr_line' id='line_1_93' title="bbox 1989 3299 3574 3378; baseline 0.009 -27"><span class='ocrx_word' id='word_1_712' title='bbox 1989 3301 2130 3353; x_wconf 90' lang='lat' dir='ltr'><strong>bam.</strong></span> <span class='ocrx_word' id='word_1_713' title='bbox 2157 3299 2210 3355; x_wconf 90' lang='lat' dir='ltr'><strong>Si</strong></span> <span class='ocrx_word' id='word_1_714' title='bbox 2253 3300 2378 3369; x_wconf 92' lang='lat' dir='ltr'><strong>quid</strong></span> <span class='ocrx_word' id='word_1_715' title='bbox 2419 3316 2579 3370; x_wconf 88' lang='lat' dir='ltr'><strong>porro</strong></span> <span class='ocrx_word' id='word_1_716' title='bbox 2610 3301 2775 3358; x_wconf 88' lang='lat' dir='ltr'><strong>habes</strong></span> <span class='ocrx_word' id='word_1_717' title='bbox 2815 3303 2955 3374; x_wconf 93' lang='lat' dir='ltr'><strong>quod</strong></span> <span class='ocrx_word' id='word_1_718' title='bbox 2993 3306 3190 3360; x_wconf 81' lang='lat' dir='ltr'><strong>exteris</strong></span> <span class='ocrx_word' id='word_1_719' title='bbox 3222 3321 3574 3378; x_wconf 81' lang='lat' dir='ltr'><strong>congruenter</strong></span> 
     </span>
    </p>
   </div>
   <div class='ocr_carea' id='block_1_94' title="bbox 1986 3390 3574 3471">
    <p class='ocr_par' dir='ltr' id='par_1_94' title="bbox 1986 3390 3574 3471">
     <span class='ocr_line' id='line_1_94' title="bbox 1986 3390 3574 3471; baseline 0.009 -29"><span class='ocrx_word' id='word_1_720' title='bbox 1986 3403 2258 3460; x_wconf 88' lang='lat' dir='ltr'><strong>opponere</strong></span> <span class='ocrx_word' id='word_1_721' title='bbox 2284 3390 2477 3460; x_wconf 90' lang='lat' dir='ltr'><strong>possis,</strong></span> <span class='ocrx_word' id='word_1_722' title='bbox 2503 3391 2554 3446; x_wconf 92' lang='lat' dir='ltr'><strong>id</strong></span> <span class='ocrx_word' id='word_1_723' title='bbox 2581 3408 2711 3448; x_wconf 89' lang='lat' dir='ltr'><strong>vero</strong></span> <span class='ocrx_word' id='word_1_724' title='bbox 2736 3393 2963 3450; x_wconf 89' lang='lat' dir='ltr'><strong>libenter</strong></span> <span class='ocrx_word' id='word_1_725' title='bbox 2980 3395 3212 3451; x_wconf 90' lang='lat' dir='ltr'><strong>audiam.</strong></span> <span class='ocrx_word' id='word_1_726' title='bbox 3242 3398 3574 3471; x_wconf 86' lang='lat' dir='ltr'><strong>Quapropter</strong></span> 
     </span>
    </p>
   </div>
   <div class='ocr_carea' id='block_1_95' title="bbox 1985 3483 3573 3559">
    <p class='ocr_par' dir='ltr' id='par_1_95' title="bbox 1985 3483 3573 3559">
     <span class='ocr_line' id='line_1_95' title="bbox 1985 3483 3573 3559; baseline 0.008 -23"><span class='ocrx_word' id='word_1_727' title='bbox 1985 3483 2148 3537; x_wconf 90' lang='lat' dir='ltr'><strong>missa</strong></span> <span class='ocrx_word' id='word_1_728' title='bbox 2183 3483 2282 3538; x_wconf 92' lang='lat' dir='ltr'><strong>hac</strong></span> <span class='ocrx_word' id='word_1_729' title='bbox 2321 3484 2593 3540; x_wconf 88' lang='lat' dir='ltr'><strong>umbratili</strong></span> <span class='ocrx_word' id='word_1_730' title='bbox 2622 3501 2792 3558; x_wconf 90' lang='lat' dir='ltr'><strong>pugna</strong></span> <span class='ocrx_word' id='word_1_731' title='bbox 2815 3529 2830 3556; x_wconf 96' lang='lat'><strong>,</strong></span> <span class='ocrx_word' id='word_1_732' title='bbox 2859 3487 2946 3542; x_wconf 91' lang='lat' dir='ltr'><strong>dic</strong></span> <span class='ocrx_word' id='word_1_733' title='bbox 2986 3504 3145 3559; x_wconf 91' lang='lat' dir='ltr'><strong>quam</strong></span> <span class='ocrx_word' id='word_1_734' title='bbox 3177 3492 3573 3548; x_wconf 87' lang='lat' dir='ltr'><strong>excusationem</strong></span> 
     </span>
    </p>
   </div>
   <div class='ocr_carea' id='block_1_96' title="bbox 1985 3573 3573 3650">
    <p class='ocr_par' dir='ltr' id='par_1_96' title="bbox 1985 3573 3573 3650">
     <span class='ocr_line' id='line_1_96' title="bbox 1985 3573 3573 3650; baseline 0.009 -25"><span class='ocrx_word' id='word_1_735' title='bbox 1985 3573 2196 3629; x_wconf 88' lang='lat' dir='ltr'><strong>caeteris</strong></span> <span class='ocrx_word' id='word_1_736' title='bbox 2221 3574 2526 3642; x_wconf 84' lang='lat' dir='ltr'><strong>aﬁ‘eremus,</strong></span> <span class='ocrx_word' id='word_1_737' title='bbox 2557 3578 2761 3633; x_wconf 91' lang='lat' dir='ltr'><strong>scilicet</strong></span> <span class='ocrx_word' id='word_1_738' title='bbox 2795 3578 2860 3633; x_wconf 91' lang='lat' dir='ltr'><strong>iis</strong></span> <span class='ocrx_word' id='word_1_739' title='bbox 2894 3581 2983 3650; x_wconf 91' lang='lat' dir='ltr'><strong>qui</strong></span> <span class='ocrx_word' id='word_1_740' title='bbox 3017 3597 3117 3636; x_wconf 91' lang='lat' dir='ltr'><strong>nos</strong></span> <span class='ocrx_word' id='word_1_741' title='bbox 3149 3581 3354 3638; x_wconf 89' lang='lat' dir='ltr'><strong>honore</strong></span> <span class='ocrx_word' id='word_1_742' title='bbox 3379 3583 3573 3640; x_wconf 83' lang='lat' dir='ltr'><strong>aﬁ&#39;ece-</strong></span> 
     </span>
    </p>
   </div>
   <div class='ocr_carea' id='block_1_97' title="bbox 1986 3669 3573 3754">
    <p class='ocr_par' dir='ltr' id='par_1_97' title="bbox 1986 3669 3573 3754">
     <span class='ocr_line' id='line_1_97' title="bbox 1986 3669 3573 3754; baseline 0.008 -34"><span class='ocrx_word' id='word_1_743' title='bbox 1986 3675 2129 3754; x_wconf 79' lang='lat' dir='ltr'><strong>runt,</strong></span> <span class='ocrx_word' id='word_1_744' title='bbox 2177 3682 2382 3722; x_wconf 87' lang='lat' dir='ltr'><strong>necnon</strong></span> <span class='ocrx_word' id='word_1_745' title='bbox 2425 3669 2544 3724; x_wconf 90' lang='lat' dir='ltr'><strong>aliis</strong></span> <span class='ocrx_word' id='word_1_746' title='bbox 2581 3671 2670 3740; x_wconf 90' lang='lat' dir='ltr'><strong>qui</strong></span> <span class='ocrx_word' id='word_1_747' title='bbox 2712 3670 2921 3727; x_wconf 91' lang='lat' dir='ltr'><strong>illorum</strong></span> <span class='ocrx_word' id='word_1_748' title='bbox 2961 3681 3228 3745; x_wconf 89' lang='lat' dir='ltr'><strong>tamquam</strong></span> <span class='ocrx_word' id='word_1_749' title='bbox 3264 3675 3457 3746; x_wconf 85' lang='lat' dir='ltr'><strong>injuria</strong></span> <span class='ocrx_word' id='word_1_750' title='bbox 3490 3677 3573 3734; x_wconf 78' lang='lat' dir='ltr'><strong>al“-</strong></span> 
     </span>
    </p>
   </div>
   <div class='ocr_carea' id='block_1_98' title="bbox 1985 3757 2683 3816">
    <p class='ocr_par' dir='ltr' id='par_1_98' title="bbox 1985 3757 2683 3816">
     <span class='ocr_line' id='line_1_98' title="bbox 1985 3757 2683 3816; baseline 0.007 -5"><span class='ocrx_word' id='word_1_751' title='bbox 1985 3757 2243 3812; x_wconf 91' lang='lat' dir='ltr'><strong>fectorum</strong></span> <span class='ocrx_word' id='word_1_752' title='bbox 2276 3759 2446 3814; x_wconf 91' lang='lat' dir='ltr'><strong>vicem</strong></span> <span class='ocrx_word' id='word_1_753' title='bbox 2475 3760 2683 3816; x_wconf 91' lang='lat' dir='ltr'><strong>dolent.</strong></span> 
     </span>
    </p>
   </div>
   <div class='ocr_carea' id='block_1_99' title="bbox 2055 3849 3573 3932">
    <p class='ocr_par' dir='ltr' id='par_1_99' title="bbox 2055 3849 3573 3932">
     <span class='ocr_line' id='line_1_99' title="bbox 2055 3849 3573 3932; baseline 0.008 -28"><span class='ocrx_word' id='word_1_754' title='bbox 2055 3849 2108 3904; x_wconf 90' lang='lat'><strong>7.</strong></span> <span class='ocrx_word' id='word_1_755' title='bbox 2151 3849 2300 3916; x_wconf 83' lang='lat' dir='ltr'><strong>Quod</strong></span> <span class='ocrx_word' id='word_1_756' title='bbox 2336 3867 2437 3904; x_wconf 87' lang='lat' dir='ltr'><strong>non</strong></span> <span class='ocrx_word' id='word_1_757' title='bbox 2471 3852 2523 3904; x_wconf 90' lang='lat' dir='ltr'><strong>in</strong></span> <span class='ocrx_word' id='word_1_758' title='bbox 2557 3853 2912 3908; x_wconf 87' lang='lat' dir='ltr'><strong>contumeliam</strong></span> <span class='ocrx_word' id='word_1_759' title='bbox 2946 3870 3136 3923; x_wconf 88' lang='lat' dir='ltr'><strong>eorum,</strong></span> <span class='ocrx_word' id='word_1_760' title='bbox 3166 3857 3253 3926; x_wconf 86' lang='lat' dir='ltr'><strong>qui</strong></span> <span class='ocrx_word' id='word_1_761' title='bbox 3289 3873 3381 3912; x_wconf 88' lang='lat' dir='ltr'><strong>nos</strong></span> <span class='ocrx_word' id='word_1_762' title='bbox 3412 3859 3573 3932; x_wconf 84' lang='lat' dir='ltr'><strong>elege-</strong></span> 
     </span>
    </p>
   </div>
   <div class='ocr_carea' id='block_1_100' title="bbox 1982 3941 3573 4022">
    <p class='ocr_par' dir='ltr' id='par_1_100' title="bbox 1982 3941 3573 4022">
     <span class='ocr_line' id='line_1_100' title="bbox 1982 3941 3573 4022; baseline 0.008 -29"><span class='ocrx_word' id='word_1_763' title='bbox 1982 3948 2118 4004; x_wconf 88' lang='lat' dir='ltr'><strong>rant,</strong></span> <span class='ocrx_word' id='word_1_764' title='bbox 2142 3941 2512 3996; x_wconf 84' lang='lat' dir='ltr'><strong>ordinationem</strong></span> <span class='ocrx_word' id='word_1_765' title='bbox 2540 3942 2885 4014; x_wconf 80' lang='lat' dir='ltr'><strong>e/I&#39;ugerimus.</strong></span> <span class='ocrx_word' id='word_1_766' title='bbox 2905 3976 2978 3986; x_wconf 94' lang='lat'><strong>—</strong></span> <span class='ocrx_word' id='word_1_767' title='bbox 3001 3947 3378 4005; x_wconf 82' lang='lat' dir='ltr'><strong>CIIRYSOST.</strong></span> <span class='ocrx_word' id='word_1_768' title='bbox 3410 3952 3573 4022; x_wconf 88' lang='lat' dir='ltr'><strong>Equi-</strong></span> 
     </span>
    </p>
   </div>
   <div class='ocr_carea' id='block_1_101' title="bbox 1983 4030 3568 4109">
    <p class='ocr_par' dir='ltr' id='par_1_101' title="bbox 1983 4030 3568 4109">
     <span class='ocr_line' id='line_1_101' title="bbox 1983 4030 3568 4109; baseline 0.008 -24"><span class='ocrx_word' id='word_1_769' title='bbox 1983 4031 2105 4085; x_wconf 92' lang='lat' dir='ltr'><strong>dem</strong></span> <span class='ocrx_word' id='word_1_770' title='bbox 2151 4030 2216 4085; x_wconf 87' lang='lat' dir='ltr'><strong>ad</strong></span> <span class='ocrx_word' id='word_1_771' title='bbox 2261 4032 2336 4098; x_wconf 90' lang='lat' dir='ltr'><strong>id,</strong></span> <span class='ocrx_word' id='word_1_772' title='bbox 2382 4033 2616 4102; x_wconf 89' lang='lat' dir='ltr'><strong>inquam,</strong></span> <span class='ocrx_word' id='word_1_773' title='bbox 2663 4034 2773 4103; x_wconf 88' lang='lat' dir='ltr'><strong>jam</strong></span> <span class='ocrx_word' id='word_1_774' title='bbox 2825 4051 3086 4104; x_wconf 88' lang='lat' dir='ltr'><strong>propero;</strong></span> <span class='ocrx_word' id='word_1_775' title='bbox 3136 4040 3568 4109; x_wconf 91' lang='lat' dir='ltr'><strong>quandoquidem</strong></span> 
     </span>
    </p>
   </div>
   <div class='ocr_carea' id='block_1_102' title="bbox 1983 4124 3571 4197">
    <p class='ocr_par' dir='ltr' id='par_1_102' title="bbox 1983 4124 3571 4197">
     <span class='ocr_line' id='line_1_102' title="bbox 1983 4124 3571 4197; baseline 0.005 -19"><span class='ocrx_word' id='word_1_776' title='bbox 1983 4125 2126 4178; x_wconf 89' lang='lat' dir='ltr'><strong>enim</strong></span> <span class='ocrx_word' id='word_1_777' title='bbox 2157 4124 2380 4178; x_wconf 85' lang='lat' dir='ltr'><strong>rationis</strong></span> <span class='ocrx_word' id='word_1_778' title='bbox 2408 4124 2547 4194; x_wconf 89' lang='lat' dir='ltr'><strong>apud</strong></span> <span class='ocrx_word' id='word_1_779' title='bbox 2587 4134 2636 4179; x_wconf 89' lang='lat' dir='ltr'><strong>te</strong></span> <span class='ocrx_word' id='word_1_780' title='bbox 2666 4125 2950 4181; x_wconf 74' lang='lat' dir='ltr'><strong>reddenda:</strong></span> <span class='ocrx_word' id='word_1_781' title='bbox 2991 4130 3147 4183; x_wconf 87' lang='lat' dir='ltr'><strong>linem</strong></span> <span class='ocrx_word' id='word_1_782' title='bbox 3186 4132 3306 4197; x_wconf 86' lang='lat' dir='ltr'><strong>feci,</strong></span> <span class='ocrx_word' id='word_1_783' title='bbox 3339 4132 3404 4184; x_wconf 87' lang='lat' dir='ltr'><strong>ad</strong></span> <span class='ocrx_word' id='word_1_784' title='bbox 3435 4133 3571 4188; x_wconf 90' lang='lat' dir='ltr'><strong>hanc</strong></span> 
     </span>
    </p>
   </div>
   <div class='ocr_carea' id='block_1_103' title="bbox 1982 4215 3569 4291">
    <p class='ocr_par' dir='ltr' id='par_1_103' title="bbox 1982 4215 3569 4291">
     <span class='ocr_line' id='line_1_103' title="bbox 1982 4215 3569 4291; baseline 0.006 -24"><span class='ocrx_word' id='word_1_785' title='bbox 1982 4215 2240 4285; x_wconf 73' lang='lat' dir='ltr'><strong>apologiae</strong></span> <span class='ocrx_word' id='word_1_786' title='bbox 2275 4223 2480 4284; x_wconf 89' lang='lat' dir='ltr'><strong>partem</strong></span> <span class='ocrx_word' id='word_1_787' title='bbox 2528 4215 2680 4270; x_wconf 81' lang='lat' dir='ltr'><strong>facile</strong></span> <span class='ocrx_word' id='word_1_788' title='bbox 2723 4231 2808 4270; x_wconf 91' lang='lat' dir='ltr'><strong>me</strong></span> <span class='ocrx_word' id='word_1_789' title='bbox 2846 4227 3071 4272; x_wconf 88' lang='lat' dir='ltr'><strong>vertam.</strong></span> <span class='ocrx_word' id='word_1_790' title='bbox 3109 4219 3362 4285; x_wconf 76' lang='lat' dir='ltr'><strong>Quantam</strong></span> <span class='ocrx_word' id='word_1_791' title='bbox 3410 4223 3569 4291; x_wconf 83' lang='lat' dir='ltr'><strong>igitur</strong></span> 
     </span>
    </p>
   </div>
   <div class='ocr_carea' id='block_1_104' title="bbox 1985 4305 3569 4376">
    <p class='ocr_par' dir='ltr' id='par_1_104' title="bbox 1985 4305 3569 4376">
     <span class='ocr_line' id='line_1_104' title="bbox 1985 4305 3569 4376; baseline 0.006 -18"><span class='ocrx_word' id='word_1_792' title='bbox 1985 4305 2172 4360; x_wconf 90' lang='lat' dir='ltr'><strong>horum</strong></span> <span class='ocrx_word' id='word_1_793' title='bbox 2197 4305 2482 4371; x_wconf 87' lang='lat' dir='ltr'><strong>accusatio,</strong></span> <span class='ocrx_word' id='word_1_794' title='bbox 2505 4321 2623 4376; x_wconf 69' lang='lat' dir='ltr'><strong>qua!</strong></span> <span class='ocrx_word' id='word_1_795' title='bbox 2641 4306 2866 4361; x_wconf 90' lang='lat' dir='ltr'><strong>crimina</strong></span> <span class='ocrx_word' id='word_1_796' title='bbox 2885 4309 2908 4361; x_wconf 90' lang='lat'><strong>?</strong></span> <span class='ocrx_word' id='word_1_797' title='bbox 2927 4309 2997 4364; x_wconf 93' lang='lat' dir='ltr'><strong>Se</strong></span> <span class='ocrx_word' id='word_1_798' title='bbox 3017 4310 3332 4366; x_wconf 88' lang='lat' dir='ltr'><strong>contumelia</strong></span> <span class='ocrx_word' id='word_1_799' title='bbox 3349 4310 3569 4368; x_wconf 77' lang='lat' dir='ltr'><strong>allectos</strong></span> 
     </span>
    </p>
   </div>
   <div class='ocr_carea' id='block_1_105' title="bbox 1981 4394 3566 4473">
    <p class='ocr_par' dir='ltr' id='par_1_105' title="bbox 1981 4394 3566 4473">
     <span class='ocr_line' id='line_1_105' title="bbox 1981 4394 3566 4473; baseline 0.006 -24"><span class='ocrx_word' id='word_1_800' title='bbox 1981 4404 2036 4449; x_wconf 90' lang='lat' dir='ltr'><strong>et</strong></span> <span class='ocrx_word' id='word_1_801' title='bbox 2069 4394 2250 4466; x_wconf 87' lang='lat' dir='ltr'><strong>gravia</strong></span> <span class='ocrx_word' id='word_1_802' title='bbox 2289 4410 2474 4464; x_wconf 90' lang='lat' dir='ltr'><strong>passos</strong></span> <span class='ocrx_word' id='word_1_803' title='bbox 2500 4405 2813 4466; x_wconf 89' lang='lat' dir='ltr'><strong>queruntur,</strong></span> <span class='ocrx_word' id='word_1_804' title='bbox 2851 4399 2972 4468; x_wconf 90' lang='lat' dir='ltr'><strong>quia</strong></span> <span class='ocrx_word' id='word_1_805' title='bbox 3013 4399 3292 4468; x_wconf 91' lang='lat' dir='ltr'><strong>honorem,</strong></span> <span class='ocrx_word' id='word_1_806' title='bbox 3330 4418 3438 4473; x_wconf 89' lang='lat' dir='ltr'><strong>quo</strong></span> <span class='ocrx_word' id='word_1_807' title='bbox 3470 4420 3566 4459; x_wconf 89' lang='lat' dir='ltr'><strong>nos</strong></span> 
     </span>
    </p>
   </div>
   <div class='ocr_carea' id='block_1_106' title="bbox 1981 4486 3564 4564">
    <p class='ocr_par' dir='ltr' id='par_1_106' title="bbox 1981 4486 3564 4564">
     <span class='ocr_line' id='line_1_106' title="bbox 1981 4486 3564 4564; baseline 0.005 -23"><span class='ocrx_word' id='word_1_808' title='bbox 1981 4501 2176 4542; x_wconf 87' lang='lat' dir='ltr'><strong>ornare</strong></span> <span class='ocrx_word' id='word_1_809' title='bbox 2201 4486 2470 4552; x_wconf 87' lang='lat' dir='ltr'><strong>volebant,</strong></span> <span class='ocrx_word' id='word_1_810' title='bbox 2516 4501 2622 4542; x_wconf 92' lang='lat' dir='ltr'><strong>non</strong></span> <span class='ocrx_word' id='word_1_811' title='bbox 2662 4488 2984 4560; x_wconf 67' lang='lat' dir='ltr'><strong>accepimys.</strong></span> <span class='ocrx_word' id='word_1_812' title='bbox 3018 4490 3130 4562; x_wconf 89' lang='lat' dir='ltr'><strong>Ego</strong></span> <span class='ocrx_word' id='word_1_813' title='bbox 3171 4507 3297 4547; x_wconf 87' lang='lat' dir='ltr'><strong>vero</strong></span> <span class='ocrx_word' id='word_1_814' title='bbox 3335 4495 3564 4564; x_wconf 89' lang='lat' dir='ltr'><strong>primum</strong></span> 
     </span>
    </p>
   </div>
   <div class='ocr_carea' id='block_1_107' title="bbox 1980 4579 3564 4646">
    <p class='ocr_par' dir='ltr' id='par_1_107' title="bbox 1980 4579 3564 4646">
     <span class='ocr_line' id='line_1_107' title="bbox 1980 4579 3564 4646; baseline 0.005 -11"><span class='ocrx_word' id='word_1_815' title='bbox 1980 4579 2176 4646; x_wconf 91' lang='lat' dir='ltr'><strong>dicam,</strong></span> <span class='ocrx_word' id='word_1_816' title='bbox 2205 4594 2304 4634; x_wconf 90' lang='lat' dir='ltr'><strong>nos</strong></span> <span class='ocrx_word' id='word_1_817' title='bbox 2332 4579 2398 4635; x_wconf 90' lang='lat' dir='ltr'><strong>de</strong></span> <span class='ocrx_word' id='word_1_818' title='bbox 2423 4580 2762 4637; x_wconf 88' lang='lat' dir='ltr'><strong>contumeliis</strong></span> <span class='ocrx_word' id='word_1_819' title='bbox 2791 4581 3092 4640; x_wconf 90' lang='lat' dir='ltr'><strong>hominibus</strong></span> <span class='ocrx_word' id='word_1_820' title='bbox 3121 4585 3280 4641; x_wconf 90' lang='lat' dir='ltr'><strong>illatis</strong></span> <span class='ocrx_word' id='word_1_821' title='bbox 3307 4588 3437 4642; x_wconf 92' lang='lat' dir='ltr'><strong>nihil</strong></span> <span class='ocrx_word' id='word_1_822' title='bbox 3467 4605 3564 4643; x_wconf 61' lang='lat' dir='ltr'><strong>cu.</strong></span> 
     </span>
    </p>
   </div>
   <div class='ocr_carea' id='block_1_108' title="bbox 1981 4673 3565 4745">
    <p class='ocr_par' dir='ltr' id='par_1_108' title="bbox 1981 4673 3565 4745">
     <span class='ocr_line' id='line_1_108' title="bbox 1981 4673 3565 4745; baseline 0.004 -17"><span class='ocrx_word' id='word_1_823' title='bbox 1981 4688 2102 4730; x_wconf 88' lang='lat' dir='ltr'><strong>rare</strong></span> <span class='ocrx_word' id='word_1_824' title='bbox 2121 4673 2340 4741; x_wconf 87' lang='lat' dir='ltr'><strong>debere,</strong></span> <span class='ocrx_word' id='word_1_825' title='bbox 2368 4690 2487 4730; x_wconf 92' lang='lat' dir='ltr'><strong>cum</strong></span> <span class='ocrx_word' id='word_1_826' title='bbox 2517 4689 2613 4745; x_wconf 87' lang='lat' dir='ltr'><strong>per</strong></span> <span class='ocrx_word' id='word_1_827' title='bbox 2637 4676 2716 4732; x_wconf 90' lang='lat' dir='ltr'><strong>eis</strong></span> <span class='ocrx_word' id='word_1_828' title='bbox 2746 4677 2948 4731; x_wconf 88' lang='lat' dir='ltr'><strong>illatum</strong></span> <span class='ocrx_word' id='word_1_829' title='bbox 2977 4678 3233 4734; x_wconf 91' lang='lat' dir='ltr'><strong>honorem</strong></span> <span class='ocrx_word' id='word_1_830' title='bbox 3262 4680 3312 4734; x_wconf 88' lang='lat' dir='ltr'><strong>in</strong></span> <span class='ocrx_word' id='word_1_831' title='bbox 3355 4681 3448 4735; x_wconf 90' lang='lat' dir='ltr'><strong>Dei</strong></span> <span class='ocrx_word' id='word_1_832' title='bbox 3488 4683 3565 4735; x_wconf 78' lang='lat' dir='ltr'><strong>of-</strong></span> 
     </span>
    </p>
   </div>
   <div class='ocr_carea' id='block_1_109' title="bbox 1981 4764 3565 4840">
    <p class='ocr_par' dir='ltr' id='par_1_109' title="bbox 1981 4764 3565 4840">
     <span class='ocr_line' id='line_1_109' title="bbox 1981 4764 3565 4840; baseline 0.003 -19"><span class='ocrx_word' id='word_1_833' title='bbox 1981 4764 2276 4822; x_wconf 89' lang='lat' dir='ltr'><strong>fensionem</strong></span> <span class='ocrx_word' id='word_1_834' title='bbox 2317 4767 2595 4823; x_wconf 89' lang='lat' dir='ltr'><strong>incurrere</strong></span> <span class='ocrx_word' id='word_1_835' title='bbox 2623 4768 2883 4838; x_wconf 89' lang='lat' dir='ltr'><strong>cogimur.</strong></span> <span class='ocrx_word' id='word_1_836' title='bbox 2914 4768 3096 4840; x_wconf 85' lang='lat' dir='ltr'><strong>Neque</strong></span> <span class='ocrx_word' id='word_1_837' title='bbox 3134 4773 3276 4824; x_wconf 91' lang='lat' dir='ltr'><strong>enim</strong></span> <span class='ocrx_word' id='word_1_838' title='bbox 3314 4780 3443 4840; x_wconf 89' lang='lat' dir='ltr'><strong>puto</strong></span> <span class='ocrx_word' id='word_1_839' title='bbox 3472 4787 3565 4826; x_wconf 85' lang='lat' dir='ltr'><strong>eos</strong></span> 
     </span>
    </p>
   </div>
   <div class='ocr_carea' id='block_1_110' title="bbox 1982 4857 3559 4929">
    <p class='ocr_par' dir='ltr' id='par_1_110' title="bbox 1982 4857 3559 4929">
     <span class='ocr_line' id='line_1_110' title="bbox 1982 4857 3559 4929; baseline 0.003 -18"><span class='ocrx_word' id='word_1_840' title='bbox 1982 4857 2127 4929; x_wconf 89' lang='lat' dir='ltr'><strong>ipsos</strong></span> <span class='ocrx_word' id='word_1_841' title='bbox 2156 4858 2247 4928; x_wconf 92' lang='lat' dir='ltr'><strong>qui</strong></span> <span class='ocrx_word' id='word_1_842' title='bbox 2275 4858 2637 4929; x_wconf 89' lang='lat' dir='ltr'><strong>indignantur,</strong></span> <span class='ocrx_word' id='word_1_843' title='bbox 2670 4873 2792 4913; x_wconf 91' lang='lat' dir='ltr'><strong>cum</strong></span> <span class='ocrx_word' id='word_1_844' title='bbox 2827 4875 2944 4915; x_wconf 91' lang='lat' dir='ltr'><strong>eam</strong></span> <span class='ocrx_word' id='word_1_845' title='bbox 2981 4875 3091 4915; x_wconf 88' lang='lat' dir='ltr'><strong>rem</strong></span> <span class='ocrx_word' id='word_1_846' title='bbox 3115 4861 3339 4917; x_wconf 90' lang='lat' dir='ltr'><strong>moleste</strong></span> <span class='ocrx_word' id='word_1_847' title='bbox 3365 4860 3559 4929; x_wconf 89' lang='lat' dir='ltr'><strong>ferunt,</strong></span> 
     </span>
    </p>
   </div>
   <div class='ocr_carea' id='block_1_111' title="bbox 1980 4948 3561 5022">
    <p class='ocr_par' dir='ltr' id='par_1_111' title="bbox 1980 4948 3561 5022">
     <span class='ocr_line' id='line_1_111' title="bbox 1980 4948 3561 5022; baseline 0.003 -18"><span class='ocrx_word' id='word_1_848' title='bbox 1980 4948 2222 5019; x_wconf 88' lang='lat' dir='ltr'><strong>periculo</strong></span> <span class='ocrx_word' id='word_1_849' title='bbox 2245 4964 2455 5018; x_wconf 86' lang='lat' dir='ltr'><strong>vacare,</strong></span> <span class='ocrx_word' id='word_1_850' title='bbox 2485 4949 2596 5004; x_wconf 90' lang='lat' dir='ltr'><strong>imo</strong></span> <span class='ocrx_word' id='word_1_851' title='bbox 2627 4965 2877 5021; x_wconf 89' lang='lat' dir='ltr'><strong>magnum</strong></span> <span class='ocrx_word' id='word_1_852' title='bbox 2911 4953 3152 5022; x_wconf 91' lang='lat' dir='ltr'><strong>accipere</strong></span> <span class='ocrx_word' id='word_1_853' title='bbox 3185 4952 3561 5009; x_wconf 89' lang='lat' dir='ltr'><strong>detrimentum</strong></span> 
     </span>
    </p>
   </div>
   <div class='ocr_carea' id='block_1_112' title="bbox 1979 5041 3563 5116">
    <p class='ocr_par' dir='ltr' id='par_1_112' title="bbox 1979 5041 3563 5116">
     <span class='ocr_line' id='line_1_112' title="bbox 1979 5041 3563 5116; baseline 0.004 -20"><span class='ocrx_word' id='word_1_854' title='bbox 1979 5041 2228 5096; x_wconf 80' lang='lat' dir='ltr'><strong>dixerim.</strong></span> <span class='ocrx_word' id='word_1_855' title='bbox 2260 5042 2384 5098; x_wconf 90' lang='lat' dir='ltr'><strong>Illos</strong></span> <span class='ocrx_word' id='word_1_856' title='bbox 2403 5042 2620 5114; x_wconf 91' lang='lat' dir='ltr'><strong>quippe,</strong></span> <span class='ocrx_word' id='word_1_857' title='bbox 2645 5044 2734 5113; x_wconf 92' lang='lat' dir='ltr'><strong>qui</strong></span> <span class='ocrx_word' id='word_1_858' title='bbox 2767 5044 2875 5098; x_wconf 90' lang='lat' dir='ltr'><strong>Deo</strong></span> <span class='ocrx_word' id='word_1_859' title='bbox 2903 5043 3098 5100; x_wconf 89' lang='lat' dir='ltr'><strong>addicti</strong></span> <span class='ocrx_word' id='word_1_860' title='bbox 3123 5054 3264 5112; x_wconf 88' lang='lat' dir='ltr'><strong>sunt,</strong></span> <span class='ocrx_word' id='word_1_861' title='bbox 3298 5055 3352 5102; x_wconf 91' lang='lat' dir='ltr'><strong>et</strong></span> <span class='ocrx_word' id='word_1_862' title='bbox 3385 5047 3452 5101; x_wconf 90' lang='lat' dir='ltr'><strong>ad</strong></span> <span class='ocrx_word' id='word_1_863' title='bbox 3478 5047 3563 5116; x_wconf 77' lang='lat' dir='ltr'><strong>lp-</strong></span> 
     </span>
    </p>
   </div>
   <div class='ocr_carea' id='block_1_113' title="bbox 1979 5132 3562 5204">
    <p class='ocr_par' dir='ltr' id='par_1_113' title="bbox 1979 5132 3562 5204">
     <span class='ocr_line' id='line_1_113' title="bbox 1979 5132 3562 5204; baseline 0.005 -18"><span class='ocrx_word' id='word_1_864' title='bbox 1979 5145 2096 5186; x_wconf 91' lang='lat' dir='ltr'><strong>sum</strong></span> <span class='ocrx_word' id='word_1_865' title='bbox 2136 5132 2307 5186; x_wconf 91' lang='lat' dir='ltr'><strong>solum</strong></span> <span class='ocrx_word' id='word_1_866' title='bbox 2351 5134 2663 5202; x_wconf 80' lang='lat' dir='ltr'><strong>reSpiciunt,</strong></span> <span class='ocrx_word' id='word_1_867' title='bbox 2704 5134 2775 5188; x_wconf 90' lang='lat' dir='ltr'><strong>ita</strong></span> <span class='ocrx_word' id='word_1_868' title='bbox 2817 5134 2902 5204; x_wconf 89' lang='lat' dir='ltr'><strong>pie</strong></span> <span class='ocrx_word' id='word_1_869' title='bbox 2943 5135 3162 5192; x_wconf 75' lang='lat' dir='ltr'><strong>allectos</strong></span> <span class='ocrx_word' id='word_1_870' title='bbox 3205 5153 3324 5193; x_wconf 87' lang='lat' dir='ltr'><strong>esse</strong></span> <span class='ocrx_word' id='word_1_871' title='bbox 3367 5137 3562 5194; x_wconf 84' lang='lat' dir='ltr'><strong>debere</strong></span> 
     </span>
    </p>
   </div>
   <div class='ocr_carea' id='block_1_114' title="bbox 1977 5225 3560 5297">
    <p class='ocr_par' dir='ltr' id='par_1_114' title="bbox 1977 5225 3560 5297">
     <span class='ocr_line' id='line_1_114' title="bbox 1977 5225 3560 5297; baseline 0.003 -17"><span class='ocrx_word' id='word_1_872' title='bbox 1977 5239 2193 5291; x_wconf 85' lang='lat' dir='ltr'><strong>censeo,</strong></span> <span class='ocrx_word' id='word_1_873' title='bbox 2227 5235 2284 5280; x_wconf 93' lang='lat' dir='ltr'><strong>ut</strong></span> <span class='ocrx_word' id='word_1_874' title='bbox 2327 5225 2379 5280; x_wconf 90' lang='lat' dir='ltr'><strong>id</strong></span> <span class='ocrx_word' id='word_1_875' title='bbox 2412 5241 2518 5282; x_wconf 92' lang='lat' dir='ltr'><strong>non</strong></span> <span class='ocrx_word' id='word_1_876' title='bbox 2559 5241 2659 5297; x_wconf 91' lang='lat' dir='ltr'><strong>pro</strong></span> <span class='ocrx_word' id='word_1_877' title='bbox 2696 5229 3024 5284; x_wconf 87' lang='lat' dir='ltr'><strong>contumelia</strong></span> <span class='ocrx_word' id='word_1_878' title='bbox 3064 5229 3313 5294; x_wconf 88' lang='lat' dir='ltr'><strong>habeant,</strong></span> <span class='ocrx_word' id='word_1_879' title='bbox 3351 5231 3560 5287; x_wconf 88' lang='lat' dir='ltr'><strong>etiamsi</strong></span> 
     </span>
    </p>
   </div>
   <div class='ocr_carea' id='block_1_115' title="bbox 1977 5317 3560 5387">
    <p class='ocr_par' dir='ltr' id='par_1_115' title="bbox 1977 5317 3560 5387">
     <span class='ocr_line' id='line_1_115' title="bbox 1977 5317 3560 5387; baseline 0.006 -16"><span class='ocrx_word' id='word_1_880' title='bbox 1977 5317 2281 5374; x_wconf 87' lang='lat' dir='ltr'><strong>sexcenties</strong></span> <span class='ocrx_word' id='word_1_881' title='bbox 2307 5320 2384 5372; x_wconf 91' lang='lat' dir='ltr'><strong>sic</strong></span> <span class='ocrx_word' id='word_1_882' title='bbox 2411 5317 2818 5374; x_wconf 88' lang='lat' dir='ltr'><strong>inhonorentur.</strong></span> <span class='ocrx_word' id='word_1_883' title='bbox 2851 5319 3002 5387; x_wconf 86' lang='lat' dir='ltr'><strong>Quod</strong></span> <span class='ocrx_word' id='word_1_884' title='bbox 3031 5335 3160 5376; x_wconf 91' lang='lat' dir='ltr'><strong>vero</strong></span> <span class='ocrx_word' id='word_1_885' title='bbox 3188 5321 3376 5378; x_wconf 89' lang='lat' dir='ltr'><strong>similis</strong></span> <span class='ocrx_word' id='word_1_886' title='bbox 3401 5339 3560 5380; x_wconf 85' lang='lat' dir='ltr'><strong>ausus</strong></span> 
     </span>
    </p>
   </div>
   <div class='ocr_carea' id='block_1_116' title="bbox 1977 5408 3562 5482">
    <p class='ocr_par' dir='ltr' id='par_1_116' title="bbox 1977 5408 3562 5482">
     <span class='ocr_line' id='line_1_116' title="bbox 1977 5408 3562 5482; baseline 0.005 -20"><span class='ocrx_word' id='word_1_887' title='bbox 1977 5424 2047 5462; x_wconf 89' lang='lat' dir='ltr'><strong>ne</strong></span> <span class='ocrx_word' id='word_1_888' title='bbox 2085 5408 2139 5463; x_wconf 91' lang='lat' dir='ltr'><strong>in</strong></span> <span class='ocrx_word' id='word_1_889' title='bbox 2191 5418 2424 5464; x_wconf 89' lang='lat' dir='ltr'><strong>mentem</strong></span> <span class='ocrx_word' id='word_1_890' title='bbox 2462 5410 2673 5480; x_wconf 86' lang='lat' dir='ltr'><strong>quidem</strong></span> <span class='ocrx_word' id='word_1_891' title='bbox 2717 5411 2845 5465; x_wconf 91' lang='lat' dir='ltr'><strong>mihi</strong></span> <span class='ocrx_word' id='word_1_892' title='bbox 2889 5428 3135 5482; x_wconf 90' lang='lat' dir='ltr'><strong>umquam</strong></span> <span class='ocrx_word' id='word_1_893' title='bbox 3167 5415 3392 5482; x_wconf 87' lang='lat' dir='ltr'><strong>venerit,</strong></span> <span class='ocrx_word' id='word_1_894' title='bbox 3439 5414 3562 5470; x_wconf 89' lang='lat' dir='ltr'><strong>hinc</strong></span> 
     </span>
    </p>
   </div>
   <div class='ocr_carea' id='block_1_117' title="bbox 1977 5499 3553 5576">
    <p class='ocr_par' dir='ltr' id='par_1_117' title="bbox 1977 5499 3553 5576">
     <span class='ocr_line' id='line_1_117' title="bbox 1977 5499 3553 5576; baseline 0.005 -22"><span class='ocrx_word' id='word_1_895' title='bbox 1977 5499 2234 5571; x_wconf 89' lang='lat' dir='ltr'><strong>liquidum</strong></span> <span class='ocrx_word' id='word_1_896' title='bbox 2260 5501 2380 5555; x_wconf 91' lang='lat' dir='ltr'><strong>erit.</strong></span> <span class='ocrx_word' id='word_1_897' title='bbox 2411 5499 2542 5556; x_wconf 88' lang='lat' dir='ltr'><strong>Nam</strong></span> <span class='ocrx_word' id='word_1_898' title='bbox 2565 5501 2608 5556; x_wconf 91' lang='lat' dir='ltr'><strong>si</strong></span> <span class='ocrx_word' id='word_1_899' title='bbox 2637 5502 2772 5557; x_wconf 88' lang='lat' dir='ltr'><strong>fastu</strong></span> <span class='ocrx_word' id='word_1_900' title='bbox 2801 5502 2881 5557; x_wconf 90' lang='lat' dir='ltr'><strong>vel</strong></span> <span class='ocrx_word' id='word_1_901' title='bbox 2904 5518 3054 5558; x_wconf 75' lang='lat' dir='ltr'><strong>vana:</strong></span> <span class='ocrx_word' id='word_1_902' title='bbox 3078 5504 3261 5576; x_wconf 71' lang='lat' dir='ltr'><strong>glorise</strong></span> <span class='ocrx_word' id='word_1_903' title='bbox 3289 5505 3553 5576; x_wconf 88' lang='lat' dir='ltr'><strong>cupidine,</strong></span> 
     </span>
    </p>
   </div>
   <div class='ocr_carea' id='block_1_118' title="bbox 1977 5592 3559 5664">
    <p class='ocr_par' dir='ltr' id='par_1_118' title="bbox 1977 5592 3559 5664">
     <span class='ocr_line' id='line_1_118' title="bbox 1977 5592 3559 5664; baseline 0.004 -17"><span class='ocrx_word' id='word_1_904' title='bbox 1977 5602 2038 5647; x_wconf 92' lang='lat' dir='ltr'><strong>ut</strong></span> <span class='ocrx_word' id='word_1_905' title='bbox 2063 5608 2208 5664; x_wconf 68' lang='lat' dir='ltr'><strong>smpe</strong></span> <span class='ocrx_word' id='word_1_906' title='bbox 2245 5592 2424 5648; x_wconf 82' lang='lat' dir='ltr'><strong>dixisti</strong></span> <span class='ocrx_word' id='word_1_907' title='bbox 2453 5594 2735 5649; x_wconf 90' lang='lat' dir='ltr'><strong>nonnullos</strong></span> <span class='ocrx_word' id='word_1_908' title='bbox 2754 5595 3091 5664; x_wconf 88' lang='lat' dir='ltr'><strong>calumniari,</strong></span> <span class='ocrx_word' id='word_1_909' title='bbox 3120 5598 3184 5654; x_wconf 88' lang='lat' dir='ltr'><strong>ad</strong></span> <span class='ocrx_word' id='word_1_910' title='bbox 3225 5598 3276 5654; x_wconf 93' lang='lat' dir='ltr'><strong>id</strong></span> <span class='ocrx_word' id='word_1_911' title='bbox 3302 5599 3559 5656; x_wconf 76' lang='lat' dir='ltr'><strong>deductus</strong></span> 
     </span>
    </p>
   </div>
   <div class='ocr_carea' id='block_1_119' title="bbox 2024 5705 3556 5779">
    <p class='ocr_par' dir='ltr' id='par_1_119' title="bbox 2024 5705 3556 5779">
     <span class='ocr_line' id='line_1_119' title="bbox 2024 5705 3556 5779; baseline 0.007 -24"><span class='ocrx_word' id='word_1_912' title='bbox 2024 5708 2055 5779; x_wconf 71' lang='lat'><strong>_&#39;</strong></span> <span class='ocrx_word' id='word_1_913' title='bbox 2089 5715 2216 5764; x_wconf 80' lang='lat' dir='ltr'><strong>Haec,</strong></span> <span class='ocrx_word' id='word_1_914' title='bbox 2261 5706 2437 5779; x_wconf 63' lang='lat' dir='ltr'><strong>tibique</strong></span> <span class='ocrx_word' id='word_1_915' title='bbox 2464 5705 2582 5779; x_wconf 74' lang='lat' dir='ltr'><strong>ipsa</strong></span> <span class='ocrx_word' id='word_1_916' title='bbox 2618 5707 2764 5761; x_wconf 73' lang='lat' dir='ltr'><strong>verba</strong></span> <span class='ocrx_word' id='word_1_917' title='bbox 2813 5708 2866 5761; x_wconf 89' lang='lat' dir='ltr'><strong>in</strong></span> <span class='ocrx_word' id='word_1_918' title='bbox 2917 5716 3121 5764; x_wconf 86' lang='lat' dir='ltr'><strong>mentem</strong></span> <span class='ocrx_word' id='word_1_919' title='bbox 3168 5727 3440 5768; x_wconf 74' lang='lat' dir='ltr'><strong>remrennts</strong></span> <span class='ocrx_word' id='word_1_920' title='bbox 3457 5748 3473 5774; x_wconf 93' lang='lat'><strong>,</strong></span> <span class='ocrx_word' id='word_1_921' title='bbox 3509 5715 3556 5765; x_wconf 85' lang='lat' dir='ltr'><strong>in</strong></span> 
     </span>
    </p>
   </div>
   <div class='ocr_carea' id='block_1_120' title="bbox 1975 5769 2494 5835">
    <p class='ocr_par' dir='ltr' id='par_1_120' title="bbox 1975 5769 2494 5835">
     <span class='ocr_line' id='line_1_120' title="bbox 1975 5769 2494 5835; baseline -0.002 -14"><span class='ocrx_word' id='word_1_922' title='bbox 1975 5769 2155 5835; x_wconf 76' lang='lat' dir='ltr'><strong>aliqum</strong></span> <span class='ocrx_word' id='word_1_923' title='bbox 2179 5779 2282 5821; x_wconf 75' lang='lat' dir='ltr'><strong>uss.</strong></span> <span class='ocrx_word' id='word_1_924' title='bbox 2302 5771 2494 5821; x_wconf 76' lang='lat' dir='ltr'><strong>desunt.</strong></span> 
     </span>
    </p>
   </div>
  </div>
