  <div class='ocr_page' id='page_1' title='image "/cluster/home/n/w/nwhite01/storage/ocr_20150623/48/mdp.39015032114640/119.png"; bbox 0 0 4050 6160; ppageno 0'>
   <div class='ocr_carea' id='block_1_1' title="bbox 474 404 575 460">
    <p class='ocr_par' dir='ltr' id='par_1_1' title="bbox 474 404 575 460">
     <span class='ocr_line' id='line_1_1' title="bbox 474 404 575 460; baseline 0.01 -1"><span class='ocrx_word' id='word_1_1' title='bbox 474 404 575 460; x_wconf 75' lang='lat'><strong>639</strong></span> 
     </span>
    </p>
   </div>
   <div class='ocr_carea' id='block_1_2' title="bbox 476 515 2060 588">
    <p class='ocr_par' dir='ltr' id='par_1_2' title="bbox 476 515 2060 588">
     <span class='ocr_line' id='line_1_2' title="bbox 476 515 2060 588; baseline -0.004 -14"><span class='ocrx_word' id='word_1_2' title='bbox 476 537 617 583; x_wconf 76' lang='lat' dir='ltr'><strong>sum,</strong></span> <span class='ocrx_word' id='word_1_3' title='bbox 652 530 708 576; x_wconf 88' lang='lat' dir='ltr'><strong>ut</strong></span> <span class='ocrx_word' id='word_1_4' title='bbox 734 519 1133 577; x_wconf 89' lang='lat' dir='ltr'><strong>accusatoribus</strong></span> <span class='ocrx_word' id='word_1_5' title='bbox 1162 517 1474 588; x_wconf 89' lang='lat' dir='ltr'><strong>adstipuler,</strong></span> <span class='ocrx_word' id='word_1_6' title='bbox 1504 517 1789 572; x_wconf 82' lang='lat' dir='ltr'><strong>maximam</strong></span> <span class='ocrx_word' id='word_1_7' title='bbox 1819 530 1948 570; x_wconf 82' lang='lat' dir='ltr'><strong>sane</strong></span> <span class='ocrx_word' id='word_1_8' title='bbox 1979 515 2060 568; x_wconf 90' lang='lat' dir='ltr'><strong>in-</strong></span> 
     </span>
    </p>
   </div>
   <div class='ocr_carea' id='block_1_3' title="bbox 472 607 2056 687">
    <p class='ocr_par' dir='ltr' id='par_1_3' title="bbox 472 607 2056 687">
     <span class='ocr_line' id='line_1_3' title="bbox 472 607 2056 687; baseline -0.001 -26"><span class='ocrx_word' id='word_1_9' title='bbox 472 608 667 680; x_wconf 86' lang='lat' dir='ltr'><strong>juriam</strong></span> <span class='ocrx_word' id='word_1_10' title='bbox 689 610 981 677; x_wconf 89' lang='lat' dir='ltr'><strong>intulerim,</strong></span> <span class='ocrx_word' id='word_1_11' title='bbox 1010 611 1099 681; x_wconf 86' lang='lat' dir='ltr'><strong>qui</strong></span> <span class='ocrx_word' id='word_1_12' title='bbox 1122 608 1463 663; x_wconf 90' lang='lat' dir='ltr'><strong>admirandos</strong></span> <span class='ocrx_word' id='word_1_13' title='bbox 1493 618 1545 687; x_wconf 80' lang='lat' dir='ltr'><strong>et</strong></span> <span class='ocrx_word' id='word_1_14' title='bbox 1571 609 1891 678; x_wconf 79' lang='lat' dir='ltr'><strong>conSpicnos</strong></span> <span class='ocrx_word' id='word_1_15' title='bbox 1921 607 2056 670; x_wconf 79' lang='lat' dir='ltr'><strong>illos,</strong></span> 
     </span>
    </p>
   </div>
   <div class='ocr_carea' id='block_1_4' title="bbox 476 696 2066 771">
    <p class='ocr_par' dir='ltr' id='par_1_4' title="bbox 476 696 2066 771">
     <span class='ocr_line' id='line_1_4' title="bbox 476 696 2066 771; baseline -0.003 -16"><span class='ocrx_word' id='word_1_16' title='bbox 476 702 742 771; x_wconf 77' lang='lat' dir='ltr'><strong>etiamque</strong></span> <span class='ocrx_word' id='word_1_17' title='bbox 783 701 911 756; x_wconf 90' lang='lat' dir='ltr'><strong>mihi</strong></span> <span class='ocrx_word' id='word_1_18' title='bbox 963 699 1229 756; x_wconf 85' lang='lat' dir='ltr'><strong>beneficos</strong></span> <span class='ocrx_word' id='word_1_19' title='bbox 1271 699 1705 769; x_wconf 90' lang='lat' dir='ltr'><strong>contempserim.</strong></span> <span class='ocrx_word' id='word_1_20' title='bbox 1759 698 1965 752; x_wconf 89' lang='lat' dir='ltr'><strong>Etenim</strong></span> <span class='ocrx_word' id='word_1_21' title='bbox 2018 696 2066 752; x_wconf 90' lang='lat' dir='ltr'><strong>si</strong></span> 
     </span>
    </p>
   </div>
   <div class='ocr_carea' id='block_1_5' title="bbox 480 790 2061 862">
    <p class='ocr_par' dir='ltr' id='par_1_5' title="bbox 480 790 2061 862">
     <span class='ocr_line' id='line_1_5' title="bbox 480 790 2061 862; baseline -0.001 -18"><span class='ocrx_word' id='word_1_22' title='bbox 480 793 610 846; x_wconf 84' lang='lat' dir='ltr'><strong>nihil</strong></span> <span class='ocrx_word' id='word_1_23' title='bbox 653 791 906 848; x_wconf 78' lang='lat' dir='ltr'><strong>laedentes</strong></span> <span class='ocrx_word' id='word_1_24' title='bbox 936 792 1128 862; x_wconf 82' lang='lat' dir='ltr'><strong>injuria</strong></span> <span class='ocrx_word' id='word_1_25' title='bbox 1166 793 1380 846; x_wconf 78' lang='lat' dir='ltr'><strong>allicere</strong></span> <span class='ocrx_word' id='word_1_26' title='bbox 1407 791 1665 862; x_wconf 91' lang='lat' dir='ltr'><strong>supplicio</strong></span> <span class='ocrx_word' id='word_1_27' title='bbox 1704 790 1919 860; x_wconf 90' lang='lat' dir='ltr'><strong>dignum</strong></span> <span class='ocrx_word' id='word_1_28' title='bbox 1960 797 2061 855; x_wconf 89' lang='lat' dir='ltr'><strong>est,</strong></span> 
     </span>
    </p>
   </div>
   <div class='ocr_carea' id='block_1_6' title="bbox 478 880 2064 951">
    <p class='ocr_par' dir='ltr' id='par_1_6' title="bbox 478 880 2064 951">
     <span class='ocr_line' id='line_1_6' title="bbox 478 880 2064 951; baseline -0.002 -15"><span class='ocrx_word' id='word_1_29' title='bbox 478 890 680 951; x_wconf 89' lang='lat' dir='ltr'><strong>quanto</strong></span> <span class='ocrx_word' id='word_1_30' title='bbox 725 882 780 936; x_wconf 89' lang='lat' dir='ltr'><strong>in</strong></span> <span class='ocrx_word' id='word_1_31' title='bbox 821 882 1027 937; x_wconf 81' lang='lat' dir='ltr'><strong>honore</strong></span> <span class='ocrx_word' id='word_1_32' title='bbox 1070 891 1195 937; x_wconf 91' lang='lat' dir='ltr'><strong>sunt</strong></span> <span class='ocrx_word' id='word_1_33' title='bbox 1247 881 1475 937; x_wconf 84' lang='lat' dir='ltr'><strong>habendi</strong></span> <span class='ocrx_word' id='word_1_34' title='bbox 1531 880 1627 946; x_wconf 90' lang='lat' dir='ltr'><strong>illi,</strong></span> <span class='ocrx_word' id='word_1_35' title='bbox 1665 880 1755 951; x_wconf 90' lang='lat' dir='ltr'><strong>qui</strong></span> <span class='ocrx_word' id='word_1_36' title='bbox 1809 880 2064 935; x_wconf 84' lang='lat' dir='ltr'><strong>honorem</strong></span> 
     </span>
    </p>
   </div>
   <div class='ocr_carea' id='block_1_7' title="bbox 479 969 2066 1040">
    <p class='ocr_par' dir='ltr' id='par_1_7' title="bbox 479 969 2066 1040">
     <span class='ocr_line' id='line_1_7' title="bbox 479 969 2066 1040; baseline -0.001 -14"><span class='ocrx_word' id='word_1_37' title='bbox 479 972 633 1026; x_wconf 91' lang='lat' dir='ltr'><strong>nobis</strong></span> <span class='ocrx_word' id='word_1_38' title='bbox 671 971 811 1026; x_wconf 91' lang='lat' dir='ltr'><strong>ultro</strong></span> <span class='ocrx_word' id='word_1_39' title='bbox 856 971 1099 1028; x_wconf 87' lang='lat' dir='ltr'><strong>conferre</strong></span> <span class='ocrx_word' id='word_1_40' title='bbox 1135 971 1397 1025; x_wconf 68' lang='lat' dir='ltr'><strong>voluut‘?</strong></span> <span class='ocrx_word' id='word_1_41' title='bbox 1451 969 1635 1040; x_wconf 89' lang='lat' dir='ltr'><strong>Neque</strong></span> <span class='ocrx_word' id='word_1_42' title='bbox 1689 970 1830 1025; x_wconf 90' lang='lat' dir='ltr'><strong>enim</strong></span> <span class='ocrx_word' id='word_1_43' title='bbox 1887 969 2066 1025; x_wconf 88' lang='lat' dir='ltr'><strong>dicere</strong></span> 
     </span>
    </p>
   </div>
   <div class='ocr_carea' id='block_1_8' title="bbox 479 1061 2066 1134">
    <p class='ocr_par' dir='ltr' id='par_1_8' title="bbox 479 1061 2066 1134">
     <span class='ocr_line' id='line_1_8' title="bbox 479 1061 2066 1134; baseline -0.002 -16"><span class='ocrx_word' id='word_1_44' title='bbox 479 1065 598 1133; x_wconf 88' lang='lat' dir='ltr'><strong>quis</strong></span> <span class='ocrx_word' id='word_1_45' title='bbox 625 1064 814 1133; x_wconf 88' lang='lat' dir='ltr'><strong>possit,</strong></span> <span class='ocrx_word' id='word_1_46' title='bbox 845 1065 988 1134; x_wconf 92' lang='lat' dir='ltr'><strong>ipsos</strong></span> <span class='ocrx_word' id='word_1_47' title='bbox 1013 1064 1098 1120; x_wconf 92' lang='lat' dir='ltr'><strong>vel</strong></span> <span class='ocrx_word' id='word_1_48' title='bbox 1143 1079 1303 1134; x_wconf 87' lang='lat' dir='ltr'><strong>parvo</strong></span> <span class='ocrx_word' id='word_1_49' title='bbox 1328 1063 1415 1119; x_wconf 86' lang='lat' dir='ltr'><strong>vel</strong></span> <span class='ocrx_word' id='word_1_50' title='bbox 1457 1078 1647 1134; x_wconf 89' lang='lat' dir='ltr'><strong>magno</strong></span> <span class='ocrx_word' id='word_1_51' title='bbox 1684 1062 1943 1117; x_wconf 89' lang='lat' dir='ltr'><strong>beneficio</strong></span> <span class='ocrx_word' id='word_1_52' title='bbox 1982 1061 2066 1115; x_wconf 87' lang='lat' dir='ltr'><strong>af-</strong></span> 
     </span>
    </p>
   </div>
   <div class='ocr_carea' id='block_1_9' title="bbox 487 1153 2070 1225">
    <p class='ocr_par' dir='ltr' id='par_1_9' title="bbox 487 1153 2070 1225">
     <span class='ocr_line' id='line_1_9' title="bbox 487 1153 2070 1225; baseline -0.001 -17"><span class='ocrx_word' id='word_1_53' title='bbox 487 1155 655 1212; x_wconf 90' lang='lat' dir='ltr'><strong>fectos</strong></span> <span class='ocrx_word' id='word_1_54' title='bbox 683 1156 853 1211; x_wconf 81' lang='lat' dir='ltr'><strong>vicem</strong></span> <span class='ocrx_word' id='word_1_55' title='bbox 886 1156 1177 1225; x_wconf 82' lang='lat' dir='ltr'><strong>rependere</strong></span> <span class='ocrx_word' id='word_1_56' title='bbox 1208 1154 1463 1210; x_wconf 87' lang='lat' dir='ltr'><strong>voluisse.</strong></span> <span class='ocrx_word' id='word_1_57' title='bbox 1496 1154 1706 1221; x_wconf 88' lang='lat' dir='ltr'><strong>Quanto</strong></span> <span class='ocrx_word' id='word_1_58' title='bbox 1746 1153 1903 1223; x_wconf 81' lang='lat' dir='ltr'><strong>igitur</strong></span> <span class='ocrx_word' id='word_1_59' title='bbox 1943 1168 2070 1223; x_wconf 90' lang='lat' dir='ltr'><strong>sup-</strong></span> 
     </span>
    </p>
   </div>
   <div class='ocr_carea' id='block_1_10' title="bbox 480 1246 2066 1319">
    <p class='ocr_par' dir='ltr' id='par_1_10' title="bbox 480 1246 2066 1319">
     <span class='ocr_line' id='line_1_10' title="bbox 480 1246 2066 1319; baseline 0.001 -20"><span class='ocrx_word' id='word_1_60' title='bbox 480 1247 639 1316; x_wconf 88' lang='lat' dir='ltr'><strong>plicio</strong></span> <span class='ocrx_word' id='word_1_61' title='bbox 662 1246 853 1319; x_wconf 89' lang='lat' dir='ltr'><strong>dignus</strong></span> <span class='ocrx_word' id='word_1_62' title='bbox 875 1258 1019 1304; x_wconf 87' lang='lat' dir='ltr'><strong>esset</strong></span> <span class='ocrx_word' id='word_1_63' title='bbox 1044 1247 1135 1319; x_wconf 89' lang='lat' dir='ltr'><strong>qui</strong></span> <span class='ocrx_word' id='word_1_64' title='bbox 1157 1248 1377 1303; x_wconf 86' lang='lat' dir='ltr'><strong>adversa</strong></span> <span class='ocrx_word' id='word_1_65' title='bbox 1400 1246 1756 1318; x_wconf 83' lang='lat' dir='ltr'><strong>repettderct?</strong></span> <span class='ocrx_word' id='word_1_66' title='bbox 1778 1246 1869 1301; x_wconf 87' lang='lat' dir='ltr'><strong>Sin</strong></span> <span class='ocrx_word' id='word_1_67' title='bbox 1890 1255 2066 1301; x_wconf 90' lang='lat' dir='ltr'><strong>autem</strong></span> 
     </span>
    </p>
   </div>
   <div class='ocr_carea' id='block_1_11' title="bbox 481 1338 2066 1410">
    <p class='ocr_par' dir='ltr' id='par_1_11' title="bbox 481 1338 2066 1410">
     <span class='ocr_line' id='line_1_11' title="bbox 481 1338 2066 1410; baseline 0.001 -17"><span class='ocrx_word' id='word_1_68' title='bbox 481 1338 533 1393; x_wconf 90' lang='lat' dir='ltr'><strong>id</strong></span> <span class='ocrx_word' id='word_1_69' title='bbox 562 1354 629 1393; x_wconf 82' lang='lat' dir='ltr'><strong>ne</strong></span> <span class='ocrx_word' id='word_1_70' title='bbox 654 1340 1003 1409; x_wconf 75' lang='lat' dir='ltr'><strong>Cogitavitttus</strong></span> <span class='ocrx_word' id='word_1_71' title='bbox 1029 1340 1264 1410; x_wconf 83' lang='lat' dir='ltr'><strong>quidem,</strong></span> <span class='ocrx_word' id='word_1_72' title='bbox 1295 1339 1387 1395; x_wconf 87' lang='lat' dir='ltr'><strong>sed</strong></span> <span class='ocrx_word' id='word_1_73' title='bbox 1413 1340 1521 1394; x_wconf 91' lang='lat' dir='ltr'><strong>alio</strong></span> <span class='ocrx_word' id='word_1_74' title='bbox 1558 1340 1713 1410; x_wconf 91' lang='lat' dir='ltr'><strong>longe</strong></span> <span class='ocrx_word' id='word_1_75' title='bbox 1747 1339 1969 1394; x_wconf 91' lang='lat' dir='ltr'><strong>consilio</strong></span> <span class='ocrx_word' id='word_1_76' title='bbox 1998 1338 2066 1394; x_wconf 86' lang='lat' dir='ltr'><strong>ab</strong></span> 
     </span>
    </p>
   </div>
   <div class='ocr_carea' id='block_1_12' title="bbox 480 1430 2068 1502">
    <p class='ocr_par' dir='ltr' id='par_1_12' title="bbox 480 1430 2068 1502">
     <span class='ocr_line' id='line_1_12' title="bbox 480 1430 2068 1502; baseline -0.001 -17"><span class='ocrx_word' id='word_1_77' title='bbox 480 1446 643 1485; x_wconf 90' lang='lat' dir='ltr'><strong>onere</strong></span> <span class='ocrx_word' id='word_1_78' title='bbox 668 1431 1053 1487; x_wconf 81' lang='lat' dir='ltr'><strong>declinavimus</strong></span> <span class='ocrx_word' id='word_1_79' title='bbox 1079 1450 1091 1485; x_wconf 91' lang='lat'><strong>:</strong></span> <span class='ocrx_word' id='word_1_80' title='bbox 1121 1447 1373 1502; x_wconf 90' lang='lat' dir='ltr'><strong>quorsum</strong></span> <span class='ocrx_word' id='word_1_81' title='bbox 1397 1431 1536 1497; x_wconf 90' lang='lat' dir='ltr'><strong>illos,</strong></span> <span class='ocrx_word' id='word_1_82' title='bbox 1559 1430 1753 1501; x_wconf 88' lang='lat' dir='ltr'><strong>quibus</strong></span> <span class='ocrx_word' id='word_1_83' title='bbox 1776 1430 1819 1484; x_wconf 92' lang='lat' dir='ltr'><strong>si</strong></span> <span class='ocrx_word' id='word_1_84' title='bbox 1847 1446 1949 1484; x_wconf 86' lang='lat' dir='ltr'><strong>non</strong></span> <span class='ocrx_word' id='word_1_85' title='bbox 1972 1446 2068 1499; x_wconf 87' lang='lat' dir='ltr'><strong>ap-</strong></span> 
     </span>
    </p>
   </div>
   <div class='ocr_carea' id='block_1_13' title="bbox 482 1522 2062 1593">
    <p class='ocr_par' dir='ltr' id='par_1_13' title="bbox 482 1522 2062 1593">
     <span class='ocr_line' id='line_1_13' title="bbox 482 1522 2062 1593; baseline -0.001 -17"><span class='ocrx_word' id='word_1_86' title='bbox 482 1524 871 1593; x_wconf 89' lang='lat' dir='ltr'><strong>probationem,</strong></span> <span class='ocrx_word' id='word_1_87' title='bbox 905 1524 1094 1578; x_wconf 81' lang='lat' dir='ltr'><strong>saltem</strong></span> <span class='ocrx_word' id='word_1_88' title='bbox 1125 1523 1333 1578; x_wconf 87' lang='lat' dir='ltr'><strong>veniam</strong></span> <span class='ocrx_word' id='word_1_89' title='bbox 1362 1523 1490 1577; x_wconf 90' lang='lat' dir='ltr'><strong>dare</strong></span> <span class='ocrx_word' id='word_1_90' title='bbox 1517 1522 1844 1587; x_wconf 90' lang='lat' dir='ltr'><strong>debuissent,</strong></span> <span class='ocrx_word' id='word_1_91' title='bbox 1876 1522 2062 1577; x_wconf 91' lang='lat' dir='ltr'><strong>erimi-</strong></span> 
     </span>
    </p>
   </div>
   <div class='ocr_carea' id='block_1_14' title="bbox 484 1614 2065 1697">
    <p class='ocr_par' dir='ltr' id='par_1_14' title="bbox 484 1614 2065 1697">
     <span class='ocr_line' id='line_1_14' title="bbox 484 1614 2065 1697; baseline 0.002 -30"><span class='ocrx_word' id='word_1_92' title='bbox 484 1622 701 1681; x_wconf 89' lang='lat' dir='ltr'><strong>nautnr,</strong></span> <span class='ocrx_word' id='word_1_93' title='bbox 733 1614 873 1685; x_wconf 86' lang='lat' dir='ltr'><strong>quod</strong></span> <span class='ocrx_word' id='word_1_94' title='bbox 903 1616 1095 1697; x_wconf 73' lang='lat' dir='ltr'><strong>anima:</strong></span> <span class='ocrx_word' id='word_1_95' title='bbox 1134 1616 1529 1685; x_wconf 90' lang='lat' dir='ltr'><strong>pepercerimus</strong></span> <span class='ocrx_word' id='word_1_96' title='bbox 1572 1616 1807 1670; x_wconf 75' lang='lat' dir='ltr'><strong>nostrm?</strong></span> <span class='ocrx_word' id='word_1_97' title='bbox 1835 1614 2065 1671; x_wconf 88' lang='lat' dir='ltr'><strong>Tantum</strong></span> 
     </span>
    </p>
   </div>
   <div class='ocr_carea' id='block_1_15' title="bbox 482 1704 2066 1778">
    <p class='ocr_par' dir='ltr' id='par_1_15' title="bbox 482 1704 2066 1778">
     <span class='ocr_line' id='line_1_15' title="bbox 482 1704 2066 1778; baseline 0.002 -18"><span class='ocrx_word' id='word_1_98' title='bbox 482 1704 623 1760; x_wconf 90' lang='lat' dir='ltr'><strong>enim</strong></span> <span class='ocrx_word' id='word_1_99' title='bbox 644 1706 793 1760; x_wconf 91' lang='lat' dir='ltr'><strong>abest</strong></span> <span class='ocrx_word' id='word_1_100' title='bbox 815 1715 869 1761; x_wconf 93' lang='lat' dir='ltr'><strong>ut</strong></span> <span class='ocrx_word' id='word_1_101' title='bbox 895 1706 1020 1776; x_wconf 87' lang='lat' dir='ltr'><strong>ipsis</strong></span> <span class='ocrx_word' id='word_1_102' title='bbox 1042 1708 1414 1762; x_wconf 81' lang='lat' dir='ltr'><strong>contumeliam</strong></span> <span class='ocrx_word' id='word_1_103' title='bbox 1442 1708 1809 1778; x_wconf 89' lang='lat' dir='ltr'><strong>irrogaverim,</strong></span> <span class='ocrx_word' id='word_1_104' title='bbox 1825 1718 1884 1762; x_wconf 91' lang='lat' dir='ltr'><strong>ut</strong></span> <span class='ocrx_word' id='word_1_105' title='bbox 1907 1709 2066 1763; x_wconf 90' lang='lat' dir='ltr'><strong>etiam</strong></span> 
     </span>
    </p>
   </div>
   <div class='ocr_carea' id='block_1_16' title="bbox 482 1792 2069 1873">
    <p class='ocr_par' dir='ltr' id='par_1_16' title="bbox 482 1792 2069 1873">
     <span class='ocr_line' id='line_1_16' title="bbox 482 1792 2069 1873; baseline 0.004 -22"><span class='ocrx_word' id='word_1_106' title='bbox 482 1798 778 1853; x_wconf 87' lang='lat' dir='ltr'><strong>recusando</strong></span> <span class='ocrx_word' id='word_1_107' title='bbox 823 1799 967 1869; x_wconf 89' lang='lat' dir='ltr'><strong>ipsos</strong></span> <span class='ocrx_word' id='word_1_108' title='bbox 1005 1799 1208 1855; x_wconf 92' lang='lat' dir='ltr'><strong>honore</strong></span> <span class='ocrx_word' id='word_1_109' title='bbox 1240 1799 1481 1855; x_wconf 69' lang='lat' dir='ltr'><strong>affecisse</strong></span> <span class='ocrx_word' id='word_1_110' title='bbox 1521 1816 1607 1856; x_wconf 92' lang='lat' dir='ltr'><strong>me</strong></span> <span class='ocrx_word' id='word_1_111' title='bbox 1645 1812 1845 1872; x_wconf 87' lang='lat' dir='ltr'><strong>putem.</strong></span> <span class='ocrx_word' id='word_1_112' title='bbox 1885 1792 2069 1873; x_wconf 85' lang='lat' dir='ltr'><strong>Neque</strong></span> 
     </span>
    </p>
   </div>
   <div class='ocr_carea' id='block_1_17' title="bbox 481 1889 2067 1964">
    <p class='ocr_par' dir='ltr' id='par_1_17' title="bbox 481 1889 2067 1964">
     <span class='ocr_line' id='line_1_17' title="bbox 481 1889 2067 1964; baseline 0.004 -23"><span class='ocrx_word' id='word_1_113' title='bbox 481 1903 610 1943; x_wconf 91' lang='lat' dir='ltr'><strong>vero</strong></span> <span class='ocrx_word' id='word_1_114' title='bbox 647 1889 972 1959; x_wconf 75' lang='lat' dir='ltr'><strong>paradoxum</strong></span> <span class='ocrx_word' id='word_1_115' title='bbox 1018 1906 1102 1944; x_wconf 91' lang='lat' dir='ltr'><strong>me</strong></span> <span class='ocrx_word' id='word_1_116' title='bbox 1138 1890 1338 1946; x_wconf 77' lang='lat' dir='ltr'><strong>dixisse</strong></span> <span class='ocrx_word' id='word_1_117' title='bbox 1370 1890 1671 1964; x_wconf 80' lang='lat' dir='ltr'><strong>putaveris;</strong></span> <span class='ocrx_word' id='word_1_118' title='bbox 1703 1892 1898 1947; x_wconf 89' lang='lat' dir='ltr'><strong>etenim</strong></span> <span class='ocrx_word' id='word_1_119' title='bbox 1944 1908 2067 1947; x_wconf 86' lang='lat' dir='ltr'><strong>mox</strong></span> 
     </span>
    </p>
   </div>
   <div class='ocr_carea' id='block_1_18' title="bbox 483 1981 1394 2054">
    <p class='ocr_par' dir='ltr' id='par_1_18' title="bbox 483 1981 1394 2054">
     <span class='ocr_line' id='line_1_18' title="bbox 483 1981 1394 2054; baseline 0.003 -18"><span class='ocrx_word' id='word_1_120' title='bbox 483 1981 642 2051; x_wconf 83' lang='lat' dir='ltr'><strong>hujus</strong></span> <span class='ocrx_word' id='word_1_121' title='bbox 666 1983 1074 2053; x_wconf 79' lang='lat' dir='ltr'><strong>explicationem</strong></span> <span class='ocrx_word' id='word_1_122' title='bbox 1106 1985 1394 2054; x_wconf 87' lang='lat' dir='ltr'><strong>proleram.</strong></span> 
     </span>
    </p>
   </div>
   <div class='ocr_carea' id='block_1_19' title="bbox 554 2073 2067 2147">
    <p class='ocr_par' dir='ltr' id='par_1_19' title="bbox 554 2073 2067 2147">
     <span class='ocr_line' id='line_1_19' title="bbox 554 2073 2067 2147; baseline 0.003 -19"><span class='ocrx_word' id='word_1_123' title='bbox 554 2073 608 2129; x_wconf 90' lang='lat'><strong>8.</strong></span> <span class='ocrx_word' id='word_1_124' title='bbox 639 2074 789 2141; x_wconf 82' lang='lat' dir='ltr'><strong>Quod</strong></span> <span class='ocrx_word' id='word_1_125' title='bbox 816 2076 970 2129; x_wconf 83' lang='lat' dir='ltr'><strong>etiam</strong></span> <span class='ocrx_word' id='word_1_126' title='bbox 1004 2075 1244 2147; x_wconf 77' lang='lat' dir='ltr'><strong>fugiendo</strong></span> <span class='ocrx_word' id='word_1_127' title='bbox 1270 2075 1388 2130; x_wconf 84' lang='lat' dir='ltr'><strong>illos</strong></span> <span class='ocrx_word' id='word_1_128' title='bbox 1416 2092 1447 2128; x_wconf 94' lang='lat' dir='ltr'><strong>a</strong></span> <span class='ocrx_word' id='word_1_129' title='bbox 1473 2076 1839 2147; x_wconf 83' lang='lat' dir='ltr'><strong>vituperatione</strong></span> <span class='ocrx_word' id='word_1_130' title='bbox 1873 2077 2067 2132; x_wconf 82' lang='lat' dir='ltr'><strong>erueri-</strong></span> 
     </span>
    </p>
   </div>
   <div class='ocr_carea' id='block_1_20' title="bbox 481 2165 2068 2240">
    <p class='ocr_par' dir='ltr' id='par_1_20' title="bbox 481 2165 2068 2240">
     <span class='ocr_line' id='line_1_20' title="bbox 481 2165 2068 2240; baseline 0.003 -21"><span class='ocrx_word' id='word_1_131' title='bbox 481 2183 608 2220; x_wconf 86' lang='lat' dir='ltr'><strong>mus.</strong></span> <span class='ocrx_word' id='word_1_132' title='bbox 635 2195 708 2206; x_wconf 95' lang='lat'><strong><em>—</em></strong></span> <span class='ocrx_word' id='word_1_133' title='bbox 733 2165 879 2222; x_wconf 91' lang='lat' dir='ltr'><strong>Tunc</strong></span> <span class='ocrx_word' id='word_1_134' title='bbox 914 2167 1081 2232; x_wconf 91' lang='lat' dir='ltr'><strong>enim,</strong></span> <span class='ocrx_word' id='word_1_135' title='bbox 1126 2168 1171 2222; x_wconf 93' lang='lat' dir='ltr'><strong>si</strong></span> <span class='ocrx_word' id='word_1_136' title='bbox 1203 2168 1378 2222; x_wconf 92' lang='lat' dir='ltr'><strong>minus</strong></span> <span class='ocrx_word' id='word_1_137' title='bbox 1414 2183 1623 2235; x_wconf 91' lang='lat' dir='ltr'><strong>omnes,</strong></span> <span class='ocrx_word' id='word_1_138' title='bbox 1652 2169 1840 2224; x_wconf 91' lang='lat' dir='ltr'><strong>saltem</strong></span> <span class='ocrx_word' id='word_1_139' title='bbox 1881 2169 1938 2234; x_wconf 94' lang='lat' dir='ltr'><strong>ii,</strong></span> <span class='ocrx_word' id='word_1_140' title='bbox 1977 2169 2068 2240; x_wconf 91' lang='lat' dir='ltr'><strong>qui</strong></span> 
     </span>
    </p>
   </div>
   <div class='ocr_carea' id='block_1_21' title="bbox 482 2255 2061 2327">
    <p class='ocr_par' dir='ltr' id='par_1_21' title="bbox 482 2255 2061 2327">
     <span class='ocr_line' id='line_1_21' title="bbox 482 2255 2061 2327; baseline 0.003 -18"><span class='ocrx_word' id='word_1_141' title='bbox 482 2255 777 2310; x_wconf 75' lang='lat' dir='ltr'><strong>maledictis</strong></span> <span class='ocrx_word' id='word_1_142' title='bbox 818 2256 1167 2322; x_wconf 74' lang='lat' dir='ltr'><strong>delectantur,</strong></span> <span class='ocrx_word' id='word_1_143' title='bbox 1205 2257 1370 2311; x_wconf 90' lang='lat' dir='ltr'><strong>multa</strong></span> <span class='ocrx_word' id='word_1_144' title='bbox 1407 2272 1529 2313; x_wconf 92' lang='lat' dir='ltr'><strong>cum</strong></span> <span class='ocrx_word' id='word_1_145' title='bbox 1569 2257 1637 2313; x_wconf 91' lang='lat' dir='ltr'><strong>de</strong></span> <span class='ocrx_word' id='word_1_146' title='bbox 1672 2274 1759 2314; x_wconf 91' lang='lat' dir='ltr'><strong>me</strong></span> <span class='ocrx_word' id='word_1_147' title='bbox 1797 2259 2061 2327; x_wconf 89' lang='lat' dir='ltr'><strong>ordinato,</strong></span> 
     </span>
    </p>
   </div>
   <div class='ocr_carea' id='block_1_22' title="bbox 484 2346 2067 2419">
    <p class='ocr_par' dir='ltr' id='par_1_22' title="bbox 484 2346 2067 2419">
     <span class='ocr_line' id='line_1_22' title="bbox 484 2346 2067 2419; baseline 0.004 -21"><span class='ocrx_word' id='word_1_148' title='bbox 484 2356 593 2399; x_wconf 89' lang='lat' dir='ltr'><strong>tum</strong></span> <span class='ocrx_word' id='word_1_149' title='bbox 636 2346 705 2402; x_wconf 90' lang='lat' dir='ltr'><strong>de</strong></span> <span class='ocrx_word' id='word_1_150' title='bbox 743 2347 809 2401; x_wconf 89' lang='lat' dir='ltr'><strong>iis</strong></span> <span class='ocrx_word' id='word_1_151' title='bbox 849 2348 938 2418; x_wconf 92' lang='lat' dir='ltr'><strong>qui</strong></span> <span class='ocrx_word' id='word_1_152' title='bbox 978 2362 1064 2403; x_wconf 90' lang='lat' dir='ltr'><strong>me</strong></span> <span class='ocrx_word' id='word_1_153' title='bbox 1103 2348 1395 2417; x_wconf 89' lang='lat' dir='ltr'><strong>elegerant,</strong></span> <span class='ocrx_word' id='word_1_154' title='bbox 1438 2349 1695 2419; x_wconf 90' lang='lat' dir='ltr'><strong>suspicari</strong></span> <span class='ocrx_word' id='word_1_155' title='bbox 1735 2350 2067 2419; x_wconf 88' lang='lat' dir='ltr'><strong>potuissent;</strong></span> 
     </span>
    </p>
   </div>
   <div class='ocr_carea' id='block_1_23' title="bbox 484 2437 2072 2512">
    <p class='ocr_par' dir='ltr' id='par_1_23' title="bbox 484 2437 2072 2512">
     <span class='ocr_line' id='line_1_23' title="bbox 484 2437 2072 2512; baseline 0.004 -21"><span class='ocrx_word' id='word_1_156' title='bbox 484 2437 629 2493; x_wconf 84' lang='lat' dir='ltr'><strong>verbi</strong></span> <span class='ocrx_word' id='word_1_157' title='bbox 656 2438 843 2508; x_wconf 90' lang='lat' dir='ltr'><strong>gratia,</strong></span> <span class='ocrx_word' id='word_1_158' title='bbox 873 2438 1013 2509; x_wconf 93' lang='lat' dir='ltr'><strong>quod</strong></span> <span class='ocrx_word' id='word_1_159' title='bbox 1039 2438 1105 2493; x_wconf 92' lang='lat' dir='ltr'><strong>ad</strong></span> <span class='ocrx_word' id='word_1_160' title='bbox 1131 2438 1344 2495; x_wconf 82' lang='lat' dir='ltr'><strong>divitias</strong></span> <span class='ocrx_word' id='word_1_161' title='bbox 1366 2441 1718 2509; x_wconf 88' lang='lat' dir='ltr'><strong>respicerent,</strong></span> <span class='ocrx_word' id='word_1_162' title='bbox 1745 2441 1886 2512; x_wconf 91' lang='lat' dir='ltr'><strong>quod</strong></span> <span class='ocrx_word' id='word_1_163' title='bbox 1907 2457 2072 2512; x_wconf 87' lang='lat' dir='ltr'><strong>gene-</strong></span> 
     </span>
    </p>
   </div>
   <div class='ocr_carea' id='block_1_24' title="bbox 485 2530 2069 2602">
    <p class='ocr_par' dir='ltr' id='par_1_24' title="bbox 485 2530 2069 2602">
     <span class='ocr_line' id='line_1_24' title="bbox 485 2530 2069 2602; baseline 0.002 -17"><span class='ocrx_word' id='word_1_164' title='bbox 485 2532 561 2587; x_wconf 88' lang='lat' dir='ltr'><strong>ris</strong></span> <span class='ocrx_word' id='word_1_165' title='bbox 605 2530 942 2599; x_wconf 77' lang='lat' dir='ltr'><strong>Splcndorem</strong></span> <span class='ocrx_word' id='word_1_166' title='bbox 992 2531 1330 2599; x_wconf 87' lang='lat' dir='ltr'><strong>mirarentur,</strong></span> <span class='ocrx_word' id='word_1_167' title='bbox 1373 2531 1514 2602; x_wconf 92' lang='lat' dir='ltr'><strong>quod</strong></span> <span class='ocrx_word' id='word_1_168' title='bbox 1550 2532 1854 2588; x_wconf 88' lang='lat' dir='ltr'><strong>adulatione</strong></span> <span class='ocrx_word' id='word_1_169' title='bbox 1889 2543 2069 2588; x_wconf 89' lang='lat' dir='ltr'><strong>nostra</strong></span> 
     </span>
    </p>
   </div>
   <div class='ocr_carea' id='block_1_25' title="bbox 486 2619 2069 2692">
    <p class='ocr_par' dir='ltr' id='par_1_25' title="bbox 486 2619 2069 2692">
     <span class='ocr_line' id='line_1_25' title="bbox 486 2619 2069 2692; baseline 0.003 -19"><span class='ocrx_word' id='word_1_170' title='bbox 486 2621 613 2675; x_wconf 89' lang='lat' dir='ltr'><strong>moti</strong></span> <span class='ocrx_word' id='word_1_171' title='bbox 652 2620 718 2674; x_wconf 90' lang='lat' dir='ltr'><strong>ad</strong></span> <span class='ocrx_word' id='word_1_172' title='bbox 754 2619 805 2675; x_wconf 91' lang='lat' dir='ltr'><strong>id</strong></span> <span class='ocrx_word' id='word_1_173' title='bbox 844 2635 941 2675; x_wconf 91' lang='lat' dir='ltr'><strong>nos</strong></span> <span class='ocrx_word' id='word_1_174' title='bbox 975 2620 1308 2689; x_wconf 87' lang='lat' dir='ltr'><strong>cooptarint;</strong></span> <span class='ocrx_word' id='word_1_175' title='bbox 1349 2622 1477 2692; x_wconf 91' lang='lat' dir='ltr'><strong>quin</strong></span> <span class='ocrx_word' id='word_1_176' title='bbox 1506 2622 1667 2677; x_wconf 91' lang='lat' dir='ltr'><strong>etiam</strong></span> <span class='ocrx_word' id='word_1_177' title='bbox 1711 2622 1933 2692; x_wconf 88' lang='lat' dir='ltr'><strong>pecunia</strong></span> <span class='ocrx_word' id='word_1_178' title='bbox 1972 2622 2069 2678; x_wconf 89' lang='lat' dir='ltr'><strong>ad-</strong></span> 
     </span>
    </p>
   </div>
   <div class='ocr_carea' id='block_1_26' title="bbox 483 2710 2068 2785">
    <p class='ocr_par' dir='ltr' id='par_1_26' title="bbox 483 2710 2068 2785">
     <span class='ocr_line' id='line_1_26' title="bbox 483 2710 2068 2785; baseline 0.003 -19"><span class='ocrx_word' id='word_1_179' title='bbox 483 2712 671 2766; x_wconf 80' lang='lat' dir='ltr'><strong>ductos</strong></span> <span class='ocrx_word' id='word_1_180' title='bbox 701 2710 752 2765; x_wconf 90' lang='lat' dir='ltr'><strong>id</strong></span> <span class='ocrx_word' id='word_1_181' title='bbox 780 2713 954 2782; x_wconf 88' lang='lat' dir='ltr'><strong>egisse</strong></span> <span class='ocrx_word' id='word_1_182' title='bbox 994 2712 1175 2767; x_wconf 83' lang='lat' dir='ltr'><strong>nescio</strong></span> <span class='ocrx_word' id='word_1_183' title='bbox 1213 2727 1280 2767; x_wconf 88' lang='lat' dir='ltr'><strong>an</strong></span> <span class='ocrx_word' id='word_1_184' title='bbox 1307 2712 1479 2768; x_wconf 88' lang='lat' dir='ltr'><strong>dicam</strong></span> <span class='ocrx_word' id='word_1_185' title='bbox 1510 2713 1743 2784; x_wconf 87' lang='lat' dir='ltr'><strong>aliquem</strong></span> <span class='ocrx_word' id='word_1_186' title='bbox 1772 2715 2068 2785; x_wconf 85' lang='lat' dir='ltr'><strong>suspicatu-</strong></span> 
     </span>
    </p>
   </div>
   <div class='ocr_carea' id='block_1_27' title="bbox 485 2798 2066 2875">
    <p class='ocr_par' dir='ltr' id='par_1_27' title="bbox 485 2798 2066 2875">
     <span class='ocr_line' id='line_1_27' title="bbox 485 2798 2066 2875; baseline 0.003 -19"><span class='ocrx_word' id='word_1_187' title='bbox 485 2817 602 2856; x_wconf 90' lang='lat' dir='ltr'><strong>rum</strong></span> <span class='ocrx_word' id='word_1_188' title='bbox 644 2801 825 2857; x_wconf 89' lang='lat' dir='ltr'><strong>fuisse.</strong></span> <span class='ocrx_word' id='word_1_189' title='bbox 867 2798 1108 2858; x_wconf 67' lang='lat' dir='ltr'><strong>Christus</strong></span> <span class='ocrx_word' id='word_1_190' title='bbox 1146 2802 1383 2873; x_wconf 88' lang='lat' dir='ltr'><strong>quidem,</strong></span> <span class='ocrx_word' id='word_1_191' title='bbox 1426 2803 1707 2870; x_wconf 81' lang='lat' dir='ltr'><strong>dixissent,</strong></span> <span class='ocrx_word' id='word_1_192' title='bbox 1755 2805 2066 2875; x_wconf 89' lang='lat' dir='ltr'><strong>piscatores,</strong></span> 
     </span>
    </p>
   </div>
   <div class='ocr_carea' id='block_1_28' title="bbox 486 2893 2069 2967">
    <p class='ocr_par' dir='ltr' id='par_1_28' title="bbox 486 2893 2069 2967">
     <span class='ocr_line' id='line_1_28' title="bbox 486 2893 2069 2967; baseline 0.003 -21"><span class='ocrx_word' id='word_1_193' title='bbox 486 2893 944 2949; x_wconf 88' lang='lat' dir='ltr'><strong>tabernaculorum</strong></span> <span class='ocrx_word' id='word_1_194' title='bbox 974 2894 1194 2963; x_wconf 80' lang='lat' dir='ltr'><strong>Opifices</strong></span> <span class='ocrx_word' id='word_1_195' title='bbox 1231 2903 1287 2949; x_wconf 92' lang='lat' dir='ltr'><strong>et</strong></span> <span class='ocrx_word' id='word_1_196' title='bbox 1324 2894 1633 2966; x_wconf 89' lang='lat' dir='ltr'><strong>publicanos</strong></span> <span class='ocrx_word' id='word_1_197' title='bbox 1673 2896 1738 2950; x_wconf 92' lang='lat' dir='ltr'><strong>ad</strong></span> <span class='ocrx_word' id='word_1_198' title='bbox 1769 2896 2069 2967; x_wconf 90' lang='lat' dir='ltr'><strong>hujusmodi</strong></span> 
     </span>
    </p>
   </div>
   <div class='ocr_carea' id='block_1_29' title="bbox 484 2987 2070 3062">
    <p class='ocr_par' dir='ltr' id='par_1_29' title="bbox 484 2987 2070 3062">
     <span class='ocr_line' id='line_1_29' title="bbox 484 2987 2070 3062; baseline 0.005 -22"><span class='ocrx_word' id='word_1_199' title='bbox 484 2987 847 3057; x_wconf 83' lang='lat' dir='ltr'><strong>magistratum</strong></span> <span class='ocrx_word' id='word_1_200' title='bbox 880 2989 1087 3045; x_wconf 85' lang='lat' dir='ltr'><strong>vocavit</strong></span> <span class='ocrx_word' id='word_1_201' title='bbox 1116 2988 1328 3057; x_wconf 79' lang='lat' dir='ltr'><strong>(Matth.</strong></span> <span class='ocrx_word' id='word_1_202' title='bbox 1366 2991 1416 3046; x_wconf 71' lang='grc'><strong>4.</strong></span> <span class='ocrx_word' id='word_1_203' title='bbox 1453 2989 1542 3062; x_wconf 83' lang='lat' dir='ltr'><strong>l9)</strong></span> <span class='ocrx_word' id='word_1_204' title='bbox 1574 3008 1588 3045; x_wconf 90' lang='lat'><strong>:</strong></span> <span class='ocrx_word' id='word_1_205' title='bbox 1622 2990 1674 3046; x_wconf 91' lang='lat' dir='ltr'><strong>hi</strong></span> <span class='ocrx_word' id='word_1_206' title='bbox 1702 3007 1819 3059; x_wconf 89' lang='lat' dir='ltr'><strong>eos,</strong></span> <span class='ocrx_word' id='word_1_207' title='bbox 1849 2993 1938 3062; x_wconf 94' lang='lat' dir='ltr'><strong>qui</strong></span> <span class='ocrx_word' id='word_1_208' title='bbox 1967 2993 2070 3048; x_wconf 92' lang='lat' dir='ltr'><strong>sibi</strong></span> 
     </span>
    </p>
   </div>
   <div class='ocr_carea' id='block_1_30' title="bbox 482 3080 2058 3158">
    <p class='ocr_par' dir='ltr' id='par_1_30' title="bbox 482 3080 2058 3158">
     <span class='ocr_line' id='line_1_30' title="bbox 482 3080 2058 3158; baseline 0.006 -26"><span class='ocrx_word' id='word_1_209' title='bbox 482 3080 788 3149; x_wconf 88' lang='lat' dir='ltr'><strong>quotidiano</strong></span> <span class='ocrx_word' id='word_1_210' title='bbox 827 3096 987 3151; x_wconf 89' lang='lat' dir='ltr'><strong>opere</strong></span> <span class='ocrx_word' id='word_1_211' title='bbox 1025 3082 1219 3137; x_wconf 92' lang='lat' dir='ltr'><strong>victum</strong></span> <span class='ocrx_word' id='word_1_212' title='bbox 1258 3093 1462 3153; x_wconf 90' lang='lat' dir='ltr'><strong>parant,</strong></span> <span class='ocrx_word' id='word_1_213' title='bbox 1501 3095 1762 3155; x_wconf 89' lang='lat' dir='ltr'><strong>respuunt</strong></span> <span class='ocrx_word' id='word_1_214' title='bbox 1800 3085 1935 3158; x_wconf 82' lang='lat' dir='ltr'><strong>(Act.</strong></span> <span class='ocrx_word' id='word_1_215' title='bbox 1970 3086 2058 3142; x_wconf 80' lang='grc'><strong>18.</strong></span> 
     </span>
    </p>
   </div>
   <div class='ocr_carea' id='block_1_31' title="bbox 484 3171 2065 3245">
    <p class='ocr_par' dir='ltr' id='par_1_31' title="bbox 484 3171 2065 3245">
     <span class='ocr_line' id='line_1_31' title="bbox 484 3171 2065 3245; baseline 0.004 -20"><span class='ocrx_word' id='word_1_216' title='bbox 484 3171 571 3242; x_wconf 81' lang='grc'><strong>5);</strong></span> <span class='ocrx_word' id='word_1_217' title='bbox 602 3171 646 3226; x_wconf 88' lang='lat' dir='ltr'><strong>si</strong></span> <span class='ocrx_word' id='word_1_218' title='bbox 671 3172 790 3243; x_wconf 90' lang='lat' dir='ltr'><strong>quis</strong></span> <span class='ocrx_word' id='word_1_219' title='bbox 816 3181 990 3228; x_wconf 92' lang='lat' dir='ltr'><strong>autem</strong></span> <span class='ocrx_word' id='word_1_220' title='bbox 1018 3182 1325 3229; x_wconf 80' lang='lat' dir='ltr'><strong>exterarum</strong></span> <span class='ocrx_word' id='word_1_221' title='bbox 1352 3174 1522 3229; x_wconf 89' lang='lat' dir='ltr'><strong>literis</strong></span> <span class='ocrx_word' id='word_1_222' title='bbox 1547 3190 1764 3245; x_wconf 82' lang='lat' dir='ltr'><strong>Operam</strong></span> <span class='ocrx_word' id='word_1_223' title='bbox 1790 3176 1902 3243; x_wconf 91' lang='lat' dir='ltr'><strong>det,</strong></span> <span class='ocrx_word' id='word_1_224' title='bbox 1927 3178 2065 3231; x_wconf 83' lang='lat' dir='ltr'><strong>otio-</strong></span> 
     </span>
    </p>
   </div>
   <div class='ocr_carea' id='block_1_32' title="bbox 481 3264 2070 3339">
    <p class='ocr_par' dir='ltr' id='par_1_32' title="bbox 481 3264 2070 3339">
     <span class='ocr_line' id='line_1_32' title="bbox 481 3264 2070 3339; baseline 0.001 -20"><span class='ocrx_word' id='word_1_225' title='bbox 481 3280 645 3335; x_wconf 86' lang='lat' dir='ltr'><strong>seque</strong></span> <span class='ocrx_word' id='word_1_226' title='bbox 682 3264 843 3331; x_wconf 83' lang='lat' dir='ltr'><strong>vivat,</strong></span> <span class='ocrx_word' id='word_1_227' title='bbox 886 3264 1027 3320; x_wconf 90' lang='lat' dir='ltr'><strong>hunc</strong></span> <span class='ocrx_word' id='word_1_228' title='bbox 1053 3266 1350 3337; x_wconf 90' lang='lat' dir='ltr'><strong>approbant</strong></span> <span class='ocrx_word' id='word_1_229' title='bbox 1375 3274 1430 3321; x_wconf 92' lang='lat' dir='ltr'><strong>et</strong></span> <span class='ocrx_word' id='word_1_230' title='bbox 1469 3264 1799 3322; x_wconf 90' lang='lat' dir='ltr'><strong>admirantur</strong></span> <span class='ocrx_word' id='word_1_231' title='bbox 1834 3266 1984 3339; x_wconf 86' lang='lat' dir='ltr'><strong>(Luc.</strong></span> <span class='ocrx_word' id='word_1_232' title='bbox 2016 3269 2070 3324; x_wconf 83' lang='lat'><strong>5.</strong></span> 
     </span>
    </p>
   </div>
   <div class='ocr_carea' id='block_1_33' title="bbox 480 3358 2071 3430">
    <p class='ocr_par' dir='ltr' id='par_1_33' title="bbox 480 3358 2071 3430">
     <span class='ocr_line' id='line_1_33' title="bbox 480 3358 2071 3430; baseline 0.002 -18"><span class='ocrx_word' id='word_1_233' title='bbox 480 3359 595 3429; x_wconf 74' lang='lat'><strong>27).</strong></span> <span class='ocrx_word' id='word_1_234' title='bbox 623 3358 754 3414; x_wconf 86' lang='lat' dir='ltr'><strong>Nam</strong></span> <span class='ocrx_word' id='word_1_235' title='bbox 794 3375 891 3414; x_wconf 89' lang='lat' dir='ltr'><strong>cur</strong></span> <span class='ocrx_word' id='word_1_236' title='bbox 933 3358 1144 3414; x_wconf 80' lang='lat' dir='ltr'><strong>tandem</strong></span> <span class='ocrx_word' id='word_1_237' title='bbox 1174 3373 1288 3425; x_wconf 90' lang='lat' dir='ltr'><strong>eos,</strong></span> <span class='ocrx_word' id='word_1_238' title='bbox 1320 3359 1411 3429; x_wconf 93' lang='lat' dir='ltr'><strong>qui</strong></span> <span class='ocrx_word' id='word_1_239' title='bbox 1457 3359 1509 3413; x_wconf 94' lang='lat' dir='ltr'><strong>in</strong></span> <span class='ocrx_word' id='word_1_240' title='bbox 1549 3360 1803 3415; x_wconf 84' lang='lat' dir='ltr'><strong>Ecclesiae</strong></span> <span class='ocrx_word' id='word_1_241' title='bbox 1846 3361 2071 3430; x_wconf 89' lang='lat' dir='ltr'><strong>negotiis</strong></span> 
     </span>
    </p>
   </div>
   <div class='ocr_carea' id='block_1_34' title="bbox 483 3449 2069 3521">
    <p class='ocr_par' dir='ltr' id='par_1_34' title="bbox 483 3449 2069 3521">
     <span class='ocr_line' id='line_1_34' title="bbox 483 3449 2069 3521; baseline 0 -16"><span class='ocrx_word' id='word_1_242' title='bbox 483 3451 627 3506; x_wconf 89' lang='lat' dir='ltr'><strong>mille</strong></span> <span class='ocrx_word' id='word_1_243' title='bbox 664 3449 887 3506; x_wconf 88' lang='lat' dir='ltr'><strong>sudores</strong></span> <span class='ocrx_word' id='word_1_244' title='bbox 931 3450 1288 3520; x_wconf 85' lang='lat' dir='ltr'><strong>pertulerant,</strong></span> <span class='ocrx_word' id='word_1_245' title='bbox 1319 3459 1785 3521; x_wconf 88' lang='lat' dir='ltr'><strong>contempserunt,</strong></span> <span class='ocrx_word' id='word_1_246' title='bbox 1817 3466 2069 3521; x_wconf 88' lang='lat' dir='ltr'><strong>eumque,</strong></span> 
     </span>
    </p>
   </div>
   <div class='ocr_carea' id='block_1_35' title="bbox 482 3542 2070 3614">
    <p class='ocr_par' dir='ltr' id='par_1_35' title="bbox 482 3542 2070 3614">
     <span class='ocr_line' id='line_1_35' title="bbox 482 3542 2070 3614; baseline 0.002 -19"><span class='ocrx_word' id='word_1_247' title='bbox 482 3543 572 3614; x_wconf 86' lang='lat' dir='ltr'><strong>qui</strong></span> <span class='ocrx_word' id='word_1_248' title='bbox 604 3543 703 3598; x_wconf 92' lang='lat' dir='ltr'><strong>hos</strong></span> <span class='ocrx_word' id='word_1_249' title='bbox 731 3557 1020 3613; x_wconf 87' lang='lat' dir='ltr'><strong>numquam</strong></span> <span class='ocrx_word' id='word_1_250' title='bbox 1051 3553 1305 3612; x_wconf 87' lang='lat' dir='ltr'><strong>expertus</strong></span> <span class='ocrx_word' id='word_1_251' title='bbox 1335 3542 1544 3598; x_wconf 89' lang='lat' dir='ltr'><strong>labores</strong></span> <span class='ocrx_word' id='word_1_252' title='bbox 1576 3552 1738 3599; x_wconf 91' lang='lat' dir='ltr'><strong>totam</strong></span> <span class='ocrx_word' id='word_1_253' title='bbox 1767 3552 1980 3599; x_wconf 67' lang='lat' dir='ltr'><strong>mtatem</strong></span> <span class='ocrx_word' id='word_1_254' title='bbox 2016 3544 2070 3599; x_wconf 89' lang='lat' dir='ltr'><strong>iu</strong></span> 
     </span>
    </p>
   </div>
   <div class='ocr_carea' id='block_1_36' title="bbox 545 3735 2078 3800">
    <p class='ocr_par' dir='ltr' id='par_1_36' title="bbox 545 3735 2078 3800">
     <span class='ocr_line' id='line_1_36' title="bbox 545 3735 2078 3800; baseline 0.005 -15"><span class='ocrx_word' id='word_1_255' title='bbox 545 3740 561 3770; x_wconf 80' lang='grc' dir='ltr'><strong>ι</strong></span> <span class='ocrx_word' id='word_1_256' title='bbox 597 3745 724 3797; x_wconf 68' lang='lat' dir='ltr'><strong>tlaac,</strong></span> <span class='ocrx_word' id='word_1_257' title='bbox 747 3738 939 3800; x_wconf 79' lang='lat' dir='ltr'><strong>quando</strong></span> <span class='ocrx_word' id='word_1_258' title='bbox 960 3736 1201 3788; x_wconf 78' lang='lat' dir='ltr'><strong>inhonora</strong></span> <span class='ocrx_word' id='word_1_259' title='bbox 1224 3745 1332 3789; x_wconf 82' lang='lat' dir='ltr'><strong>sunt</strong></span> <span class='ocrx_word' id='word_1_260' title='bbox 1348 3735 1575 3797; x_wconf 81' lang='lat' dir='ltr'><strong>habendi,</strong></span> <span class='ocrx_word' id='word_1_261' title='bbox 1594 3738 1774 3800; x_wconf 83' lang='lat' dir='ltr'><strong>desunt</strong></span> <span class='ocrx_word' id='word_1_262' title='bbox 1799 3740 1847 3788; x_wconf 89' lang='lat' dir='ltr'><strong>in</strong></span> <span class='ocrx_word' id='word_1_263' title='bbox 1870 3741 2078 3792; x_wconf 87' lang='lat' dir='ltr'><strong>maxima</strong></span> 
     </span>
    </p>
   </div>
   <div class='ocr_carea' id='block_1_37' title="bbox 484 3799 1951 3863">
    <p class='ocr_par' dir='ltr' id='par_1_37' title="bbox 484 3799 1951 3863">
     <span class='ocr_line' id='line_1_37' title="bbox 484 3799 1951 3863; baseline 0.001 -13"><span class='ocrx_word' id='word_1_264' title='bbox 484 3799 918 3861; x_wconf 84' lang='lat' dir='ltr'><strong>manuscriptorum</strong></span> <span class='ocrx_word' id='word_1_265' title='bbox 930 3807 1083 3863; x_wconf 88' lang='lat' dir='ltr'><strong>parte,</strong></span> <span class='ocrx_word' id='word_1_266' title='bbox 1104 3800 1193 3849; x_wconf 89' lang='lat' dir='ltr'><strong>sed</strong></span> <span class='ocrx_word' id='word_1_267' title='bbox 1216 3800 1456 3849; x_wconf 87' lang='lat' dir='ltr'><strong>habentur</strong></span> <span class='ocrx_word' id='word_1_268' title='bbox 1481 3802 1529 3849; x_wconf 89' lang='lat' dir='ltr'><strong>in</strong></span> <span class='ocrx_word' id='word_1_269' title='bbox 1547 3799 1707 3849; x_wconf 78' lang='lat' dir='ltr'><strong>Morel.</strong></span> <span class='ocrx_word' id='word_1_270' title='bbox 1735 3810 1788 3851; x_wconf 90' lang='lat' dir='ltr'><strong>et</strong></span> <span class='ocrx_word' id='word_1_271' title='bbox 1809 3810 1885 3851; x_wconf 77' lang='lat' dir='ltr'><strong>Sat</strong></span> <span class='ocrx_word' id='word_1_272' title='bbox 1900 3801 1951 3852; x_wconf 88' lang='lat' dir='ltr'><strong>il.</strong></span> 
     </span>
    </p>
   </div>
   <div class='ocr_carea' id='block_1_38' title="bbox 1192 397 3003 462">
    <p class='ocr_par' dir='ltr' id='par_1_38' title="bbox 1192 397 3003 462">
     <span class='ocr_line' id='line_1_38' title="bbox 1192 397 3003 462; baseline -0.003 0"><span class='ocrx_word' id='word_1_273' title='bbox 1192 404 1251 462; x_wconf 87' lang='lat' dir='ltr'><strong>S.</strong></span> <span class='ocrx_word' id='word_1_274' title='bbox 1290 403 1568 462; x_wconf 65' lang='lat' dir='ltr'><strong>JOANNIS</strong></span> <span class='ocrx_word' id='word_1_275' title='bbox 1601 397 2075 461; x_wconf 74' lang='lat' dir='ltr'><strong>CHRYSOSTOMI</strong></span> <span class='ocrx_word' id='word_1_276' title='bbox 2116 400 2432 459; x_wconf 79' lang='lat' dir='ltr'><strong>ARCIIIEP.</strong></span> <span class='ocrx_word' id='word_1_277' title='bbox 2471 401 3003 461; x_wconf 76' lang='lat' dir='ltr'><strong>CONSTANTINOP.</strong></span> 
     </span>
    </p>
   </div>
   <div class='ocr_carea' id='block_1_39' title="bbox 3646 407 3759 463">
    <p class='ocr_par' dir='ltr' id='par_1_39' title="bbox 3646 407 3759 463">
     <span class='ocr_line' id='line_1_39' title="bbox 3646 407 3759 463; baseline 0.018 -2"><span class='ocrx_word' id='word_1_278' title='bbox 3646 407 3759 463; x_wconf 63' lang='grc'><strong>648</strong></span> 
     </span>
    </p>
   </div>
   <div class='ocr_carea' id='block_1_40' title="bbox 2171 516 3751 587">
    <p class='ocr_par' dir='ltr' id='par_1_40' title="bbox 2171 516 3751 587">
     <span class='ocr_line' id='line_1_40' title="bbox 2171 516 3751 587; baseline 0.004 -18"><span class='ocrx_word' id='word_1_279' title='bbox 2171 516 2319 571; x_wconf 91' lang='lat' dir='ltr'><strong>vanis</strong></span> <span class='ocrx_word' id='word_1_280' title='bbox 2347 525 2649 572; x_wconf 83' lang='lat' dir='ltr'><strong>exterorum</strong></span> <span class='ocrx_word' id='word_1_281' title='bbox 2677 516 2969 587; x_wconf 86' lang='lat' dir='ltr'><strong>disciplinis</strong></span> <span class='ocrx_word' id='word_1_282' title='bbox 2988 516 3330 585; x_wconf 86' lang='lat' dir='ltr'><strong>contriverat,</strong></span> <span class='ocrx_word' id='word_1_283' title='bbox 3355 528 3534 573; x_wconf 82' lang='lat' dir='ltr'><strong>statim</strong></span> <span class='ocrx_word' id='word_1_284' title='bbox 3558 522 3609 575; x_wconf 93' lang='lat' dir='ltr'><strong>in</strong></span> <span class='ocrx_word' id='word_1_285' title='bbox 3633 532 3751 576; x_wconf 89' lang='lat' dir='ltr'><strong>tan-</strong></span> 
     </span>
    </p>
   </div>
   <div class='ocr_carea' id='block_1_41' title="bbox 2172 607 3759 681">
    <p class='ocr_par' dir='ltr' id='par_1_41' title="bbox 2172 607 3759 681">
     <span class='ocr_line' id='line_1_41' title="bbox 2172 607 3759 681; baseline 0.005 -20"><span class='ocrx_word' id='word_1_286' title='bbox 2172 614 2282 661; x_wconf 84' lang='lat' dir='ltr'><strong>tum</strong></span> <span class='ocrx_word' id='word_1_287' title='bbox 2315 607 2569 662; x_wconf 87' lang='lat' dir='ltr'><strong>honorem</strong></span> <span class='ocrx_word' id='word_1_288' title='bbox 2594 608 2935 677; x_wconf 76' lang='lat' dir='ltr'><strong>pertraxere?</strong></span> <span class='ocrx_word' id='word_1_289' title='bbox 2965 608 3087 662; x_wconf 79' lang='lat' dir='ltr'><strong>lla-e</strong></span> <span class='ocrx_word' id='word_1_290' title='bbox 3107 619 3161 663; x_wconf 89' lang='lat' dir='ltr'><strong>et</strong></span> <span class='ocrx_word' id='word_1_291' title='bbox 3183 609 3373 664; x_wconf 88' lang='lat' dir='ltr'><strong>similia</strong></span> <span class='ocrx_word' id='word_1_292' title='bbox 3402 611 3580 667; x_wconf 79' lang='lat' dir='ltr'><strong>dicere</strong></span> <span class='ocrx_word' id='word_1_293' title='bbox 3609 626 3759 681; x_wconf 71' lang='lat' dir='ltr'><strong>pote-</strong></span> 
     </span>
    </p>
   </div>
   <div class='ocr_carea' id='block_1_42' title="bbox 2170 698 3752 770">
    <p class='ocr_par' dir='ltr' id='par_1_42' title="bbox 2170 698 3752 770">
     <span class='ocr_line' id='line_1_42' title="bbox 2170 698 3752 770; baseline 0.003 -17"><span class='ocrx_word' id='word_1_294' title='bbox 2170 710 2309 765; x_wconf 85' lang='lat' dir='ltr'><strong>rant,</strong></span> <span class='ocrx_word' id='word_1_295' title='bbox 2330 699 2373 753; x_wconf 87' lang='lat' dir='ltr'><strong>si</strong></span> <span class='ocrx_word' id='word_1_296' title='bbox 2396 698 2532 754; x_wconf 86' lang='lat' dir='ltr'><strong>hanc</strong></span> <span class='ocrx_word' id='word_1_297' title='bbox 2551 700 2860 770; x_wconf 86' lang='lat' dir='ltr'><strong>dignitatem</strong></span> <span class='ocrx_word' id='word_1_298' title='bbox 2883 700 3226 767; x_wconf 77' lang='lat' dir='ltr'><strong>accepissem.</strong></span> <span class='ocrx_word' id='word_1_299' title='bbox 3243 699 3395 756; x_wconf 82' lang='lat' dir='ltr'><strong>Nunc</strong></span> <span class='ocrx_word' id='word_1_300' title='bbox 3417 719 3542 756; x_wconf 88' lang='lat' dir='ltr'><strong>vero</strong></span> <span class='ocrx_word' id='word_1_301' title='bbox 3566 718 3752 766; x_wconf 75' lang='lat' dir='ltr'><strong>secus;</strong></span> 
     </span>
    </p>
   </div>
   <div class='ocr_carea' id='block_1_43' title="bbox 2171 789 3760 856">
    <p class='ocr_par' dir='ltr' id='par_1_43' title="bbox 2171 789 3760 856">
     <span class='ocr_line' id='line_1_43' title="bbox 2171 789 3760 856; baseline 0.005 -14"><span class='ocrx_word' id='word_1_302' title='bbox 2171 789 2345 844; x_wconf 89' lang='lat' dir='ltr'><strong>omnis</strong></span> <span class='ocrx_word' id='word_1_303' title='bbox 2375 791 2516 845; x_wconf 91' lang='lat' dir='ltr'><strong>enim</strong></span> <span class='ocrx_word' id='word_1_304' title='bbox 2544 790 2646 846; x_wconf 87' lang='lat' dir='ltr'><strong>illis</strong></span> <span class='ocrx_word' id='word_1_305' title='bbox 2672 790 3020 846; x_wconf 88' lang='lat' dir='ltr'><strong>maledicendi</strong></span> <span class='ocrx_word' id='word_1_306' title='bbox 3050 792 3259 847; x_wconf 87' lang='lat' dir='ltr'><strong>occasio</strong></span> <span class='ocrx_word' id='word_1_307' title='bbox 3288 801 3492 848; x_wconf 82' lang='lat' dir='ltr'><strong>resecta</strong></span> <span class='ocrx_word' id='word_1_308' title='bbox 3522 804 3623 856; x_wconf 85' lang='lat' dir='ltr'><strong>est,</strong></span> <span class='ocrx_word' id='word_1_309' title='bbox 3658 810 3760 850; x_wconf 83' lang='lat' dir='ltr'><strong>nec</strong></span> 
     </span>
    </p>
   </div>
   <div class='ocr_carea' id='block_1_44' title="bbox 2172 879 3760 955">
    <p class='ocr_par' dir='ltr' id='par_1_44' title="bbox 2172 879 3760 955">
     <span class='ocr_line' id='line_1_44' title="bbox 2172 879 3760 955; baseline 0.004 -22"><span class='ocrx_word' id='word_1_310' title='bbox 2172 879 2302 934; x_wconf 90' lang='lat' dir='ltr'><strong>mihi</strong></span> <span class='ocrx_word' id='word_1_311' title='bbox 2339 879 2722 948; x_wconf 90' lang='lat' dir='ltr'><strong>adulationem,</strong></span> <span class='ocrx_word' id='word_1_312' title='bbox 2767 896 2863 936; x_wconf 88' lang='lat' dir='ltr'><strong>nec</strong></span> <span class='ocrx_word' id='word_1_313' title='bbox 2907 880 3011 935; x_wconf 82' lang='lat' dir='ltr'><strong>illis</strong></span> <span class='ocrx_word' id='word_1_314' title='bbox 3050 892 3265 952; x_wconf 68' lang='lat' dir='ltr'><strong>aetcepta</strong></span> <span class='ocrx_word' id='word_1_315' title='bbox 3310 899 3529 939; x_wconf 86' lang='lat' dir='ltr'><strong>munera</strong></span> <span class='ocrx_word' id='word_1_316' title='bbox 3559 901 3760 955; x_wconf 73' lang='lat' dir='ltr'><strong>expro-</strong></span> 
     </span>
    </p>
   </div>
   <div class='ocr_carea' id='block_1_45' title="bbox 2173 968 3762 1045">
    <p class='ocr_par' dir='ltr' id='par_1_45' title="bbox 2173 968 3762 1045">
     <span class='ocr_line' id='line_1_45' title="bbox 2173 968 3762 1045; baseline 0.006 -21"><span class='ocrx_word' id='word_1_317' title='bbox 2173 968 2329 1025; x_wconf 91' lang='lat' dir='ltr'><strong>brare</strong></span> <span class='ocrx_word' id='word_1_318' title='bbox 2358 980 2600 1041; x_wconf 89' lang='lat' dir='ltr'><strong>possunt,</strong></span> <span class='ocrx_word' id='word_1_319' title='bbox 2646 971 2747 1026; x_wconf 92' lang='lat' dir='ltr'><strong>nisi</strong></span> <span class='ocrx_word' id='word_1_320' title='bbox 2791 971 3020 1027; x_wconf 78' lang='lat' dir='ltr'><strong>fortasse</strong></span> <span class='ocrx_word' id='word_1_321' title='bbox 3053 972 3180 1038; x_wconf 84' lang='lat' dir='ltr'><strong>sint,</strong></span> <span class='ocrx_word' id='word_1_322' title='bbox 3211 974 3301 1045; x_wconf 90' lang='lat' dir='ltr'><strong>qui</strong></span> <span class='ocrx_word' id='word_1_323' title='bbox 3341 975 3481 1031; x_wconf 93' lang='lat' dir='ltr'><strong>ultro</strong></span> <span class='ocrx_word' id='word_1_324' title='bbox 3523 977 3762 1034; x_wconf 84' lang='lat' dir='ltr'><strong>insanire</strong></span> 
     </span>
    </p>
   </div>
   <div class='ocr_carea' id='block_1_46' title="bbox 2170 1061 3762 1137">
    <p class='ocr_par' dir='ltr' id='par_1_46' title="bbox 2170 1061 3762 1137">
     <span class='ocr_line' id='line_1_46' title="bbox 2170 1061 3762 1137; baseline 0.006 -23"><span class='ocrx_word' id='word_1_325' title='bbox 2170 1061 2355 1117; x_wconf 83' lang='lat' dir='ltr'><strong>velint.</strong></span> <span class='ocrx_word' id='word_1_326' title='bbox 2378 1062 2495 1130; x_wconf 88' lang='lat' dir='ltr'><strong>Quo</strong></span> <span class='ocrx_word' id='word_1_327' title='bbox 2523 1074 2677 1133; x_wconf 90' lang='lat' dir='ltr'><strong>pacto</strong></span> <span class='ocrx_word' id='word_1_328' title='bbox 2713 1063 2854 1118; x_wconf 89' lang='lat' dir='ltr'><strong>enim</strong></span> <span class='ocrx_word' id='word_1_329' title='bbox 2886 1062 3188 1119; x_wconf 86' lang='lat' dir='ltr'><strong>adulatione</strong></span> <span class='ocrx_word' id='word_1_330' title='bbox 3222 1074 3278 1120; x_wconf 90' lang='lat' dir='ltr'><strong>et</strong></span> <span class='ocrx_word' id='word_1_331' title='bbox 3314 1064 3596 1137; x_wconf 85' lang='lat' dir='ltr'><strong>largitione</strong></span> <span class='ocrx_word' id='word_1_332' title='bbox 3628 1085 3762 1124; x_wconf 66' lang='lat' dir='ltr'><strong>usus</strong></span> 
     </span>
    </p>
   </div>
   <div class='ocr_carea' id='block_1_47' title="bbox 2170 1153 3759 1229">
    <p class='ocr_par' dir='ltr' id='par_1_47' title="bbox 2170 1153 3759 1229">
     <span class='ocr_line' id='line_1_47' title="bbox 2170 1153 3759 1229; baseline 0.004 -22"><span class='ocrx_word' id='word_1_333' title='bbox 2170 1153 2431 1224; x_wconf 89' lang='lat' dir='ltr'><strong>quispiam</strong></span> <span class='ocrx_word' id='word_1_334' title='bbox 2457 1153 2523 1208; x_wconf 87' lang='lat' dir='ltr'><strong>ad</strong></span> <span class='ocrx_word' id='word_1_335' title='bbox 2563 1153 2822 1209; x_wconf 91' lang='lat' dir='ltr'><strong>honorem</strong></span> <span class='ocrx_word' id='word_1_336' title='bbox 2853 1153 3274 1225; x_wconf 88' lang='lat' dir='ltr'><strong>adipiscendum,</strong></span> <span class='ocrx_word' id='word_1_337' title='bbox 3307 1172 3434 1211; x_wconf 81' lang='lat' dir='ltr'><strong>mox</strong></span> <span class='ocrx_word' id='word_1_338' title='bbox 3466 1158 3759 1229; x_wconf 87' lang='lat' dir='ltr'><strong>adepturus</strong></span> 
     </span>
    </p>
   </div>
   <div class='ocr_carea' id='block_1_48' title="bbox 2171 1245 3771 1317">
    <p class='ocr_par' dir='ltr' id='par_1_48' title="bbox 2171 1245 3771 1317">
     <span class='ocr_line' id='line_1_48' title="bbox 2171 1245 3771 1317; baseline 0.003 -16"><span class='ocrx_word' id='word_1_339' title='bbox 2171 1261 2317 1315; x_wconf 92' lang='lat' dir='ltr'><strong>eum,</strong></span> <span class='ocrx_word' id='word_1_340' title='bbox 2343 1245 2460 1301; x_wconf 89' lang='lat' dir='ltr'><strong>aliis</strong></span> <span class='ocrx_word' id='word_1_341' title='bbox 2495 1245 2796 1317; x_wconf 78' lang='lat' dir='ltr'><strong>relinquat?</strong></span> <span class='ocrx_word' id='word_1_342' title='bbox 2848 1246 3073 1302; x_wconf 87' lang='lat' dir='ltr'><strong>Perinde</strong></span> <span class='ocrx_word' id='word_1_343' title='bbox 3111 1247 3253 1303; x_wconf 92' lang='lat' dir='ltr'><strong>enim</strong></span> <span class='ocrx_word' id='word_1_344' title='bbox 3282 1247 3409 1303; x_wconf 91' lang='lat' dir='ltr'><strong>illud</strong></span> <span class='ocrx_word' id='word_1_345' title='bbox 3452 1259 3595 1305; x_wconf 87' lang='lat' dir='ltr'><strong>esset</strong></span> <span class='ocrx_word' id='word_1_346' title='bbox 3622 1266 3687 1305; x_wconf 91' lang='lat' dir='ltr'><strong>ac</strong></span> <span class='ocrx_word' id='word_1_347' title='bbox 3716 1251 3771 1306; x_wconf 73' lang='lat' dir='ltr'><strong>si</strong></span> 
     </span>
    </p>
   </div>
   <div class='ocr_carea' id='block_1_49' title="bbox 2172 1336 3765 1408">
    <p class='ocr_par' dir='ltr' id='par_1_49' title="bbox 2172 1336 3765 1408">
     <span class='ocr_line' id='line_1_49' title="bbox 2172 1336 3765 1408; baseline 0.003 -18"><span class='ocrx_word' id='word_1_348' title='bbox 2172 1338 2292 1406; x_wconf 91' lang='lat' dir='ltr'><strong>quis</strong></span> <span class='ocrx_word' id='word_1_349' title='bbox 2312 1346 2429 1408; x_wconf 92' lang='lat' dir='ltr'><strong>post</strong></span> <span class='ocrx_word' id='word_1_350' title='bbox 2450 1336 2684 1392; x_wconf 84' lang='lat' dir='ltr'><strong>infinitos</strong></span> <span class='ocrx_word' id='word_1_351' title='bbox 2704 1338 2755 1391; x_wconf 92' lang='lat' dir='ltr'><strong>in</strong></span> <span class='ocrx_word' id='word_1_352' title='bbox 2773 1337 3061 1393; x_wconf 75' lang='lat' dir='ltr'><strong>excolenda</strong></span> <span class='ocrx_word' id='word_1_353' title='bbox 3086 1346 3223 1393; x_wconf 89' lang='lat' dir='ltr'><strong>terra</strong></span> <span class='ocrx_word' id='word_1_354' title='bbox 3241 1338 3472 1406; x_wconf 87' lang='lat' dir='ltr'><strong>labores,</strong></span> <span class='ocrx_word' id='word_1_355' title='bbox 3493 1351 3551 1395; x_wconf 92' lang='lat' dir='ltr'><strong>ut</strong></span> <span class='ocrx_word' id='word_1_356' title='bbox 3566 1342 3765 1397; x_wconf 84' lang='lat' dir='ltr'><strong>uberes</strong></span> 
     </span>
    </p>
   </div>
   <div class='ocr_carea' id='block_1_50' title="bbox 2174 1425 3763 1499">
    <p class='ocr_par' dir='ltr' id='par_1_50' title="bbox 2174 1425 3763 1499">
     <span class='ocr_line' id='line_1_50' title="bbox 2174 1425 3763 1499; baseline 0.004 -18"><span class='ocrx_word' id='word_1_357' title='bbox 2174 1425 2375 1481; x_wconf 88' lang='lat' dir='ltr'><strong>fructus</strong></span> <span class='ocrx_word' id='word_1_358' title='bbox 2418 1438 2732 1499; x_wconf 80' lang='lat' dir='ltr'><strong>segetesque</strong></span> <span class='ocrx_word' id='word_1_359' title='bbox 2769 1427 3060 1499; x_wconf 79' lang='lat' dir='ltr'><strong>colligeret,</strong></span> <span class='ocrx_word' id='word_1_360' title='bbox 3091 1437 3147 1483; x_wconf 89' lang='lat' dir='ltr'><strong>et</strong></span> <span class='ocrx_word' id='word_1_361' title='bbox 3184 1429 3307 1484; x_wconf 85' lang='lat' dir='ltr'><strong>vino</strong></span> <span class='ocrx_word' id='word_1_362' title='bbox 3347 1432 3626 1486; x_wconf 89' lang='lat' dir='ltr'><strong>toreularia</strong></span> <span class='ocrx_word' id='word_1_363' title='bbox 3667 1446 3763 1487; x_wconf 81' lang='lat' dir='ltr'><strong>re—</strong></span> 
     </span>
    </p>
   </div>
   <div class='ocr_carea' id='block_1_51' title="bbox 2173 1517 3769 1592">
    <p class='ocr_par' dir='ltr' id='par_1_51' title="bbox 2173 1517 3769 1592">
     <span class='ocr_line' id='line_1_51' title="bbox 2173 1517 3769 1592; baseline 0.005 -21"><span class='ocrx_word' id='word_1_364' title='bbox 2173 1517 2493 1586; x_wconf 85' lang='lat' dir='ltr'><strong>dundarent,</strong></span> <span class='ocrx_word' id='word_1_365' title='bbox 2523 1528 2642 1588; x_wconf 91' lang='lat' dir='ltr'><strong>post</strong></span> <span class='ocrx_word' id='word_1_366' title='bbox 2668 1520 2809 1576; x_wconf 91' lang='lat' dir='ltr'><strong>mille</strong></span> <span class='ocrx_word' id='word_1_367' title='bbox 2832 1521 3054 1575; x_wconf 86' lang='lat' dir='ltr'><strong>sudores</strong></span> <span class='ocrx_word' id='word_1_368' title='bbox 3080 1529 3135 1575; x_wconf 95' lang='lat' dir='ltr'><strong>et</strong></span> <span class='ocrx_word' id='word_1_369' title='bbox 3159 1521 3379 1576; x_wconf 90' lang='lat' dir='ltr'><strong>multam</strong></span> <span class='ocrx_word' id='word_1_370' title='bbox 3408 1524 3769 1592; x_wconf 77' lang='lat' dir='ltr'><strong>pecuniarum</strong></span> 
     </span>
    </p>
   </div>
   <div class='ocr_carea' id='block_1_52' title="bbox 2174 1611 3770 1683">
    <p class='ocr_par' dir='ltr' id='par_1_52' title="bbox 2174 1611 3770 1683">
     <span class='ocr_line' id='line_1_52' title="bbox 2174 1611 3770 1683; baseline 0.006 -20"><span class='ocrx_word' id='word_1_371' title='bbox 2174 1624 2482 1680; x_wconf 89' lang='lat' dir='ltr'><strong>expensam,</strong></span> <span class='ocrx_word' id='word_1_372' title='bbox 2527 1626 2647 1665; x_wconf 91' lang='lat' dir='ltr'><strong>cum</strong></span> <span class='ocrx_word' id='word_1_373' title='bbox 2695 1611 2885 1668; x_wconf 88' lang='lat' dir='ltr'><strong>messis</strong></span> <span class='ocrx_word' id='word_1_374' title='bbox 2935 1621 2989 1667; x_wconf 89' lang='lat' dir='ltr'><strong>et</strong></span> <span class='ocrx_word' id='word_1_375' title='bbox 3026 1611 3309 1667; x_wconf 77' lang='lat' dir='ltr'><strong>vindemiae</strong></span> <span class='ocrx_word' id='word_1_376' title='bbox 3349 1622 3554 1683; x_wconf 89' lang='lat' dir='ltr'><strong>tempus</strong></span> <span class='ocrx_word' id='word_1_377' title='bbox 3601 1614 3770 1672; x_wconf 81' lang='lat' dir='ltr'><strong>adve-</strong></span> 
     </span>
    </p>
   </div>
   <div class='ocr_carea' id='block_1_53' title="bbox 2176 1701 3761 1774">
    <p class='ocr_par' dir='ltr' id='par_1_53' title="bbox 2176 1701 3761 1774">
     <span class='ocr_line' id='line_1_53' title="bbox 2176 1701 3761 1774; baseline 0.004 -19"><span class='ocrx_word' id='word_1_378' title='bbox 2176 1702 2333 1770; x_wconf 91' lang='lat' dir='ltr'><strong>niret,</strong></span> <span class='ocrx_word' id='word_1_379' title='bbox 2384 1702 2502 1758; x_wconf 91' lang='lat' dir='ltr'><strong>aliis</strong></span> <span class='ocrx_word' id='word_1_380' title='bbox 2553 1701 2822 1758; x_wconf 89' lang='lat' dir='ltr'><strong>fructuum</strong></span> <span class='ocrx_word' id='word_1_381' title='bbox 2874 1712 3193 1774; x_wconf 89' lang='lat' dir='ltr'><strong>proventum</strong></span> <span class='ocrx_word' id='word_1_382' title='bbox 3246 1704 3500 1761; x_wconf 89' lang='lat' dir='ltr'><strong>traderet.</strong></span> <span class='ocrx_word' id='word_1_383' title='bbox 3550 1706 3761 1771; x_wconf 78' lang='lat' dir='ltr'><strong>Vidcn‘,</strong></span> 
     </span>
    </p>
   </div>
   <div class='ocr_carea' id='block_1_54' title="bbox 2174 1793 3767 1867">
    <p class='ocr_par' dir='ltr' id='par_1_54' title="bbox 2174 1793 3767 1867">
     <span class='ocr_line' id='line_1_54' title="bbox 2174 1793 3767 1867; baseline 0.003 -18"><span class='ocrx_word' id='word_1_384' title='bbox 2174 1793 2381 1849; x_wconf 90' lang='lat' dir='ltr'><strong>etiamsi</strong></span> <span class='ocrx_word' id='word_1_385' title='bbox 2409 1810 2526 1865; x_wconf 82' lang='lat' dir='ltr'><strong>qua:</strong></span> <span class='ocrx_word' id='word_1_386' title='bbox 2552 1804 2679 1851; x_wconf 89' lang='lat' dir='ltr'><strong>tunc</strong></span> <span class='ocrx_word' id='word_1_387' title='bbox 2698 1796 3034 1866; x_wconf 90' lang='lat' dir='ltr'><strong>jactabantur</strong></span> <span class='ocrx_word' id='word_1_388' title='bbox 3059 1798 3289 1867; x_wconf 90' lang='lat' dir='ltr'><strong>procula</strong></span> <span class='ocrx_word' id='word_1_389' title='bbox 3314 1798 3536 1853; x_wconf 86' lang='lat' dir='ltr'><strong>veritate</strong></span> <span class='ocrx_word' id='word_1_390' title='bbox 3555 1809 3767 1863; x_wconf 85' lang='lat' dir='ltr'><strong>essent,</strong></span> 
     </span>
    </p>
   </div>
   <div class='ocr_carea' id='block_1_55' title="bbox 2175 1886 3775 1955">
    <p class='ocr_par' dir='ltr' id='par_1_55' title="bbox 2175 1886 3775 1955">
     <span class='ocr_line' id='line_1_55' title="bbox 2175 1886 3775 1955; baseline 0.004 -16"><span class='ocrx_word' id='word_1_391' title='bbox 2175 1900 2418 1955; x_wconf 86' lang='lat' dir='ltr'><strong>magnam</strong></span> <span class='ocrx_word' id='word_1_392' title='bbox 2469 1886 2824 1943; x_wconf 88' lang='lat' dir='ltr'><strong>calumniandi</strong></span> <span class='ocrx_word' id='word_1_393' title='bbox 2879 1902 3063 1942; x_wconf 90' lang='lat' dir='ltr'><strong>ansam</strong></span> <span class='ocrx_word' id='word_1_394' title='bbox 3107 1886 3381 1943; x_wconf 87' lang='lat' dir='ltr'><strong>habituros</strong></span> <span class='ocrx_word' id='word_1_395' title='bbox 3427 1889 3775 1946; x_wconf 58' lang='lat' dir='ltr'><strong>adversarios</strong></span> 
     </span>
    </p>
   </div>
   <div class='ocr_carea' id='block_1_56' title="bbox 2175 1976 3765 2052">
    <p class='ocr_par' dir='ltr' id='par_1_56' title="bbox 2175 1976 3765 2052">
     <span class='ocr_line' id='line_1_56' title="bbox 2175 1976 3765 2052; baseline 0.003 -19"><span class='ocrx_word' id='word_1_396' title='bbox 2175 1976 2358 2046; x_wconf 87' lang='lat' dir='ltr'><strong>fuisse,</strong></span> <span class='ocrx_word' id='word_1_397' title='bbox 2398 1978 2540 2050; x_wconf 92' lang='lat' dir='ltr'><strong>quod</strong></span> <span class='ocrx_word' id='word_1_398' title='bbox 2579 1981 2783 2037; x_wconf 90' lang='lat' dir='ltr'><strong>scilicet</strong></span> <span class='ocrx_word' id='word_1_399' title='bbox 2825 1997 2932 2037; x_wconf 93' lang='lat' dir='ltr'><strong>non</strong></span> <span class='ocrx_word' id='word_1_400' title='bbox 2974 1990 3122 2037; x_wconf 89' lang='lat' dir='ltr'><strong>recto</strong></span> <span class='ocrx_word' id='word_1_401' title='bbox 3154 1981 3357 2052; x_wconf 88' lang='lat' dir='ltr'><strong>judicio</strong></span> <span class='ocrx_word' id='word_1_402' title='bbox 3397 1983 3589 2037; x_wconf 81' lang='lat' dir='ltr'><strong>electio</strong></span> <span class='ocrx_word' id='word_1_403' title='bbox 3620 1984 3765 2038; x_wconf 74' lang='lat' dir='ltr'><strong>facta</strong></span> 
     </span>
    </p>
   </div>
   <div class='ocr_carea' id='block_1_57' title="bbox 2175 2068 3769 2144">
    <p class='ocr_par' dir='ltr' id='par_1_57' title="bbox 2175 2068 3769 2144">
     <span class='ocr_line' id='line_1_57' title="bbox 2175 2068 3769 2144; baseline 0.004 -21"><span class='ocrx_word' id='word_1_404' title='bbox 2175 2068 2382 2125; x_wconf 87' lang='lat' dir='ltr'><strong>fuisset.</strong></span> <span class='ocrx_word' id='word_1_405' title='bbox 2414 2069 2565 2125; x_wconf 87' lang='lat' dir='ltr'><strong>Nune</strong></span> <span class='ocrx_word' id='word_1_406' title='bbox 2592 2082 2768 2127; x_wconf 90' lang='lat' dir='ltr'><strong>autem</strong></span> <span class='ocrx_word' id='word_1_407' title='bbox 2796 2088 2864 2127; x_wconf 92' lang='lat' dir='ltr'><strong>ne</strong></span> <span class='ocrx_word' id='word_1_408' title='bbox 2894 2072 3102 2128; x_wconf 72' lang='lat' dir='ltr'><strong>hiscere</strong></span> <span class='ocrx_word' id='word_1_409' title='bbox 3128 2072 3343 2143; x_wconf 90' lang='lat' dir='ltr'><strong>quidem</strong></span> <span class='ocrx_word' id='word_1_410' title='bbox 3369 2073 3449 2128; x_wconf 87' lang='lat' dir='ltr'><strong>vel</strong></span> <span class='ocrx_word' id='word_1_411' title='bbox 3470 2088 3533 2128; x_wconf 91' lang='lat' dir='ltr'><strong>os</strong></span> <span class='ocrx_word' id='word_1_412' title='bbox 3551 2076 3769 2144; x_wconf 86' lang='lat' dir='ltr'><strong>aperire</strong></span> 
     </span>
    </p>
   </div>
   <div class='ocr_carea' id='block_1_58' title="bbox 2176 2164 3769 2235">
    <p class='ocr_par' dir='ltr' id='par_1_58' title="bbox 2176 2164 3769 2235">
     <span class='ocr_line' id='line_1_58' title="bbox 2176 2164 3769 2235; baseline 0.004 -20"><span class='ocrx_word' id='word_1_413' title='bbox 2176 2176 2293 2216; x_wconf 90' lang='lat' dir='ltr'><strong>mea</strong></span> <span class='ocrx_word' id='word_1_414' title='bbox 2333 2176 2497 2232; x_wconf 90' lang='lat' dir='ltr'><strong>opera</strong></span> <span class='ocrx_word' id='word_1_415' title='bbox 2544 2172 2785 2233; x_wconf 89' lang='lat' dir='ltr'><strong>possunt.</strong></span> <span class='ocrx_word' id='word_1_416' title='bbox 2833 2164 2899 2218; x_wconf 86' lang='lat' dir='ltr'><strong>Et</strong></span> <span class='ocrx_word' id='word_1_417' title='bbox 2938 2164 3052 2219; x_wconf 83' lang='lat' dir='ltr'><strong>haec</strong></span> <span class='ocrx_word' id='word_1_418' title='bbox 3090 2164 3304 2234; x_wconf 88' lang='lat' dir='ltr'><strong>quidem</strong></span> <span class='ocrx_word' id='word_1_419' title='bbox 3356 2166 3629 2235; x_wconf 88' lang='lat' dir='ltr'><strong>multoque</strong></span> <span class='ocrx_word' id='word_1_420' title='bbox 3680 2166 3769 2221; x_wconf 84' lang='lat' dir='ltr'><strong>his</strong></span> 
     </span>
    </p>
   </div>
   <div class='ocr_carea' id='block_1_59' title="bbox 2178 2252 3765 2326">
    <p class='ocr_par' dir='ltr' id='par_1_59' title="bbox 2178 2252 3765 2326">
     <span class='ocr_line' id='line_1_59' title="bbox 2178 2252 3765 2326; baseline 0.005 -20"><span class='ocrx_word' id='word_1_421' title='bbox 2178 2252 2325 2322; x_wconf 89' lang='lat' dir='ltr'><strong>plura</strong></span> <span class='ocrx_word' id='word_1_422' title='bbox 2366 2253 2515 2309; x_wconf 90' lang='lat' dir='ltr'><strong>initio</strong></span> <span class='ocrx_word' id='word_1_423' title='bbox 2548 2253 2825 2310; x_wconf 81' lang='lat' dir='ltr'><strong>dixissent.</strong></span> <span class='ocrx_word' id='word_1_424' title='bbox 2865 2255 3152 2326; x_wconf 91' lang='lat' dir='ltr'><strong>Postquam</strong></span> <span class='ocrx_word' id='word_1_425' title='bbox 3194 2268 3370 2313; x_wconf 89' lang='lat' dir='ltr'><strong>autem</strong></span> <span class='ocrx_word' id='word_1_426' title='bbox 3410 2259 3765 2315; x_wconf 81' lang='lat' dir='ltr'><strong>ministerium</strong></span> 
     </span>
    </p>
   </div>
   <div class='ocr_carea' id='block_1_60' title="bbox 2173 2343 3765 2419">
    <p class='ocr_par' dir='ltr' id='par_1_60' title="bbox 2173 2343 3765 2419">
     <span class='ocr_line' id='line_1_60' title="bbox 2173 2343 3765 2419; baseline 0.005 -23"><span class='ocrx_word' id='word_1_427' title='bbox 2173 2343 2555 2416; x_wconf 84' lang='lat' dir='ltr'><strong>attigissemus,</strong></span> <span class='ocrx_word' id='word_1_428' title='bbox 2584 2362 2871 2418; x_wconf 90' lang='lat' dir='ltr'><strong>numquam</strong></span> <span class='ocrx_word' id='word_1_429' title='bbox 2910 2348 3267 2417; x_wconf 88' lang='lat' dir='ltr'><strong>potuissemus</strong></span> <span class='ocrx_word' id='word_1_430' title='bbox 3304 2348 3639 2419; x_wconf 86' lang='lat' dir='ltr'><strong>quotidianas</strong></span> <span class='ocrx_word' id='word_1_431' title='bbox 3668 2366 3765 2404; x_wconf 79' lang='lat' dir='ltr'><strong>ae-</strong></span> 
     </span>
    </p>
   </div>
   <div class='ocr_carea' id='block_1_61' title="bbox 2172 2438 3765 2514">
    <p class='ocr_par' dir='ltr' id='par_1_61' title="bbox 2172 2438 3765 2514">
     <span class='ocr_line' id='line_1_61' title="bbox 2172 2438 3765 2514; baseline 0.004 -23"><span class='ocrx_word' id='word_1_432' title='bbox 2172 2447 2475 2492; x_wconf 85' lang='lat' dir='ltr'><strong>eusatorum</strong></span> <span class='ocrx_word' id='word_1_433' title='bbox 2503 2438 2800 2494; x_wconf 89' lang='lat' dir='ltr'><strong>calumnias</strong></span> <span class='ocrx_word' id='word_1_434' title='bbox 2820 2438 3085 2508; x_wconf 80' lang='lat' dir='ltr'><strong>refellere,</strong></span> <span class='ocrx_word' id='word_1_435' title='bbox 3115 2440 3320 2495; x_wconf 84' lang='lat' dir='ltr'><strong>etiamsi</strong></span> <span class='ocrx_word' id='word_1_436' title='bbox 3351 2442 3617 2514; x_wconf 64' lang='lat' dir='ltr'><strong>inculpite</strong></span> <span class='ocrx_word' id='word_1_437' title='bbox 3641 2458 3765 2498; x_wconf 86' lang='lat' dir='ltr'><strong>om-</strong></span> 
     </span>
    </p>
   </div>
   <div class='ocr_carea' id='block_1_62' title="bbox 2174 2528 3766 2603">
    <p class='ocr_par' dir='ltr' id='par_1_62' title="bbox 2174 2528 3766 2603">
     <span class='ocr_line' id='line_1_62' title="bbox 2174 2528 3766 2603; baseline 0.003 -20"><span class='ocrx_word' id='word_1_438' title='bbox 2174 2528 2258 2583; x_wconf 89' lang='lat' dir='ltr'><strong>nia</strong></span> <span class='ocrx_word' id='word_1_439' title='bbox 2281 2530 2576 2599; x_wconf 82' lang='lat' dir='ltr'><strong>egissemus</strong></span> <span class='ocrx_word' id='word_1_440' title='bbox 2602 2548 2614 2582; x_wconf 92' lang='lat'><strong>:</strong></span> <span class='ocrx_word' id='word_1_441' title='bbox 2640 2546 2707 2585; x_wconf 89' lang='lat' dir='ltr'><strong>ne</strong></span> <span class='ocrx_word' id='word_1_442' title='bbox 2728 2529 2897 2585; x_wconf 89' lang='lat' dir='ltr'><strong>dicam</strong></span> <span class='ocrx_word' id='word_1_443' title='bbox 2929 2546 3026 2586; x_wconf 92' lang='lat' dir='ltr'><strong>nos</strong></span> <span class='ocrx_word' id='word_1_444' title='bbox 3048 2532 3146 2586; x_wconf 88' lang='lat' dir='ltr'><strong>hae</strong></span> <span class='ocrx_word' id='word_1_445' title='bbox 3173 2543 3330 2587; x_wconf 64' lang='lat' dir='ltr'><strong>actate</strong></span> <span class='ocrx_word' id='word_1_446' title='bbox 3351 2549 3635 2603; x_wconf 86' lang='lat' dir='ltr'><strong>rerumque</strong></span> <span class='ocrx_word' id='word_1_447' title='bbox 3659 2535 3766 2588; x_wconf 87' lang='lat' dir='ltr'><strong>int-</strong></span> 
     </span>
    </p>
   </div>
   <div class='ocr_carea' id='block_1_63' title="bbox 2175 2620 3767 2690">
    <p class='ocr_par' dir='ltr' id='par_1_63' title="bbox 2175 2620 3767 2690">
     <span class='ocr_line' id='line_1_63' title="bbox 2175 2620 3767 2690; baseline 0.003 -14"><span class='ocrx_word' id='word_1_448' title='bbox 2175 2621 2363 2690; x_wconf 90' lang='lat' dir='ltr'><strong>peritia</strong></span> <span class='ocrx_word' id='word_1_449' title='bbox 2412 2620 2465 2675; x_wconf 92' lang='lat' dir='ltr'><strong>in</strong></span> <span class='ocrx_word' id='word_1_450' title='bbox 2507 2621 2685 2676; x_wconf 92' lang='lat' dir='ltr'><strong>multis</strong></span> <span class='ocrx_word' id='word_1_451' title='bbox 2732 2622 3039 2678; x_wconf 82' lang='lat' dir='ltr'><strong>necessario</strong></span> <span class='ocrx_word' id='word_1_452' title='bbox 3080 2625 3421 2681; x_wconf 88' lang='lat' dir='ltr'><strong>aberraturos</strong></span> <span class='ocrx_word' id='word_1_453' title='bbox 3469 2625 3650 2681; x_wconf 85' lang='lat' dir='ltr'><strong>fuisse.</strong></span> <span class='ocrx_word' id='word_1_454' title='bbox 3695 2629 3767 2681; x_wconf 73' lang='lat' dir='ltr'><strong>At.</strong></span> 
     </span>
    </p>
   </div>
   <div class='ocr_carea' id='block_1_64' title="bbox 2175 2706 3750 2784">
    <p class='ocr_par' dir='ltr' id='par_1_64' title="bbox 2175 2706 3750 2784">
     <span class='ocr_line' id='line_1_64' title="bbox 2175 2706 3750 2784; baseline 0.003 -18"><span class='ocrx_word' id='word_1_455' title='bbox 2175 2727 2316 2766; x_wconf 87' lang='lat' dir='ltr'><strong>nunc</strong></span> <span class='ocrx_word' id='word_1_456' title='bbox 2345 2711 2446 2765; x_wconf 90' lang='lat' dir='ltr'><strong>illis</strong></span> <span class='ocrx_word' id='word_1_457' title='bbox 2470 2706 2855 2768; x_wconf 83' lang='lat' dir='ltr'><strong>criminationis</strong></span> <span class='ocrx_word' id='word_1_458' title='bbox 2877 2713 3180 2784; x_wconf 88' lang='lat' dir='ltr'><strong>hujusmodi</strong></span> <span class='ocrx_word' id='word_1_459' title='bbox 3200 2720 3535 2771; x_wconf 81' lang='lat' dir='ltr'><strong>occasionem</strong></span> <span class='ocrx_word' id='word_1_460' title='bbox 3565 2728 3750 2772; x_wconf 87' lang='lat' dir='ltr'><strong>sustu-</strong></span> 
     </span>
    </p>
   </div>
   <div class='ocr_carea' id='block_1_65' title="bbox 2175 2802 3765 2875">
    <p class='ocr_par' dir='ltr' id='par_1_65' title="bbox 2175 2802 3765 2875">
     <span class='ocr_line' id='line_1_65' title="bbox 2175 2802 3765 2875; baseline 0.006 -20"><span class='ocrx_word' id='word_1_461' title='bbox 2175 2802 2363 2856; x_wconf 89' lang='lat' dir='ltr'><strong>limus:</strong></span> <span class='ocrx_word' id='word_1_462' title='bbox 2392 2813 2518 2858; x_wconf 91' lang='lat' dir='ltr'><strong>tunc</strong></span> <span class='ocrx_word' id='word_1_463' title='bbox 2556 2814 2734 2860; x_wconf 86' lang='lat' dir='ltr'><strong>autem</strong></span> <span class='ocrx_word' id='word_1_464' title='bbox 2784 2805 2992 2875; x_wconf 89' lang='lat' dir='ltr'><strong>probris</strong></span> <span class='ocrx_word' id='word_1_465' title='bbox 3016 2821 3111 2862; x_wconf 91' lang='lat' dir='ltr'><strong>eos</strong></span> <span class='ocrx_word' id='word_1_466' title='bbox 3160 2808 3453 2863; x_wconf 89' lang='lat' dir='ltr'><strong>innumeris</strong></span> <span class='ocrx_word' id='word_1_467' title='bbox 3496 2809 3765 2865; x_wconf 78' lang='lat' dir='ltr'><strong>olmoxios</strong></span> 
     </span>
    </p>
   </div>
   <div class='ocr_carea' id='block_1_66' title="bbox 2176 2893 3766 2962">
    <p class='ocr_par' dir='ltr' id='par_1_66' title="bbox 2176 2893 3766 2962">
     <span class='ocr_line' id='line_1_66' title="bbox 2176 2893 3766 2962; baseline 0.005 -15"><span class='ocrx_word' id='word_1_468' title='bbox 2176 2893 2604 2950; x_wconf 87' lang='lat' dir='ltr'><strong>reddidissemus.</strong></span> <span class='ocrx_word' id='word_1_469' title='bbox 2625 2895 2753 2962; x_wconf 86' lang='lat' dir='ltr'><strong>Quis</strong></span> <span class='ocrx_word' id='word_1_470' title='bbox 2765 2895 2905 2951; x_wconf 90' lang='lat' dir='ltr'><strong>cnim</strong></span> <span class='ocrx_word' id='word_1_471' title='bbox 2920 2912 3025 2951; x_wconf 90' lang='lat' dir='ltr'><strong>non</strong></span> <span class='ocrx_word' id='word_1_472' title='bbox 3046 2896 3284 2953; x_wconf 91' lang='lat' dir='ltr'><strong>dicturus</strong></span> <span class='ocrx_word' id='word_1_473' title='bbox 3297 2908 3412 2953; x_wconf 90' lang='lat' dir='ltr'><strong>erat</strong></span> <span class='ocrx_word' id='word_1_474' title='bbox 3433 2917 3446 2953; x_wconf 90' lang='lat'>:</span> <span class='ocrx_word' id='word_1_475' title='bbox 3465 2899 3569 2953; x_wconf 83' lang='lat' dir='ltr'><strong>Res</strong></span> <span class='ocrx_word' id='word_1_476' title='bbox 3588 2910 3766 2955; x_wconf 90' lang='lat' dir='ltr'><strong>tantas</strong></span> 
     </span>
    </p>
   </div>
   <div class='ocr_carea' id='block_1_67' title="bbox 2179 2986 3760 3060">
    <p class='ocr_par' dir='ltr' id='par_1_67' title="bbox 2179 2986 3760 3060">
     <span class='ocr_line' id='line_1_67' title="bbox 2179 2986 3760 3060; baseline 0.004 -20"><span class='ocrx_word' id='word_1_477' title='bbox 2179 2997 2391 3058; x_wconf 89' lang='lat' dir='ltr'><strong>tamque</strong></span> <span class='ocrx_word' id='word_1_478' title='bbox 2442 2986 2782 3043; x_wconf 89' lang='lat' dir='ltr'><strong>admirandas</strong></span> <span class='ocrx_word' id='word_1_479' title='bbox 2835 2989 3015 3059; x_wconf 91' lang='lat' dir='ltr'><strong>pueris</strong></span> <span class='ocrx_word' id='word_1_480' title='bbox 3060 2990 3428 3060; x_wconf 89' lang='lat' dir='ltr'><strong>insipientibus</strong></span> <span class='ocrx_word' id='word_1_481' title='bbox 3473 2993 3760 3046; x_wconf 88' lang='lat' dir='ltr'><strong>commise-</strong></span> 
     </span>
    </p>
   </div>
   <div class='ocr_carea' id='block_1_68' title="bbox 2176 3079 3763 3152">
    <p class='ocr_par' dir='ltr' id='par_1_68' title="bbox 2176 3079 3763 3152">
     <span class='ocr_line' id='line_1_68' title="bbox 2176 3079 3763 3152; baseline 0.004 -19"><span class='ocrx_word' id='word_1_482' title='bbox 2176 3091 2319 3144; x_wconf 88' lang='lat' dir='ltr'><strong>runt,</strong></span> <span class='ocrx_word' id='word_1_483' title='bbox 2352 3079 2442 3135; x_wconf 90' lang='lat' dir='ltr'><strong>Dei</strong></span> <span class='ocrx_word' id='word_1_484' title='bbox 2463 3096 2676 3152; x_wconf 82' lang='lat' dir='ltr'><strong>gregem</strong></span> <span class='ocrx_word' id='word_1_485' title='bbox 2703 3081 3203 3151; x_wconf 80' lang='lat' dir='ltr'><strong>pessumdcderunt,</strong></span> <span class='ocrx_word' id='word_1_486' title='bbox 3228 3098 3314 3138; x_wconf 91' lang='lat' dir='ltr'><strong>res</strong></span> <span class='ocrx_word' id='word_1_487' title='bbox 3335 3083 3763 3139; x_wconf 81' lang='lat' dir='ltr'><strong>ChriStiauorum</strong></span> 
     </span>
    </p>
   </div>
   <div class='ocr_carea' id='block_1_69' title="bbox 2173 3171 3765 3243">
    <p class='ocr_par' dir='ltr' id='par_1_69' title="bbox 2173 3171 3765 3243">
     <span class='ocr_line' id='line_1_69' title="bbox 2173 3171 3765 3243; baseline 0.003 -15"><span class='ocrx_word' id='word_1_488' title='bbox 2173 3171 2283 3243; x_wconf 91' lang='lat' dir='ltr'><strong>jam</strong></span> <span class='ocrx_word' id='word_1_489' title='bbox 2325 3171 2454 3227; x_wconf 90' lang='lat' dir='ltr'><strong>risui</strong></span> <span class='ocrx_word' id='word_1_490' title='bbox 2493 3187 2555 3227; x_wconf 90' lang='lat' dir='ltr'><strong>ae</strong></span> <span class='ocrx_word' id='word_1_491' title='bbox 2595 3172 2821 3228; x_wconf 91' lang='lat' dir='ltr'><strong>ludibrio</strong></span> <span class='ocrx_word' id='word_1_492' title='bbox 2864 3177 3119 3243; x_wconf 73' lang='lat' dir='ltr'><strong>exposita:</strong></span> <span class='ocrx_word' id='word_1_493' title='bbox 3157 3174 3319 3229; x_wconf 89' lang='lat' dir='ltr'><strong>sunt?</strong></span> <span class='ocrx_word' id='word_1_494' title='bbox 3350 3175 3418 3229; x_wconf 85' lang='lat' dir='ltr'><strong>At</strong></span> <span class='ocrx_word' id='word_1_495' title='bbox 3465 3190 3591 3230; x_wconf 84' lang='lat' dir='ltr'><strong>vero</strong></span> <span class='ocrx_word' id='word_1_496' title='bbox 3620 3191 3765 3232; x_wconf 89' lang='lat' dir='ltr'><strong>nunc</strong></span> 
     </span>
    </p>
   </div>
   <div class='ocr_carea' id='block_1_70' title="bbox 2182 3263 3765 3336">
    <p class='ocr_par' dir='ltr' id='par_1_70' title="bbox 2182 3263 3765 3336">
     <span class='ocr_line' id='line_1_70' title="bbox 2182 3263 3765 3336; baseline 0.001 -17"><span class='ocrx_word' id='word_1_497' title='bbox 2182 3263 2359 3319; x_wconf 77' lang='lat' dir='ltr'><strong>Omnis</strong></span> <span class='ocrx_word' id='word_1_498' title='bbox 2386 3265 2622 3334; x_wconf 74' lang='lat' dir='ltr'><strong>iniquitas</strong></span> <span class='ocrx_word' id='word_1_499' title='bbox 2646 3264 2891 3336; x_wconf 83' lang='lat' dir='ltr'><strong>oppilabit</strong></span> <span class='ocrx_word' id='word_1_500' title='bbox 2916 3281 2972 3320; x_wconf 83' lang='lat' dir='ltr'><strong>os</strong></span> <span class='ocrx_word' id='word_1_501' title='bbox 2999 3282 3146 3320; x_wconf 83' lang='lat' dir='ltr'><strong>suum</strong></span> <span class='ocrx_word' id='word_1_502' title='bbox 3178 3264 3345 3334; x_wconf 84' lang='lat' dir='ltr'><strong>(Psal.</strong></span> <span class='ocrx_word' id='word_1_503' title='bbox 3390 3265 3511 3320; x_wconf 80' lang='grc'>106.</span> <span class='ocrx_word' id='word_1_504' title='bbox 3544 3266 3663 3335; x_wconf 71' lang='grc'><strong>42).</strong></span> <span class='ocrx_word' id='word_1_505' title='bbox 3705 3267 3765 3321; x_wconf 84' lang='lat' dir='ltr'><strong>Si</strong></span> 
     </span>
    </p>
   </div>
   <div class='ocr_carea' id='block_1_71' title="bbox 2180 3356 3767 3428">
    <p class='ocr_par' dir='ltr' id='par_1_71' title="bbox 2180 3356 3767 3428">
     <span class='ocr_line' id='line_1_71' title="bbox 2180 3356 3767 3428; baseline 0.001 -15"><span class='ocrx_word' id='word_1_506' title='bbox 2180 3356 2323 3413; x_wconf 90' lang='lat' dir='ltr'><strong>enim</strong></span> <span class='ocrx_word' id='word_1_507' title='bbox 2353 3357 2425 3411; x_wconf 90' lang='lat' dir='ltr'><strong>tui</strong></span> <span class='ocrx_word' id='word_1_508' title='bbox 2453 3370 2614 3412; x_wconf 89' lang='lat' dir='ltr'><strong>causa</strong></span> <span class='ocrx_word' id='word_1_509' title='bbox 2639 3357 2736 3412; x_wconf 87' lang='lat' dir='ltr'><strong>ista</strong></span> <span class='ocrx_word' id='word_1_510' title='bbox 2760 3357 3097 3428; x_wconf 89' lang='lat' dir='ltr'><strong>protulerint,</strong></span> <span class='ocrx_word' id='word_1_511' title='bbox 3130 3359 3307 3412; x_wconf 86' lang='lat' dir='ltr'><strong>statim</strong></span> <span class='ocrx_word' id='word_1_512' title='bbox 3335 3358 3452 3414; x_wconf 87' lang='lat' dir='ltr'><strong>illos</strong></span> <span class='ocrx_word' id='word_1_513' title='bbox 3477 3375 3542 3414; x_wconf 94' lang='lat' dir='ltr'><strong>cx</strong></span> <span class='ocrx_word' id='word_1_514' title='bbox 3570 3359 3680 3428; x_wconf 87' lang='lat' dir='ltr'><strong>ipsa</strong></span> <span class='ocrx_word' id='word_1_515' title='bbox 3706 3376 3767 3415; x_wconf 85' lang='lat' dir='ltr'><strong>re</strong></span> 
     </span>
    </p>
   </div>
   <div class='ocr_carea' id='block_1_72' title="bbox 2180 3447 3762 3520">
    <p class='ocr_par' dir='ltr' id='par_1_72' title="bbox 2180 3447 3762 3520">
     <span class='ocr_line' id='line_1_72' title="bbox 2180 3447 3762 3520; baseline 0 -15"><span class='ocrx_word' id='word_1_516' title='bbox 2180 3447 2415 3516; x_wconf 87' lang='lat' dir='ltr'><strong>docebis,</strong></span> <span class='ocrx_word' id='word_1_517' title='bbox 2440 3463 2547 3504; x_wconf 93' lang='lat' dir='ltr'><strong>non</strong></span> <span class='ocrx_word' id='word_1_518' title='bbox 2567 3459 2815 3520; x_wconf 88' lang='lat' dir='ltr'><strong>oportere</strong></span> <span class='ocrx_word' id='word_1_519' title='bbox 2837 3449 3170 3519; x_wconf 89' lang='lat' dir='ltr'><strong>prudentiam</strong></span> <span class='ocrx_word' id='word_1_520' title='bbox 3194 3458 3350 3504; x_wconf 60' lang='lat' dir='ltr'><strong>aetate</strong></span> <span class='ocrx_word' id='word_1_521' title='bbox 3368 3450 3562 3516; x_wconf 90' lang='lat' dir='ltr'><strong>metiri,</strong></span> <span class='ocrx_word' id='word_1_522' title='bbox 3588 3466 3762 3520; x_wconf 80' lang='lat' dir='ltr'><strong>neque</strong></span> 
     </span>
    </p>
   </div>
   <div class='ocr_carea' id='block_1_73' title="bbox 2182 3541 3761 3613">
    <p class='ocr_par' dir='ltr' id='par_1_73' title="bbox 2182 3541 3761 3613">
     <span class='ocr_line' id='line_1_73' title="bbox 2182 3541 3761 3613; baseline 0.001 -18"><span class='ocrx_word' id='word_1_523' title='bbox 2182 3556 2364 3596; x_wconf 90' lang='lat' dir='ltr'><strong>senem</strong></span> <span class='ocrx_word' id='word_1_524' title='bbox 2393 3556 2460 3597; x_wconf 88' lang='lat' dir='ltr'><strong>ex</strong></span> <span class='ocrx_word' id='word_1_525' title='bbox 2481 3542 2676 3597; x_wconf 91' lang='lat' dir='ltr'><strong>canitie</strong></span> <span class='ocrx_word' id='word_1_526' title='bbox 2707 3541 2985 3613; x_wconf 86' lang='lat' dir='ltr'><strong>probatum</strong></span> <span class='ocrx_word' id='word_1_527' title='bbox 3019 3541 3235 3605; x_wconf 89' lang='lat' dir='ltr'><strong>habere,</strong></span> <span class='ocrx_word' id='word_1_528' title='bbox 3261 3557 3432 3612; x_wconf 87' lang='lat' dir='ltr'><strong>neque</strong></span> <span class='ocrx_word' id='word_1_529' title='bbox 3455 3543 3710 3612; x_wconf 83' lang='lat' dir='ltr'><strong>juvenem</strong></span> <span class='ocrx_word' id='word_1_530' title='bbox 3732 3559 3761 3596; x_wconf 83' lang='lat' dir='ltr'><strong>a</strong></span> 
     </span>
    </p>
   </div>
   <div class='ocr_carea' id='block_1_74' title="bbox 2184 3633 3768 3705">
    <p class='ocr_par' dir='ltr' id='par_1_74' title="bbox 2184 3633 3768 3705">
     <span class='ocr_line' id='line_1_74' title="bbox 2184 3633 3768 3705; baseline 0 -17"><span class='ocrx_word' id='word_1_531' title='bbox 2184 3633 2271 3688; x_wconf 86' lang='lat' dir='ltr'><strong>tali</strong></span> <span class='ocrx_word' id='word_1_532' title='bbox 2305 3633 2599 3689; x_wconf 85' lang='lat' dir='ltr'><strong>ministerio</strong></span> <span class='ocrx_word' id='word_1_533' title='bbox 2632 3648 2847 3703; x_wconf 89' lang='lat' dir='ltr'><strong>prorsus</strong></span> <span class='ocrx_word' id='word_1_534' title='bbox 2881 3649 3088 3700; x_wconf 88' lang='lat' dir='ltr'><strong>arcere,</strong></span> <span class='ocrx_word' id='word_1_535' title='bbox 3121 3634 3212 3689; x_wconf 77' lang='lat' dir='ltr'><strong>sed</strong></span> <span class='ocrx_word' id='word_1_536' title='bbox 3246 3635 3590 3705; x_wconf 76' lang='lat' dir='ltr'><strong>neophytum.</strong></span> <span class='ocrx_word' id='word_1_537' title='bbox 3634 3634 3768 3688; x_wconf 77' lang='lat' dir='ltr'><strong>Mul-</strong></span> 
     </span>
    </p>
   </div>
   <div class='ocr_carea' id='block_1_75' title="bbox 2186 3724 3402 3797">
    <p class='ocr_par' dir='ltr' id='par_1_75' title="bbox 2186 3724 3402 3797">
     <span class='ocr_line' id='line_1_75' title="bbox 2186 3724 3402 3797; baseline 0.001 -18"><span class='ocrx_word' id='word_1_538' title='bbox 2186 3732 2294 3779; x_wconf 90' lang='lat' dir='ltr'><strong>tum</strong></span> <span class='ocrx_word' id='word_1_539' title='bbox 2315 3734 2397 3781; x_wconf 90' lang='lat' dir='ltr'><strong>est</strong></span> <span class='ocrx_word' id='word_1_540' title='bbox 2423 3734 2598 3779; x_wconf 90' lang='lat' dir='ltr'><strong>autem</strong></span> <span class='ocrx_word' id='word_1_541' title='bbox 2627 3724 2766 3779; x_wconf 87' lang='lat' dir='ltr'><strong>inter</strong></span> <span class='ocrx_word' id='word_1_542' title='bbox 2791 3736 3071 3797; x_wconf 89' lang='lat' dir='ltr'><strong>utrumque</strong></span> <span class='ocrx_word' id='word_1_543' title='bbox 3094 3726 3402 3781; x_wconf 84' lang='lat' dir='ltr'><strong>discrimen.</strong></span> 
     </span>
    </p>
   </div>
   <div class='ocr_carea' id='block_1_76' title="bbox 1469 4044 2759 4153">
    <p class='ocr_par' dir='ltr' id='par_1_76' title="bbox 1469 4044 2759 4153">
     <span class='ocr_line' id='line_1_76' title="bbox 1469 4044 2759 4153; baseline 0.002 -2"><span class='ocrx_word' id='word_1_544' title='bbox 1469 4044 1954 4151; x_wconf 82' lang='lat' dir='ltr'><strong>LIBER</strong></span> <span class='ocrx_word' id='word_1_545' title='bbox 2042 4044 2759 4153; x_wconf 80' lang='lat' dir='ltr'><strong>TERTIUS.</strong></span> 
     </span>
    </p>
   </div>
   <div class='ocr_carea' id='block_1_77' title="bbox 884 4370 1622 4429">
    <p class='ocr_par' dir='ltr' id='par_1_77' title="bbox 884 4370 1622 4429">
     <span class='ocr_line' id='line_1_77' title="bbox 884 4370 1622 4429; baseline -0.007 0"><span class='ocrx_word' id='word_1_546' title='bbox 884 4370 1019 4429; x_wconf 54' lang='grc' dir='ltr'><strong>’περ</strong></span> <span class='ocrx_word' id='word_1_547' title='bbox 1050 4393 1221 4428; x_wconf 61' lang='lat' dir='ltr'><strong>ursum</strong></span> <span class='ocrx_word' id='word_1_548' title='bbox 1252 4389 1389 4426; x_wconf 77' lang='lat' dir='ltr'><strong>uano</strong></span> <span class='ocrx_word' id='word_1_549' title='bbox 1420 4389 1622 4425; x_wconf 72' lang='lat' dir='ltr'><strong>renuo.</strong></span> 
     </span>
    </p>
   </div>
   <div class='ocr_carea' id='block_1_78' title="bbox 484 4502 2069 4565">
    <p class='ocr_par' dir='ltr' id='par_1_78' title="bbox 484 4502 2069 4565">
     <span class='ocr_line' id='line_1_78' title="bbox 484 4502 2069 4565; baseline -0.006 -11"><span class='ocrx_word' id='word_1_550' title='bbox 484 4512 517 4554; x_wconf 87' lang='grc' dir='ltr'>ι.</span> <span class='ocrx_word' id='word_1_551' title='bbox 550 4506 634 4563; x_wconf 83' lang='lat' dir='ltr'><strong>Qui</strong></span> <span class='ocrx_word' id='word_1_552' title='bbox 655 4504 877 4565; x_wconf 85' lang='lat' dir='ltr'><strong>suspicati</strong></span> <span class='ocrx_word' id='word_1_553' title='bbox 900 4510 1011 4565; x_wconf 88' lang='lat' dir='ltr'><strong>sunt</strong></span> <span class='ocrx_word' id='word_1_554' title='bbox 1042 4515 1132 4551; x_wconf 89' lang='lat' dir='ltr'><strong>nos</strong></span> <span class='ocrx_word' id='word_1_555' title='bbox 1176 4514 1265 4565; x_wconf 75' lang='lat' dir='ltr'><strong>per</strong></span> <span class='ocrx_word' id='word_1_556' title='bbox 1298 4502 1576 4562; x_wconf 82' lang='lat' dir='ltr'><strong>superbiam</strong></span> <span class='ocrx_word' id='word_1_557' title='bbox 1618 4502 1890 4557; x_wconf 71' lang='lat' dir='ltr'><strong>recusasse,</strong></span> <span class='ocrx_word' id='word_1_558' title='bbox 1934 4510 2069 4546; x_wconf 88' lang='lat' dir='ltr'><strong>suam</strong></span> 
     </span>
    </p>
   </div>
   <div class='ocr_carea' id='block_1_79' title="bbox 549 4562 1823 4627">
    <p class='ocr_par' dir='ltr' id='par_1_79' title="bbox 549 4562 1823 4627">
     <span class='ocr_line' id='line_1_79' title="bbox 549 4562 1823 4627; baseline -0.006 -11"><span class='ocrx_word' id='word_1_559' title='bbox 549 4562 758 4627; x_wconf 82' lang='lat' dir='ltr'><strong>ipsorum</strong></span> <span class='ocrx_word' id='word_1_560' title='bbox 782 4564 1191 4612; x_wconf 80' lang='lat' dir='ltr'><strong>existimationem</strong></span> <span class='ocrx_word' id='word_1_561' title='bbox 1211 4562 1413 4627; x_wconf 68' lang='lat' dir='ltr'><strong>ltesisse.</strong></span> <span class='ocrx_word' id='word_1_562' title='bbox 1434 4619 1454 4627; x_wconf 88' lang='lat'>_</span> <span class='ocrx_word' id='word_1_563' title='bbox 1520 4621 1529 4627; x_wconf 92' lang='lat'><em>_</em></span> <span class='ocrx_word' id='word_1_564' title='bbox 1810 4580 1823 4585; x_wconf 66' lang='grc'><em>’</em></span> 
     </span>
    </p>
   </div>
   <div class='ocr_carea' id='block_1_80' title="bbox 487 4619 1637 4686">
    <p class='ocr_par' dir='ltr' id='par_1_80' title="bbox 487 4619 1637 4686">
     <span class='ocr_line' id='line_1_80' title="bbox 487 4619 1637 4686; baseline -0.007 -11"><span class='ocrx_word' id='word_1_565' title='bbox 487 4634 536 4675; x_wconf 91' lang='lat' dir='ltr'><strong>ll.</strong></span> <span class='ocrx_word' id='word_1_566' title='bbox 568 4619 663 4677; x_wconf 62' lang='lat' dir='ltr'><strong>&#39;Nos</strong></span> <span class='ocrx_word' id='word_1_567' title='bbox 680 4639 774 4674; x_wconf 90' lang='lat' dir='ltr'><strong>non</strong></span> <span class='ocrx_word' id='word_1_568' title='bbox 798 4632 994 4686; x_wconf 76' lang='lat' dir='ltr'><strong>propter</strong></span> <span class='ocrx_word' id='word_1_569' title='bbox 1020 4636 1185 4670; x_wconf 85' lang='lat' dir='ltr'><strong>vanam</strong></span> <span class='ocrx_word' id='word_1_570' title='bbox 1208 4621 1408 4686; x_wconf 68' lang='lat' dir='ltr'><strong>gloriam</strong></span> <span class='ocrx_word' id='word_1_571' title='bbox 1430 4619 1637 4686; x_wconf 69' lang='lat' dir='ltr'><strong>fugisse.</strong></span> 
     </span>
    </p>
   </div>
   <div class='ocr_carea' id='block_1_81' title="bbox 486 4679 2075 4748">
    <p class='ocr_par' dir='ltr' id='par_1_81' title="bbox 486 4679 2075 4748">
     <span class='ocr_line' id='line_1_81' title="bbox 486 4679 2075 4748; baseline -0.005 -10"><span class='ocrx_word' id='word_1_572' title='bbox 486 4695 557 4738; x_wconf 85' lang='grc' dir='ltr'>ιιι.</span> <span class='ocrx_word' id='word_1_573' title='bbox 586 4688 716 4746; x_wconf 65' lang='lat' dir='ltr'><strong>quod</strong></span> <span class='ocrx_word' id='word_1_574' title='bbox 733 4689 773 4736; x_wconf 88' lang='lat' dir='ltr'><strong>si</strong></span> <span class='ocrx_word' id='word_1_575' title='bbox 795 4679 994 4748; x_wconf 74' lang='lat' dir='ltr'><strong>gloriam</strong></span> <span class='ocrx_word' id='word_1_576' title='bbox 1033 4679 1504 4748; x_wconf 51' lang='lat' dir='ltr'><strong>concupisceremus,&quot;</strong></span> <span class='ocrx_word' id='word_1_577' title='bbox 1521 4679 1619 4731; x_wconf 78' lang='lat' dir='ltr'><strong>tale</strong></span> <span class='ocrx_word' id='word_1_578' title='bbox 1662 4682 1820 4743; x_wconf 88' lang='lat' dir='ltr'><strong>potius</strong></span> <span class='ocrx_word' id='word_1_579' title='bbox 1862 4681 2075 4730; x_wconf 84' lang='lat' dir='ltr'><strong>ministe-</strong></span> 
     </span>
    </p>
   </div>
   <div class='ocr_carea' id='block_1_82' title="bbox 548 4745 1191 4811">
    <p class='ocr_par' dir='ltr' id='par_1_82' title="bbox 548 4745 1191 4811">
     <span class='ocr_line' id='line_1_82' title="bbox 548 4745 1191 4811; baseline -0.008 -13"><span class='ocrx_word' id='word_1_580' title='bbox 548 4745 672 4798; x_wconf 86' lang='lat' dir='ltr'><strong>rium</strong></span> <span class='ocrx_word' id='word_1_581' title='bbox 697 4745 885 4811; x_wconf 65' lang='lat' dir='ltr'><strong>eligere</strong></span> <span class='ocrx_word' id='word_1_582' title='bbox 906 4745 1191 4811; x_wconf 71' lang='lat' dir='ltr'><strong>oportuerit.</strong></span> 
     </span>
    </p>
   </div>
   <div class='ocr_carea' id='block_1_83' title="bbox 490 4802 2075 4879">
    <p class='ocr_par' dir='ltr' id='par_1_83' title="bbox 490 4802 2075 4879">
     <span class='ocr_line' id='line_1_83' title="bbox 490 4802 2075 4879; baseline -0.004 -18"><span class='ocrx_word' id='word_1_583' title='bbox 490 4818 563 4861; x_wconf 88' lang='lat' dir='ltr'><strong>tv.</strong></span> <span class='ocrx_word' id='word_1_584' title='bbox 595 4802 1050 4879; x_wconf 63' lang='lat' dir='ltr'><strong>&#39;Ireuiphditot_quid</strong></span> <span class='ocrx_word' id='word_1_585' title='bbox 1075 4818 1187 4854; x_wconf 78' lang='lat' dir='ltr'><strong>esse</strong></span> <span class='ocrx_word' id='word_1_586' title='bbox 1207 4804 1547 4862; x_wconf 85' lang='lat' dir='ltr'><strong>sacerdotium,</strong></span> <span class='ocrx_word' id='word_1_587' title='bbox 1577 4815 1854 4867; x_wconf 86' lang='lat' dir='ltr'><strong>novumque</strong></span> <span class='ocrx_word' id='word_1_588' title='bbox 1892 4802 2075 4854; x_wconf 90' lang='lat' dir='ltr'><strong>cultum</strong></span> 
     </span>
    </p>
   </div>
   <div class='ocr_carea' id='block_1_84' title="bbox 551 4868 1291 4922">
    <p class='ocr_par' dir='ltr' id='par_1_84' title="bbox 551 4868 1291 4922">
     <span class='ocr_line' id='line_1_84' title="bbox 551 4868 1291 4922; baseline -0.009 0"><span class='ocrx_word' id='word_1_589' title='bbox 551 4874 706 4922; x_wconf 89' lang='lat' dir='ltr'><strong>veteri</strong></span> <span class='ocrx_word' id='word_1_590' title='bbox 726 4868 1147 4921; x_wconf 87' lang='lat' dir='ltr'><strong>formidabiliorem</strong></span> <span class='ocrx_word' id='word_1_591' title='bbox 1163 4879 1291 4915; x_wconf 88' lang='lat' dir='ltr'><strong>esse.</strong></span> 
     </span>
    </p>
   </div>
   <div class='ocr_carea' id='block_1_85' title="bbox 495 4924 1915 4998">
    <p class='ocr_par' dir='ltr' id='par_1_85' title="bbox 495 4924 1915 4998">
     <span class='ocr_line' id='line_1_85' title="bbox 495 4924 1915 4998; baseline -0.006 -14"><span class='ocrx_word' id='word_1_592' title='bbox 495 4943 545 4984; x_wconf 94' lang='lat' dir='ltr'><strong>v.</strong></span> <span class='ocrx_word' id='word_1_593' title='bbox 578 4941 789 4998; x_wconf 72' lang='lat' dir='ltr'><strong>Magnam</strong></span> <span class='ocrx_word' id='word_1_594' title='bbox 808 4944 926 4998; x_wconf 85' lang='lat' dir='ltr'><strong>esse</strong></span> <span class='ocrx_word' id='word_1_595' title='bbox 949 4928 1207 4979; x_wconf 88' lang='lat' dir='ltr'><strong>sacerdotii</strong></span> <span class='ocrx_word' id='word_1_596' title='bbox 1230 4932 1520 4997; x_wconf 81' lang='lat' dir='ltr'><strong>potestatem</strong></span> <span class='ocrx_word' id='word_1_597' title='bbox 1539 4931 1591 4975; x_wconf 89' lang='lat' dir='ltr'><strong>et</strong></span> <span class='ocrx_word' id='word_1_598' title='bbox 1611 4924 1915 4998; x_wconf 72' lang='lat' dir='ltr'><strong>dignitatem.</strong></span> 
     </span>
    </p>
   </div>
   <div class='ocr_carea' id='block_1_86' title="bbox 491 4985 2075 5046">
    <p class='ocr_par' dir='ltr' id='par_1_86' title="bbox 491 4985 2075 5046">
     <span class='ocr_line' id='line_1_86' title="bbox 491 4985 2075 5046; baseline -0.006 0"><span class='ocrx_word' id='word_1_599' title='bbox 491 5004 564 5046; x_wconf 62' lang='grc' dir='ltr'>γι.</span> <span class='ocrx_word' id='word_1_600' title='bbox 598 4985 851 5044; x_wconf 66' lang='lat' dir='ltr'><strong>ministeria</strong></span> <span class='ocrx_word' id='word_1_601' title='bbox 889 5004 920 5041; x_wconf 93' lang='lat' dir='ltr'><strong>e</strong></span> <span class='ocrx_word' id='word_1_602' title='bbox 959 5001 1164 5039; x_wconf 86' lang='lat' dir='ltr'><strong>numero</strong></span> <span class='ocrx_word' id='word_1_603' title='bbox 1219 4985 1334 5039; x_wconf 77' lang='lat' dir='ltr'><strong>esse</strong></span> <span class='ocrx_word' id='word_1_604' title='bbox 1396 4985 1712 5037; x_wconf 80' lang='lat' dir='ltr'><strong>maximorum</strong></span> <span class='ocrx_word' id='word_1_605' title='bbox 1772 4988 1856 5037; x_wconf 77' lang='lat' dir='ltr'><strong>Dei</strong></span> <span class='ocrx_word' id='word_1_606' title='bbox 1922 4985 2075 5038; x_wconf 88' lang='lat' dir='ltr'><strong>dono-</strong></span> 
     </span>
    </p>
   </div>
   <div class='ocr_carea' id='block_1_87' title="bbox 553 5071 679 5109">
    <p class='ocr_par' dir='ltr' id='par_1_87' title="bbox 553 5071 679 5109">
     <span class='ocr_line' id='line_1_87' title="bbox 553 5071 679 5109; baseline -0.032 0"><span class='ocrx_word' id='word_1_607' title='bbox 553 5071 679 5109; x_wconf 85' lang='lat' dir='ltr'><strong>rum.</strong></span> 
     </span>
    </p>
   </div>
   <div class='ocr_carea' id='block_1_88' title="bbox 492 5109 2079 5182">
    <p class='ocr_par' dir='ltr' id='par_1_88' title="bbox 492 5109 2079 5182">
     <span class='ocr_line' id='line_1_88' title="bbox 492 5109 2079 5182; baseline -0.005 -12"><span class='ocrx_word' id='word_1_608' title='bbox 492 5127 581 5170; x_wconf 77' lang='lat' dir='ltr'><strong>vn.</strong></span> <span class='ocrx_word' id='word_1_609' title='bbox 616 5126 772 5182; x_wconf 78' lang='lat' dir='ltr'><strong>Ipsum</strong></span> <span class='ocrx_word' id='word_1_610' title='bbox 811 5117 958 5168; x_wconf 80' lang='lat' dir='ltr'><strong>etiam</strong></span> <span class='ocrx_word' id='word_1_611' title='bbox 1010 5110 1206 5164; x_wconf 85' lang='lat' dir='ltr'><strong>Paulum</strong></span> <span class='ocrx_word' id='word_1_612' title='bbox 1241 5109 1524 5161; x_wconf 83' lang='lat' dir='ltr'><strong>formidasse</strong></span> <span class='ocrx_word' id='word_1_613' title='bbox 1567 5109 1625 5159; x_wconf 89' lang='lat' dir='ltr'><strong>ad</strong></span> <span class='ocrx_word' id='word_1_614' title='bbox 1679 5117 1930 5174; x_wconf 86' lang='lat' dir='ltr'><strong>aspectum</strong></span> <span class='ocrx_word' id='word_1_615' title='bbox 1958 5114 2079 5163; x_wconf 78' lang='lat' dir='ltr'><strong>tanti</strong></span> 
     </span>
    </p>
   </div>
   <div class='ocr_carea' id='block_1_89' title="bbox 678 5196 860 5226">
    <p class='ocr_par' dir='ltr' id='par_1_89' title="bbox 678 5196 860 5226">
     <span class='ocr_line' id='line_1_89' title="bbox 678 5196 860 5226; baseline 0 0"><span class='ocrx_word' id='word_1_616' title='bbox 678 5196 700 5226; x_wconf 73' lang='lat' dir='ltr'><strong>II</strong></span> <span class='ocrx_word' id='word_1_617' title='bbox 707 5196 860 5226; x_wconf 80' lang='lat' dir='ltr'><strong>natus.</strong></span> 
     </span>
    </p>
   </div>
   <div class='ocr_carea' id='block_1_90' title="bbox 492 5187 2077 5314">
    <p class='ocr_par' dir='ltr' id='par_1_90' title="bbox 492 5187 2077 5314">
     <span class='ocr_line' id='line_1_90' title="bbox 492 5187 2077 5314; baseline -0.006 -21"><span class='ocrx_word' id='word_1_618' title='bbox 492 5252 513 5293; x_wconf 69' lang='grc' dir='ltr'><strong>ι</strong></span> <span class='ocrx_word' id='word_1_619' title='bbox 526 5187 1164 5314; x_wconf 47' lang='grc' dir='ltr'><strong>ιῖἶῗίἓὲἷῖἒιξῗίρωωηρυφ</strong></span> <span class='ocrx_word' id='word_1_620' title='bbox 1186 5233 1537 5314; x_wconf 43' lang='lat' dir='ltr'><strong>induciﬂuij‘n</strong></span> <span class='ocrx_word' id='word_1_621' title='bbox 1552 5232 1764 5282; x_wconf 89' lang='lat' dir='ltr'><strong>medium</strong></span> <span class='ocrx_word' id='word_1_622' title='bbox 1793 5234 2077 5297; x_wconf 83' lang='lat' dir='ltr'><strong>progredia-</strong></span> 
     </span>
    </p>
   </div>
   <div class='ocr_carea' id='block_1_91' title="bbox 551 5295 1655 5368">
    <p class='ocr_par' dir='ltr' id='par_1_91' title="bbox 551 5295 1655 5368">
     <span class='ocr_line' id='line_1_91' title="bbox 551 5295 1655 5368; baseline -0.012 -14"><span class='ocrx_word' id='word_1_623' title='bbox 551 5314 648 5363; x_wconf 86' lang='lat' dir='ltr'><strong>tur,</strong></span> <span class='ocrx_word' id='word_1_624' title='bbox 675 5295 1026 5368; x_wconf 67' lang='lat' dir='ltr'><strong>nisiperquam</strong></span> <span class='ocrx_word' id='word_1_625' title='bbox 1044 5299 1180 5351; x_wconf 82' lang='lat' dir='ltr'><strong>fortis</strong></span> <span class='ocrx_word' id='word_1_626' title='bbox 1200 5297 1345 5368; x_wconf 69' lang='lat' dir='ltr'><strong>animi</strong></span> <span class='ocrx_word' id='word_1_627' title='bbox 1364 5295 1529 5367; x_wconf 78' lang='lat' dir='ltr'><strong>fuerit.</strong></span> <span class='ocrx_word' id='word_1_628' title='bbox 1583 5357 1612 5368; x_wconf 38' lang='grc' dir='ltr'><em>Α</em></span> <span class='ocrx_word' id='word_1_629' title='bbox 1645 5356 1655 5366; x_wconf 43' lang='grc'><strong><em>.</em></strong></span> 
     </span>
    </p>
   </div>
   <div class='ocr_carea' id='block_1_92' title="bbox 491 5359 1680 5428">
    <p class='ocr_par' dir='ltr' id='par_1_92' title="bbox 491 5359 1680 5428">
     <span class='ocr_line' id='line_1_92' title="bbox 491 5359 1680 5428; baseline -0.008 -14"><span class='ocrx_word' id='word_1_630' title='bbox 491 5374 565 5415; x_wconf 70' lang='lat' dir='ltr'><strong>lx.</strong></span> <span class='ocrx_word' id='word_1_631' title='bbox 600 5359 723 5415; x_wconf 74' lang='lat' dir='ltr'><strong>vana</strong></span> <span class='ocrx_word' id='word_1_632' title='bbox 746 5359 1127 5428; x_wconf 64' lang='lat' dir='ltr'><strong>gl&#39;oria&#39;ejusque</strong></span> <span class='ocrx_word' id='word_1_633' title='bbox 1149 5359 1287 5428; x_wconf 79' lang='lat' dir='ltr'><strong>malis</strong></span> <span class='ocrx_word' id='word_1_634' title='bbox 1308 5359 1459 5419; x_wconf 87' lang='lat' dir='ltr'><strong>ipsum</strong></span> <span class='ocrx_word' id='word_1_635' title='bbox 1479 5359 1680 5428; x_wconf 74' lang='lat' dir='ltr'><strong>irrctiri.</strong></span> 
     </span>
    </p>
   </div>
   <div class='ocr_carea' id='block_1_93' title="bbox 492 5417 2069 5489">
    <p class='ocr_par' dir='ltr' id='par_1_93' title="bbox 492 5417 2069 5489">
     <span class='ocr_line' id='line_1_93' title="bbox 492 5417 2069 5489; baseline -0.005 -13"><span class='ocrx_word' id='word_1_636' title='bbox 492 5435 550 5476; x_wconf 74' lang='grc' dir='ltr'><strong>χ.</strong></span> <span class='ocrx_word' id='word_1_637' title='bbox 582 5436 678 5489; x_wconf 64' lang='lat' dir='ltr'><strong>Non</strong></span> <span class='ocrx_word' id='word_1_638' title='bbox 701 5417 855 5489; x_wconf 61' lang='lat' dir='ltr'><strong>ig-s’um</strong></span> <span class='ocrx_word' id='word_1_639' title='bbox 873 5417 1195 5489; x_wconf 67' lang='lat' dir='ltr'><strong>sacerdotium</strong></span> <span class='ocrx_word' id='word_1_640' title='bbox 1230 5417 1403 5470; x_wconf 86' lang='lat' dir='ltr'><strong>borum</strong></span> <span class='ocrx_word' id='word_1_641' title='bbox 1436 5417 1668 5468; x_wconf 90' lang='lat' dir='ltr'><strong>malorum</strong></span> <span class='ocrx_word' id='word_1_642' title='bbox 1703 5429 1893 5467; x_wconf 84' lang='lat' dir='ltr'><strong>causam</strong></span> <span class='ocrx_word' id='word_1_643' title='bbox 1937 5431 2069 5478; x_wconf 86' lang='lat' dir='ltr'><strong>esse,</strong></span> 
     </span>
    </p>
   </div>
   <div class='ocr_carea' id='block_1_94' title="bbox 551 5485 1784 5552">
    <p class='ocr_par' dir='ltr' id='par_1_94' title="bbox 551 5485 1784 5552">
     <span class='ocr_line' id='line_1_94' title="bbox 551 5485 1784 5552; baseline 0.006 -2"><span class='ocrx_word' id='word_1_644' title='bbox 551 5488 640 5537; x_wconf 78' lang='lat' dir='ltr'><strong>sed</strong></span> <span class='ocrx_word' id='word_1_645' title='bbox 661 5485 867 5552; x_wconf 53' lang='lat' dir='ltr'><strong>nostram</strong></span> <span class='ocrx_word' id='word_1_646' title='bbox 889 5485 1143 5552; x_wconf 58' lang='lat' dir='ltr'><strong>istiatiam-</strong></span> <span class='ocrx_word' id='word_1_647' title='bbox 1467 5539 1481 5552; x_wconf 87' lang='lat'><strong>.</strong></span> <span class='ocrx_word' id='word_1_648' title='bbox 1635 5541 1646 5552; x_wconf 92' lang='lat'><strong>.</strong></span> <span class='ocrx_word' id='word_1_649' title='bbox 1774 5541 1784 5552; x_wconf 95' lang='lat'><strong>.</strong></span> 
     </span>
    </p>
   </div>
   <div class='ocr_carea' id='block_1_95' title="bbox 481 5539 2080 5611">
    <p class='ocr_par' dir='ltr' id='par_1_95' title="bbox 481 5539 2080 5611">
     <span class='ocr_line' id='line_1_95' title="bbox 481 5539 2080 5611; baseline -0.003 -14"><span class='ocrx_word' id='word_1_650' title='bbox 481 5546 573 5597; x_wconf 65' lang='lat' dir='ltr'><strong>XI.</strong></span> <span class='ocrx_word' id='word_1_651' title='bbox 611 5550 844 5611; x_wconf 66' lang='lat' dir='ltr'><strong>armatum</strong></span> <span class='ocrx_word' id='word_1_652' title='bbox 888 5539 1181 5611; x_wconf 64' lang='lat' dir='ltr'><strong>p&#39;r&#39;meipatus</strong></span> <span class='ocrx_word' id='word_1_653' title='bbox 1225 5539 1566 5593; x_wconf 87' lang='lat' dir='ltr'><strong>eliminandnm</strong></span> <span class='ocrx_word' id='word_1_654' title='bbox 1605 5541 1667 5590; x_wconf 88' lang='lat' dir='ltr'><strong>ab</strong></span> <span class='ocrx_word' id='word_1_655' title='bbox 1709 5541 1869 5592; x_wconf 88' lang='lat' dir='ltr'><strong>animo</strong></span> <span class='ocrx_word' id='word_1_656' title='bbox 1915 5554 2080 5592; x_wconf 86' lang='lat' dir='ltr'><strong>sacer-</strong></span> 
     </span>
    </p>
   </div>
   <div class='ocr_carea' id='block_1_96' title="bbox 553 5610 704 5658">
    <p class='ocr_par' dir='ltr' id='par_1_96' title="bbox 553 5610 704 5658">
     <span class='ocr_line' id='line_1_96' title="bbox 553 5610 704 5658; baseline -0.04 0"><span class='ocrx_word' id='word_1_657' title='bbox 553 5610 704 5658; x_wconf 84' lang='lat' dir='ltr'><strong>dotis.</strong></span> 
     </span>
    </p>
   </div>
   <div class='ocr_carea' id='block_1_97' title="bbox 481 5663 1833 5733">
    <p class='ocr_par' dir='ltr' id='par_1_97' title="bbox 481 5663 1833 5733">
     <span class='ocr_line' id='line_1_97' title="bbox 481 5663 1833 5733; baseline -0.007 -10"><span class='ocrx_word' id='word_1_658' title='bbox 481 5673 588 5723; x_wconf 77' lang='grc' dir='ltr'>λιι.</span> <span class='ocrx_word' id='word_1_659' title='bbox 623 5670 696 5733; x_wconf 90' lang='lat' dir='ltr'><strong>(a)</strong></span> <span class='ocrx_word' id='word_1_660' title='bbox 723 5669 1129 5732; x_wconf 81' lang='lat' dir='ltr'><strong>Sapientissimum</strong></span> <span class='ocrx_word' id='word_1_661' title='bbox 1142 5672 1374 5729; x_wconf 84' lang='lat' dir='ltr'><strong>Oportere</strong></span> <span class='ocrx_word' id='word_1_662' title='bbox 1389 5677 1500 5715; x_wconf 90' lang='lat' dir='ltr'><strong>esse</strong></span> <span class='ocrx_word' id='word_1_663' title='bbox 1517 5663 1833 5715; x_wconf 89' lang='lat' dir='ltr'><strong>sacerdotem.</strong></span> 
     </span>
    </p>
   </div>
   <div class='ocr_carea' id='block_1_98' title="bbox 558 5787 2082 5855">
    <p class='ocr_par' dir='ltr' id='par_1_98' title="bbox 558 5787 2082 5855">
     <span class='ocr_line' id='line_1_98' title="bbox 558 5787 2082 5855; baseline -0.003 -14"><span class='ocrx_word' id='word_1_664' title='bbox 558 5795 632 5855; x_wconf 79' lang='grc' dir='ltr'>(ιι)</span> <span class='ocrx_word' id='word_1_665' title='bbox 664 5800 772 5841; x_wconf 69' lang='lat' dir='ltr'><strong>tunc</strong></span> <span class='ocrx_word' id='word_1_666' title='bbox 792 5805 821 5855; x_wconf 59' lang='grc' dir='ltr'>μ</span> <span class='ocrx_word' id='word_1_667' title='bbox 837 5802 1041 5855; x_wconf 70' lang='lat' dir='ltr'><strong>numero</strong></span> <span class='ocrx_word' id='word_1_668' title='bbox 1059 5795 1129 5837; x_wconf 76' lang='lat' dir='ltr'><strong>XII</strong></span> <span class='ocrx_word' id='word_1_669' title='bbox 1143 5800 1247 5855; x_wconf 71' lang='lat' dir='ltr'><strong>non</strong></span> <span class='ocrx_word' id='word_1_670' title='bbox 1264 5795 1455 5838; x_wconf 83' lang='lat' dir='ltr'><strong>exstant</strong></span> <span class='ocrx_word' id='word_1_671' title='bbox 1474 5789 1521 5837; x_wconf 90' lang='lat' dir='ltr'><strong>in</strong></span> <span class='ocrx_word' id='word_1_672' title='bbox 1538 5787 1729 5849; x_wconf 68' lang='lat' dir='ltr'><strong>Grteeis,</strong></span> <span class='ocrx_word' id='word_1_673' title='bbox 1751 5788 1838 5839; x_wconf 75' lang='lat' dir='ltr'><strong>sed</strong></span> <span class='ocrx_word' id='word_1_674' title='bbox 1872 5801 1899 5839; x_wconf 88' lang='lat' dir='ltr'><strong>a</strong></span> <span class='ocrx_word' id='word_1_675' title='bbox 1937 5788 2082 5851; x_wconf 79' lang='lat' dir='ltr'><strong>priori</strong></span> 
     </span>
    </p>
   </div>
   <div class='ocr_carea' id='block_1_99' title="bbox 498 5850 1349 5920">
    <p class='ocr_par' dir='ltr' id='par_1_99' title="bbox 498 5850 1349 5920">
     <span class='ocr_line' id='line_1_99' title="bbox 498 5850 1349 5920; baseline -0.007 -15"><span class='ocrx_word' id='word_1_676' title='bbox 498 5850 768 5920; x_wconf 74' lang='lat' dir='ltr'><strong>Interprete</strong></span> <span class='ocrx_word' id='word_1_677' title='bbox 792 5853 915 5903; x_wconf 79' lang='lat' dir='ltr'><strong>lecta</strong></span> <span class='ocrx_word' id='word_1_678' title='bbox 936 5852 1085 5902; x_wconf 76' lang='lat' dir='ltr'><strong>fuisse</strong></span> <span class='ocrx_word' id='word_1_679' title='bbox 1109 5850 1349 5901; x_wconf 79' lang='lat' dir='ltr'><strong>videntur.</strong></span> 
     </span>
    </p>
   </div>
   <div class='ocr_carea' id='block_1_100' title="bbox 2174 4372 3770 4436">
    <p class='ocr_par' dir='ltr' id='par_1_100' title="bbox 2174 4372 3770 4436">
     <span class='ocr_line' id='line_1_100' title="bbox 2174 4372 3770 4436; baseline -0.004 -9"><span class='ocrx_word' id='word_1_680' title='bbox 2174 4382 2284 4427; x_wconf 87' lang='lat' dir='ltr'><strong>xm.</strong></span> <span class='ocrx_word' id='word_1_681' title='bbox 2318 4385 2499 4429; x_wconf 74' lang='lat' dir='ltr'><strong>Prmter</strong></span> <span class='ocrx_word' id='word_1_682' title='bbox 2520 4379 2775 4428; x_wconf 85' lang='lat' dir='ltr'><strong>maximam</strong></span> <span class='ocrx_word' id='word_1_683' title='bbox 2791 4376 3129 4426; x_wconf 87' lang='lat' dir='ltr'><strong>abstinentiam</strong></span> <span class='ocrx_word' id='word_1_684' title='bbox 3170 4374 3263 4424; x_wconf 89' lang='lat' dir='ltr'><strong>alia</strong></span> <span class='ocrx_word' id='word_1_685' title='bbox 3281 4386 3480 4436; x_wconf 86' lang='lat' dir='ltr'><strong>quoque</strong></span> <span class='ocrx_word' id='word_1_686' title='bbox 3513 4372 3561 4421; x_wconf 88' lang='lat' dir='ltr'><strong>iu</strong></span> <span class='ocrx_word' id='word_1_687' title='bbox 3601 4372 3770 4420; x_wconf 85' lang='lat' dir='ltr'><strong>animo</strong></span> 
     </span>
    </p>
   </div>
   <div class='ocr_carea' id='block_1_101' title="bbox 2236 4441 2716 4504">
    <p class='ocr_par' dir='ltr' id='par_1_101' title="bbox 2236 4441 2716 4504">
     <span class='ocr_line' id='line_1_101' title="bbox 2236 4441 2716 4504; baseline 0 -15"><span class='ocrx_word' id='word_1_688' title='bbox 2236 4441 2500 4504; x_wconf 83' lang='lat' dir='ltr'><strong>sacerdotis</strong></span> <span class='ocrx_word' id='word_1_689' title='bbox 2514 4441 2716 4504; x_wconf 88' lang='lat' dir='ltr'><strong>requiri.</strong></span> 
     </span>
    </p>
   </div>
   <div class='ocr_carea' id='block_1_102' title="bbox 2178 4495 3770 4564">
    <p class='ocr_par' dir='ltr' id='par_1_102' title="bbox 2178 4495 3770 4564">
     <span class='ocr_line' id='line_1_102' title="bbox 2178 4495 3770 4564; baseline -0.006 -13"><span class='ocrx_word' id='word_1_690' title='bbox 2178 4508 2288 4564; x_wconf 76' lang='lat' dir='ltr'><strong>xiv.</strong></span> <span class='ocrx_word' id='word_1_691' title='bbox 2323 4503 2440 4552; x_wconf 65' lang='lat' dir='ltr'><strong>Nihil</strong></span> <span class='ocrx_word' id='word_1_692' title='bbox 2466 4511 2560 4553; x_wconf 92' lang='lat' dir='ltr'><strong>tam</strong></span> <span class='ocrx_word' id='word_1_693' title='bbox 2584 4495 2841 4564; x_wconf 74' lang='lat' dir='ltr'><strong>puritatem</strong></span> <span class='ocrx_word' id='word_1_694' title='bbox 2866 4507 2917 4550; x_wconf 90' lang='lat' dir='ltr'><strong>et</strong></span> <span class='ocrx_word' id='word_1_695' title='bbox 2935 4498 3090 4550; x_wconf 88' lang='lat' dir='ltr'><strong>aciem</strong></span> <span class='ocrx_word' id='word_1_696' title='bbox 3105 4498 3284 4548; x_wconf 90' lang='lat' dir='ltr'><strong>mentis</strong></span> <span class='ocrx_word' id='word_1_697' title='bbox 3296 4495 3588 4553; x_wconf 86' lang='lat' dir='ltr'><strong>obtundere,</strong></span> <span class='ocrx_word' id='word_1_698' title='bbox 3624 4505 3770 4556; x_wconf 85' lang='lat' dir='ltr'><strong>quant</strong></span> 
     </span>
    </p>
   </div>
   <div class='ocr_carea' id='block_1_103' title="bbox 2238 4562 2877 4615">
    <p class='ocr_par' dir='ltr' id='par_1_103' title="bbox 2238 4562 2877 4615">
     <span class='ocr_line' id='line_1_103' title="bbox 2238 4562 2877 4615; baseline -0.002 -4"><span class='ocrx_word' id='word_1_699' title='bbox 2238 4562 2527 4615; x_wconf 86' lang='lat' dir='ltr'><strong>iracundiam</strong></span> <span class='ocrx_word' id='word_1_700' title='bbox 2548 4562 2877 4613; x_wconf 81' lang='lat' dir='ltr'><strong>inordinatam.</strong></span> 
     </span>
    </p>
   </div>
   <div class='ocr_carea' id='block_1_104' title="bbox 2180 4618 3759 4698">
    <p class='ocr_par' dir='ltr' id='par_1_104' title="bbox 2180 4618 3759 4698">
     <span class='ocr_line' id='line_1_104' title="bbox 2180 4618 3759 4698; baseline -0.006 -24"><span class='ocrx_word' id='word_1_701' title='bbox 2180 4632 2273 4674; x_wconf 82' lang='lat' dir='ltr'><strong>xv.</strong></span> <span class='ocrx_word' id='word_1_702' title='bbox 2307 4624 2452 4698; x_wconf 72' lang='lat' dir='ltr'><strong>Aliam</strong></span> <span class='ocrx_word' id='word_1_703' title='bbox 2474 4627 2693 4689; x_wconf 87' lang='lat' dir='ltr'><strong>speciem</strong></span> <span class='ocrx_word' id='word_1_704' title='bbox 2715 4624 2813 4675; x_wconf 87' lang='lat' dir='ltr'><strong>litis</strong></span> <span class='ocrx_word' id='word_1_705' title='bbox 2835 4623 3027 4687; x_wconf 89' lang='lat' dir='ltr'><strong>plenam</strong></span> <span class='ocrx_word' id='word_1_706' title='bbox 3051 4619 3373 4684; x_wconf 84' lang='lat' dir='ltr'><strong>periculorum</strong></span> <span class='ocrx_word' id='word_1_707' title='bbox 3395 4618 3759 4680; x_wconf 56' lang='lat' dir='ltr'><strong>Chrjsostontus</strong></span> 
     </span>
    </p>
   </div>
   <div class='ocr_carea' id='block_1_105' title="bbox 2181 4689 3773 4821">
    <p class='ocr_par' dir='ltr' id='par_1_105' title="bbox 2181 4689 3773 4821">
     <span class='ocr_line' id='line_1_105' title="bbox 2181 4689 3773 4821; baseline -0.007 -22"><span class='ocrx_word' id='word_1_708' title='bbox 2181 4689 2557 4821; x_wconf 46' lang='grc' dir='ltr'><strong>Χιῗιῖρῗιὲἱξὶᾳω</strong></span> <span class='ocrx_word' id='word_1_709' title='bbox 2595 4760 2709 4821; x_wconf 79' lang='lat' dir='ltr'><strong>esse</strong></span> <span class='ocrx_word' id='word_1_710' title='bbox 2744 4753 2966 4810; x_wconf 89' lang='lat' dir='ltr'><strong>oporteat</strong></span> <span class='ocrx_word' id='word_1_711' title='bbox 2984 4756 3113 4806; x_wconf 89' lang='lat' dir='ltr'><strong>eum,</strong></span> <span class='ocrx_word' id='word_1_712' title='bbox 3127 4744 3211 4808; x_wconf 89' lang='lat' dir='ltr'><strong>qui</strong></span> <span class='ocrx_word' id='word_1_713' title='bbox 3238 4743 3381 4793; x_wconf 84' lang='lat' dir='ltr'><strong>tantis</strong></span> <span class='ocrx_word' id='word_1_714' title='bbox 3402 4738 3773 4803; x_wconf 83' lang='lat' dir='ltr'><strong>tempestatibus</strong></span> 
     </span>
    </p>
   </div>
   <div class='ocr_carea' id='block_1_106' title="bbox 2183 4811 3531 4933">
    <p class='ocr_par' dir='ltr' id='par_1_106' title="bbox 2183 4811 3531 4933">
     <span class='ocr_line' id='line_1_106' title="bbox 2244 4811 3403 4875; baseline -0.008 -15"><span class='ocrx_word' id='word_1_715' title='bbox 2244 4811 2559 4873; x_wconf 91' lang='lat' dir='ltr'><strong>opponendus</strong></span> <span class='ocrx_word' id='word_1_716' title='bbox 2579 4811 2658 4858; x_wconf 91' lang='lat' dir='ltr'><strong>sit.</strong></span> <span class='ocrx_word' id='word_1_717' title='bbox 3393 4864 3403 4875; x_wconf 83' lang='lat'>_</span> 
     </span>
     <span class='ocr_line' id='line_1_107' title="bbox 2183 4866 3531 4933; baseline -0.01 -9"><span class='ocrx_word' id='word_1_718' title='bbox 2183 4879 2310 4924; x_wconf 82' lang='lat' dir='ltr'><strong>xvu.</strong></span> <span class='ocrx_word' id='word_1_719' title='bbox 2344 4880 2557 4933; x_wconf 88' lang='lat' dir='ltr'><strong>Quantus</strong></span> <span class='ocrx_word' id='word_1_720' title='bbox 2573 4872 2638 4922; x_wconf 82' lang='lat' dir='ltr'><strong>sit</strong></span> <span class='ocrx_word' id='word_1_721' title='bbox 2658 4871 2709 4921; x_wconf 87' lang='lat' dir='ltr'><strong>in</strong></span> <span class='ocrx_word' id='word_1_722' title='bbox 2729 4868 3086 4933; x_wconf 81' lang='lat' dir='ltr'><strong>gubernatione</strong></span> <span class='ocrx_word' id='word_1_723' title='bbox 3107 4866 3347 4930; x_wconf 81' lang='lat' dir='ltr'><strong>virginum</strong></span> <span class='ocrx_word' id='word_1_724' title='bbox 3372 4871 3531 4914; x_wconf 86' lang='lat' dir='ltr'><strong>umor.</strong></span> 
     </span>
    </p>
   </div>
   <div class='ocr_carea' id='block_1_107' title="bbox 2257 5083 3763 5162">
    <p class='ocr_par' dir='ltr' id='par_1_107' title="bbox 2257 5083 3763 5162">
     <span class='ocr_line' id='line_1_108' title="bbox 2257 5083 3763 5162; baseline -0.015 -10"><span class='ocrx_word' id='word_1_725' title='bbox 2257 5097 2311 5152; x_wconf 78' lang='lat' dir='ltr'><strong>l.</strong></span> <span class='ocrx_word' id='word_1_726' title='bbox 2345 5094 2444 5161; x_wconf 73' lang='lat' dir='ltr'><strong>Qui</strong></span> <span class='ocrx_word' id='word_1_727' title='bbox 2470 5091 2710 5162; x_wconf 74' lang='lat' dir='ltr'><strong>suspicati</strong></span> <span class='ocrx_word' id='word_1_728' title='bbox 2745 5098 2864 5145; x_wconf 83' lang='lat' dir='ltr'><strong>sunt</strong></span> <span class='ocrx_word' id='word_1_729' title='bbox 2906 5104 2997 5142; x_wconf 86' lang='lat' dir='ltr'><strong>nos</strong></span> <span class='ocrx_word' id='word_1_730' title='bbox 3035 5103 3123 5159; x_wconf 86' lang='lat' dir='ltr'><strong>per</strong></span> <span class='ocrx_word' id='word_1_731' title='bbox 3156 5083 3445 5157; x_wconf 81' lang='lat' dir='ltr'><strong>superbiant</strong></span> <span class='ocrx_word' id='word_1_732' title='bbox 3485 5097 3763 5144; x_wconf 71' lang='lat' dir='ltr'><strong>recusasse,</strong></span> 
     </span>
    </p>
   </div>
   <div class='ocr_carea' id='block_1_108' title="bbox 2184 5174 3764 5244">
    <p class='ocr_par' dir='ltr' id='par_1_108' title="bbox 2184 5174 3764 5244">
     <span class='ocr_line' id='line_1_109' title="bbox 2184 5174 3764 5244; baseline -0.012 -3"><span class='ocrx_word' id='word_1_733' title='bbox 2184 5203 2331 5244; x_wconf 84' lang='lat' dir='ltr'><strong>suam</strong></span> <span class='ocrx_word' id='word_1_734' title='bbox 2377 5182 2793 5240; x_wconf 78' lang='lat' dir='ltr'><strong>existimationem</strong></span> <span class='ocrx_word' id='word_1_735' title='bbox 2842 5180 3047 5235; x_wconf 69' lang='lat' dir='ltr'><strong>(iusisse.</strong></span> <span class='ocrx_word' id='word_1_736' title='bbox 3087 5206 3158 5218; x_wconf 88' lang='lat'><strong>——</strong></span> <span class='ocrx_word' id='word_1_737' title='bbox 3198 5174 3353 5244; x_wconf 84' lang='lat' dir='ltr'><strong>Quod</strong></span> <span class='ocrx_word' id='word_1_738' title='bbox 3399 5182 3605 5243; x_wconf 77' lang='lat' dir='ltr'><strong>spectat</strong></span> <span class='ocrx_word' id='word_1_739' title='bbox 3646 5186 3764 5225; x_wconf 89' lang='lat' dir='ltr'><strong>eam</strong></span> 
     </span>
    </p>
   </div>
   <div class='ocr_carea' id='block_1_109' title="bbox 2187 5263 3761 5335">
    <p class='ocr_par' dir='ltr' id='par_1_109' title="bbox 2187 5263 3761 5335">
     <span class='ocr_line' id='line_1_110' title="bbox 2187 5263 3761 5335; baseline -0.013 0"><span class='ocrx_word' id='word_1_740' title='bbox 2187 5276 2562 5335; x_wconf 87' lang='lat' dir='ltr'><strong>contumeliam</strong></span> <span class='ocrx_word' id='word_1_741' title='bbox 2592 5289 2688 5329; x_wconf 87' lang='lat' dir='ltr'><strong>nos</strong></span> <span class='ocrx_word' id='word_1_742' title='bbox 2712 5269 3096 5326; x_wconf 87' lang='lat' dir='ltr'><strong>honorantibus</strong></span> <span class='ocrx_word' id='word_1_743' title='bbox 3125 5268 3322 5321; x_wconf 86' lang='lat' dir='ltr'><strong>illatam</strong></span> <span class='ocrx_word' id='word_1_744' title='bbox 3343 5306 3357 5330; x_wconf 96' lang='lat'><strong>,</strong></span> <span class='ocrx_word' id='word_1_745' title='bbox 3382 5263 3628 5335; x_wconf 82' lang='lat' dir='ltr'><strong>quodque</strong></span> <span class='ocrx_word' id='word_1_746' title='bbox 3656 5278 3761 5315; x_wconf 80' lang='lat' dir='ltr'><strong>non</strong></span> 
     </span>
    </p>
   </div>
   <div class='ocr_carea' id='block_1_110' title="bbox 2188 5353 3766 5428">
    <p class='ocr_par' dir='ltr' id='par_1_110' title="bbox 2188 5353 3766 5428">
     <span class='ocr_line' id='line_1_111' title="bbox 2188 5353 3766 5428; baseline -0.016 0"><span class='ocrx_word' id='word_1_747' title='bbox 2188 5387 2283 5428; x_wconf 84' lang='lat' dir='ltr'><strong>eos</strong></span> <span class='ocrx_word' id='word_1_748' title='bbox 2309 5365 2693 5427; x_wconf 89' lang='lat' dir='ltr'><strong>dehonestandi</strong></span> <span class='ocrx_word' id='word_1_749' title='bbox 2732 5364 2912 5419; x_wconf 92' lang='lat' dir='ltr'><strong>animo</strong></span> <span class='ocrx_word' id='word_1_750' title='bbox 2957 5360 3142 5415; x_wconf 91' lang='lat' dir='ltr'><strong>honori</strong></span> <span class='ocrx_word' id='word_1_751' title='bbox 3189 5373 3285 5413; x_wconf 85' lang='lat' dir='ltr'><strong>nos</strong></span> <span class='ocrx_word' id='word_1_752' title='bbox 3336 5353 3766 5415; x_wconf 76' lang='lat' dir='ltr'><strong>snbdnxcrimus,</strong></span> 
     </span>
    </p>
   </div>
   <div class='ocr_carea' id='block_1_111' title="bbox 2188 5444 3763 5533">
    <p class='ocr_par' dir='ltr' id='par_1_111' title="bbox 2188 5444 3763 5533">
     <span class='ocr_line' id='line_1_112' title="bbox 2188 5444 3763 5533; baseline -0.015 -15"><span class='ocrx_word' id='word_1_753' title='bbox 2188 5479 2252 5519; x_wconf 71' lang='lat' dir='ltr'><strong>ex</strong></span> <span class='ocrx_word' id='word_1_754' title='bbox 2272 5462 2381 5533; x_wconf 90' lang='lat' dir='ltr'><strong>jam</strong></span> <span class='ocrx_word' id='word_1_755' title='bbox 2402 5458 2559 5515; x_wconf 91' lang='lat' dir='ltr'><strong>dictis</strong></span> <span class='ocrx_word' id='word_1_756' title='bbox 2582 5464 2664 5511; x_wconf 90' lang='lat' dir='ltr'><strong>sat</strong></span> <span class='ocrx_word' id='word_1_757' title='bbox 2686 5452 3017 5524; x_wconf 85' lang='lat' dir='ltr'><strong>comprobari</strong></span> <span class='ocrx_word' id='word_1_758' title='bbox 3044 5459 3223 5521; x_wconf 91' lang='lat' dir='ltr'><strong>posset</strong></span> <span class='ocrx_word' id='word_1_759' title='bbox 3249 5466 3264 5504; x_wconf 88' lang='lat'><strong>:</strong></span> <span class='ocrx_word' id='word_1_760' title='bbox 3296 5447 3436 5519; x_wconf 89' lang='lat' dir='ltr'><strong>quod</strong></span> <span class='ocrx_word' id='word_1_761' title='bbox 3467 5462 3595 5500; x_wconf 91' lang='lat' dir='ltr'><strong>vero</strong></span> <span class='ocrx_word' id='word_1_762' title='bbox 3621 5444 3763 5497; x_wconf 73' lang='lat' dir='ltr'><strong>nulla</strong></span> 
     </span>
    </p>
   </div>
   <div class='ocr_carea' id='block_1_112' title="bbox 2191 5536 3767 5623">
    <p class='ocr_par' dir='ltr' id='par_1_112' title="bbox 2191 5536 3767 5623">
     <span class='ocr_line' id='line_1_113' title="bbox 2191 5536 3767 5623; baseline -0.015 -12"><span class='ocrx_word' id='word_1_763' title='bbox 2191 5556 2356 5611; x_wconf 88' lang='lat' dir='ltr'><strong>inflati</strong></span> <span class='ocrx_word' id='word_1_764' title='bbox 2381 5551 2627 5623; x_wconf 88' lang='lat' dir='ltr'><strong>superbia</strong></span> <span class='ocrx_word' id='word_1_765' title='bbox 2671 5549 2723 5604; x_wconf 92' lang='lat' dir='ltr'><strong>id</strong></span> <span class='ocrx_word' id='word_1_766' title='bbox 2763 5546 3063 5618; x_wconf 83' lang='lat' dir='ltr'><strong>egerimus,</strong></span> <span class='ocrx_word' id='word_1_767' title='bbox 3108 5544 3214 5613; x_wconf 88' lang='lat' dir='ltr'><strong>jam</strong></span> <span class='ocrx_word' id='word_1_768' title='bbox 3251 5556 3348 5612; x_wconf 89' lang='lat' dir='ltr'><strong>pro</strong></span> <span class='ocrx_word' id='word_1_769' title='bbox 3372 5540 3573 5594; x_wconf 87' lang='lat' dir='ltr'><strong>viribus</strong></span> <span class='ocrx_word' id='word_1_770' title='bbox 3598 5536 3767 5606; x_wconf 87' lang='lat' dir='ltr'><strong>palam</strong></span> 
     </span>
    </p>
   </div>
   <div class='ocr_carea' id='block_1_113' title="bbox 2193 5628 3766 5706">
    <p class='ocr_par' dir='ltr' id='par_1_113' title="bbox 2193 5628 3766 5706">
     <span class='ocr_line' id='line_1_114' title="bbox 2193 5628 3766 5706; baseline -0.015 0"><span class='ocrx_word' id='word_1_771' title='bbox 2193 5650 2366 5706; x_wconf 87' lang='lat' dir='ltr'><strong>facere</strong></span> <span class='ocrx_word' id='word_1_772' title='bbox 2398 5646 2650 5704; x_wconf 86' lang='lat' dir='ltr'><strong>conabor.</strong></span> <span class='ocrx_word' id='word_1_773' title='bbox 2702 5641 2832 5697; x_wconf 83' lang='lat' dir='ltr'><strong>Nam</strong></span> <span class='ocrx_word' id='word_1_774' title='bbox 2875 5640 2920 5694; x_wconf 89' lang='lat' dir='ltr'><strong>si</strong></span> <span class='ocrx_word' id='word_1_775' title='bbox 2966 5638 3050 5693; x_wconf 89' lang='lat' dir='ltr'><strong>vel</strong></span> <span class='ocrx_word' id='word_1_776' title='bbox 3089 5635 3330 5692; x_wconf 89' lang='lat' dir='ltr'><strong>militaris</strong></span> <span class='ocrx_word' id='word_1_777' title='bbox 3376 5632 3655 5703; x_wconf 84' lang='lat' dir='ltr'><strong>legationis</strong></span> <span class='ocrx_word' id='word_1_778' title='bbox 3684 5628 3766 5682; x_wconf 88' lang='lat' dir='ltr'><strong>vel</strong></span> 
     </span>
    </p>
   </div>
   <div class='ocr_carea' id='block_1_114' title="bbox 2194 5721 3762 5812">
    <p class='ocr_par' dir='ltr' id='par_1_114' title="bbox 2194 5721 3762 5812">
     <span class='ocr_line' id='line_1_115' title="bbox 2194 5721 3762 5812; baseline -0.015 -15"><span class='ocrx_word' id='word_1_779' title='bbox 2194 5740 2400 5812; x_wconf 90' lang='lat' dir='ltr'><strong>imperii</strong></span> <span class='ocrx_word' id='word_1_780' title='bbox 2427 5737 2582 5794; x_wconf 91' lang='lat' dir='ltr'><strong>nobis</strong></span> <span class='ocrx_word' id='word_1_781' title='bbox 2622 5734 2768 5805; x_wconf 81' lang='lat' dir='ltr'><strong>Optio</strong></span> <span class='ocrx_word' id='word_1_782' title='bbox 2815 5738 3201 5803; x_wconf 89' lang='lat' dir='ltr'><strong>proponeretur</strong></span> <span class='ocrx_word' id='word_1_783' title='bbox 3228 5768 3244 5793; x_wconf 94' lang='lat'><strong>,</strong></span> <span class='ocrx_word' id='word_1_784' title='bbox 3290 5727 3445 5795; x_wconf 79' lang='lat' dir='ltr'><strong>eique</strong></span> <span class='ocrx_word' id='word_1_785' title='bbox 3489 5721 3762 5793; x_wconf 71' lang='grc' dir='ltr'><strong>ριόμθδίιο</strong></span> 
     </span>
    </p>
   </div>
   <div class='ocr_carea' id='block_1_115' title="bbox 2194 5813 3766 5900">
    <p class='ocr_par' dir='ltr' id='par_1_115' title="bbox 2194 5813 3766 5900">
     <span class='ocr_line' id='line_1_116' title="bbox 2194 5813 3766 5900; baseline -0.016 -10"><span class='ocrx_word' id='word_1_786' title='bbox 2194 5834 2493 5891; x_wconf 82' lang='lat' dir='ltr'><strong>insisterem</strong></span> <span class='ocrx_word' id='word_1_787' title='bbox 2515 5868 2532 5900; x_wconf 91' lang='lat'><strong>,</strong></span> <span class='ocrx_word' id='word_1_788' title='bbox 2556 5826 2673 5899; x_wconf 86' lang='lat' dir='ltr'><strong>jure</strong></span> <span class='ocrx_word' id='word_1_789' title='bbox 2706 5833 2888 5897; x_wconf 84' lang='lat' dir='ltr'><strong>posset</strong></span> <span class='ocrx_word' id='word_1_790' title='bbox 2910 5822 3169 5893; x_wconf 89' lang='lat' dir='ltr'><strong>quispiam</strong></span> <span class='ocrx_word' id='word_1_791' title='bbox 3201 5818 3251 5873; x_wconf 89' lang='lat' dir='ltr'><strong>id</strong></span> <span class='ocrx_word' id='word_1_792' title='bbox 3281 5818 3345 5874; x_wconf 87' lang='lat' dir='ltr'><strong>de</strong></span> <span class='ocrx_word' id='word_1_793' title='bbox 3372 5833 3458 5871; x_wconf 88' lang='lat' dir='ltr'><strong>me</strong></span> <span class='ocrx_word' id='word_1_794' title='bbox 3479 5813 3766 5884; x_wconf 78' lang='lat' dir='ltr'><strong>suSpicari;</strong></span> 
     </span>
    </p>
   </div>
  </div>
