4050 6160
436 263 535 318 (ΕΗ

439 380 827 454 προκειμένης,
865 381 899 454 ἦ
938 378 1190 435 τοσοῦτον
1245 379 1504 451 ἀνωτέρω
1540 378 1817 450 βασιλείας
1848 379 2105 448 ἕστηκεν,

434 471 561 524 ὅσον
584 470 893 541 πνεύματος
916 470 1009 524 καὶ
1038 469 1238 540 σαρκὸς
1258 468 1319 523 τὸ
1348 468 1531 540 μέσον,
1556 468 1817 540 τολμήσει
1846 486 1931 531 τις
1958 470 2109 540 ἡμᾶς

433 558 740 630 ὑπεροψίας
765 557 1104 630 γράφεσθαι;
1158 558 1267 611 Καὶ
1310 556 1426 619 πῶς
1459 557 1561 609 οὑκ
1607 557 1806 611 ἄτοπον
1847 557 1975 620 τοὺς
2008 556 2108 628 μὲν

431 644 506 700 τά
538 646 710 718 μικρά
742 644 1096 708 διαπτύοντας
1118 643 1192 708 ὡς
1212 644 1624 714 παραπαίοντας
1653 643 1951 707 αἰτιᾶσθαι,
1983 647 2109 708 τοὺς

434 732 497 787 δὲ
524 734 618 787 ἐπὶ
647 733 751 787 τῶν
776 733 915 801 ἄγαν
946 731 1318 803 ὑπερεχόντων
1351 731 1508 783 τοῦτο
1552 730 1838 795 ποιοῦντας
1868 731 1976 784 τῶν
2010 731 2108 802 μὲν

433 823 540 893 τῆς
595 821 977 893 παραπληξίας
1028 818 1387 890 ἐγκλημάτων
1448 819 1706 889 ἐξαιρεῖν,
1756 823 1877 884 ταῖς
1917 819 1975 873 δέ
2006 819 2108 889 τῆς

438 908 815 979 ὑπερηφανίας
845 906 1167 961 ὑποϐάλλειν
1217 905 1449 971 αίτίαις;
1474 904 1686 976 Ὠσπερ
1731 904 1799 959 ἂν
1832 907 1885 959 εί
1908 923 1991 970 τις
2016 905 2107 959 τὸν

436 996 639 1065 ἀγέλης
673 995 809 1067 βοῶν
856 993 1324 1067 καταφρονοῦντα,
1359 994 1451 1047 καὶ
1493 993 1567 1065 μὴ
1608 993 1928 1065 βουλόμενον
1967 990 2108 1048 εἶναι

441 1082 716 1153 βουκόλον,
752 1086 832 1147 εἰς
857 1082 1233 1154 ὑπερηφανίαν
1261 1081 1360 1152 μὲν
1387 1082 1661 1152 οὐδαμῶς,
1698 1084 1777 1145 εἰς
1809 1083 1866 1135 δέ
1896 1083 2109 1154 φρενῶν

434 1169 697 1224 ἔκστασιν
736 1169 1207 1241 αἰτιώμενος,“τδν
1239 1170 1453 1242 ἀπάσης
1498 1170 1596 1240 τῆς
1649 1170 1975 1241 οἰκουμένης
2008 1170 2109 1243 τὴν

434 1259 716 1330 βασιλείαν
757 1259 852 1312 καὶ
878 1259 939 1312 τὸ
957 1257 1207 1328 γενέσθαι
1234 1257 1423 1329 κύριον
1453 1259 1561 1311 τῶν
1591 1258 1905 1328 ἁπανταχοῦ
1938 1274 2107 1329 στραα

434 1348 677 1401 τοπέδων
712 1348 786 1420 μὴ
808 1347 1091 1418 δεχόμενον
1124 1358 1149 1386 ι
1176 1346 1297 1399 ἀντὶ
1330 1345 1422 1400 τοῦ
1450 1345 1733 1416 μαίνεσθαι
1757 1343 2106 1415 τετυφῶσθαι

438 1433 592 1505 φαίη.
642 1434 779 1488 Ἀλλ’
814 1435 914 1488 οὑκ
946 1433 1061 1487 ἐστι
1082 1433 1276 1498 ταῦτα,
1305 1433 1406 1487 οὐκ
1449 1432 1615 1494 ἔστιν,
1646 1430 1766 1488 οὑδέ
1789 1435 1936 1506 ἡμᾶς
1967 1433 2106 1505 μᾶλ-

424 1520 528 1595 ¹λον
561 1522 593 1593 ἢ
626 1523 850 1587 ἑαυτοὺς
879 1524 926 1576 οἱ
965 1523 1137 1576 ταῦτα
1178 1522 1429 1591 λέγοντες
1476 1521 1842 1578 διαϐάλλουσι.
1890 1520 1963 1576 Τὸ
2001 1522 2109 1596 γὰρ

438 1609 689 1678 ἐννοῆσαι
721 1609 901 1680 μόνον,
928 1610 1010 1663 ὅτι
1038 1609 1262 1663 δυνατὸν
1287 1608 1606 1682 ἀνθρωπεία
1638 1610 1929 1681 φύσει·τῆς
1952 1611 2111 1678 ἀξίας⁵

431 1695 845 1768 ὑπερφρονῆσαι
876 1697 1111 1769 ἐκείνης,
1135 1697 1331 1769 δεῖγμα
1364 1699 1485 1751 κατ’
1508 1697 1689 1753 αὐτῶν
1718 1698 1825 1753 τῶν
1846 1699 2110 1771 ἐκφερόν-

436 1800 545 1836 των
573 1784 719 1837 ἐστὶν
744 1778 811 1856 ἦς
843 1783 1024 1854 έχουσι
1060 1785 1188 1856 περὶ
1221 1784 1313 1838 τοῦ
1337 1785 1664 1855 πράγματος
1694 1784 1872 1858 δόξης.
1908 1786 1971 1841 Εἰ
2001 1786 2110 1858 γάρ

436 1871 516 1945 μὴ
538 1871 647 1925 τῶν
680 1872 950 1943 τυχόντων
980 1872 1132 1936 αὑτὸ,
1160 1873 1255 1926 καὶ
1279 1867 1354 1926 ὧν
1392 1874 1452 1925 οὑ
1479 1873 1647 1937 πολὺς
1670 1876 1699 1927 ό
1724 1874 1901 1943 λόγος,
1928 1875 2111 1946 ἐνόμι-

436 1957 529 2023 ζον
553 1955 713 2024 εἶναι,
745 1960 854 2013 οὐδ’
877 1959 943 2014 ἂν
976 1959 1315 2015 ὑποπτεῦσαι
1336 1959 1494 2014 τοῦτο
1524 1961 1756 2031 ἐπῆλθεν
1783 1962 1985 2026 αὑτοῖς.
2012 1964 2111 2017 Διά

432 2045 489 2098 τί
519 2047 626 2117 γὰρ
669 2049 796 2121 περὶ
825 2047 926 2117 τῆς
953 2048 1060 2101 τῶν
1091 2047 1340 2117 ἀγγέλων
1370 2047 1525 2114 ἀξίας
1552 2048 1726 2112 οὐδεὶς
1755 2048 2023 2121 ἐτόλμησέ
2050 2066 2108 2103 τι

430 2134 675 2188 τοιοῦτον
708 2135 1045 2189 ὑποπτεῦσαί
1099 2152 1251 2201 ποτε,
1280 2136 1374 2189 καὶ
1403 2138 1577 2189 εἰπεῖν
1598 2137 1679 2190 ὅτι
1702 2135 1859 2191 ἐστιν
1888 2136 2104 2209 ἀνθρω-

432 2220 569 2299 πίνη
608 2222 755 2293 ψυχὴ
804 2222 870 2276 δι’
905 2223 1163 2276 ἀπόνοιαν
1203 2223 1303 2275 οὑκ
1333 2221 1398 2276 ἂν
1448 2221 1678 2294 ἑλομένη
1711 2224 1740 2264 b
1782 2224 1876 2277 ἐπὶ
1905 2223 1967 2277 τὸ
2008 2224 2111 2294 τῆς

434 2309 655 2378 φύσεως
691 2309 904 2380 ἐκείνης
933 2309 1150 2379 ἀξίωμα
1194 2309 1401 2375 ἐλθεῖν;
1430 2310 1658 2378 Μεγάλα
1691 2310 1804 2383 γάρ
1822 2328 1942 2365 τινα
1972 2329 2110 2382 φαν-

438 2396 713 2467 ταζόμεθα
743 2395 870 2467 περί
893 2396 1003 2449 τῶν
1037 2396 1317 2467 δυνάμεων
1368 2396 1612 2463 ἐκείνων,
1644 2398 1740 2451 καί⁵
1772 2397 1931 2452 τοῦτο
1961 2401 2112 2471 ἡμᾶς

437 2483 536 2536 οὐκ
562 2482 755 2554 ἀφίησι
781 2483 1065 2537 πιστεῦσαι
1089 2494 1112 2522 ε
1144 2483 1227 2537 ὅτι
1254 2482 1474 2537 δύναται
1503 2484 1790 2557 ἄνθρωπος
1814 2486 1914 2556 τῆς
1944 2486 2109 2559 τιμῆς

433 2570 705 2641 φρονῆσαί
747 2588 801 2625 τι
864 2572 1046 2644 μεῖζον
1093 2571 1329 2643 ἐκείνης.
1356 2571 1518 2624 Ὥστε
1576 2572 1777 2637 αὑτοὺς
1812 2572 2011 2644 μᾶλλον
2032 2574 2111 2628 διο

436 2659 609 2722 καίως
638 2659 704 2713 ἄν
723 2676 808 2722 τις
835 2659 1106 2732 γράψαιτο
1124 2659 1382 2724 ἀπονοίας
1410 2660 1535 2723 τοὺς
1564 2662 1596 2731 ὴ
1606 2659 1720 2731 μῶν
1761 2660 1923 2715 τοῦτο
1970 2681 2109 2717 κατ-

433 2745 794 2817 ηγοροῦντας.
832 2747 907 2800 υὺ
940 2747 1049 2819 7&9
1075 2748 1141 2802 άν
1166 2764 1296 2801 ποτε
1329 2750 1458 2819 περὶ
1481 2748 1681 2820 ἐτέρων
1719 2749 1877 2803 τοῦτο
1904 2751 2112 2805 ὑπέλα-

439 2835 553 2899 ϐον,
579 2837 628 2889 εί
661 2834 736 2906 μὴ
766 2834 1033 2908 πρότερον
1066 2836 1221 2889 αὑτοὶ
1272 2836 1368 2889 τοῦ
1399 2836 1745 2907 πράγματος,
1791 2837 1867 2902 ὡς
1898 2839 2114 2903 οὐδενὸς

438 2918 613 2987 ὄντος,
644 2921 1015 2991 κατέγνωσαν.
1050 2924 1114 2977 Εί
1146 2923 1203 2976 δέ
1252 2923 1389 2997 πρὸς
1421 2924 1579 2991 δόξαν
1614 2925 1827 2996 ὁρῶντά
1858 2943 1924 2997 με
1955 2927 2114 2981 τοῦτο

441 3007 797 3079 πεποιηκέναι
833 3009 997 3080 φασὶν
1043 3009 1094 3079 ἀ,
1135 3012 1555 3083 περιπίπτοντες
1593 3014 1807 3077 ἑαυτοῖς
1857 3014 2114 3086 ἐλεγχθὴ-

442 3111 625 3151 σονται
654 3100 746 3151 καὶ
774 3098 1068 3169 μαχόμενοι
1106 3097 1373 3172 φανερῶς·
1402 3099 1523 3154 οὑδὲ
1553 3100 1663 3173 γὰρ
1683 3097 1801 3156 οἶδα
1832 3102 2017 3165 ποίους
2047 3103 2113 3156 ἂν

442 3183 662 3257 ἐτέρους
685 3184 791 3257 πρὸ
822 3185 1027 3241 τούτων
1050 3185 1320 3258 ἐζήτησαν
1348 3187 1562 3258 λόγους,
1590 3192 1639 3244 εἰ
1677 3189 1785 3244 τῶν
1823 3190 1922 3262 τῆς
1958 3207 2113 3245 κενο-

443 3271 624 3338 δοξίας
644 3273 792 3344 ἡμᾶς
819 3273 1092 3343 ἠθέλησαν
1136 3273 1444 3340 ἀπαλλάξαι
1488 3276 1869 3348 ἐγκλημάτων.

514 3358 582 3430 β’.
606 3361 669 3414 Εἰ
697 3362 805 3434 γὰρ
825 3355 981 3425 οὗτός
1009 3363 1076 3433 μέ
1100 3379 1231 3416 ποτε
1257 3373 1281 3402 θ
1308 3363 1555 3434 εἰσῆλθεν
1574 3367 1603 3418 ό
1624 3364 1784 3437 ἔρως,
1818 3365 2115 3434 καταδέξα-

445 3448 568 3503 σθαι
604 3449 803 3519 μᾶλλον
830 3450 1018 3521 ἐχρῆν,
1057 3450 1089 3520 ἢ
1126 3452 1340 3520 φυγεῖν.
1367 3451 1467 3506 Διά
1486 3451 1575 3520 τίς
1607 3453 1730 3507 ’Ότι
1758 3453 1956 3526 πολλὴν
1983 3455 2115 3526 ἡμῖν

442 3535 601 3591 τοῦτο
628 3537 730 3607 τὴν
750 3536 905 3602 δόξαν
938 3539 1168 3609 ἤνεγκεν
1200 3540 1286 3595 ἄν.
1323 3539 1397 3593 Τὸ
1436 3539 1545 3613 7&9
1575 3542 1633 3594 ἐν
1660 3541 1834 3614 τούτῳ
1866 3544 1967 3613 τῆς
1997 3543 2114 3614 ἠλι-

443 3623 570 3687 κίας
607 3623 755 3688 ὅντα,
793 3625 888 3677 καὶ
929 3627 1033 3697 πρὸ
1069 3625 1299 3698 βραχέος
1343 3622 1660 3683 ἀποστάντα
1693 3629 1803 3682 τῶν
1847 3630 2116 3700 βιωτικῶν

445 3712 763 3781 φροντίδων,
790 3712 1048 3785 ἐξαίφνης
1080 3713 1222 3768 οὕτω
1251 3715 1399 3783 δόξαι
1428 3718 1581 3789 παρά
1608 3720 1772 3772 πᾶσιν
1815 3714 1953 3772 εἶναι
1982 3717 2115 3772 θαυ-

444 3798 673 3868 μαστὸν,
698 3796 838 3851 ὥστε
867 3798 979 3852 τῶν
1017 3800 1107 3853 τὸν
1141 3800 1357 3857 ἅπαντα
1395 3804 1587 3874 χρόνον
1625 3807 1683 3859 ἐν
1712 3807 1825 3869 τοῖς
1852 3804 2115 3869 τοιούτοις

446 3885 893 3952 ἐξαναλωθέντων
930 3888 1113 3953 πόνοις
1147 3891 1570 3963 προτιμηθῆναι,
1603 3893 1696 3948 καὶ
1733 3893 1981 3958 πλείονας
2012 3893 2117 3965 ψή-

448 3991 583 4043 φους
611 3974 826 4037 πάντων
852 3975 1072 4030 ἐκείνων
1088 3977 1292 4044 λαϐεῖν,
1315 3978 1604 4050 θαυμαστά
1627 3998 1749 4034 τινα
1782 3982 1876 4034 καὶ
1905 3982 2114 4052 μεγάλα

445 4065 576 4136 περὶ
600 4063 755 4135 ημῶν
792 4064 1001 4129 πάντας
1039 4064 1103 4119 ἂν
1144 4068 1471 4123 ὑποπτεύειν
1502 4069 1687 4123 ἔπεισε
1704 4107 1729 4137 ,-
1760 4070 1853 4123 καὶ
1884 4072 2115 4141 σεμνοὺς

446 4151 513 4206 ἂν
536 4154 685 4223 ἡμᾶς
713 4164 807 4207 και
830 4148 1222 4226 περιϐλέπτους
1256 4157 1576 4229 κατέστησε.
1604 4158 1717 4213 Νῦν
1736 4157 1815 4224 δὲ,
1844 4156 1982 4230 πλὴν
2008 4158 2117 4212 όλί-

443 4257 589 4310 γων,
626 4241 689 4295 τὸ
719 4243 881 4297 πλέον
917 4245 1017 4316 τῆς
1060 4243 1385 4317 Ἐκκλησίας
1414 4247 1578 4319 μέρος
1610 4246 1717 4300 οὐδ’
1758 4247 1818 4312 ἐξ
1856 4247 2117 4319 ὀνόματος

444 4333 595 4399 ἡμᾶς
622 4331 820 4385 ῐσασινο
850 4331 990 4386 ῶστε
1023 4333 1143 4387 οὑδέ
1181 4335 1262 4387 ὅτι
1304 4335 1664 4407 παρῃτήμεθα
1698 4337 1862 4389 πᾶσιν
1895 4335 2049 4390 ἐσται
2091 4336 2111 4377 τ

446 4417 701 4488 φανερὸν,
742 4419 857 4472 ἀλλ’
886 4419 1088 4489 ὀλίγοις
1131 4422 1298 4485 τισὶν,
1345 4421 1439 4486 οὓς
1482 4424 1589 4475 οὐδ’
1631 4424 1826 4488 αὑτοὺς
1867 4420 2019 4494 οἶμαι
2055 4425 2117 4479 τὸ

449 4503 618 4572 σαφὲς
646 4504 843 4558 εἰδέναι
878 4506 1105 4570 πάντας.
1129 4507 1286 4571 Εἰκὸς
1312 4507 1367 4561 δὲ
1396 4510 1486 4563 καὶ
1502 4509 1648 4582 [582]
1664 4510 1869 4565 τούτων
1889 4511 2116 4574 πολλοὺς

446 4590 481 4661 ἢ
511 4591 633 4661 μηδ’
662 4591 798 4656 ὅλως
835 4592 983 4663 ἡμᾶς
1015 4594 1251 4665 ᾑρῆσθαι
1285 4598 1521 4666 νομίσαι,
1553 4598 1586 4669 ἢ
1622 4597 1937 4670 παρεῶσθαι
1980 4600 2116 4671 μετά

445 4682 547 4751 τὴν
572 4680 805 4752 αἵρεσιν,
840 4680 1245 4753 ἀνεπιτηδείους
1290 4675 1430 4738 εἶναι
1458 4684 1738 4752 δόξαντας,
1761 4687 1862 4758 οὑχ
1890 4687 2117 4753 ἑκόντας

448 4771 658 4839 φυγεῖν.

519 4863 589 4926 γ’.
635 4856 857 4913 ΒΔΣΙΛ.
914 4857 1057 4912 Ἀλλ’
1108 4858 1159 4911 oi.
1209 4857 1438 4932 τάληθὲς
1481 4860 1680 4923 εἰδότες
1725 4861 2114 4933 θαυμάσονται.

447 4944 785 5000 ΧΡΥΣΟΣΤ.
831 4946 940 4999 Καὶ
978 4945 1084 5017 μὴν
1122 4945 1343 5009 τούτους
1380 4948 1515 5016 ἐφης
1556 4947 1633 5013 ὼς
1677 4950 1986 5017 κενοδόξους
2023 4955 2118 5008 καί

449 5034 834 5106 ὑπερηφάνους
850 5032 1155 5087 διαϐάλλειν
1172 5036 1338 5105 ἡμᾶς.
1361 5036 1530 5089 Πόθεν
1540 5032 1631 5090 οὖν
1643 5036 1788 5092 ἔστιν
1800 5039 2014 5095 ἐλπίσαι
2029 5043 2117 5096 τὸν

449 5120 700 5185 ἐπαινονς
741 5121 873 5176 Ἀπὸ
902 5120 1010 5175 τῶν
1055 5121 1299 5189 πολλῶν;
1343 5122 1482 5177 Ἀλλ’
1514 5125 1614 5178 οὑκ
1655 5124 1799 5179 ίσασι
1832 5127 1894 5181 τὸ
1925 5129 2115 5199 σαφές.

511 5286 539 5349 _‘
568 5286 717 5335 Savil.
740 5290 791 5334 et
816 5285 999 5345 aliquoi
1027 5297 1144 5333 πιςε.
1166 5285 1229 5349 μὴ
1263 5286 1654 5349 καταδεχόμενον.

511 5341 537 5381 ¹¹
561 5348 707 5426 Savil.
736 5354 788 5426 ςι
808 5341 991 5426 σμικροί
1014 5361 1136 5420 mss.
1164 5341 1250 5426 δον
1280 5341 1558 5411 ἀνεχομὲνῖη.
1609 5366 1627 5397 ι
1655 5347 1913 5402 Nonnullis
1952 5354 2123 5418 conje-

448 5418 582 5462 ctum
611 5419 689 5459 est
711 5410 798 5458 οὑκ
824 5410 1100 5470 ἀνελομένη.
1132 5424 1150 5455 ι
1186 5408 1317 5457 Enn.
1363 5408 1393 5411 "
1428 5408 1435 5411 ’

513 5474 537 5532 ε
563 5472 761 5532 Aliquot
782 5483 893 5517 mss.
915 5468 1232 5519 ὑποπτεῦσαι.
1257 5471 1355 5521 Alii
1384 5476 1437 5520 et
1456 5471 1578 5521 editi
1600 5472 1867 5526 πιστεῦσαι.

513 5531 543 5571 τι
566 5531 715 5594 Savil.
730 5536 785 5581 et
807 5532 955 5593 aliqui
978 5533 1203 5594 φήσουσι.

509 5593 534 5655 ξ
558 5593 764 5655 Aliquot
785 5591 1098 5655 mamisci‘jplj
1118 5594 1196 5655 μοί
1211 5610 1344 5655 ποτε.

519 5654 537 5693 ί
568 5654 661 5724 Alii
683 5654 828 5724 πᾶσίν
867 5654 985 5724 ἐστι.
1009 5653 1137 5724 [alii
1173 5654 1262 5724 _a_lil
1293 5656 1485 5713 πάντας
1514 5657 1619 5724 δι).λ’
1650 5659 1790 5717 εἰκός.
1816 5659 1970 5711 Paulo
2008 5668 2122 5724 post
2172 5668 2181 5673 ’

452 5716 627 5790 κοτε).
645 5716 1027 5823 ὧιαρεώσασθαι,
1071 5715 1223 5765 Savii.
1276 5720 1627 5781 παρεωρᾶσθαι,
1673 5715 1786 5773 mss.
1836 5715 2117 5787 complulrcs

452 5792 641 5823 παοεωσ
706 5793 740 5823 ι.

448 5792 740 5839 παρεωσυαι.

1216 264 1274 320 8.
1315 261 1600 339 JOANNIS
1636 258 2136 319 CllRYSOSTOMl
2175 262 2498 321 ARCIIIEP.
2541 261 3091 320 CUNSTANTINOP.

3768 262 3891 318 δια

2223 381 2363 435 Ἀλλ’
2396 380 2459 434 ἐκ
2489 379 2598 434 τῶν
2626 378 2850 450 όλίγων;
2900 377 3060 431 Ἀλλά
3081 374 3358 431 κάνταῦθα
3389 373 3520 448 ἡμῖν
3556 376 3635 439 εἰς
3663 375 3893 433 τούναν-

2211 468 2324 521 τίον
2354 467 2415 521 τδ
2441 470 2674 540 πρᾶγμα
2703 466 3131 539 περιτέτραπται
3174 464 3223 517 ⁸.
3269 463 3401 517 Οὐδὲ
3443 464 3553 536 γάρ
3586 465 3770 537 ἐτέρου
3802 484 3891 520 τι-

2213 557 2303 621 νὸς
2338 557 2524 609 ἕνεκεν
2549 554 2736 609 ἐνθάδε
2765 552 3011 624 εἰσῆλθες
3038 552 3153 618 νῦν,
3189 552 3305 606 ἀλλ’
3328 551 3414 606 ἵνα
3438 553 3636 626 μάθῃς,
3664 554 3714 607 τί
3744 554 3891 627 πρὸς

2214 643 2456 708 ἐκείνους
2501 641 2946 713 ἀπολογήσασθαι
2994 642 3128 696 δέοι.
3186 641 3296 695 Καὶ
3353 642 3406 695 τί
3456 642 3664 696 τούτων
3694 644 3894 699 ἕνεκεν

2211 731 2675 803 ἀκριϐολογοῦμαι
2706 731 2837 796 νῦν;
2875 730 2999 783 Ὀτι
3036 730 3165 801 7&9.
3190 729 3237 782 εί
3260 728 3355 783 καὶ
3401 730 3603 794 πάντες
3632 731 3659 771 h
3684 731 3893 803 ᾔδεσαν

2209 820 2460 891 τάληθὲς,
2509 819 2630 873 οὑδὲ
2664 817 2834 882 οὑτως
2876 820 3025 888 ἡμᾶς
3082 818 3400 889 ἀπονοίαςῆ
3447 818 3749 885 φιλοδοξίας
3774 820 3893 875 ἔδει

2211 908 2438 979 κρίνειν,
2456 907 2660 978 ¹μικρὸν
2706 908 3015 977 ἀνάμεινον,
3049 904 3328 960 καὶτοῦτο
3358 908 3478 978 είσῃ
3528 908 3736 977 σαφῶς.
3769 910 3893 964 Καὶ

2212 996 2348 1069 πρὸς
2373 994 2544 1064 τούτῳ
2583 992 2745 1048 πάλιν
2778 996 2972 1047 ἐκεῖνοο
3002 995 3084 1047 ὅτι
3128 994 3189 1047 οὑ
3246 997 3357 1058 τοῖς
3398 994 3602 1065 ταύτην
3640 996 3893 1067 τολμῶσι

2211 1086 2309 1156 τὴν
2329 1084 2531 1155 τόλμαν
2564 1084 2743 1154 μόνον,
2777 1083 2937 1154 εἴπερ
2978 1081 3064 1145 τίς
3112 1083 3258 1135 ἐστιν
3310 1079 3613 1153 ἀνθρώπων
3656 1084 3738 1153 (οὑ
3770 1086 3895 1157 γάρ

2212 1172 2387 1242 ἔγωγε
2412 1171 2715 1242 πείθομαι),
2745 1169 2881 1224 ἀλλὰ
2930 1169 3023 1223 καὶ
3050 1173 3163 1233 τοῖς
3188 1169 3317 1240 περὶ
3366 1170 3572 1243 ἐτέρων
3612 1172 3895 1226 ὑποπτεύ-

2211 1259 2608 1325 ουσι,κίνδυνος
2638 1258 2973 1313 ἐπικείσεται
3000 1260 3013 1298 ί
3037 1258 3096 1311 οὑ
3129 1256 3345 1331 μικρός.

2282 1348 2345 1402 δ’.
2383 1349 2447 1401 Ἦ
2477 1347 2587 1420 γάρ
2616 1346 2882 1418 ἱερωσύνη
2922 1346 3153 1399 τελεῖται
3179 1347 3277 1418 μὲν
3306 1346 3398 1399 ἐπὶ
3430 1347 3527 1418 τῆς
3572 1347 3702 1419 γῆς,
3732 1348 3894 1415 τάξιν

2212 1428 2269 1490 δὲ
2302 1437 2644 1508 ἐπουρανίων
2672 1435 2785 1507 ἔχει
2807 1437 3121 1506 ταγμάτων·
3156 1436 3249 1489 καὶ
3274 1436 3418 1506 μάλα
3456 1453 3517 1506 γε
3543 1437 3792 1502 εἰκότως.
3812 1439 3893 1492 Οὑ

2213 1524 2324 1597 γὰρ
2349 1524 2654 1597 ἄνθρωπος,
2680 1524 2779 1578 οὑκ
2800 1523 3049 1592 ἄγγελος,
3084 1524 3184 1576 οὑκ
3217 1522 3574 1594 ἀρχάγγελος,
3609 1526 3709 1579 οὑκ
3747 1524 3892 1599 ἄλλη

2212 1627 2298 1677 τις
2335 1612 2527 1684 κτιστὴ
2561 1611 2813 1682 δύναμις,
2850 1611 2964 1665 ἀλλ’
2999 1611 3161 1675 αὑτὸς
3205 1613 3233 1665 ό
3275 1612 3631 1684 Παράκλητος
3680 1613 3895 1685 ταύτην

2211 1699 2493 1766 διετάξατο
2510 1700 2609 1771 τὴν
2637 1698 2977 1763 ἀκολουθίαν,
2998 1700 3092 1753 καὶ
3122 1700 3201 1752 ἐτι
3233 1698 3489 1770 μένοντας
3514 1702 3571 1754 ἐν
3600 1702 3768 1772 σαρκὶ
3791 1703 3893 1774 τὴν

2211 1789 2321 1843 τῶν
2347 1787 2796 1858 άγγέλωνέπεισε
2826 1786 3186 1856 φαντάζεσθαι
3215 1786 3509 1841 διακονίαν.
3536 1788 3625 1841 Διὸ
3656 1789 3764 1861 χρὴ
3800 1790 3895 1844 τὸν

2215 1875 2510 1948 ἱερωμένον
2538 1875 2726 1948 ῶσπερ
2757 1876 2815 1927 ἐν
2840 1875 3021 1939 αὐτοῖς
3051 1875 3258 1928 ἐστῶτα
3276 1878 3385 1938 τοῖς
3405 1877 3653 1947 οὐρανοῖς
3683 1876 3897 1947 μεταξὺ

2202 1963 2322 2018 ’τῶν
2365 1964 2647 2035 δυνάμεων
2691 1962 2913 2017 ἐκείνων
2953 1961 3126 2026 οὕτως
3175 1958 3315 2016 εἶναι
3368 1963 3624 2036 καθαρόν.
3674 1965 3896 2035 Φοϐερὰ

2217 2052 2317 2123 μὲν
2342 2052 2451 2125 γὰρ
2476 2054 2571 2107 καὶ
2601 2052 3013 2125 φρικωδέστατα
3035 2052 3129 2105 καὶ
3152 2051 3220 2104 τὰ
3249 2050 3356 2123 πρὸ
3384 2051 3483 2123 τῆς
3505 2054 3744 2125 χάριτος,
3781 2049 3898 2107 οῖον

2212 2144 2260 2195 οἰ
2285 2140 2551 2205 κώδωνες.
2570 2142 2620 2195 οἰ
2652 2141 2880 2213 ῥοῖσκοι,
2898 2141 2948 2193 οί
2972 2139 3109 2194 λίθοι
3139 2142 3187 2194 οί
3210 2140 3303 2194 ἐπὶ
3322 2139 3414 2195 τοῦ
3442 2140 3771 2211 στήθους,,οἱ
3796 2139 3895 2209 τῆς

2213 2229 2505 2300 ἐπωμίδος,
2533 2231 2566 2300 ἡ
2594 2229 2780 2300 μίτρα,
2810 2231 2842 2301 ἡ
2886 2229 3118 2299 κίδαρις,
3142 2231 3170 2283 ό
3200 2228 3459 2300 ποδήρης,
3486 2227 3548 2281 τὸ
3571 2227 3809 2283 πέταλον
3832 2228 3894 2281 τό

2212 2313 2468 2388 χρυσοῦν,
2515 2318 2584 2371 τά
2632 2318 2763 2387 ἀγια
2790 2317 2898 2371 τῶν
2932 2318 3133 2386 ἁγίων,
3164 2318 3198 2389 η
3235 2314 3402 2387 πολλὴ
3437 2314 3546 2370 τῶν
3578 2314 3725 2369 ἔνδον
3756 2317 3894 2387 ἠρε-

2217 2405 2336 2475 μία.
2378 2403 2516 2457 Ἀλλ’
2546 2405 2599 2458 εί
2623 2422 2707 2469 τις
2730 2404 2799 2458 τά
2838 2407 2937 2476 τῆς
2965 2406 3189 2476 χάριτος
3214 2403 3508 2472 ἐξετάσειε,
3547 2403 3721 2475 μικρά
3753 2403 3893 2456 ὄντα

2215 2489 2438 2560 εὑρήσει
2485 2488 2552 2541 τά
2587 2487 2795 2559 φοϐερά
2838 2489 2935 2542 καὶ
2981 2487 3397 2559 φρικωδέστατα
3428 2488 3634 2552 ἐκεῖνα,
3691 2487 3797 2539 καὶ
3832 2487 3894 2539 τὸ

2216 2579 2463 2654 περὶτοῦ
2515 2581 2682 2651 νόμου
2728 2581 2918 2651 λεχθὲν
2974 2576 3252 2635 κάνταῦθα
3290 2577 3489 2649 ἀληθὲς
3525 2577 3606 2644 ὃν,
3635 2579 3771 2632 ὀτι
3820 2578 3892 2633 οὐ

2215 2668 2575 2736 δεδόξασται
2616 2671 2685 2725 τὸ
2728 2670 3177 2741 δεδοξασμένον
3225 2670 3295 2724 ἐν
3348 2671 3537 2734 τούτῳ
3582 2670 3662 2736 τῷ
3718 2669 3893 2741 μέρει

2215 2762 2423 2817 ἕνεκεν
2452 2763 2561 2831 τῆς
2611 2764 3115 2832 ὑπερϐαλλούσης
3165 2760 3371 2832 δόξης.
3407 2761 3578 2815 Ὅταν
3625 2760 3736 2833 γὰρ
3772 2761 3893 2833 ἴδῃς

2213 2852 2305 2906 τὸν
2336 2852 2539 2923 Κύριον
2586 2851 2879 2923 τεθυμένον
2938 2852 3031 2905 καὶ
3076 2852 3349 2922 κείμενον,
3394 2851 3490 2903 καὶ
3519 2850 3612 2903 τὸν
3664 2848 3876 2921 ίερέαὶ

2217 2941 2498 3012 ἐφεστῶτα
2540 2940 2621 3012 τῷ
2671 2940 2894 3013 θύματι,
2938 2943 3033 2995 καὶ
3082 2924 3468 3013 ἐπευχόμενον,
3522 2939 3617 2993 καὶ
3674 2939 3891 3004 πάντας

2217 3031 2412 3103 ἐκείνῳ
2443 3032 2521 3103 τῷ
2542 3031 2710 3103 τιμίῳ
2745 3031 3186 3103 φοινισσομένους
3242 3031 3456 3102 αἵματι,
3493 3025 3601 3103 ἆρα
3636 3029 3716 3083 ἐτι
3744 3028 3891 3101 μετά

2215 3117 2523 3192 ἀνθρώπων
2560 3115 2699 3172 εἶναι
2726 3119 2990 3190 νομίζεις,
3020 3120 3117 3174 καὶ
3137 3120 3230 3172 ἐπὶ
3248 3120 3345 3190 τῆς
3367 3120 3470 3189 γῆς
3499 3118 3742 3182 ἑστάναι,
3772 3117 3890 3171 ἀλλ’

2218 3208 2317 3260 οὑκ
2346 3207 2545 3271 εὐθέως
2578 3206 2670 3260 ἐπὶ
2690 3208 2815 3271 τοὺς
2854 3208 3115 3278 οὐρανοὺς
3144 3207 3557 3277 μετανίστασαι,
3583 3204 3676 3259 καὶ
3702 3206 3889 3259 πᾶσαν

2218 3295 2486 3368 σαρκικὴν
2514 3295 2752 3350 διάνοιαν
2778 3295 2879 3366 τῆς
2911 3294 3090 3365 ψυχῆς
3128 3293 3396 3359 ἐκϐαλὼν,
3430 3297 3611 3366 γυμνῇ
3638 3297 3703 3365 τῇ
3737 3294 3888 3365 ψυχῇ

2217 3383 2311 3437 καὶ
2336 3382 2415 3455 τῷ
2439 3382 2517 3454 νῷ
2554 3381 2780 3454 καθαρῷ
2804 3382 3155 3454 περιϐλέπεις
3188 3382 3257 3436 τὰ
3280 3384 3338 3436 ἐν
3368 3382 3650 3455 οὑρανοῖς;
3686 3382 3750 3435 Ὢ
3796 3378 3889 3434 τοῦ

2217 3469 2521 3542 θαύματοςί
2546 3469 2593 3523 ῶ
2622 3472 2722 3540 τῆς
2753 3468 2847 3523 τοῦ
2872 3469 3006 3523 Θεοῦ
3039 3468 3490 3542 φιλανθρωπίαςί
3533 3470 3591 3523 '0
3626 3469 3769 3540 μετά
3795 3467 3888 3522 τοῦ

2217 3558 2430 3631 Πατρός
2481 3558 2595 3613 ἄνω
2624 3557 2950 3629 καθήμενος,
3003 3554 3146 3612 κατά
3176 3558 3277 3630 τὴν
3323 3557 3473 3630 ὥραν
3510 3559 3726 3629 ἐκείνην
3769 3560 3891 3621 ταῖς

2219 3646 2471 3701 ἁπάντων
2497 3645 2786 3716 κατέχεται
2820 3644 2997 3716 χερσὶ,
3052 3645 3147 3698 καὶ
3178 3644 3392 3699 δίδωσιν
3418 3646 3581 3699 αὑτὸν
3621 3648 3733 3709 τοῖς
3761 3645 3889 3716 βου-

2217 3732 2461 3804 λομένοις
2482 3730 2915 3805 περιπτύξασθαι
2936 3732 3032 3786 καὶ
3060 3731 3389 3803 περιλαϐεῖν.
3414 3733 3633 3785 Ποιοῦσι
3653 3733 3710 3786 δέ
3730 3733 3890 3785 τοῦτο

2218 3822 2418 3887 πάντες
2443 3821 2530 3876 διά
2576 3820 2685 3875 τῶν
2718 3820 3010 3892 ὀφθαλμῶν
3061 3823 3160 3892 τῆς
3191 3820 3252 3872 πί
3272 3838 3445 3884 ηεως.
3484 3816 3628 3892 Ἀρά
3670 3838 3753 3873 σοι
3795 3819 3886 3873 τοῦ

2219 3910 2678 3983 καταφρονεῖσθαι
2742 3910 2913 3963 ταῦτα
2953 3906 3076 3974 ἄξια
3125 3910 3536 3978 καταφαίνεται,
3576 3910 3608 3979 ἢ
3660 3909 3887 3963 τοιαῦτα

2219 3996 2458 4065 εἷναιὼς
2486 3997 2781 4069 δυνηθῆναί
2838 4015 2962 4051 τινα
3010 3998 3103 4051 καὶ
3157 3996 3465 4069 ἐπαρθῆναι
3516 3998 3634 4050 κατ’
3671 3997 3885 4060 αὑτῶν;

2218 4088 2407 4143 Βούλει
2429 4088 2522 4140 καὶ
2554 4085 2613 4151 ἐξ
2641 4086 2829 4157 ἐτέρου
2859 4085 3135 4154 θαύματος
3174 4084 3273 4154 τῆς
3332 4086 3649 4153 ἀγιαστείας
3681 4085 3888 4154 ταύτης

2222 4176 2350 4230 ἰδεῖν
2378 4177 2476 4247 τὴν
2520 4174 2859 4248 ὑπερϐολήνς
2916 4173 3232 4243 ὑπόγραψόν
3281 4190 3371 4244 μοι
3410 4174 3502 4225 τὸν
3537 4172 3726 4227 Ίίλίαν
3775 4176 3887 4233 τοῖς

2216 4262 2535 4335 ὀφθαλμοῖς,
2561 4264 2655 4317 καὶ
2685 4262 2775 4315 τὸν
2814 4261 3041 4333 ἄπειρον
3091 4261 3245 4330 ὄχλον
3273 4260 3635 4333 περιεστῶτα,
3662 4262 3755 4314 καί
3789 4261 3885 4332 τὴν

2219 4350 2407 4405 θυσίαν
2431 4351 2522 4404 ἐπὶ
2548 4351 2656 4403 τῶν
2673 4349 2838 4402 λίθων
2864 4348 3144 4419 κειμένην,
3167 4348 3261 4401 καὶ
3290 4348 3495 4412 πάντας
3533 4348 3632 4419 μὲν
3663 4352 3731 4402 ἐν
3750 4351 3883 4420 ἠσυ-

2218 4440 2312 4511 χία
2335 4440 2462 4503 τοὺς
2491 4438 2710 4491 λοιποὺς
2743 4437 2837 4489 καί
2867 4436 3034 4508 πολλῇ
3066 4440 3131 4508 τῇ
3165 4440 3312 4508 σιγῇ,
3364 4436 3523 4507 μόνον
3553 4436 3612 4490 δὲ
3635 4437 3724 4490 τὸν
3753 4454 3885 4509 προ·

2220 4530 2397 4599 φήτην
2427 4526 2740 4596 εὐχόμενον·
2774 4518 2895 4578 εἶτα
2941 4524 3199 4596 ἐξαίφνης
3234 4525 3334 4595 τὴν
3370 4524 3543 4594 φλόγα
3575 4525 3640 4577 ὲκ
3659 4525 3770 4577 τῶν
3803 4526 3886 4579 οὐ-

2221 4614 2397 4688 ρανῶν
2422 4613 2572 4686 [585]
2633 4614 2727 4666 ἐπὶ
2787 4613 2846 4665 τὸ
2901 4614 3095 4683 ἱερεῖον
3154 4613 3520 4685 ῥιπτουμένην
3542 4630 3555 4644 ·
3598 4611 3887 4683 θαυμαστά

2218 4702 2391 4757 ταῦτα
2421 4703 2515 4755 καὶ
2543 4703 2725 4773 πάσης
2755 4700 3070 4772 ἐκπλήξεως
3095 4700 3354 4772 γέμοντα.
3392 4698 3677 4771 Μετάϐηθι
3712 4701 3886 4752 τοίνυν

2219 4789 2427 4845 ἐκεῖθεν
2459 4790 2551 4843 ἐπὶ
2581 4789 2651 4843 τά
2674 4788 2767 4843 νῦν
2807 4788 3136 4857 τελούμενα,
3190 4790 3285 4843 καὶ
3338 4789 3398 4843 οὑ
3435 4788 3725 4860 θαυμαστά
3768 4789 3885 4858 ὄψει

2224 4878 2402 4949 μόνον,
2422 4876 2557 4931 ἀλλά
2583 4878 2677 4931 καὶ
2707 4878 2887 4930 πᾶσαν
2912 4874 3173 4949 ἔκπληξιν
3205 4875 3622 4948 ὑπερϐαίνοντα.
3644 4876 3882 4946 Ἔστηκε

2219 4964 2329 5036 γὰρ
2351 4966 2381 5019 ό
2414 4964 2614 5036 ἱερεὺς,
2649 4962 2710 5017 ού
2742 4964 2851 5035 πῦρ
2902 4963 3252 5034 καταφέρων,
3278 4964 3412 5018 ἀλλὰ
3462 4965 3522 5019 τὸ
3577 4960 3800 5035 Πνεῦμα
3828 4962 3885 5016 τὸ

2219 5053 2394 5122 ἅγιον·
2424 5053 2519 5105 καὶ
2544 5052 2642 5122 τὴν
2668 5053 2948 5124 ἱκετηρίαν
2984 5053 3074 5105 ἐπὶ
3099 5052 3233 5107 πολὺ
3270 5054 3521 5119 ποιεῖται,
3553 5054 3653 5124 οὑχ
3684 5053 3771 5107 ἵνα
3804 5069 3884 5113 τις

2218 5140 2440 5212 λαμπὰς
2462 5139 2666 5196 ἄνωθεν
2720 5142 2983 5211 ἀφεθεῖσα
3028 5141 3383 5214 καταναλώσῃ
3430 5142 3497 5196 τὰ
3527 5141 3881 5214 προκείμενα,

2218 5229 2333 5284 ἀλλ’
2364 5229 2448 5282 ἵνα
2479 5231 2510 5299 ἠ
2539 5228 2698 5301 χάρις
2748 5228 3087 5283 ἐπιπεσοῦσα
3129 5232 3195 5301 τῇ
3254 5229 3417 5300 θυσίαι⁵
3443 5231 3511 5284 δι’
3539 5232 3754 5300 ἐκείνης
3786 5228 3883 5291 τάς

2218 5318 2473 5372 ἁπάντων
2499 5318 2682 5389 άνάψῃ
2706 5319 2903 5389 ψυχάς,
2929 5319 3027 5372 καὶ
3051 5319 3315 5391 ἀργυρίου
3338 5319 3725 5391 λαμπροτέρας
3754 5320 3884 5373 ἀπο-

2217 5406 2367 5477 δείξῃ
2396 5407 2813 5477 πεπυρωμένου.
2876 5405 3091 5478 Ταύτης
3141 5403 3235 5461 οῦν
3289 5406 3392 5476 τῆς
3440 5406 3882 5476 φρικωδεστάτης

2219 5493 2443 5564 τελετῆς
2485 5494 2571 5558 τίς
2624 5494 2699 5564 μὴ
2744 5493 2950 5566 σφόδρα
3002 5494 3345 5565 μαινόμενος,
3385 5493 3520 5565 μηδέ
3550 5493 3875 5565 ἐξεστηκὼς.

2284 5601 2310 5674 ε
2332 5597 2535 5674 Quidam
2551 5599 2866 5674 ῖοῦνειντὲονξδ
2888 5599 3272 5674 Immem-

2287 5659 2314 5724 ll
2340 5660 2508 5724 Morgl.
2545 5661 2585 5709 εἰ
2602 5662 2683 5724 καὶ
2708 5663 2771 5724 μὴ
2788 5659 2975 5719 πάντες,
3010 5659 3159 5712 Savll.
3185 5659 3243 5711 ef
3258 5674 3375 5724 mss.
3400 5662 3439 5724 εἰ
3457 5662 3541 5710 καὶ
3558 5660 3745 5718 πάντες.

2293 5723 2307 5761 ί
2330 5721 2482 5786 Sayil.
2506 5730 2561 5772 el.
2578 5721 2764 5786 aliquot
2787 5736 2902 5786 mss.
2927 5724 3247 5786 ἀποκείσεται,
3274 5722 3444 5772 Morel.
3473 5724 3775 5778 ἐπιπείσεται.

2301 5795 2315 5834 ι
2345 5783 2541 5843 Aliquo!
2566 5783 2681 5832 mur.
2707 5785 2788 5831 τὸν
2812 5784 3049 5851 ἀρχιερέα.
