4050 6160
265 294 357 351 tm
1404 254 1491 347 ns
1528 286 1971 345 SACERDOTIO.
2011 285 2140 348 LIB.
2165 286 2251 344 ιιι.

269 416 376 467 imo
404 425 508 464 non
545 405 656 478 jam
696 405 991 477 superbite,
1031 405 1124 462 sed
1153 407 1397 463 amentia:
1418 422 1503 462 me
1532 419 1719 460 omnes
1751 404 1848 460 da-

269 506 520 556 mnarent
567 516 581 552 :
633 506 687 553 at
735 497 1032 554 sacerdotio
1081 498 1386 568 proposito,
1453 497 1592 570 quod
1642 507 1844 553 tantum

268 592 494 663 imperio
541 591 822 647 sublimius
866 600 987 659 est,
1033 601 1285 663 quantum
1331 595 1470 648 inter
1513 594 1753 663 spiritum
1796 601 1852 648 et

271 699 489 761 carnem
516 693 599 739 est
636 683 1002 748 intervallum,
1044 683 1328 739 audebitne
1356 684 1614 755 quispiam
1642 700 1727 738 me
1756 699 1851 739 su—

244 774 467 845 .perbiae
493 773 791 829 accusare?
842 773 943 842 Qui
982 789 1143 842 porro
1186 790 1292 829 non
1340 774 1624 830 absurdum
1671 775 1846 842 fuerit,

266 882 361 923 eas
390 866 479 936 qui
501 881 704 921 mmora
736 867 1225 935 respuuntinsanize
1251 882 1524 933 accusare,
1542 882 1633 923 eos
1651 875 1848 932 autem,

269 958 355 1027 qui
387 957 440 1010 in
468 957 623 1026 longe
649 956 1047 1012 sublimioribus
1084 957 1314 1028 idipsum
1344 957 1579 1021 faciunt,
1610 973 1713 1013 non
1741 959 1848 1026 jam

271 1048 322 1102 in
352 1048 598 1102 amentim
623 1089 640 1113 ,
683 1048 777 1103 sed
819 1049 870 1101 in
901 1048 1163 1118 superbia:
1203 1049 1405 1105 crimen
1432 1049 1660 1104 vocare?
1702 1048 1852 1103 llaud

271 1151 428 1191 secus
450 1152 513 1192 ac
536 1138 581 1192 si
610 1140 730 1208 quis
756 1154 874 1193 cum
901 1180 917 1206 ,
946 1139 1034 1210 qui
1085 1139 1248 1194 boum
1278 1149 1577 1195 armentum
1607 1139 1850 1209 deSpice-

274 1236 372 1291 ret,
401 1243 465 1281 ac
490 1228 749 1283 bubulcus
777 1245 895 1284 esse
918 1230 1098 1294 nollet,
1130 1245 1233 1284 non
1257 1230 1538 1300 superbiae,
1555 1229 1647 1284 sed
1669 1245 1852 1284 amen-

274 1317 360 1370 tia:
412 1330 707 1383 accusans,
763 1334 883 1373 eum
939 1320 1025 1390 qui
1075 1320 1236 1375 totius
1277 1320 1420 1375 orbis
1471 1321 1749 1391 imperium
1800 1328 1856 1374 et

272 1406 512 1461 omnium
536 1409 728 1478 ubique
759 1417 1017 1463 terrarum
1045 1411 1371 1465 exercituum
1388 1411 1716 1466 dominatum
1748 1426 1851 1466 non

272 1498 540 1568 acciperet
558 1539 574 1563 ,
603 1514 710 1554 non
741 1501 975 1555 insanire
1001 1499 1235 1568 diceret,
1268 1501 1360 1556 sed
1389 1503 1631 1573 superbia
1659 1502 1852 1558 inﬂari.

272 1587 376 1643 Sed
402 1604 512 1643 non
539 1589 607 1643 ita
633 1598 734 1655 est,
768 1605 872 1644 non
911 1590 979 1645 ita
1006 1605 1153 1659 sane,
1187 1608 1357 1662 neque
1372 1607 1468 1647 nos
1484 1594 1670 1664 magis,
1696 1608 1853 1664 quam

271 1678 481 1748 seipsos
501 1721 516 1746 ,
543 1681 893 1735 criminantur
918 1682 1006 1750 qui
1038 1683 1151 1736 lucc
1171 1682 1434 1751 jactitant.
1480 1682 1612 1739 Nam
1648 1685 1729 1739 vel
1759 1700 1855 1740 co-

271 1769 471 1838 gitasse
514 1779 753 1837 tantum,
802 1774 942 1841 quod
976 1772 1144 1841 possit
1171 1772 1398 1828 humana
1442 1785 1626 1829 natura
1656 1783 1855 1830 tantam

272 1858 550 1928 despicere
563 1859 893 1931 dignitatem,
922 1863 1050 1916 satis
1076 1862 1269 1917 indicat
1286 1863 1411 1934 quid
1432 1865 1699 1933 opinionis
1719 1865 1856 1920 circa

273 1950 418 2003 illam
447 1950 677 2005 habeant
705 1950 796 2021 qui
826 1950 877 2006 id
909 1953 1238 2022 protulerunt
1269 1972 1283 2009 :
1315 1954 1415 2010 nisi
1446 1955 1587 2009 enim
1616 1963 1860 2025 putarent

274 2056 391 2095 esse
420 2057 539 2096 rem
569 2042 740 2097 levem
771 2058 834 2100 ac
858 2045 1005 2115 parvi
1034 2044 1185 2115 pretii
1212 2087 1227 2111 ,
1262 2060 1548 2115 numquam
1579 2047 1709 2115 ipsis
1737 2047 1858 2102 talis

276 2132 513 2202 suspicio
542 2133 594 2187 in
636 2143 870 2189 mentem
895 2134 1146 2189 venisset.
1200 2135 1308 2190 Cur
1332 2124 1472 2191 enim
1510 2137 1576 2192 dc
1619 2138 1857 2208 angelica

272 2223 536 2292 dignitate
578 2224 752 2278 nullus
788 2240 1038 2295 umquam
1085 2225 1209 2297 quid
1254 2227 1427 2282 simile
1473 2229 1729 2298 suspicari
1775 2229 1858 2285 νει

274 2312 457 2369 dicere
488 2328 648 2368 ausus
671 2324 773 2380 est,
801 2330 993 2385 nempe
1025 2316 1310 2371 luunanum
1338 2333 1459 2374 esse
1482 2320 1739 2386 animum,
1768 2319 1859 2389 qui

275 2418 381 2474 pra:
430 2407 683 2474 superbia
724 2405 855 2461 nolit
893 2405 961 2460 ad
1003 2405 1143 2461 illius
1172 2418 1372 2463 natura:
1400 2408 1708 2479 dignitatem
1735 2425 1858 2480 per-

276 2494 507 2548 venire?
555 2495 738 2566 Magna
785 2496 978 2566 quippe
1019 2497 1347 2567 concipimus
1393 2497 1459 2552 de
1505 2498 1859 2554 Potestatibus

276 2585 376 2640 illis
400 2623 420 2653 ,
474 2586 633 2656 idque
675 2586 894 2657 impedit
918 2587 1203 2657 quominus
1233 2587 1513 2643 credamus
1534 2630 1546 2653 ,
1575 2605 1732 2660 posse
1760 2591 1859 2645 lio-

276 2680 482 2742 minem
523 2679 790 2750 quidpiam
824 2681 992 2750 majus
1024 2679 1228 2737 honore
1270 2681 1359 2736 illo
1402 2697 1611 2753 sapere.
1657 2682 1774 2750 Quo
1804 2683 1861 2738 ﬁt

277 2780 334 2824 ut
353 2770 483 2840 jure
504 2773 621 2839 quis
649 2772 768 2825 illus
794 2773 971 2841 potius
998 2774 1262 2842 superbis:
1290 2784 1522 2842 accuset,
1551 2777 1639 2847 qui
1672 2777 1769 2831 hac
1795 2776 1863 2832 de

277 2878 334 2916 re
369 2878 478 2917 nos
502 2864 870 2918 criminantur.
921 2864 1103 2935 Neque
1129 2866 1269 2921 enim
1299 2866 1348 2921 id
1373 2867 1440 2922 de
1469 2869 1585 2922 aliis
1611 2869 1861 2940 suspicati

279 2947 554 3017 fuissent,
585 2954 684 3008 nisi
733 2954 879 3023 prius
919 2972 1031 3010 rem
1074 2955 1241 3026 ipsam
1272 2958 1422 3026 quasi
1471 2959 1664 3013 nullius
1707 2962 1863 3029 pretii

281 3046 661 3100 aestimassent.
705 3047 873 3103 Porro
902 3048 944 3102 si
983 3049 1034 3104 id
1063 3065 1148 3106 me
1176 3050 1356 3121 gloriae
1382 3066 1539 3106 causa
1568 3051 1753 3106 fecisse
1779 3051 1864 3107 di-

279 3147 401 3190 cant
425 3177 445 3201 ,
488 3152 667 3192 secum
698 3138 979 3193 dissentire
1007 3155 1069 3194 ac
1097 3156 1329 3211 pugnare
1357 3143 1532 3213 palam
1560 3141 1863 3212 deprehen-

279 3225 523 3282 dentur:
557 3231 735 3283 nescio
773 3230 913 3284 enim
964 3246 1121 3301 quam
1171 3232 1326 3287 aliam
1371 3232 1666 3288 orationem
1714 3249 1865 3304 qum-

279 3317 575 3384 sivissent,
621 3319 669 3373 si
713 3334 810 3374 nos
847 3319 913 3375 ab
959 3320 1129 3375 inanis
1156 3318 1339 3393 gloriaé
1376 3322 1601 3378 crimine
1637 3322 1866 3380 liberare

281 3410 598 3465 voluissent.

345 3499 411 3554 2.
458 3498 569 3554 Nos
592 3516 696 3555 non
729 3510 933 3573 propter
958 3519 1138 3557 vanam
1157 3503 1370 3575 gloriam
1401 3503 1610 3576 fugisse.
1637 3534 1710 3545 —
1729 3504 1862 3560 Nam

279 3589 322 3643 si
349 3589 662 3658 hujusmodi
692 3607 778 3646 me
807 3608 1053 3664 umquam
1083 3608 1233 3648 amor
1260 3595 1470 3660 invasit,
1502 3596 1742 3666 accipere
1768 3613 1866 3668 po-

282 3681 426 3747 tius,
456 3696 611 3751 quam
639 3682 817 3752 fugere
846 3687 1095 3754 Oportuit.
1128 3686 1338 3754 Quare?
1379 3687 1511 3756 Quia
1541 3704 1784 3759 magnam
1814 3691 1865 3746 id

281 3772 448 3825 nobis
472 3772 693 3842 gloriam
723 3774 1003 3830 attulisset.
1052 3776 1322 3848 Siquidem
1353 3780 1522 3835 virum
1557 3781 1656 3837 hac
1683 3791 1863 3850 aetate,

281 3864 374 3933 qui
413 3879 583 3933 nuper
609 3880 638 3918 a
670 3867 1010 3923 saecularibus
1038 3870 1180 3924 curis
1217 3885 1276 3925 se
1302 3870 1622 3928 abdicaverit
1644 3915 1658 3937 ,
1703 3890 1870 3944 usque

283 3955 430 4008 adeo
456 3955 828 4012 admirandum
869 3958 1008 4029 apud
1038 3974 1225 4015 omnes
1263 3960 1552 4033 derepente
1579 3964 1781 4032 videri,
1812 3974 1872 4021 ut

284 4045 345 4101 iis
376 4046 542 4101 etiam
567 4088 584 4114 ,
609 4048 699 4118 qui
730 4048 783 4103 in
814 4048 1115 4120 hujusmodi
1160 4051 1429 4109 laboribus
1457 4063 1618 4109 totam
1656 4064 1868 4110 atatem

284 4137 669 4194 contrivisseut
697 4140 1048 4196 anteferretur
1071 4183 1087 4207 ,
1122 4152 1175 4196 et
1205 4142 1352 4213 plura
1381 4143 1465 4198 bis
1493 4145 1738 4200 omnibus
1760 4145 1871 4200 suf-

283 4226 462 4298 fragia
489 4230 788 4301 acciperet;
820 4232 872 4287 id
897 4244 1042 4289 certe
1070 4248 1311 4304 magnam
1338 4241 1392 4290 et
1415 4235 1779 4291 admirabilem
1804 4237 1873 4293 de

286 4321 449 4375 nobis
476 4323 780 4392 opinionem
814 4327 1058 4381 omnibus
1086 4326 1401 4394 indidisset,
1430 4343 1631 4400 nosque
1658 4330 1874 4399 conspi-

288 4426 426 4467 cuos
450 4422 505 4466 et
532 4414 762 4469 illustres
789 4416 1130 4472 exhibuisset.
1179 4416 1332 4473 Nunc
1375 4434 1500 4474 vero
1524 4461 1539 4486 ,
1569 4421 1746 4489 paucis
1775 4438 1872 4476 ex-

288 4503 486 4571 ceptis,
519 4502 745 4558 maxima
774 4519 897 4575 pars
927 4505 1180 4561 Ecclesire
1208 4523 1308 4561 nos
1332 4523 1396 4563 ue
1422 4511 1635 4564 nomine
1660 4510 1871 4580 quidem

290 4601 494 4648 norunt
525 4610 539 4646 :
572 4593 707 4649 adeo
733 4605 788 4648 ut
814 4610 880 4650 ne
904 4596 1152 4652 omnibus
1174 4598 1386 4668 quidem
1427 4609 1608 4655 notum
1636 4602 1705 4656 sit
1730 4602 1872 4672 quod
1942 4608 1948 4621 ‘

291 4683 640 4740 abnuerimus
659 4726 674 4752 ,
714 4685 808 4741 sed
838 4689 1017 4756 paucis
1047 4695 1247 4743 tantum
1267 4730 1282 4755 ,
1318 4705 1453 4760 quos
1479 4700 1654 4746 tamen
1685 4709 1873 4748 omnes

228 4778 235 4799 τ
293 4790 402 4830 non
446 4785 578 4847 puto
620 4779 786 4847 probe
820 4793 978 4835 nosse
1021 4781 1145 4850 quid
1186 4792 1393 4852 gestum
1433 4784 1502 4839 sit
1536 4803 1551 4842 :
1581 4786 1873 4842 verisimile

292 4878 473 4921 autem
513 4876 595 4923 est
631 4882 814 4923 eorum
860 4870 1055 4926 multos
1088 4880 1179 4926 'aut
1211 4873 1509 4930 nullatenus
1536 4890 1635 4931 nos
1671 4878 1871 4932 electos

295 4955 467 5013 fuisse
494 4974 714 5015 censere
738 5003 752 5027 ,
804 4971 861 5015 ut
903 4972 1020 5031 post
1057 4965 1369 5019 electionem
1396 4966 1646 5038 depulsos
1687 4967 1870 5037 fuisse,

297 5057 349 5102 ut
382 5064 489 5103 non
519 5058 601 5104 sat
627 5050 847 5106 idoneos
871 5052 1034 5120 visos,
1065 5069 1235 5125 neque
1264 5065 1452 5124 sponte
1477 5055 1763 5129 aufugisse.

366 5140 425 5194 3.
472 5140 536 5194 Si
578 5141 794 5212 gloriam
841 5145 1334 5213 concupisceremus,
1385 5148 1486 5202 tale
1540 5149 1873 5204 ministerium

297 5232 481 5302 eligere
514 5231 756 5301 oportuit.
783 5262 853 5271 —
874 5233 1090 5288 BASIL.
1119 5235 1188 5289 At
1224 5237 1313 5307 qui
1354 5253 1464 5292 rem
1507 5253 1633 5293 vere
1674 5239 1870 5303 sciunt,

299 5321 652 5377 mirabuntur.
683 5320 1056 5380 CllRYSOST.
1091 5327 1241 5396 Atqui
1276 5327 1373 5382 hos
1400 5328 1544 5397 ipsos
1567 5328 1744 5383 dixisti
1775 5344 1873 5383 uo-

300 5416 378 5469 bis
406 5406 559 5470 vana‘:
587 5417 773 5485 gloria:
799 5433 862 5472 ac
889 5418 1151 5488 superbia:
1188 5420 1389 5474 crinium
1431 5419 1645 5476 oll'erre.
1692 5422 1872 5479 Unde-

304 5522 418 5562 nam
441 5508 602 5578 igitur
626 5506 740 5562 laus
759 5509 1017 5578 speranda
1036 5509 1156 5563 est?
1182 5511 1226 5564 A
1255 5510 1629 5566 multitudine?
1653 5513 1720 5566 At
1737 5527 1871 5579 rem,

303 5608 357 5652 ut
391 5610 602 5669 peracta
631 5609 747 5666 est,
788 5601 1049 5657 nesciunt.
1093 5604 1130 5656 Α
1170 5603 1386 5673 paucis?
1421 5603 1524 5659 Sed
1552 5604 1637 5660 hic
1666 5621 1875 5677 quoque

306 5691 450 5748 nobis
477 5706 568 5748 res
603 5690 657 5747 ln
697 5693 1021 5747 contrarium
1058 5693 1265 5748 cecidit.
1318 5693 1499 5766 Neque
1526 5694 1630 5750 alio
1656 5697 1872 5752 nomine

3426 290 3533 348 (ἶιῖ

1959 401 2062 458 huc
2096 403 2364 474 ingressus
2391 419 2448 460 es
2468 446 2482 470 ,
2523 418 2680 474 quam
2711 413 2768 460 ut
2791 403 3054 459 edisccrcs
3078 446 3092 472 ,
3138 419 3256 474 qua:
3280 404 3533 461 adversus

1955 507 2048 550 eos
2073 493 2313 549 defensio
2351 495 2581 565 paranda
2623 495 2709 549 sit.
2755 492 2890 563 Quid
2920 510 3045 549 vero
3072 494 3172 549 hac
3199 494 3266 549 de
3293 509 3353 549 re
3373 508 3531 550 accu-

1955 594 2069 640 rate
2111 599 2252 640 nuuc
2294 585 2598 655 proferam?
2649 585 2799 654 Quod
2851 586 2993 640 enim
3038 580 3245 639 etiamsi
3288 586 3536 642 omnibus

1956 677 2033 732 rei
2060 678 2256 732 veritas
2297 686 2422 732 uota
2466 686 2646 744 esset,
2697 693 2763 731 ne
2806 677 2882 732 sic
2911 676 3123 747 quidem
3154 677 3416 747 superbia:
3444 687 3537 732 aut

1955 782 2107 821 vana:
2151 767 2332 837 gloriae
2371 782 2618 823 accusare
2666 776 2970 837 oporteret,
3016 767 3059 820 si
3098 767 3310 837 paulum
3341 780 3535 836 exspe-

1955 866 2090 922 ctes,
2121 857 2170 913 id
2204 858 2416 927 planum
2450 859 2538 912 tibi
2570 858 2693 924 erit,
2724 867 2883 927 atque
2910 844 3129 928 insuper
3158 857 3308 925 illud,
3344 870 3536 927 nempe

1956 964 2061 1005 n0u
2094 951 2158 1003 iis
2188 950 2346 1004 modo
2387 950 2474 1019 qui
2505 948 2556 1003 id
2583 949 2698 1005 ausi
2743 948 2975 1014 fuerint,
3021 950 3063 1005 si
3097 959 3271 1003 tamen
3301 948 3418 1020 quis
3449 963 3538 1003 re-

1958 1044 2192 1113 periatur
2218 1045 2236 1111 (
2264 1053 2368 1098 non
2394 1043 2534 1099 enim
2582 1043 2735 1100 facile
2774 1044 3073 1112 credam),
3121 1042 3217 1097 sed
3246 1042 3404 1097 etiam
3445 1041 3531 1108 iis,

1957 1134 2046 1204 qui
2087 1133 2154 1190 de
2196 1134 2314 1189 aliis
2361 1136 2733 1206 su5picantur,
2783 1135 3075 1207 periculum
3116 1150 3221 1190 non
3267 1133 3534 1188 modicum

1957 1228 2257 1284 imminere.

2028 1320 2082 1374 4.
2113 1317 2449 1373 Tremendum
2490 1306 2601 1373 esse
2630 1334 2766 1372 nunc
2806 1317 3143 1372 sacerdotith
3181 1315 3341 1386 magis
3379 1330 3531 1385 quam

1957 1411 2011 1465 in
2032 1411 2184 1466 veteri
2208 1409 2356 1482 Lege.
2389 1440 2461 1450 —
2487 1409 2853 1465 Sacerdotium
2894 1407 3036 1462 enim
3080 1407 3131 1460 iu
3161 1416 3299 1460 terra
3332 1405 3537 1475 peragi-

1960 1513 2045 1559 tur
2066 1544 2080 1568 ,
2111 1502 2204 1557 sed
2224 1502 2514 1557 caelestium
2544 1500 2788 1555 ordinum
2817 1499 3043 1555 classem
3071 1496 3272 1552 obtinet
3302 1514 3314 1550 :
3343 1505 3395 1550 et
3416 1494 3537 1565 jure

1958 1596 2170 1666 quidem
2201 1594 2410 1649 merito.
2459 1592 2574 1648 Non
2603 1593 2744 1647 enim
2785 1590 2947 1646 homo
2972 1633 2985 1653 ,
3015 1606 3119 1643 non
3145 1588 3398 1659 angelus,
3433 1601 3539 1665 non

1958 1687 2310 1758 archangelus
2334 1728 2347 1751 ,
2393 1702 2499 1740 non
2529 1686 2628 1740 alia
2659 1684 2917 1754 qmepiam
2945 1690 3123 1737 creata
3157 1691 3412 1750 potestas,
3443 1678 3538 1733 sed

1961 1780 2071 1850 ipse
2094 1778 2399 1833 Paracletus
2427 1775 2527 1830 hoc
2551 1774 2785 1830 ofﬁcium
2816 1771 3115 1838 ordinavit,
3162 1770 3250 1840 qui
3283 1769 3540 1823 manenti-

1960 1868 2059 1922 bus
2086 1867 2137 1921 in
2174 1882 2335 1921 carne
2373 1875 2557 1919 auctor
2597 1865 2693 1918 fuit
2730 1872 2787 1918 ut
2831 1861 3140 1932 angelorum
3187 1857 3538 1913 ministerium

1960 1961 2139 2016 animo
2182 1961 2541 2029 conciperent.
2590 1956 2791 2011 Idcirco
2844 1953 3202 2009 sacerdotium
3249 1951 3534 2006 obeuntem

1962 2054 2032 2108 ita
2065 2066 2250 2122 purum
2278 2066 2396 2105 esse
2421 2050 2608 2115 decet,
2654 2063 2716 2102 ac
2742 2047 2785 2102 si
2826 2047 2879 2101 in
2903 2045 3050 2101 czelis
3083 2045 3223 2099 inter
3251 2051 3543 2114 potestates

1961 2143 2082 2198 illas
2101 2143 2395 2197 collocatus
2438 2147 2602 2195 esset.
2654 2136 2937 2193 Terribilia
2985 2149 3214 2205 namque
3243 2142 3393 2188 erant
3420 2147 3540 2201 qua:

1960 2233 2180 2304 gratiam
2213 2240 2595 2301 praecesserunt
2627 2227 2818 2301 (Exod.
2864 2226 2956 2298 28)
2986 2244 2999 2280 :
3027 2225 3201 2295 qualia
3243 2232 3397 2280 erant
3441 2226 3543 2278 tin-

1963 2322 2233 2379 tinnabula
2260 2362 2275 2387 ,
2307 2322 2442 2375 mala
2468 2320 2656 2390 punica
2679 2361 2694 2386 ,
2726 2317 2926 2389 lapides
2958 2317 3008 2370 in
3041 2324 3258 2386 pectore
3286 2314 3461 2386 positi,
3489 2324 3540 2370 et

1961 2414 2050 2468 alii
2078 2414 2130 2467 in
2175 2410 2594 2482 superbumerali
2619 2451 2633 2476 ,
2677 2410 2830 2464 mitra
2853 2449 2870 2476 ,
2900 2407 3092 2463 cidaris
3112 2449 3126 2473 ,
3158 2406 3416 2477 poderes,
3460 2406 3542 2460 la-

1962 2504 2104 2560 mina
2143 2518 2340 2570 aurca,
2390 2511 2569 2557 sancta
2599 2511 2935 2567 sanctorum,
2981 2500 3168 2570 ingens
3196 2498 3337 2554 intus
3366 2497 3540 2569 quies.

1965 2600 2032 2654 At
2058 2599 2100 2652 si
2129 2598 2247 2668 quis
2277 2612 2339 2653 ca
2360 2639 2373 2663 ,
2416 2612 2534 2667 qua:
2560 2595 2625 2649 ad
2651 2595 2875 2664 gratiam
2904 2602 3145 2665 spectant
3170 2634 3185 2658 ,
3213 2590 3538 2655 consideret,

1964 2690 2217 2745 terribilia
2246 2689 2331 2743 illa
2358 2697 2516 2758 atque
2545 2685 2795 2740 horriﬁca
2819 2726 2834 2753 ,
2873 2699 3033 2755 parva
3064 2698 3182 2738 esse
3212 2682 3539 2753 comperiet:

1964 2794 2025 2834 ac
2051 2780 2189 2849 quod
2222 2778 2287 2833 de
2315 2779 2433 2849 lege
2476 2777 2674 2833 dictum
2705 2785 2820 2844 est,
2872 2776 2957 2831 hic
2997 2790 3206 2845 quoque
3237 2789 3416 2828 verum
3445 2772 3541 2827 de-

1967 2869 2355 2940 prehenderet;
2384 2883 2575 2939 nempe
2599 2910 2614 2933 ,
2649 2865 2771 2920 Non
2797 2866 3137 2937 glori/iratum
3162 2874 3236 2919 est
3275 2860 3409 2936 quod
3437 2863 3543 2916 clas

1963 2961 2063 3014 ruit
2105 2960 2157 3013 in
2201 2959 2295 3013 hac
2328 2968 2474 3031 parte
2505 2967 2709 3030 propter
2731 2957 3048 3012 excellentem
3076 2955 3290 3028 gloriam
3315 2953 3392 3026 (2.
3422 2952 3541 3010 Cor.

1966 3053 2019 3106 5.
2055 3052 2166 3122 i0).
2198 3051 2330 3106 Cum
2371 3049 2512 3103 enim
2554 3048 2751 3103 videris
2797 3048 3076 3101 Dominum
3122 3046 3451 3100 immol..tum
3490 3053 3545 3099 et

1964 3147 2223 3213 jacentem
2248 3183 2263 3207 ,
2301 3150 2356 3197 et
2420 3141 2750 3195 sacerdotem
2780 3140 2797 3171 ¹
2842 3138 3104 3193 sacriﬁcio
3146 3138 3545 3192 incmnbentem

1966 3248 2029 3287 ac
2069 3242 2406 3302 precantem,
2452 3244 2745 3300 omnesque
2788 3231 3020 3298 pretioso
3049 3228 3141 3282 illo
3166 3228 3421 3298 sanguine
3451 3243 3542 3281 rn-

1968 3326 2174 3389 bentes,
2207 3339 2273 3378 au
2305 3331 2460 3394 putas
2483 3332 2535 3378 te
2568 3322 2741 3377 adhuc
2766 3336 2884 3377 cum
2913 3321 3214 3376 hominibus
3243 3328 3299 3376 ct
3323 3321 3375 3374 in
3407 3329 3549 3376 terra

1968 3416 2127 3471 esse?
2181 3431 2354 3469 annon
2398 3415 2571 3483 potius
2614 3414 2667 3467 in
2715 3413 2877 3470 caelos
2920 3412 3243 3481 translatus,
3295 3411 3550 3483 omnique

1972 3507 2171 3562 carnali
2205 3507 2525 3578 Cogitatione
2548 3506 2815 3561 eliminata
2839 3547 2854 3572 ,
2888 3503 3032 3559 nudo
3059 3505 3237 3560 animo
3264 3514 3551 3574 menteque

1971 3612 2102 3668 pura
2133 3612 2249 3666 quae
2289 3596 2340 3650 in
2368 3595 2515 3651 caelis
2540 3603 2665 3650 sunt
2689 3594 3086 3664 circumSpicis?
3124 3594 3168 3649 0
3195 3594 3547 3649 miraculum!

1970 3705 2004 3744 o
2036 3688 2128 3744 Dei
2153 3687 2556 3759 benignilaleml
2612 3685 2714 3755 Qui
2755 3700 2876 3741 cum
2916 3685 3087 3767 Patre~
3120 3701 3329 3740 sursum
3374 3684 3548 3753 sedet,

1972 3776 2057 3833 illa
2086 3779 2214 3832 liora
2244 3780 2480 3833 omnium
2508 3778 2750 3832 manibus
2777 3785 2987 3832 tenetur
3010 3817 3026 3843 ,
3070 3791 3294 3847 seseque
3324 3776 3550 3831 volenti-

1973 3873 2073 3929 bus
2095 3873 2186 3929 dat
2212 3872 2669 3943 complectendum
2695 3880 2750 3926 et
2785 3869 3173 3941 accipiendum.
3206 3868 3341 3924 lllud
3370 3881 3551 3923 autem

1972 3980 2163 4022 omnes
2192 3961 2389 4018 faciunt
2414 3964 2582 4020 oculis
2611 3963 2754 4018 fidei.
2801 3962 2941 4017 Num
2967 3962 3060 4016 tibi
3091 3963 3203 4015 haec
3240 3968 3553 4028 contemptu

1972 4058 2133 4129 digna
2159 4056 2436 4111 videntur?
2484 4072 2552 4110 an
2594 4054 2897 4125 hujusmodi
2937 4068 3090 4119 esse,
3124 4058 3181 4106 ut
3209 4051 3377 4122 possit
3400 4051 3550 4120 quis-

1974 4150 2115 4221 piam
2167 4147 2425 4203 adversus
2470 4161 2534 4202 ea
2585 4146 2814 4202 extolli?
2867 4144 3031 4200 Visne
3081 4154 3136 4199 et
3184 4142 3550 4197 sanctimonia:

1975 4241 2115 4296 illius
2153 4239 2519 4295 excellentiam
2546 4253 2611 4293 ex
2641 4238 2746 4291 alio
2776 4235 3032 4290 miraculo
3067 4232 3404 4304 perspicere?
3449 4230 3552 4287 ilc-

1975 4331 2098 4386 liam
2127 4331 2256 4384 mihi
2284 4330 2355 4385 ob
2383 4330 2564 4384 oculos
2585 4327 2809 4398 depiuge
2829 4370 2843 4388 .
2875 4328 3294 4396 immensamque
3319 4324 3553 4381 circum-

1976 4424 2146 4479 fusam
2186 4423 2427 4489 turbam,
2456 4431 2510 4477 et
2559 4420 2785 4475 hostiam
2833 4419 3090 4489 lapidibus
3126 4417 3427 4488 impositam
3458 4414 3551 4491 (5.

1977 4514 2104 4586 Reg.
2138 4514 2241 4586 l8)
2274 4532 2286 4568 :
2318 4525 2476 4585 atque
2501 4527 2686 4569 omnes
2711 4512 2842 4567 alios
2872 4512 2922 4566 in
2948 4512 3124 4583 quiete
3158 4520 3221 4566 et'
3249 4525 3442 4582 magno
3471 4508 3554 4565 εἰ·-

1977 4607 2142 4662 lentio
2181 4614 2382 4661 stantes
2406 4645 2422 4671 ,
2464 4605 2634 4660 solum
2672 4619 2800 4658 vero
2842 4601 3156 4674 prophetam
3199 4610 3550 4673 precantem:

1979 4708 2090 4753 tum
2117 4708 2335 4766 repente
2372 4695 2640 4751 ﬂammam
2668 4711 2735 4751 ex
2775 4694 2921 4750 caelis
2958 4695 3011 4749 in
3052 4693 3367 4749 sacriﬁcium
3413 4691 3552 4763 inje-

1977 4795 2136 4846 ctam.
2165 4788 2486 4844 Admiranda
2513 4795 2640 4844 sunt
2667 4787 2781 4843 haec
2801 4827 2818 4853 ,
2850 4786 3101 4856 omnique
3126 4794 3343 4855 stupore
3369 4783 3549 4854 plena.

1977 4881 2126 4936 Illinc
2150 4890 2199 4937 te
2227 4882 2449 4936 transfer
2476 4882 2541 4935 ad
2566 4897 2627 4936 ea
2658 4896 2777 4951 qua:
2807 4895 2947 4935 nunc
2972 4887 3321 4950 peraguntur,
3352 4891 3416 4931 ac
3445 4893 3551 4930 non

1976 4975 2108 5030 mira
2139 4984 2340 5028 tantum
2370 4973 2601 5038 videbis,
2629 4971 2723 5027 sed
2744 4985 2958 5026 onmem
2987 4981 3259 5040 stuporem
3286 4983 3559 5037 superan-

1980 5066 2070 5120 tia.
2093 5065 2206 5121 Stat
2235 5066 2375 5119 enim
2405 5063 2674 5127 sacerdos,
2708 5077 2812 5117 non
2845 5062 3018 5131 ignem
3044 5069 3276 5131 gestans,
3306 5057 3400 5113 sed
3432 5057 3554 5126 Spi-

1978 5158 2137 5211 ritum
2167 5165 2442 5220 sanctum;
2492 5169 2679 5225 preces
2726 5153 2891 5207 multo
2933 5161 3168 5221 tempore
3208 5147 3379 5203 fundit
3403 5188 3416 5211 ,
3446 5163 3553 5202 non

1977 5257 2036 5302 ut
2066 5248 2147 5301 fax
2170 5246 2396 5302 demissa
2424 5246 2626 5299 Cacliltts
2650 5243 2886 5313 apposita
2906 5251 3203 5307 consumat,
3231 5239 3324 5294 sed
3353 5250 3406 5293 ut
3432 5254 3554 5308 gr.»

1979 5341 2049 5393 tia
2095 5340 2146 5393 in
2192 5335 2511 5392 sacriﬁcium
2548 5334 2762 5403 delapsa
2803 5347 2900 5402 per
2924 5331 3050 5386 illud
3076 5331 3311 5386 omnium
3345 5327 3555 5384 animos

1980 5432 2307 5497 inflammet,
2356 5438 2411 5484 et
2456 5435 2675 5497 argento
2722 5426 2843 5495 igne
2896 5430 3119 5495 purgato
3164 5418 3553 5492 splendidiores

1978 5525 2244 5583 exhibeat.
2274 5522 2385 5577 lloc
2404 5520 2580 5590 itaque
2609 5516 3052 5574 terribilissimum
3082 5514 3414 5588 mysterium,
3436 5517 3558 5587 quis

2042 5704 2060 5735 ί
2096 5696 2282 5761 Aliquot
2300 5703 2425 5758 Mss,
2451 5691 2734 5759 pontiﬁcem.
