4050 6160
419 260 524 317 ὑιὸ

416 376 632 432 tandem
654 414 673 439 ,
723 373 822 427 nisi
862 368 1145 426 admodum
1193 370 1419 425 insaniat
1443 410 1457 431 ,
1491 370 1570 423 vel
1602 378 1779 424 mente
1802 379 1991 437 captus

415 468 514 533 sit,
547 465 820 534 despicere
844 463 1043 532 queat?
1093 462 1171 516 An
1201 461 1416 531 ignoras
1447 461 1731 515 humanam
1762 463 1991 514 animam

416 560 591 625 ignem
614 556 856 609 sacriﬁcii
880 553 1173 624 hujusmodi
1198 569 1482 622 numquam
1502 563 1710 623 gestare
1736 553 1991 621 potniSse,

417 649 511 702 sed
539 664 726 702 omnes
771 647 1003 701 funditus
1048 648 1308 714 perituros
1352 645 1552 712 fuisse,
1605 647 1702 701 nisi
1747 660 1992 715 magnum

413 738 629 793 adesset
646 736 828 806 gratia:
854 737 944 792 Dei
967 736 1259 790 auxilium?

491 828 544 882 5.
569 826 808 897 Magnam
827 843 930 879 esse
948 826 1211 880 sacerdotii
1223 834 1512 894 potestatem
1539 836 1583 878 et
1595 826 1905 893 dignitatem.
1925 854 1992 865 —

414 919 468 973 Si
501 918 617 987 quis
645 917 785 970 enim
814 932 992 970 secum
1018 925 1226 988 reputet
1249 926 1504 984 quantum
1536 916 1660 968 illttd
1688 918 1772 980 sit,
1805 931 1994 984 nempe

417 1014 687 1064 hominem
718 1026 877 1065 carne
902 1020 954 1064 et
994 1010 1248 1080 sanguine
1290 1010 1576 1063 involutum
1600 1051 1616 1075 ,
1661 1025 1824 1078 prope
1860 1002 1991 1063 Bea-

419 1112 524 1156 tam
573 1102 714 1155 illam
759 1111 812 1156 et
859 1102 1206 1154 immortalem
1255 1109 1494 1153 naturam
1540 1100 1823 1159 constitui.
1872 1108 1994 1153 tunc

420 1192 585 1259 probe
617 1191 867 1261 intelliget
899 1202 1092 1260 quanto
1127 1190 1330 1245 honore
1362 1190 1588 1259 Spiritus
1615 1191 1781 1258 gratia
1809 1205 1991 1244 Sacer-

421 1283 570 1336 dotes
600 1282 889 1336 ornaverit.
940 1281 1068 1335 Nam
1095 1297 1190 1352 per
1216 1297 1308 1337 eos
1348 1282 1461 1335 haec
1505 1291 1824 1350 peraguntur
1858 1281 1992 1335 alia-

419 1388 523 1439 que
555 1372 637 1425 his
667 1372 832 1426 nihilo
859 1370 1106 1424 inferiora
1133 1413 1147 1437 ,
1175 1387 1291 1441 qum
1317 1372 1381 1425 ad
1407 1370 1678 1440 dignitatis
1700 1371 1993 1439 salutisque

426 1470 617 1514 nostra:
647 1460 905 1515 rationem
936 1470 1193 1531 spectant.
1247 1462 1452 1515 Etenim
1494 1462 1581 1530 qui
1629 1471 1819 1514 terram
1850 1461 1995 1514 inco-

421 1550 539 1603 lunt
563 1550 612 1602 in
639 1564 809 1619 eaque
835 1560 1247 1615 commorantur,
1281 1551 1345 1603 ad
1377 1566 1436 1604 ea
1468 1566 1587 1619 qua:
1616 1551 1667 1604 in
1696 1552 1838 1605 czelis
1864 1560 1989 1605 sunt

421 1639 773 1707 dispensanda
812 1640 1079 1693 commissi
1117 1648 1276 1703 sunt,
1324 1648 1741 1708 potestatemque
1770 1655 1993 1707 accepe-

420 1741 579 1793 runt,
612 1745 767 1798 quam
800 1745 971 1799 neque
1018 1731 1217 1799 angelis
1258 1746 1428 1799 neque
1472 1731 1802 1801 archangelis
1850 1731 1997 1786 dedit

423 1820 580 1873 Deus.
651 1818 833 1888 Neque
881 1821 1020 1874 enim
1061 1820 1178 1889 illis
1223 1819 1419 1874 dictum
1475 1832 1557 1873 est
1601 1839 1614 1875 :
1661 1821 1997 1891 Qumcumqne

420 1910 689 1981 ligaveritis
709 1913 758 1965 in
787 1922 938 1977 terra,
966 1923 1110 1966 erunt
1137 1913 1293 1983 ligata
1319 1923 1363 1966 et
1398 1915 1448 1967 in
1480 1913 1602 1967 ca'lo
1619 1929 1639 1977 ;
1671 1923 1714 1967 et
1739 1931 1994 1984 qmrcum-

418 2015 513 2070 que
536 2002 777 2057 soloeritis
806 2004 856 2056 in
889 2014 1020 2057 terra
1039 2046 1054 2070 ,
1096 2015 1240 2059 erunt
1275 2008 1442 2059 soluta
1479 2015 1524 2059 et
1550 2007 1600 2059 in
1627 2007 1750 2060 casio
1782 2007 1991 2077 (.llatth.

421 2091 507 2145 i8.
546 2091 651 2163 ιε).
702 2093 908 2147 iiabent
947 2095 1159 2165 quidem
1204 2095 1277 2162 ii,
1323 2097 1494 2165 quiin
1525 2106 1663 2151 terra
1710 2097 1992 2166 imperant,

421 2191 730 2250 potestatem
769 2183 994 2252 ligandi,
1033 2200 1215 2239 verum
1258 2200 1480 2255 corpora
1519 2188 1689 2241 solum
1726 2205 1739 2241 :
1773 2186 1872 2241 hoc
1901 2203 1996 2242 au-

420 2280 525 2326 tem
554 2273 821 2329 vinculum
844 2274 1008 2344 ipsam
1038 2276 1247 2345 attingit
1274 2277 1527 2344 animam,
1556 2278 1818 2347 ca'losqne
1847 2288 1991 2333 tran-

418 2361 625 2417 scendit
658 2382 670 2417 :
701 2379 763 2419 ac
802 2380 1150 2434 quzecumque
1191 2365 1396 2421 inferne
1439 2367 1741 2422 sacerdotes
1769 2366 1987 2436 faciunt,

417 2450 605 2507 eadem
637 2454 774 2510 Deus
816 2470 1045 2525 superne
1089 2457 1403 2523 conﬁrmat;
1453 2473 1831 2529 servorumque
1874 2476 1995 2514 sen-

418 2544 636 2599 tentiam
682 2546 794 2615 ipse
825 2546 1078 2601 Dominus
1104 2556 1272 2602 ratam
1312 2547 1452 2601 facit.
1496 2548 1631 2617 Quid
1672 2551 1811 2605 enim
1851 2550 1992 2606 aliud

417 2635 521 2689 illis
546 2635 711 2702 dedit,
742 2653 899 2706 quam
925 2653 1136 2692 omnem
1165 2640 1452 2695 caelestium
1485 2651 1797 2710 potestatem
1820 2646 1843 2696 ‘t
1868 2660 1991 2699 nam

420 2726 681 2793 Quorum,
725 2726 924 2797 inquit,
964 2728 1252 2783 remiseritis
1292 2740 1495 2798 peccata
1520 2772 1533 2796 ,
1562 2733 1917 2802 remittuntur;
1945 2747 1990 2789 et

414 2830 626 2883 quorum
654 2817 953 2872 minueritis
975 2858 990 2881 ,
1020 2827 1207 2872 retenta
1234 2829 1350 2873 sunt
1386 2818 1562 2892 (Joan.
1595 2820 1683 2876 20.
1717 2822 1830 2891 25).
1861 2824 1990 2892 ρυλε

417 2903 587 2975 major
613 2904 712 2960 liae
737 2917 972 2976 potestas
1000 2907 1195 2963 fuerit?
1228 2910 1387 2964 Omne
1399 2911 1647 2980 judicium
1675 2912 1810 2967 dedit
1837 2916 1989 2969 Pater

420 2998 553 3052 Filio
580 2997 752 3070 (Joan.
782 3000 836 3055 5.
863 3000 954 3070 22)
992 3019 1005 3055 :
1038 3002 1293 3072 videoque
1323 3004 1492 3073 ipsum
1520 3020 1678 3060 omne
1721 3006 1851 3074 ipsis
1878 3016 1989 3060 tra—

412 3091 579 3169 ditum
609 3107 637 3144 a
666 3092 801 3147 Filio
830 3109 967 3149 esse.
1000 3096 1077 3150 Ac
1106 3095 1148 3148 si
1179 3096 1318 3150 enim
1339 3095 1447 3165 jam
1481 3096 1531 3150 in
1562 3097 1723 3165 crplos
1750 3099 1989 3154 translati

412 3193 627 3248 essent,
669 3192 829 3253 atque
860 3184 1143 3239 humanam
1189 3195 1429 3239 naturam
1479 3198 1919 3257 ex3uperassent,
1959 3204 1987 3243 a

413 3274 609 3327 nostris
649 3274 923 3329 aliectibus
964 3275 1208 3341 liberati,
1258 3276 1326 3330 ita
1376 3277 1425 3331 in
1470 3287 1672 3333 tantum
1705 3280 1985 3349 imperium

411 3367 580 3422 cvecti
611 3376 753 3421 sunt.
798 3368 877 3421 Ad
916 3367 1031 3423 hanc
1053 3409 1068 3433 ,
1112 3369 1156 3422 si
1198 3369 1487 3438 imperator
1522 3371 1849 3426 subditorum
1875 3373 1988 3426 cui-

413 3458 551 3527 piam
603 3458 744 3512 hunc
798 3457 1053 3513 honorem
1110 3461 1430 3527 contulerit,
1484 3471 1540 3515 ut
1586 3477 1719 3532 quos
1774 3464 1986 3518 libuerit

410 3548 579 3613 possit
632 3549 683 3602 in
727 3564 994 3603 carcerem
1043 3551 1309 3618 coojicere
1357 3551 1582 3621 indeque
1623 3567 1849 3616 eruere,
1897 3553 1987 3609 ille

409 3637 749 3693 admirandus
786 3646 841 3692 et
879 3640 1198 3708 conspicuus
1235 3640 1374 3709 apud
1412 3656 1598 3696 omnes
1644 3641 1893 3706 habetur;
1933 3650 1988 3696 at

410 3730 453 3779 is
475 3728 614 3796 quia
642 3729 747 3783 Deo
766 3737 913 3784 tanto
934 3729 1187 3799 majorem
1214 3742 1524 3800 potestatem
1544 3733 1765 3802 accepit,
1788 3743 1986 3803 quanto

408 3816 596 3870 etiam
645 3826 782 3872 terra
816 3820 1207 3888 pretiosiusest
1225 3861 1239 3886 ,
1268 3830 1324 3876 et
1347 3833 1544 3893 quanto
1569 3824 1761 3878 anima:
1789 3838 1983 3893 corpo-

408 3904 555 3959 ribus
575 3948 589 3973 ,
634 3908 701 3960 ita
737 3909 988 3979 exiguum
1025 3912 1291 3967 nonnullis
1316 3913 1523 3968 videtur
1549 3913 1803 3969 honorem
1826 3929 1985 3969 acce-

409 3996 571 4064 pisse,
619 4008 675 4052 ut
699 4000 916 4071 cogitari
948 4002 1131 4070 possit,
1176 4006 1474 4075 quempiam
1502 4006 1604 4062 hoc
1633 4007 1732 4062 sibi
1762 4022 1986 4062 concre-

406 4088 575 4142 ditum
619 4090 815 4145 donum
857 4092 1153 4164 deSpicere.
1204 4098 1385 4166 Apage
1427 4098 1684 4153 insaniam
1721 4117 1735 4154 :
1779 4100 1981 4155 insania

407 4187 635 4242 namque
661 4175 937 4231 manifesta
967 4186 1065 4241 est,
1095 4187 1294 4233 tantum
1314 4182 1662 4250 principatum
1682 4183 1980 4253 despicere,

406 4263 522 4318 sine
551 4280 655 4334 quo
682 4280 850 4343 neque
878 4267 1098 4322 salutem
1134 4284 1305 4339 neque
1338 4273 1594 4341 promissa
1623 4273 1759 4328 bona
1784 4289 1979 4329 conse—

404 4353 493 4422 qui
540 4368 839 4422 possumus.
887 4357 1018 4412 Nam
1066 4360 1109 4413 si
1158 4376 1262 4414 non
1310 4371 1487 4431 potest
1535 4364 1652 4432 quis
1701 4363 1899 4418 intrare
1928 4365 1979 4419 in

405 4461 627 4516 regnum
656 4448 922 4515 carlorum,
957 4452 1053 4506 nisi
1084 4469 1177 4522 per
1200 4471 1388 4523 aquam
1416 4464 1469 4509 et
1490 4456 1731 4526 Spiritum
1764 4474 1983 4529 regene-

402 4546 548 4591 ratus
585 4537 739 4592 l‘ucrit
766 4539 942 4610 (Joan.
977 4544 1029 4598 5.
1056 4546 1151 4613 5);
1198 4556 1249 4601 et
1279 4549 1368 4616 qui
1399 4564 1502 4602 non
1547 4550 1829 4605 manducat
1857 4568 1977 4605 car-

410 4643 529 4682 nem
575 4629 816 4698 Domini,
863 4649 961 4688 nec
988 4634 1117 4690 bibit
1147 4637 1260 4707 ejus
1286 4643 1615 4710 sanguinem,
1649 4654 1845 4697 :eterna
1872 4648 1976 4699 vita

407 4719 642 4787 privatur
667 4719 843 4791 (Joan.
875 4723 927 4777 6.
956 4724 1046 4794 5i)
1079 4743 1092 4778 :
1121 4727 1235 4783 hinc
1260 4741 1436 4784 autem
1468 4732 1642 4785 omnia
1672 4748 1774 4787 non
1800 4734 1973 4803 aliter,

404 4826 563 4877 quam
593 4810 922 4880 per'sanctas
964 4817 1078 4870 illas
1120 4834 1306 4876 manus
1330 4864 1343 4886 ,
1387 4824 1721 4878 sacerdotum
1761 4841 1973 4896 nempe,

404 4902 790 4971 perﬁciuntur:
823 4906 940 4974 quis
985 4907 1101 4961 sine
1144 4908 1345 4963 illarum
1391 4927 1552 4980 opera
1592 4923 1682 4968 aut
1723 4914 1978 4985 gehennae

408 4991 581 5063 ignem
601 4992 851 5064 etingere,
875 5007 965 5051 aut
991 4999 1246 5064 repositas
1264 5003 1473 5072 assequi
1500 5018 1724 5060 coronas
1752 5007 1981 5075 poterit?

475 5085 527 5139 6.
561 5085 804 5155 Magnum
832 5105 937 5141 esse
965 5092 1280 5144 sacerdotum
1309 5110 1508 5149 munus.
1538 5125 1609 5135 -—
1650 5096 1710 5150 ili
1751 5114 1977 5168 namque

402 5189 561 5244 sunt,
596 5178 648 5231 hi
677 5190 818 5246 sunt,
848 5182 1035 5251 quibus
1057 5185 1343 5238 conrrediti
1370 5197 1493 5240 sunt
1520 5188 1820 5257 spirituales
1850 5207 1974 5260 par-

405 5277 489 5321 tus
517 5278 570 5323 et.
605 5271 874 5333 generatio
920 5289 1011 5340 per
1053 5274 1369 5342 btptismum
1403 5295 1416 5331 :
1452 5294 1544 5345 per
1579 5279 1677 5334 hos
1704 5281 1970 5337 Christum

403 5359 686 5416 induimus.
714 5372 764 5416 et
790 5378 907 5416 cum
943 5365 1073 5418 Filio
1103 5366 1190 5420 Dei
1223 5370 1507 5435 sepeliatur
1531 5412 1544 5434 ,
1572 5373 1804 5426 tnembra
1833 5374 1973 5429 beati

403 5448 541 5503 itlms
569 5455 754 5522 capitis
793 5454 1068 5510 efﬁcimur.
1120 5456 1192 5513 ita
1223 5475 1324 5513 non
1368 5461 1525 5515 modo
1568 5465 1888 5534 principibus
1914 5482 1975 5523 ac

403 5541 613 5610 regibus
656 5546 1092 5603 formidabiliores
1118 5591 1132 5613 ,
1178 5551 1269 5605 sed
1300 5554 1530 5622 patribus
1558 5556 1715 5608 etiam
1747 5572 1972 5611 venera-

400 5630 614 5688 biliorcs
648 5636 798 5691 nobis
818 5639 937 5706 jure
968 5642 1177 5698 iuerint.
1225 5645 1299 5698 illi
1345 5646 1484 5701 enim
1521 5663 1583 5701 ex
1629 5651 1970 5721 sanguinibus

1124 257 1181 310 δ.
1219 256 1495 311 ΙΟΑΝΝΙΞ
1533 252 2006 325 CHRYSOSTOMI
2047 250 2363 307 ARCliiEi‘.
2409 251 2943 307 CONSTANTINOP.

3572 247 3672 303 6H

2098 380 2271 436 exque
2302 364 2569 420 voluntate
2591 366 2770 422 carnis
2805 380 2904 421 nos
2941 372 3267 435 genuerunt;
3302 361 3355 416 hi
3387 376 3513 418 vero
3539 362 3677 417 illius

2099 473 2221 533 qure
2260 473 2323 511 ex
2361 457 2469 512 Deo
2509 466 2590 512 est
2634 458 2993 527 generationis
3045 454 3196 511 nobis
3238 462 3483 511 auctores
3528 463 3672 517 sunt,

2101 549 2269 604 beatae
2295 564 2484 619 nempe
2528 549 2667 604 illius
2712 548 3166 619 regenerationis,
3212 560 3351 601 verae
3399 545 3675 608 libertatis,

2099 649 2153 693 ct
2182 639 2320 694 illius
2357 656 2475 710 qure
2514 640 2804 695 secundum
2828 639 3052 709 gratiam
3080 647 3160 693 est
3190 636 3509 706 adoptionis.
3540 631 3673 689 Cor-

2101 731 2243 799 poris
2267 730 2462 798 lepram
2493 745 2736 800 purgare,
2767 730 2872 782 itno
2900 729 3074 798 potius
3099 726 3398 781 nullatenus
3429 740 3676 795 purgare,

2099 820 2192 874 sed
2224 831 2471 889 purgatos
2511 822 2734 890 probare
2776 830 2978 874 tantum
3004 859 3019 884 ,
3052 819 3355 874 Judaeorum
3385 815 3677 873 sacerdoti-
3740 808 3745 811 Α

2102 910 2199 965 bus
2243 911 2433 965 licebat
2474 910 2655 981 (Lavit.
2683 910 2770 982 ii)
2801 928 2814 964 :
2844 920 2899 966 et
2941 920 3116 965 tamen
3162 910 3298 963 nosti
3327 917 3518 978 quanta
3552 919 3677 963 tunc

2099 1009 2241 1054 esset
2272 1015 2366 1068 pro
2406 1001 2717 1055 sacerdotali
2758 1001 3015 1071 dignitate
3051 1001 3398 1054 concertatio.
3441 999 3502 1053 iii
3543 1015 3678 1053 vero

2100 1109 2205 1147 non
2234 1094 2432 1162 lepram
2461 1093 2700 1162 corporis
2720 1136 2732 1158 ,
2764 1093 2859 1149 sed
2886 1092 3272 1148 immunditiam
3304 1093 3496 1146 anima:
3521 1132 3537 1156 ,
3568 1107 3676 1147 non

2101 1197 2370 1256 purgatam
2400 1187 2675 1256 probandi,
2708 1189 2799 1241 sed
2833 1202 3046 1256 prorsus
3071 1186 3322 1257 purgandi
3355 1190 3676 1256 potestatem

2099 1289 2447 1346 acet-perunt;
2484 1280 2552 1333 ita
2578 1279 2747 1349 utqui
2779 1279 2922 1347 ipsiis
2950 1287 3298 1333 contemnunt
3325 1318 3339 1341 ,
3371 1277 3526 1346 longe
3554 1292 3680 1332 sce-

2098 1369 2374 1424 leratiores
2418 1378 2473 1424 et
2519 1372 2760 1438 graviore
2800 1369 3060 1437 supplicio
3100 1368 3372 1437 digniores
3415 1369 3520 1422 sint
3562 1368 3679 1433 ipso

2101 1460 2302 1513 Dathan
2328 1468 2382 1514 et
2407 1461 2564 1515 sociis
2589 1460 2703 1528 ejus
2730 1458 2912 1530 (Num.
2948 1461 3055 1529 ili).
3090 1460 3165 1513 Illi
3196 1460 3366 1527 enim,
3398 1461 3499 1513 etsi
3535 1460 3680 1528 prin-

2098 1551 2326 1619 cipatum
2348 1550 2413 1604 ad
2441 1565 2498 1604 se
2521 1567 2622 1604 non
2653 1560 2979 1619 Spectantem
3009 1551 3106 1605 sibi
3134 1550 3498 1623 vindicarent,
3539 1560 3679 1605 atta-

2099 1655 2220 1694 men
2265 1641 2452 1694 miram
2492 1641 2773 1710 quamdam
2802 1642 2870 1695 de
2910 1642 3000 1695 illo
3042 1641 3345 1710 opinionem
3391 1640 3675 1707 habebant,

2098 1740 2156 1785 ut
2180 1747 2247 1785 ex
2267 1747 2458 1802 magno
2484 1733 2622 1787 illius
2645 1733 2906 1788 desiderio
2928 1733 3101 1802 palam
3127 1731 3390 1787 faciebant
3415 1749 3428 1786 :
3457 1731 3509 1785 lti
3527 1747 3677 1799 vero,

2099 1831 2375 1891 postquam
2419 1821 2773 1876 sacerdotium
2814 1832 3089 1890 tantopere
3128 1830 3372 1875 ornatqu
3402 1830 3511 1882 est,
3564 1831 3680 1874 tau-

2101 1920 2318 1982 tumque
2355 1913 2556 1982 accepit
2591 1913 2973 1967 incrementum
2998 1955 3013 1980 ,
3047 1922 3231 1967 contra
3256 1928 3413 1982 quam
3445 1913 3551 1977 illi,
3582 1912 3677 1967 sed

2100 2012 2274 2058 tamen
2303 2005 2458 2074 longe
2485 2005 2726 2075 graviora
2763 2005 2875 2060 ausi
2906 2015 3048 2059 sunt.
3096 2005 3278 2075 Neque
3303 2006 3443 2060 enim
3472 2021 3567 2075 par
3594 2016 3679 2059 est

2098 2104 2456 2164 contemptus,
2484 2112 2588 2149 non
2621 2106 3005 2166 competentem
3034 2098 3132 2151 sibi
3170 2097 3424 2168 honorem
3451 2097 3675 2163 ambire,

2098 2193 2153 2238 et
2183 2193 2320 2239 tanta
2350 2185 2486 2238 bona
2531 2185 2835 2253 despicere;
2887 2185 2978 2240 sed
3024 2194 3168 2239 tanto
3206 2186 3420 2255 gravius
3449 2186 3548 2239 hoc
3580 2186 3671 2239 illo

2098 2283 2217 2337 est,
2263 2284 2514 2344 quantum
2559 2284 2639 2329 est
2690 2275 2827 2329 inter
2870 2274 3136 2331 fastidium
3173 2285 3229 2331 et
3270 2276 3673 2331 admirationem

2097 2364 2448 2418 intervallum.
2494 2363 2621 2431 Quis
2648 2365 2719 2419 ita
2746 2366 2910 2420 miser
2934 2366 3107 2427 inn-rit,
3144 2374 3200 2419 ttt
3228 2374 3306 2419 tot
3330 2366 3464 2420 bona
3494 2366 3677 2435 desiti-

2096 2454 2241 2508 ciat?
2290 2454 2569 2509 Neminem
2597 2454 2820 2509 dixerint
2844 2495 2861 2520 ,
2897 2456 2992 2509 nisi
3022 2455 3140 2525 quis
3169 2455 3430 2511 diabolico
3459 2455 3677 2511 stimulo

2097 2545 2409 2600 concitetur.
2462 2545 2659 2600 Verum
2708 2560 2772 2599 eo
2810 2545 2920 2615 jam
2966 2545 3182 2612 redibo,
3231 2545 3371 2601 unde
3407 2545 3676 2616 digressus

2096 2653 2212 2691 sum
2243 2655 2255 2689 :
2284 2654 2452 2708 neque
2480 2639 2621 2694 enim
2665 2639 2717 2693 in
2748 2638 3014 2708 puniendo
3039 2640 3211 2693 solum
3237 2681 3253 2706 ,
3293 2639 3387 2695 sed
3427 2641 3586 2694 ctiam
3617 2640 3671 2694 iu

2096 2727 2474 2792 bcneiacicndo
2502 2730 2754 2797 majorem
2782 2730 3145 2784 sacerdotibus
3172 2746 3328 2801 quam
3359 2732 3669 2798 parentibus

2096 2827 2409 2885 potestatein
2436 2818 2581 2872 dedit
2615 2819 2752 2872 Deus
2781 2835 2795 2872 :
2822 2828 3078 2889 tantaque
3114 2828 3195 2875 est
3233 2820 3373 2876 inter
3415 2830 3673 2892 utrosque

2094 2906 2409 2973 differentia,
2440 2920 2632 2978 quanta
2656 2909 2793 2964 inter
2820 2920 3130 2980 prtesentem
3156 2919 3209 2965 et
3229 2909 3457 2965 futuram
3486 2913 3668 2966 vitam.

2093 2997 2224 3052 Nam
2248 2998 2316 3052 illi
2348 2998 2560 3069 quidem
2583 3000 2634 3053 in
2659 2999 2693 3053 h
2712 3015 2794 3055 inc
2810 3002 2990 3067 vitam,
3015 3001 3065 3055 hi
3093 3002 3144 3055 in
3166 3000 3391 3057 futuram
3409 3003 3629 3074 gignunt
3654 3019 3667 3054 :

2094 3099 2250 3160 atque
2281 3089 2353 3143 illi
2389 3105 2454 3144 ne
2493 3090 2822 3160 corporalem
2863 3091 3074 3161 quidem
3119 3092 3389 3148 interitum
3416 3112 3444 3146 a
3488 3093 3671 3148 liberis

2092 3184 2297 3238 amoliri
2347 3194 2607 3253 possunt,
2659 3200 2765 3238 non
2814 3185 3144 3255 ingruentem
3192 3185 3436 3241 morbum
3491 3186 3673 3255 depcl-

2092 3274 2234 3338 lere;
2289 3273 2342 3329 hi
2388 3289 2517 3328 vero
2556 3284 2847 3344 a'gramet
2894 3291 3017 3330 mox
3065 3276 3394 3331 interituram
3432 3277 3664 3333 animam

2091 3380 2233 3434 sape
2261 3373 2557 3429 servarunt,
2592 3365 2709 3419 aliis
2736 3365 3094 3420 remissiorem
3123 3381 3331 3435 poenam
3359 3366 3664 3430 reddentes,

2091 3457 2222 3511 alios
2250 3470 2464 3526 prorsus
2502 3456 2605 3511 labi
2634 3471 2738 3511 non
2781 3457 3051 3521 sitientes;
3095 3458 3251 3528 idque
3281 3472 3383 3513 non
3412 3458 3668 3512 doctrina:

2093 3559 2294 3605 tantum
2321 3558 2481 3620 atque
2504 3550 2873 3616 monitionum,
2900 3548 2992 3604 sed
3014 3549 3172 3603 etiam
3196 3550 3491 3604 orationum
3519 3549 3673 3603 auxi-

2091 3639 2183 3694 lio.
2233 3638 2413 3708 Neque
2459 3640 2600 3692 enim
2648 3648 2853 3694 tantum
2890 3653 3009 3693 cum
3054 3655 3151 3694 nos
3196 3649 3543 3709 regenerant,
3572 3639 3667 3693 sed

2091 3730 2250 3784 etiam
2273 3738 2391 3798 post
2409 3730 2864 3799 regenerationem
2880 3728 3108 3783 admissa
3132 3741 3345 3798 peccata
3361 3728 3665 3784 condonare

2093 3829 2333 3890 possunt.
2360 3817 2490 3873 Nam
2524 3816 2855 3887 lnﬁrmatur,
2888 3820 3090 3890 inquit,
3128 3820 3239 3890 quis
3269 3820 3321 3874 in
3351 3819 3526 3873 vobis?
3565 3819 3664 3872 ad-

2089 3920 2224 3964 vocet
2253 3908 2563 3980 presbyteros
2590 3908 2829 3962 Ecclesire
2848 3918 2937 3976 ,‘et
2963 3919 3104 3964 orent
3132 3926 3284 3979 super
3311 3925 3370 3963 eo
3386 3919 3665 3979 ,.ungentes

2089 4016 2202 4054 eum
2242 4000 2349 4054 oleo
2386 4000 2439 4053 in
2474 3999 2673 4053 nomine
2701 3998 2924 4054 Domini.
2980 3999 3247 4054 Et‘oratio
3292 4000 3413 4070 ﬁdei
3457 4000 3669 4054 salvabit

2088 4097 2343 4165 inﬁrmum
2372 4112 2391 4151 :
2417 4106 2465 4150 et
2489 4096 2720 4151 excitabit
2752 4113 2863 4150 eum
2893 4093 3143 4150 Dominus
3171 4110 3189 4149 :
3214 4106 3261 4147 et
3287 4095 3329 4149 si
3365 4086 3565 4165 peccata
3592 4096 3671 4165 [e-

2087 4188 2544 4249 cerit,remittentur
2563 4188 2608 4240 ei
2634 4185 2772 4259 (Jac.
2803 4187 2855 4242 5.
2888 4188 2972 4241 Li.
3004 4187 3115 4257 15).
3149 4188 3366 4256 Insuper
3392 4187 3665 4241 naturales

2089 4287 2373 4348 parentes,
2427 4278 2470 4332 si
2517 4278 2663 4332 viros
2713 4279 2969 4348 quosdam
3020 4279 3283 4349 principes
3326 4285 3381 4332 et
3421 4287 3667 4347 potentes

2086 4383 2271 4424 eorum
2317 4368 2464 4422 liberi
2505 4367 2820 4423 olTenderint
2844 4408 2858 4430 ,
2908 4383 3062 4437 Opem
3095 4369 3224 4437 ipsis
3249 4368 3445 4422 nullam
3470 4368 3667 4422 ali'erte

2089 4470 2326 4529 possunt.
2354 4460 2665 4515 Sacerdotes
2708 4475 2837 4514 vero
2876 4473 2982 4513 non
3012 4459 3273 4529 principes
3297 4500 3312 4524 ,
3346 4473 3450 4512 non
3485 4472 3662 4527 reges,

2087 4551 2181 4606 sed
2231 4551 2400 4622 ipsum
2446 4552 2614 4607 Deum
2665 4552 2855 4606 iratum
2897 4550 3002 4607 illis
3045 4565 3187 4621 saepe
3230 4549 3663 4605 reconciliarent.

2086 4644 2168 4697 An
2208 4654 2388 4713 postea
2440 4643 2698 4713 quispiam
2744 4644 2883 4698 ausit
2926 4658 3024 4697 nos
3064 4642 3329 4713 superbia:
3366 4641 3665 4695 accusare?

2087 4732 2200 4803 Ego
2227 4734 2365 4786 enim
2396 4749 2459 4788 ex
2483 4733 2592 4803 jam
2620 4732 2776 4787 dictis
2819 4744 3019 4787 tantam
3062 4741 3189 4801 puto
3230 4733 3535 4801 religionem
3562 4745 3659 4783 au-

2084 4823 2315 4879 ditorum
2343 4826 2545 4879 animos
2567 4839 2857 4894 occupasse
2877 4864 2892 4888 ,
2927 4833 2983 4878 ut
3013 4839 3116 4877 non
3147 4824 3280 4877 ultra
3303 4838 3424 4891 eos,
3453 4823 3539 4892 qui
3575 4821 3663 4875 fu-

2084 4917 2270 4987 giunt;
2303 4916 2393 4970 sed
2425 4932 2518 4971 eos
2539 4917 2628 4986 qui
2668 4925 2856 4984 su0pte
2887 4925 3029 4968 motu
3058 4914 3347 4977 accedunt,
3378 4926 3430 4970 et
3458 4924 3661 4967 tantum

2084 5009 2183 5064 sibi
2226 5009 2464 5062 ambiunt
2512 5007 2799 5066 honorem.
2846 5005 3158 5076 arrogantia:
3201 5015 3254 5059 et
3292 5003 3526 5058 audacia:
3562 5003 3661 5057 da-

2083 5110 2284 5155 mnent.
2329 5099 2458 5154 Nam
2489 5100 2532 5153 si
2565 5099 2597 5152 ii
2635 5099 2826 5167 quibus
2859 5097 3130 5152 civitatum
3160 5096 3500 5166 magistratus
3524 5110 3656 5148 con-

2083 5193 2269 5249 crediti
2313 5200 2468 5258 sunt,
2514 5191 2612 5245 nisi
2655 5189 2939 5244 admodum
2982 5189 3268 5258 prudentes
3292 5203 3355 5243 ac
3383 5187 3660 5258 vigilantes

2083 5283 2276 5337 iuerint
2296 5324 2311 5348 ,
2352 5297 2492 5351 saepe
2520 5280 2899 5350 rempublicam
2927 5281 3237 5349 seipsosque
3265 5280 3420 5335 simul
3449 5280 3499 5332 in
3531 5293 3658 5348 per-

2084 5375 2275 5429 niciem
2324 5373 2623 5439 dederunt,
2674 5374 2760 5443 qui
2810 5372 3006 5427 Christi
3062 5387 3314 5442 sponsam
3362 5372 3654 5427 ornandam

2083 5467 2333 5535 suscipit,
2361 5476 2556 5537 quanta
2588 5466 2679 5520 tibi
2709 5465 2912 5520 videtur
2941 5474 3201 5535 potestate
3229 5464 3464 5536 indigere
3486 5505 3503 5529 ,
3544 5474 3655 5519 tum

2082 5573 2197 5623 sua,
2229 5568 2338 5612 tum
2369 5572 2595 5626 superne
2623 5556 2741 5611 data
2770 5566 2829 5612 ut
2854 5572 2959 5612 non
2987 5557 3211 5627 peccet?

2156 5652 2206 5704 7.
2243 5650 2418 5720 Ipsum
2449 5651 2595 5703 etiam
2630 5648 2846 5703 Paulum
2876 5649 3172 5721 formidasse
3203 5652 3556 5707 sacerdotium.
3589 5678 3659 5692 -
