4050 6160
304 334 402 390 615

302 447 461 502 Homo
484 442 746 500 Christum
772 444 939 515 magis
961 460 1119 516 quam
1132 446 1331 503 Paulus
1350 447 1554 518 dilexit,
1577 464 1734 504 nemo
1757 440 1868 511 ma-

298 544 381 610 jus
401 536 684 608 quam,ille
720 537 951 593 studium
982 538 1252 606 exhibuit,
1283 555 1441 595 neruo
1480 540 1875 612 majoregratia

303 628 537 697 dignatus
580 636 681 683 est.
723 628 970 699 Attamen
1022 638 1103 686 tot
1147 629 1309 691 fultus
1351 630 1621 702 praeclaris
1661 631 1875 691 dotibus

304 721 471 776 adhuc
518 719 735 775 timebat
781 721 1165 792 tremebatque,
1200 732 1308 777 tum
1339 723 1666 793 principatus
1690 721 1877 792 hujus-

307 811 465 877 modi,
496 821 603 867 tum
630 810 962 868 subditorum
987 829 1146 869 causa
1171 832 1183 867 :
1213 813 1383 870 Timeo
1408 814 1576 879 enim,
1602 813 1791 884 inquit,
1817 829 1880 867 ne

304 904 423 959 sicut
449 919 654 971 serpens
674 901 835 958 Evam
853 904 1053 960 seduxit
1074 905 1261 961 astutia
1290 922 1382 960 sua
1400 946 1416 968 ,
1448 906 1520 960 ita
1543 921 1878 975 corrumpan-

306 1004 382 1048 tur
414 1010 588 1048 sensus
629 994 781 1048 vestri
822 1011 854 1047 a
890 995 1246 1065 simplicitate,
1295 1011 1410 1068 qua:
1458 1005 1531 1051 est
1580 997 1635 1050 in
1681 995 1881 1053 Christo

309 1084 401 1155 (2.
429 1082 546 1139 Cor.
569 1072 773 1156 11.3)
806 1102 820 1143 :
850 1100 912 1140 ac
953 1102 1163 1141 rursum
1193 1104 1207 1140 :
1240 1084 1307 1144 In
1351 1087 1528 1143 timore
1574 1095 1625 1141 et
1652 1096 1883 1144 circuiere

305 1176 458 1230 multo
487 1179 653 1247 factus
672 1193 785 1231 sum
811 1177 880 1230 ad
901 1192 987 1232 vos
1016 1175 1101 1250 (1.
1131 1176 1250 1233 Cor.
1278 1177 1333 1237 2.
1365 1178 1435 1249 5)
1462 1196 1475 1232 :
1505 1177 1666 1233 homo
1691 1178 1742 1232 itt
1770 1186 1880 1232 ter-

311 1263 440 1320 tium
462 1262 653 1316 caelum
678 1271 867 1333 raptus
903 1271 1067 1335 atque
1092 1267 1313 1323 areanis
1335 1264 1434 1324 Dei
1465 1268 1879 1323 communicans

312 1351 385 1423 (2
406 1351 530 1409 Cor.
560 1353 649 1412 12.
674 1338 730 1421 Ξ)
751 1394 767 1422 ,
806 1362 989 1425 totque
1018 1372 1312 1427 perpessus
1342 1367 1571 1424 mortes,
1603 1365 1736 1429 quot
1758 1358 1877 1412 dies

308 1452 427 1514 post
461 1451 774 1512 susceptam
811 1442 969 1498 fidem
1006 1447 1215 1500 vixerat
1245 1462 1260 1499 :
1298 1447 1462 1505 homo
1494 1447 1590 1523 qui
1619 1448 1744 1502 data
1783 1462 1880 1517 per

305 1537 567 1594 Christum
620 1547 883 1607 potestate
922 1539 995 1593 uti
1040 1539 1240 1605 noluit,
1288 1556 1355 1595 ne
1396 1541 1515 1608 quis
1553 1540 1881 1594 credentium

309 1622 860 1685 scandalizaretur.‘Si
882 1630 1040 1701 igitur
1062 1630 1169 1695 ille,
1194 1631 1281 1700 qui
1308 1632 1530 1701 majora,
1561 1646 1718 1701 quam
1743 1647 1883 1706 pra:-

306 1731 448 1791 cepta
481 1721 577 1776 Dei
601 1724 616 1754 ¹
648 1722 865 1786 ferrent,
894 1732 1191 1796 prmstaret,
1235 1734 1288 1779 et
1334 1740 1591 1796 nusquam
1637 1741 1755 1795 qua:
1789 1741 1882 1779 sua

305 1824 446 1871 erant
470 1823 774 1884 quaereret,
805 1804 899 1869 sed
932 1830 1049 1884 qua:
1074 1815 1401 1870 subditorum
1424 1857 1438 1880 ,
1469 1815 1538 1868 ita
1579 1814 1887 1870 formidolo—

306 1921 388 1965 Sus
415 1915 531 1961 erat
550 1948 566 1969 ,
586 1910 714 1963 ‘cum
745 1905 811 1965 ad
841 1906 1166 1978 principatus
1196 1906 1613 1977 magnitudinem
1646 1907 1884 1976 respice-

307 2008 410 2064 ret,
436 1996 567 2065 quid
586 1986 859 2052 faciemus
890 2014 987 2052 nos
1010 2042 1025 2063 ,
1054 1998 1142 2069 qui
1179 2013 1323 2068 saepe
1349 2008 1532 2053 nostra
1560 1997 1847 2069 quaerimus
1866 2036 1883 2061 ,

306 2090 386 2158 qui
415 2088 616 2143 Christi
649 2088 895 2142 mandata
922 2088 1026 2143 non
1068 2089 1238 2141 solum
1270 2104 1375 2143 non
1408 2101 1762 2158 superamus,
1793 2085 1887 2141 sed

306 2178 479 2247 majori
507 2194 580 2233 ex
613 2188 760 2248 parte
790 2177 1243 2248 transgredimur?
1276 2172 1404 2248 Quis
1447 2179 1760 2247 inﬁrmatur,
1806 2177 1888 2231 in—

305 2270 442 2340 quit,
473 2280 521 2323 et
566 2287 656 2340 ego
683 2286 784 2324 non
814 2262 1089 2339 inﬁrmari
1130 2271 1243 2340 quis
1283 2269 1678 2333 scandalizatur,
1707 2277 1754 2322 et
1796 2282 1888 2339 ego

306 2377 397 2419 nou
417 2378 543 2415 uror
574 2358 650 2431 (2.
683 2360 800 2417 Cdr.
828 2363 913 2421 ll.
942 2360 1079 2432 29)?
1099 2360 1281 2416 Talem
1312 2376 1433 2416 esse
1460 2367 1669 2431 oportet
1694 2374 1880 2415 sacer-

306 2452 472 2507 dotem
494 2495 512 2518 ,
552 2453 660 2507 imo
687 2468 789 2506 non
818 2453 976 2507 talem
1009 2451 1345 2506 solummodo
1371 2468 1384 2504 :
1414 2465 1574 2521 parta
1601 2448 1742 2511 enim
1772 2447 1888 2509 hmo

309 2553 441 2609 sant,
469 2544 587 2597 imo
613 2542 746 2600 nihil
767 2543 850 2601 his
873 2552 1199 2612 comparata,
1222 2559 1339 2613 quae
1358 2542 1467 2612 jam
1493 2540 1731 2599 dicturus
1747 2555 1885 2594 sum.

307 2633 560 2707 Quaenam
592 2632 745 2690 haec?
775 2634 1046 2705 Optabam,
1079 2634 1173 2698 ait,
1200 2636 1470 2690 anathema
1495 2648 1600 2687 esse
1630 2630 1888 2693 a'C/zristo

310 2732 396 2799 pro
423 2726 674 2795 fratribus
701 2725 844 2791 meis,
874 2726 959 2795 qui
982 2735 1097 2778 sunt
1127 2724 1327 2795 cognati
1360 2724 1455 2777 mei
1478 2724 1751 2782 secundum
1777 2730 1892 2784 car-

308 2833 413 2871 nem
433 2808 699 2890 (nemo.
723 2817 802 2887 3),
834 2812 889 2871 Si
916 2816 1036 2886 quis
1062 2815 1230 2887 possit
1254 2816 1389 2869 hanc
1415 2816 1659 2871 emittere
1680 2827 1886 2878 vocem,

311 2907 353 2971 si
379 2908 494 2979 quis
527 2921 591 2961 ea
622 2906 875 2976 praeditus
902 2907 969 2960 sit
997 2907 1193 2973 anima,
1226 2921 1343 2975 quze
1370 2904 1437 2968 ad
1464 2903 1765 2978 lmjusmodi
1791 2919 1889 2959 vo-

312 3002 414 3053 tum
433 2996 711 3051 accedere
741 2997 936 3066 possit,
967 2994 1012 3052 is
1032 2996 1153 3066 jure
1179 2994 1341 3065 possit
1367 2995 1514 3064 argui
1544 2994 1586 3055 si
1615 2993 1794 3063 fugiat.
1822 2996 1892 3057 At

308 3089 496 3158 siquis
534 3096 737 3149 tantum
764 3088 832 3143 ab
856 3087 957 3144 hac
984 3088 1179 3143 virtute
1208 3094 1453 3147 remotus
1493 3087 1595 3153 sit,
1634 3095 1889 3157 quantum

305 3195 399 3241 nos
424 3190 620 3241 sumtis
637 3222 652 3248 ,
686 3190 791 3237 non
817 3195 938 3235 cum
966 3180 1155 3250 fugerit
1174 3220 1191 3247 ,
1208 3179 1311 3234 sed
1340 3186 1457 3233 cum
1484 3186 1687 3235 'munus
1713 3192 1894 3232 suscee

306 3274 469 3347 perit,
509 3275 640 3329 odio
665 3272 860 3344 'dignus
887 3262 1199 3344 eSt.'Neque
1235 3272 1376 3333 cuitu
1416 3272 1461 3324 si
1505 3287 1605 3338 qua
1651 3270 1894 3330 militaris

307 3367 583 3438 dignitatis
609 3366 801 3421 electio
836 3366 1251 3435 proponeretur,
1283 3372 1337 3418 et
1362 3363 1394 3416 ii
1422 3362 1610 3433 quibus
1642 3360 1746 3423 tale
1773 3376 1895 3424 mu-

306 3474 404 3515 nus
421 3457 714 3515 'deferentli
747 3466 984 3529 potestas
1011 3457 1363 3519 incumberet,
1381 3450 1599 3515 'fabru‘m
1624 3454 1890 3522 mrarium,

307 3559 396 3611 aut
417 3550 735 3615 ceriarium,
765 3561 860 3610 aut
886 3548 1113 3609 similem
1141 3546 1397 3606 artiﬁcem
1427 3546 1481 3609 in
1508 3544 1738 3599 medium
1775 3542 1899 3617 per.-

306 3651 538 3702 tractunt
568 3641 826 3702 exercitui
852 3641 1192 3718 priellcerent
1213 3680 1227 3705 ,
1267 3640 1430 3699 miser
1460 3637 1543 3692 ille
1568 3636 1893 3702 laudaretur,

306 3736 349 3798 si
378 3750 482 3789 non
526 3733 749 3803 fugeret,
778 3749 877 3788 nec
905 3733 1084 3799 omnia
1106 3732 1294 3802 ageret
1321 3740 1377 3785 ut
1405 3730 1510 3791 non
1537 3740 1596 3785 se
1617 3729 1669 3789 in
1684 3729 1894 3787 malum

308 3826 602 3884 imminens
627 3812 1097 3894 conjiceret.'Nat’n
1135 3824 1180 3880 si
1212 3820 1340 3878 satis
1382 3828 1465 3877 est
1504 3824 1770 3891 pastorem
1800 3835 1896 3877 vo—

304 3918 451 3983 cari,
480 3927 547 3972 et
577 3932 771 3972 munus
799 3922 1082 3988 oleumque
1111 3915 1380 3985 accipere,
1405 3914 1719 3984 nullumque
1759 3912 1898 3974 adsit

309 4008 611 4081 periculum
638 4049 653 4076 ,
686 4008 857 4077 quivis
885 4024 979 4077 pro
1007 4007 1172 4062 lubito
1202 4022 1299 4062 nos
1328 4006 1499 4063 inanis
1520 4005 1704 4076 ‘gloriie
1743 4019 1901 4059 accu-

312 4112 425 4167 set;
454 4101 544 4157 sin
576 4114 768 4172 magna
796 4100 1094 4171 prudentia,
1125 4100 1169 4155 si
1197 4110 1319 4154 ante
1351 4098 1679 4169 prudentiam
1708 4104 1895 4168 magna

304 4184 401 4249 ’Dci
427 4193 605 4264 gratia
628 4235 642 4254 ,
670 4204 877 4249 morum
906 4193 1169 4262 probitas,
1214 4191 1335 4249 vitae
1368 4188 1571 4260 paritas
1591 4232 1606 4256 ,
1649 4192 1703 4247 et
1732 4191 1900 4259 major

313 4283 545 4347 humana
579 4284 747 4340 virtus
772 4285 1060 4359 requiritur
1084 4284 1135 4337 in
1164 4283 1275 4351 illo,
1316 4293 1365 4339 et
1407 4285 1494 4354 qui
1537 4283 1692 4344 talem
1716 4282 1897 4337 curam

314 4377 536 4445 suscipit
564 4392 580 4428 :
614 4391 683 4431 ne
706 4391 794 4431 me
824 4377 978 4435 venia
1023 4375 1445 4447 privatumvelis
1466 4415 1482 4442 ,
1514 4375 1556 4429 si
1598 4372 1794 4437 frustra
1835 4387 1900 4431 ac

317 4470 520 4531 temere
546 4483 635 4522 me
661 4467 711 4522 in
739 4468 1024 4538 perniciem
1055 4467 1192 4522 dare
1215 4466 1399 4522 nolim.
1443 4466 1651 4520 Etenim
1694 4465 1738 4525 si
1783 4466 1900 4536 quis

318 4574 506 4618 navem
536 4558 741 4617 ducens
765 4558 1057 4614 innumeris
1081 4565 1324 4617 onustam
1356 4557 1650 4623 mercibus,
1688 4555 1902 4626 remigi.—

316 4650 522 4721 busqne
551 4652 783 4721 plenam,
800 4654 895 4705 ‘me
921 4651 985 4704 ad
1011 4649 1365 4721 gubernacula
1388 4648 1729 4705 constitutum
1746 4647 1903 4716 jube-

319 4753 399 4799 ret
426 4732 1098 4815 EgmumTyrrhenumvé
1124 4740 1270 4799 mare
1299 4741 1561 4810 trajicere,
1584 4740 1649 4794 ad
1671 4741 1897 4809 primum

323 4836 396 4888 rei
425 4836 665 4889 auditum
694 4834 954 4889 resilire'm
981 4852 994 4887 :
1022 4832 1085 4889 ac
1110 4834 1155 4889 si
1185 4832 1304 4903 quis
1328 4840 1541 4888 Causam
1564 4834 1904 4902 rogaret,‘me

322 4941 512 4979 navem
540 4926 938 4980 submersarum
966 4918 1367 4994 responderem.
1395 4921 1540 4983 ltane
1560 4922 1648 4976 ubi
1669 4921 1904 4991 pecuniae

323 5026 527 5072 tantmo
556 5017 761 5086 jactura
793 5016 1028 5081 timetur,
1061 5030 1164 5072 nec
1188 5014 1288 5070 nisi
1315 5012 1792 5084 corporctemortis
1815 5027 1907 5082 pe-

323 5109 550 5162 riculum
597 5117 713 5173 est,
765 5124 921 5164 nemo
966 5119 1152 5179 arguet
1186 5108 1231 5162 si
1269 5106 1390 5176 quis
1420 5110 1620 5176 ‘magna
1652 5105 1907 5162 cautione

324 5210 538 5266 utatur;
567 5201 656 5255 ubi
689 5210 866 5255 autem
898 5196 1166 5269 naufragis
1195 5215 1301 5258 non
1331 5200 1382 5253 itt
1411 5198 1512 5258 hac
1543 5198 1759 5269 pelagus
1787 5212 1909 5253 eor.-

324 5293 608 5359 ruendum,
627 5293 723 5349 sed
743 5294 794 5347 in
818 5292 1065 5365 abyssum
1088 5293 1222 5363 ignis
1242 5291 1535 5347 cadendum
1560 5302 1661 5359 ρει,
1683 5302 1737 5347 et
1762 5291 1906 5349 iners

327 5384 681 5452 exspectanda
704 5424 722 5452 ,
767 5401 873 5439 non
916 5400 1036 5453 quae
1073 5384 1301 5439 animam
1331 5398 1360 5437 a
1384 5397 1638 5453 corpore,
1666 5382 1760 5438 Sed
1788 5399 1907 5453 quas

331 5474 474 5531 banc
494 5491 614 5531 cum
646 5477 739 5531 illo
766 5477 817 5531 in
844 5474 1159 5546 supplicium
1199 5478 1457 5530 infernam
1496 5474 1774 5544 conjiciat,
1797 5473 1908 5545 jam

329 5567 456 5633 quia
496 5574 602 5620 non
647 5572 848 5627 temere
876 5567 929 5621 in
960 5574 1162 5620 tantum
1190 5580 1288 5620 nos
1320 5565 1517 5621 malum
1553 5564 1907 5640 prmciplta‘vi.

334 5672 478 5721 mus,
505 5657 802 5712 irascemini
835 5671 1036 5728 nosque
1056 5654 1181 5713 odio
1202 5654 1499 5716 habebitis?

405 5781 423 5818 ’
460 5790 560 5854 Alii,
585 5790 779 5847 Christi.

1453 334 1541 392 DE
1569 335 2018 395 ελσεηῡοτιο.
2060 337 2187 398 UB.
2226 337 2315 394 111.

3451 336 3554 390 (H6

1986 479 1991 483 ~
2059 449 2114 505 8.
2146 448 2300 522 Same
2317 448 2633 507 sacerdotem
2658 465 2893 522 peccare,
2921 451 3021 504 nisi
3046 449 3168 520 forti
3194 449 3260 505 sit
3281 456 3472 507 animo.
3493 476 3562 491 ρ-

1980 541 2133 597 Absit
2152 557 2333 610 quasso
2349 551 2402 598 et
2419 541 2662 597 obsecro.
2686 538 2818 598 Novi
2834 541 3064 602 animam
3086 556 3278 602 meam,
3296 539 3562 601 infirmam

1982 631 2125 688 illam
2146 642 2205 688 et
2231 634 2501 704 exiguam,
2529 648 2738 687 necnon
2769 632 3035 703 ingentem
3061 630 3140 689 rei
3167 629 3559 692 difficultatem,

1981 721 2360 793 Majot'essane
2387 723 2580 781 ﬂuetus
2602 723 2685 788 iis,
2713 737 2848 795 quos
2877 725 2928 779 in
2958 723 3092 781 mari
3121 721 3356 783 excitant
3381 722 3556 792 venti,

1982 814 2280 876 sacerdotis
2300 815 2535 871 animum
2565 816 2898 871 concutiunt.

2054 903 2108 960 9.
2137 901 2292 958 Vana:
2308 903 2494 973 gloria:
2510 903 3111 975 periculum—Primus
3123 912 3306 959 autem
3329 903 3566 968 omnim

1983 1003 2067 1048 est
2093 993 2400 1051 teterrimos
2439 994 2528 1048 ille
2579 1009 2729 1048 vana:
2756 994 2942 1064 gloriae
2971 994 3217 1064 spiritus,
3246 994 3401 1064 longe
3430 994 3568 1053 inle-

1984 1085 2116 1142 stior
2140 1084 2230 1139 illo
2253 1084 2852 1155 Sirenarumporteuto,
2868 1085 3013 1155 quod
3042 1095 3210 1154 poeta:
3235 1085 3564 1155 contingunt.

1985 1175 2117 1235 illud
2144 1176 2286 1231 enim
2315 1176 2462 1235 multi
2505 1177 3007 1245 prmternavigantes
3045 1175 3277 1245 ellugere
3319 1176 3436 1237 sine
3470 1175 3567 1232 da-

1987 1284 2113 1324 mno
2144 1277 2416 1339 poterant;
2451 1268 2579 1322 mihi
2610 1268 2680 1327 ita
2710 1269 2967 1323 molestus
2992 1267 3075 1325 hic
3103 1268 3355 1338 scepulus
3384 1278 3484 1333 est,
3513 1280 3570 1325 ut

1983 1376 2055 1415 ne
2098 1374 2240 1414 nunc
2284 1359 2532 1430 quidem,
2582 1358 2673 1415 ubi
2716 1342 2863 1417 nulla
2908 1373 2995 1415 me
3024 1358 3077 1412 in
3120 1357 3223 1414 hoc
3258 1358 3566 1419 barathrum

1986 1450 2260 1521 compellit
2285 1451 2578 1507 necessitas
2597 1489 2611 1514 ,
2641 1463 2671 1503 a
2702 1449 2843 1503 malo
2869 1449 3173 1519 hujusmodi
3198 1449 3425 1504 evadere
3450 1463 3573 1517 p059

1987 1545 2109 1600 sim.
2138 1542 2193 1597 Si
2224 1543 2344 1617 quis
2392 1552 2570 1599 autem
2604 1542 2742 1603 hanc
2775 1541 2907 1597 mibi
2951 1541 3318 1611 pra-facturam
3356 1540 3567 1623 tradat,

1974 1633 2211 1705 .perinde
2248 1634 2402 1691 faciat
2426 1649 2489 1689 ac
2516 1634 2562 1689 si
2591 1634 2766 1706 ligatis
2803 1649 2835 1689 a
2866 1642 3015 1705 tergo
3056 1634 3300 1688 manibus
3328 1648 3413 1688 me
3442 1630 3574 1695 feris

1989 1726 2147 1796 hujus
2204 1725 2407 1795 scopuli
2456 1726 2643 1781 incolis
2692 1726 2929 1796 quotidie
2976 1725 3320 1787 lacerandum
3372 1724 3566 1788 tradat.

1984 1816 2241 1884 Quamam
2264 1816 2365 1870 illa:
2388 1815 2543 1870 feras?
2570 1816 2683 1881 ira,
2714 1816 2924 1872 tristitia
2946 1856 2961 1881 ,
3004 1816 3198 1874 invidia
3218 1857 3232 1881 ,
3276 1815 3570 1885 contentio,

1988 1906 2306 1970 calumnias,
2353 1906 2789 1971 criminationes,
2832 1907 3201 1974 mendacium,
3241 1907 3571 1978 hypocrisis,

1990 1996 2230 2062 insidias,
2270 1997 2405 2053 irae‘
2434 2007 2621 2053 contra
2665 1996 2795 2059 nihil
2826 1996 3115 2063 laedentes,
3163 1997 3460 2066 voluptates
3505 1996 3575 2052 de

1991 2085 2354 2140 ministrorum
2385 2084 2706 2156 turpitudine
2723 2127 2739 2151 ,
2765 2086 2940 2145 luctus
2965 2084 3031 2141 de
3056 2085 3438 2156 prosperitate,
3462 2085 3576 2145 laus-

1991 2175 2117 2229 dum
2142 2175 2365 2245 copido,
2395 2174 2612 2229 honoris
2634 2175 2959 2232 desiderium
2989 2174 3007 2245 (
3032 2175 3133 2233 hoc
3154 2177 3306 2239 enim
3346 2175 3576 2237 maxime

1992 2269 2228 2325 omnium
2263 2268 2558 2330 humanum
2594 2269 2807 2347 perimit
2849 2269 3167 2339 animum),
3207 2267 3464 2330 doctrina:
3497 2267 3576 2331 ad

1992 2360 2316 2430 voluptatem
2339 2403 2354 2427 ,
2382 2361 2667 2420 illiberales
2695 2361 3056 2429 adulationes,
3089 2360 3418 2431 palpationes
3456 2376 3575 2423 sor-.-

1992 2451 2152 2516 didm,
2181 2452 2462 2522 despectus
2492 2442 2782 2524 pmperum
2805 2495 2820 2519 ,
2847 2455 3024 2509 cultus
3050 2453 3270 2512 divitum
3288 2495 3302 2519 ,
3346 2453 3576 2514 honores

1997 2541 2221 2597 indebiti
2254 2552 2310 2597 et
2333 2543 2598 2608 damnosi,
2621 2544 2910 2613 gratiarum
2943 2543 3248 2615 largitiones
3284 2543 3576 2614 perieulum

1993 2643 2239 2697 creantes
2279 2645 2385 2690 tam
2422 2636 2766 2708 largientibus
2790 2653 2947 2709 quam
2976 2637 3385 2706 accipientibus,
3418 2638 3577 2696 timor

1994 2725 2206 2784 servilis
2257 2727 2635 2800 vilissintisque
2675 2738 2878 2789 tantum
2925 2728 3203 2798 mancipiis
3244 2744 3574 2799 congruens,

1995 2819 2203 2877 ﬁduciae
2230 2820 2546 2887 eliminatio,
2581 2821 2893 2881 humilitatis
2924 2822 3131 2893 species
3157 2821 3369 2893 quidem
3391 2822 3576 2896 multa,

1995 2910 2234 2967 veritatis
2255 2911 2418 2979 nulla,
2439 2912 2693 2981 arguendi
2712 2922 2767 2967 et
2786 2913 3092 2983 increpandi
3113 2913 3329 2969 facultas
3349 2912 3575 2981 sublata;

1998 3006 2105 3062 imo
2136 3005 2309 3075 potius
2336 3016 2520 3060 contra
2548 3006 2733 3075 inopes
2773 3005 2909 3069 ultra
2951 3019 3253 3066 mensuram
3279 3045 3293 3069 ,
3325 3004 3579 3067 adversus

1995 3106 2172 3155 amem
2204 3095 2490 3165 optimates
2520 3111 2589 3155 ne
2618 3097 2826 3152 hiscere
2852 3096 3069 3166 quidem
3099 3097 3375 3167 quisquam
3396 3085 3578 3163 au'det,

2000 3188 2125 3244 ll:cc
2148 3190 2349 3260 quippe
2377 3190 2553 3245 omnia
2585 3199 2639 3244 et
2665 3188 2856 3251 horum
2888 3189 3039 3259 plura
3076 3189 3171 3242 alit
3208 3189 3458 3259 scopulus
3492 3176 3581 3253 ille

1992 3279 2228 3337 {orarum
2251 3295 2471 3351 genera,
2501 3281 2693 3351 quibus
2713 3279 2877 3342 semel
2897 3281 3065 3350 capti,
3082 3279 3135 3343 in
3167 3287 3365 3341 tantam
3391 3295 3588 3342 access.

1997 3370 2140 3425 sario
2177 3371 2492 3427 servitutem
2521 3370 2855 3441 rediguntur,
2889 3378 2948 3429 ut
2974 3371 3107 3432 etin
3144 3370 3427 3432 mulierum
3456 3386 3581 3441 grav

1994 3460 2125 3522 tiam
2155 3462 2319 3517 multa
2346 3478 2486 3531 smpe
2513 3461 2688 3523 facere
2711 3471 2986 3532 cogantur,
3014 3478 3131 3531 qua:
3153 3477 3219 3517 ne
3247 3460 3346 3523 fari
3367 3462 3579 3532 quidem

1998 3548 2174 3609 decet.
2197 3552 2332 3613 Nam
2359 3552 2441 3614 lex
2468 3552 2643 3607 divina
2674 3553 2790 3609 illas
2825 3552 2892 3617 ab
2930 3551 3035 3614 boc
3061 3548 3585 3631 ministerio-repulit

2001 3645 2090 3718 (l.
2121 3644 2241 3707 Cor.
2260 3646 2352 3701 14.
2376 3646 2481 3716 51)
2510 3664 2523 3700 :
2559 3646 2662 3711 illas
2683 3659 2809 3703 vero
2830 3661 2887 3700 se
2910 3646 3270 3703 intromittere
3286 3655 3578 3708 conantur:

2002 3746 2057 3792 et
2079 3737 2202 3808 quia
2233 3736 2364 3797 nihil
2392 3751 2493 3806 per
2521 3745 2991 3808 se.possunt,-per
3020 3736 3151 3791 alios
3175 3736 3350 3793 omnia
3380 3745 3572 3807 agunt,

2005 3839 2311 3900 tantamque
2353 3829 2598 3885 obtinent
2626 3838 2975 3899 potestatem,
3011 3838 3070 3884 ut
3092 3844 3227 3899 quos
3262 3829 3430 3888 velint
3466 3829 3580 3899 epis

2004 3936 2194 3992 scepos
2242 3922 2327 3978 vel
2370 3930 2654 3992 cooptent,
2696 3921 2781 3977 vel
2824 3922 3073 3992 ejiciant,
3119 3936 3343 3990 ac,qua:
3371 3931 3583 3979 sursum

2004 4014 2255 4068 deorsum
2304 4014 2497 4070 faciant
2528 4031 2541 4067 :
2572 4013 2674 4069 hoc
2718 4029 2848 4070 sane
2891 4013 2944 4068 in
2992 4013 3273 4084 proverbio
3315 4013 3579 4082 vulgatum

2008 4105 2137 4173 ipsis
2163 4105 2330 4160 oculis
2357 4104 2543 4161 videre
2574 4105 2734 4163 licet:
2766 4088 3031 4174 Principes
3057 4120 3175 4157 suos
3208 4113 3362 4174 agunt
3401 4098 3584 4159 θυι)κὶιὶ

2009 4194 2084 4267 (1.
2113 4194 2248 4256 Tim,
2276 4196 2330 4250 2.
2358 4194 2445 4267 l2)
2475 4215 2487 4249 :
2521 4203 2681 4265 atque
2726 4196 2926 4249 utinam
2971 4195 3108 4261 viri,
3137 4209 3242 4275 non
3283 4194 3388 4249 illae
3424 4194 3585 4258 etiam

2006 4286 2198 4358 quibus
2228 4302 2297 4341 ne
2321 4286 2534 4356 quidem
2562 4286 2754 4341 docere
2793 4285 3132 4356 permittitur.
3161 4284 3295 4355 Quid
3334 4285 3454 4341 dico
3486 4283 3584 4340 do-

2007 4374 2171 4431 cere?
2215 4390 2283 4431 ne
2325 4375 2469 4457 loqui
2519 4375 2731 4445 quidem
2780 4373 3121 4463 in‘Ecclesin
3163 4374 3350 4429 beatus
3380 4368 3587 4435 Paulus

2009 4468 2272 4523 concessit
2300 4466 2318 4536 (
2344 4468 2396 4530 l,
2420 4452 2541 4521 Cor.
2580 4467 2664 4524 ll.
2686 4456 2765 4527 Si
2786 4462 2825 4538 ).
2855 4452 3044 4525 Audivi
3085 4472 3263 4520 tamen
3296 4464 3586 4534 quemdam

2009 4558 2295 4624 dicentem,
2323 4558 2465 4630 quod
2492 4567 2693 4617 tantum
2725 4558 2854 4628 ipsis
2879 4558 3240 4628 impertissent
3267 4546 3586 4620 libertatem,

2010 4660 2070 4705 ut
2091 4651 2251 4707 etiam
2278 4650 2643 4711 Ecclesiarum
2674 4649 2944 4705 antistites
2965 4648 3338 4718 objurgarent,
3362 4643 3590 4722 illosime

2011 4740 2256 4798 acerbius
2284 4755 2440 4812 quam
2476 4746 2660 4795 servos
2685 4737 2888 4794 domini
2916 4739 3269 4794 incesserent.

2083 4833 2172 4897 10.
2206 4819 2326 4888 Non
2352 4850 2457 4888 esse
2478 4833 2643 4904 ipsum
2667 4831 3001 4887 sacerdotium
3022 4830 3271 4895 ntalorum
3289 4842 3595 4885 causam.—

2012 4906 2277 4982 Caeterum
2318 4940 2388 4982 ne
2426 4925 2687 4995 quispiam
2713 4922 2984 4980 existimet
3013 4918 3314 4976 me‘omnes
3335 4915 3495 4972 simul
3524 4916 3595 4973 de

2014 5016 2323 5075 memoratis
2349 5015 2661 5077 criminibus
2707 5030 2829 5070 reos
2869 5027 3048 5083 agere.
3075 5011 3210 5067 Sunt
3233 5008 3406 5074 enim,
3435 5014 3594 5068 sunt,

2014 5108 2248 5178 inquam,
2279 5108 2428 5161 multi
2458 5106 2543 5165 liis
2567 5105 2770 5161 retibus
2797 5104 3134 5173 superiores,
3166 5101 3275 5154 imo
3316 5098 3496 5168 plures
3527 5096 3593 5149 iis

2014 5200 2103 5269 qui
2142 5198 2283 5267 capti
2314 5208 2458 5258 sunt.
2502 5199 2684 5267 Neque
2728 5205 2902 5250 tamen
2923 5191 3276 5251 sacerdotium
3321 5200 3588 5260 tamquam

2018 5289 2204 5345 horum
2256 5303 2470 5349 causam
2525 5276 2782 5343 malorum
2838 5281 3206 5353 culpaverim:
3237 5278 3375 5335 absit
3420 5286 3479 5334 ut
3519 5291 3586 5336 eo

2017 5395 2184 5451 usque
2232 5378 2525 5442 insaniam;
2559 5390 2729 5446 neque
2770 5373 2913 5430 enim
2960 5371 3154 5427 ferrum
3196 5368 3449 5435 exodium,
3497 5381 3592 5423 ne.

2017 5489 2121 5544 que
2173 5473 2351 5532 vinum
2415 5468 2717 5533 ebrietatis,
2768 5480 2941 5536 neque
2997 5462 3351 5520 fortitudinem
3407 5460 3593 5520 contu.

2017 5565 2190 5629 inelite
2208 5606 2224 5630 ,
2252 5578 2422 5632 neque
2466 5563 2627 5617 robur
2669 5557 3074 5615 inconsiderata:
3095 5554 3346 5614 audaciae.
3376 5549 3471 5611 sed
3498 5561 3594 5615 eos

2010 5655 2107 5725 qui
2160 5650 2257 5710 Dei
2305 5650 2460 5707 donis
2501 5650 2679 5707 illicite
2715 5657 2967 5719 .utuntur,
2991 5659 3177 5705 omnes
3217 5658 3360 5709 sanae
3390 5641 3593 5716 meum

2085 5791 2104 5827 ⁸
2126 5785 2243 5849 ﬁlii.
2258 5791 2391 5844 Wa.
