4050 6160
442 408 538 462 (ii?

437 515 683 571 homines
707 525 919 567 causam
945 520 1064 563 esse
1104 504 1303 561 dicunt.
1328 498 1549 565 illosque
1576 489 1814 560 puniunt.
1842 483 2017 549 Quan-

439 605 725 681 doquidem
768 612 823 658 et
867 597 1218 656 sacerdotium
1253 605 1354 647 nos
1394 589 1515 658 jure
1561 581 1778 649 culpare
1822 572 2018 643 possit.

437 703 482 756 si
525 673 650 755 cnon
714 707 857 753 recte
919 695 1090 763 ipsum
1155 694 1443 743 tractemus
1484 695 1499 733 :
1538 686 1710 743 neque
1770 667 1914 722 enim
1965 665 2019 717 in

441 809 601 849 eausa
649 801 730 848 est
772 802 994 853 eorum,
1038 797 1159 855 qua:
1207 793 1367 849 supra
1411 770 1670 831 diximus,
1716 761 2019 817 malorum:

442 886 536 939 sed
575 898 673 938 nos
710 885 880 952 ipsum
925 846 1113 942 tantis,
1142 846 1396 941 quantum
1441 860 1661 918 facultas
1709 850 1861 914 tu‘it,
1911 846 2026 916 pol-

446 978 642 1030 luimus
685 972 932 1027 sordibus
982 982 1100 1022 cum
1144 958 1464 1034 quibuslibet
1509 952 1682 1018 ipsum
1732 941 2025 998 tradimus:

443 1067 528 1136 qui
557 1079 683 1120 cum
715 1080 780 1116 nc
810 1059 970 1121 animi
999 1055 1211 1127 quidem
1240 1051 1319 1105 sui
1350 1049 1454 1102 vim
1485 1035 1816 1097 edidicerint,
1859 1040 2030 1097 neque

445 1160 518 1215 rei
552 1158 743 1212 molem
770 1152 1139 1212 considerent,
1167 1134 1401 1200 oblatum
1449 1147 1642 1191 munus
1669 1126 1823 1184 avide
1861 1119 2030 1177 susci-

450 1255 599 1323 piunt
624 1268 639 1317 ;
667 1264 789 1304 cum
819 1256 995 1300 autem
1026 1255 1217 1296 manus
1252 1232 1400 1305 Operi
1431 1220 1761 1285 admovenda
1790 1225 1906 1278 est,
1937 1212 2034 1313 im-

454 1304 467 1323 π
487 1304 497 1306 ⁷
626 1304 639 1317 1

454 1344 637 1414 Wfilin
668 1356 762 1395 sua
792 1335 1121 1395 obtcnebrati
1149 1327 1463 1386 counnissos
1487 1320 1588 1375 sibi
1632 1313 1852 1386 populos
1882 1304 2034 1360 malis

454 1439 662 1506 replent
688 1431 1001 1489 innumeris.
1034 1428 1145 1483 Hoc
1169 1438 1296 1480 sane
1316 1462 1329 1486 ,
1366 1420 1466 1472 hoc
1495 1416 1666 1485 ipsum
1698 1420 1833 1478 pene
1862 1405 1914 1457 in
1946 1414 2038 1452 n.0-

458 1531 538 1585 bis
565 1529 799 1584 futurum
826 1534 962 1589 erat,
992 1523 1092 1578 nisi
1124 1534 1221 1574 nos
1244 1518 1387 1572 Deus
1415 1510 1592 1567 Subito
1620 1522 1683 1561 ex
1715 1500 1875 1558 tantis
1901 1495 2039 1566 peri-

457 1624 589 1676 culis
636 1620 895 1683 eruisset,
950 1624 1004 1670 et
1051 1609 1305 1669 Ecclesia:
1351 1619 1463 1660 sure
1509 1608 1563 1655 cl.
1611 1597 1803 1652 anima:
1846 1598 2041 1645 nostrae

458 1712 761 1767 consulens.
788 1706 1060 1779 Siquidem
1100 1702 1187 1758 die
1230 1697 1357 1754 mihi
1379 1739 1394 1764 ,
1424 1692 1566 1750 unde
1593 1701 1745 1761 putas
1787 1692 1957 1738 tantoa
1989 1679 2041 1732 iu

458 1801 724 1858 Ecclesiis
751 1798 878 1854 oriri
924 1791 1224 1850 tumultus?
1248 1789 1360 1859 Ego
1395 1798 1523 1841 sane
1559 1795 1665 1836 non
1690 1772 1903 1830 aliunde
1933 1771 2043 1825 exi—

463 1895 640 1957 stimo,
673 1906 829 1962 quam
856 1890 974 1959 quia
1022 1883 1308 1956 przesulum
1332 1877 1620 1935 electiones
1647 1881 1845 1924 temere
1870 1874 1924 1920 et
1962 1863 2045 1914 iu-

462 1957 709 2040 consulto
750 1957 903 2037 ﬁunt.
949 1979 1080 2034 Nam
1135 1982 1293 2045 caput
1345 1967 1628 2040 oportebat
1686 1957 2046 2016 ﬁrmissimum

368 2123 372 2127 .
464 2091 588 2131 esse
606 2116 622 2142 ,
654 2084 708 2128 ut
739 2085 929 2144 pravas
953 2067 1320 2125 exhalationcs
1345 2077 1411 2117 ex
1437 2061 1544 2113 imo
1571 2067 1796 2124 corpore
1825 2048 2050 2103 ρηιίεεςιε

468 2168 777 2237 dispensare
816 2173 870 2218 et
896 2162 964 2217 ad
994 2166 1376 2229 congruentem
1406 2160 1599 2206 statum
1631 2145 1888 2200 reducere
1924 2152 2051 2208 po..-

462 2267 573 2313 sct.
595 2254 726 2309 Cum
750 2264 927 2308 autem
959 2266 1053 2321 per
1075 2265 1133 2303 se
1157 2248 1314 2315 caput
1339 2242 1606 2297 inﬁrmum
1637 2244 1749 2297 est,
1779 2245 1879 2286 nec
1907 2242 2050 2281 mor-

464 2349 635 2403 ‘bosos
678 2345 798 2399 illos
837 2355 1065 2412 vapores
1114 2337 1387 2408 depellere
1439 2337 1650 2402 potest,
1705 2335 1830 2379 tunc
1883 2323 2053 2390 ipsum

470 2440 738 2498 infirmius
769 2438 821 2492 in
850 2437 965 2492 dics
992 2432 1256 2496 redditur,
1286 2438 1343 2483 ct
1371 2425 1632 2494 reliquum
1660 2432 1853 2487 corpus
1873 2426 2056 2468 secum

474 2532 849 2604 iit-perniciem
878 2529 1057 2584 trahit.
1087 2524 1239 2594 Quod
1271 2537 1338 2577 ne
1367 2531 1506 2574 nunc
1534 2515 1694 2571 etiam
1724 2511 1813 2564 fiat
1833 2551 1847 2575 ,
1879 2507 1931 2561 iu
1964 2519 2055 2574 pe-

476 2596 605 2680 dum
635 2624 820 2679 ordine
844 2635 948 2676 nos
969 2620 1110 2674 Deus
1134 2615 1395 2677 servavit,
1424 2624 1530 2680 quo
1555 2609 1607 2659 in
1638 2610 1776 2659 statu
1806 2600 1872 2654 ab
1910 2596 2060 2650 initio

464 2716 695 2771 fuimus.
722 2714 880 2768 Multa
908 2710 1048 2767 enim
1069 2749 1084 2777 ,
1111 2706 1267 2762 Basili
1289 2747 1304 2770 ,
1333 2703 1495 2759 multa
1524 2712 1654 2753 sane
1682 2701 1838 2757 sunt,
1867 2697 2062 2760 prazter

479 2822 543 2861 ea
573 2820 692 2876 qu;e
718 2802 987 2868 diximus,
1014 2796 1279 2855 sacerdoti
1323 2789 1655 2854 necessaria,
1686 2798 1803 2855 qua:
1829 2794 1928 2836 nos
1957 2791 2063 2831 non

402 2941 411 2954 .
484 2873 763 2961 habemus.
795 2891 924 2948 ll!nd
950 2904 1078 2945 vero
1108 2902 1217 2958 pra:
1241 2884 1488 2941 omnibus
1507 2922 1522 2946 ,
1550 2890 1745 2947 nempe
1775 2873 1915 2930 illius
1943 2883 2063 2923 mu-

484 2984 628 3041 neris
656 2979 1085 3053 concupiscentia
1122 2978 1333 3034 animus
1360 2974 1476 3046 ejus
1506 2971 1732 3027 omnino
1758 2975 1959 3021 vacuus
1997 2959 2068 3014 sit

481 3085 729 3150 oportet;
766 3052 886 3130 nam
926 3074 972 3128 si
1002 3071 1070 3126 ad
1107 3086 1230 3125 eum
1270 3066 1624 3139 principatum
1669 3056 1835 3115 nimio
1875 3052 2068 3109 affectu

479 3146 833 3244 propendeat,
865 3181 931 3223 eo
953 3164 1148 3237 adepto
1179 3158 1628 3218 vehementiorem
1654 3148 1899 3207 accendit
1918 3146 2071 3201 llam-

487 3280 629 3319 mam
660 3280 676 3318 :
704 3276 769 3317 ac
794 3261 848 3315 vi
880 3269 1107 3329 captus,
1150 3265 1207 3311 ut
1243 3269 1365 3311 eum
1392 3250 1491 3306 sibi
1516 3247 1812 3304 ﬁrmiorem
1838 3245 2065 3302 statuat,

489 3359 765 3413 innmnera
810 3352 1035 3408 sustinet
1082 3347 1219 3404 mala
1243 3388 1260 3415 ,
1303 3346 1417 3400 sive
1453 3338 1770 3396 adulandum
1811 3333 1920 3397 sit,
1960 3329 2073 3385 sive

493 3447 761 3521 quidpiam
808 3442 1003 3499 servile
1043 3446 1202 3510 atque
1230 3436 1504 3506 indignum
1531 3425 1930 3490 sustinendum,
1960 3421 2074 3475 sive

490 3511 732 3616 pecunia:
761 3536 941 3591 multm
988 3528 1349 3588 sbsumeudm.
1393 3525 1527 3582 Nam
1577 3519 1721 3593 quod
1776 3511 2076 3616 multi-ejus

493 3604 763 3703 dignitatis
791 3626 958 3698 gratia
981 3630 1275 3694 pugnantes
1296 3614 1565 3673 Ecclesias
1584 3608 1819 3668 cantibus
1838 3604 2077 3675 repleve-

497 3696 624 3788 rint,
653 3696 1001 3787 civitatesque
1027 3712 1453 3777 devastaverint,
1472 3704 1524 3763 id
1544 3705 1654 3776 jam
1674 3701 1895 3757 missum
1921 3696 2076 3761 facio,

499 3831 565 3871 ne
600 3808 913 3884 quibusdam
953 3802 1280 3862 incredibilia
1327 3812 1544 3855 narrare
1582 3794 1785 3850 videar.
1822 3789 2082 3859 Oportere

499 3880 675 3961 autem
710 3912 835 3972 puto
877 3909 1019 3955 tanta
1060 3896 1201 3954 circa
1242 3906 1357 3949 rem
1397 3892 1531 3944 hanc
1569 3887 1763 3958 pietate
1791 3880 1995 3944 teneri,
2027 3885 2084 3946 ut

502 4001 642 4055 illius
667 3995 861 4052 molem
888 4004 1131 4062 onusque
1154 3987 1425 4051 declines;
1453 3982 1677 4050 adeptus
1716 3991 1821 4031 non
1850 3973 2077 4028 aliorum

498 4089 694 4164 judicia
722 4093 1020 4156 exspectes,
1045 4061 1094 4137 si
1124 4077 1336 4153 quando
1364 4076 1419 4133 in
1445 4073 1693 4130 delictum
1741 4065 1944 4122 incidas
1989 4061 2085 4116 de-

503 4156 767 4255 positione
805 4180 1054 4248 dignum,
1104 4174 1201 4230 sed
1241 4176 1583 4227 antevertens
1626 4164 1852 4234 teipsum
1898 4157 1965 4213 ab
1995 4156 2086 4210 illo

502 4253 724 4332 munere
750 4271 1021 4328 exturbes.
1046 4267 1136 4325 Sic
1161 4266 1301 4322 enim
1330 4278 1426 4335 par
1453 4269 1536 4317 est
1565 4267 1622 4314 ut
1649 4256 1882 4312 divinam
1921 4253 2085 4305 mise-

504 4368 787 4426 ricordiam
814 4365 1070 4436 impetres
1099 4378 1113 4415 :
1144 4357 1284 4430 quod
1328 4356 1373 4410 si
1413 4362 1616 4426 praeter
1641 4347 1895 4403 decorum
1938 4341 2085 4396 obsi-

505 4473 635 4524 stas,
663 4468 717 4513 te
746 4433 1017 4527 indignum
1041 4451 1195 4507 venia
1215 4446 1513 4511 constituis,
1542 4439 1814 4511 magisque
1840 4434 1931 4491 Dei
1955 4433 2086 4487 iram

492 4547 753 4605 accendis
787 4588 803 4613 ,
863 4524 997 4601 dum
1064 4540 1354 4598 secundum
1425 4534 1579 4591 addis
1662 4528 1900 4586 deterius
1954 4524 2089 4578 faei-

511 4657 632 4698 nus.

582 4735 669 4788 ll.
701 4727 967 4801 Cupiditas
1008 4722 1320 4796 principatus
1360 4713 1658 4788 expellenda
1698 4727 1762 4766 ea:
1799 4709 1970 4762 animo
2006 4722 2094 4760 sa-

508 4798 961 4881 εειοάοιὶεμζ-εθὰ
1010 4830 1167 4872 nemo
1206 4825 1456 4883 umquam
1506 4809 1606 4863 hoc
1650 4803 1881 4860 dedecus
1926 4798 2089 4854 susti-

510 4927 653 4974 neat.
683 4914 856 4971 Grave
884 4910 1080 4983 quippe
1106 4917 1207 4969 est.
1238 4917 1401 4977 grave
1429 4897 1715 4956 admodum
1753 4898 1893 4949 hunc
1916 4891 2091 4945 hono-

510 5026 624 5068 rem
668 5014 942 5078 appetere.
979 5000 1039 5057 id
1083 5013 1211 5055 vero
1253 4996 1408 5061 dico,
1454 5008 1558 5047 non
1595 5004 1715 5045 cum
1746 4986 1903 5043 beato
1930 4983 2093 5038 Paulo

420 5128 425 5131 ·
511 5073 811 5162 decertans,
840 5095 933 5154 sed
959 5093 1137 5150 verbis
1163 5088 1281 5161 ejus
1302 5086 1533 5142 maxime
1563 5079 1923 5137 consentiens.
1955 5072 2091 5144 Quid

513 5195 654 5250 enim
694 5191 770 5246 ait
811 5186 941 5244 ille?
979 5184 1042 5240 Si
1081 5183 1195 5255 quis
1236 5179 1576 5251 episcopatum
1601 5171 1874 5233 desiderat,
1910 5166 2095 5221 bonum

511 5303 639 5357 opus
667 5282 915 5339 desiderat
942 5278 1016 5351 (l.
1043 5258 1180 5331 Tim.
1209 5273 1259 5329 5.
1282 5268 1367 5344 1).
1398 5268 1509 5339 Ego
1535 5279 1666 5321 vero
1691 5277 1796 5317 non
1819 5274 1975 5330 opus,
1997 5255 2093 5312 sed

512 5354 882 5434 auctoritatem
906 5380 962 5427 et
973 5367 1270 5441 potentiam
1291 5362 1597 5419 desiderare
1621 5370 1781 5429 grave
1807 5354 1928 5410 dico
1952 5367 2092 5408 esse.

516 5471 768 5540 liancque
807 5460 1290 5534 concupiscentiam
1335 5464 1445 5511 toto
1486 5450 1662 5507 studio
1690 5447 1757 5503 ab
1780 5446 1965 5504 animo
2001 5444 2095 5499 de-

515 5559 852 5625 turbandam,
872 5570 1043 5627 neque
1065 5552 1145 5629 vel
1161 5550 1309 5606 initio
1322 5541 1661 5603 retinendam
1677 5546 1954 5605 censeo,ut
1972 5550 2096 5591 cum

514 5656 762 5713 libertate
787 5647 964 5703 omnia
1000 5644 1180 5701 facere
1200 5640 1399 5712 possit.
1430 5636 1563 5693 Nam
1590 5633 1677 5705 qui
1708 5628 2094 5699 noniconcupi-

512 5746 619 5800 scit
646 5743 700 5797 in
728 5739 826 5796 hac
846 5746 1106 5809 poteState
1133 5731 1436 5803 splendere,
1460 5729 1504 5782 is
1527 5741 1656 5782 sane
1684 5721 1956 5779 deturbari
1989 5735 2095 5775 non

513 5835 766 5896 termidat
794 5849 808 5888 :
839 5832 884 5890 si
912 5845 1017 5886 non
1043 5824 1322 5894 formidet,
1352 5837 1474 5880 cum
1509 5836 1569 5880 ea
1604 5834 1722 5891 qua:
1761 5815 2093 5877 Clitistianos

1142 391 1198 448 S.
1241 379 1518 446 JOANNlS
1554 365 2028 434 CllRYSOSTOMl
2072 360 2383 418 ARCIIIEP.
2424 354 2965 415 CONSTANTINOP.

3600 346 3705 399 648

2127 495 2282 550 decet
2312 493 2556 549 libertate
2601 491 2777 545 omnia
2806 490 2980 543 facere
3020 487 3228 557 poterit.
3260 483 3437 553 Itaque
3466 482 3555 553 qui
3585 482 3709 538 inde

2128 585 2394 642 deturbari
2421 593 2661 641 metuunt
2686 596 2747 638 ac
2767 578 3071 642 formidant,
3095 577 3282 631 duram
3312 575 3593 646 multisque
3623 576 3709 628 in-

2129 678 2425 736 commodis
2446 676 2691 734 refertam
2715 674 2978 731 sustinent
3000 670 3330 734 servitutem,
3356 669 3585 737 atquein
3614 669 3709 721 ho-

2133 773 2333 827 minum
2376 769 2646 840 ipsiusque
2697 767 2787 821 Dei
2841 762 3191 819 offensionem
3243 761 3513 815 incurrere
3568 774 3716 825 smpe

2133 873 2417 935 coguntur.
2449 860 2565 917 Non
2612 861 2688 915 sic
2731 869 2910 913 autem
2954 855 3127 909 anima
3158 853 3345 909 affecta
3372 866 3493 908 esse
3522 851 3716 915 debet;

2135 956 2228 1011 sed
2260 951 2706 1024 quemadmodum
2735 951 2790 1006 in
2820 950 3019 1020 prmliis
3059 958 3306 1002 strenuos
3344 943 3540 998 milites
3569 942 3720 997 vide-

2138 1062 2256 1100 mus
2284 1046 2536 1100 alacritcr
2560 1059 2812 1115 pugnare,
2849 1043 3159 1107 fortiterque
3183 1036 3398 1115 cadere,
3432 1034 3503 1089 ita
3524 1043 3577 1090 et
3602 1048 3719 1095 ros,

2138 1139 2225 1208 qui
2255 1138 2319 1193 ad
2349 1137 2451 1191 hoc
2476 1136 2824 1190 ministerium
2853 1131 3133 1197 accedunt,
3166 1113 3262 1201 par
3286 1136 3368 1185 est
3388 1136 3443 1183 et
3465 1126 3719 1183 sacerdo-
3755 1106 3765 1115 ’

2140 1234 2212 1288 tio
2243 1222 2421 1302 fungi,
2454 1239 2508 1285 et
2532 1227 2881 1300 a‘principatu
2912 1226 3068 1295 dejici
3094 1237 3159 1278 eo
3188 1221 3344 1276 modo
3370 1263 3383 1283 ,
3425 1235 3533 1290 quo
3570 1218 3725 1274 Chri-

2142 1324 2344 1377 stiauos
2374 1323 2517 1375 viros
2556 1321 2746 1385 decet,
2778 1328 2897 1373 cum
2937 1317 3108 1373 sciant
3136 1314 3295 1368 talem
3331 1311 3724 1380 depositionem

2143 1429 2248 1470 non
2280 1415 2538 1469 minorem
2560 1455 2574 1480 ,
2606 1426 2762 1483 quam
2792 1409 2963 1480 ipsum
2995 1406 3377 1478 principatum,
3407 1402 3604 1458 referre
3629 1415 3723 1456 eo-

2146 1525 2348 1565 ronam.
2375 1507 2597 1576 Quando
2623 1505 2764 1560 enim
2794 1503 2942 1573 quis,
2983 1511 3042 1555 ut
3084 1497 3215 1553 nihil
3261 1497 3568 1552 indecorum
3593 1536 3608 1560 ,
3642 1496 3726 1549 vel

2147 1601 2384 1671 dignitati
2431 1615 2533 1653 non
2578 1604 2993 1654 consentaneum
3034 1591 3321 1654 sustineat,
3366 1587 3538 1643 simile
3569 1585 3729 1657 quid-

2149 1692 2286 1762 piam
2322 1690 2536 1759 patitur,
2565 1696 2620 1743 et
2644 1702 2703 1743 se
2732 1685 2925 1757 injuste
2963 1679 3352 1752 deponentibns
3388 1675 3731 1747 supplicium,

2150 1793 2203 1840 et
2231 1782 2487 1852 majorem
2515 1781 2613 1836 sibi
2646 1777 2946 1834 mercedem
2971 1777 2985 1809 ¹
3012 1781 3261 1845 procurat
3288 1790 3303 1828 :
3327 1786 3449 1826 nam
3468 1769 3639 1833 Beati.
3659 1769 3735 1823 in-

2150 1874 2284 1944 quit,
2317 1874 2452 1937 estis,
2475 1888 2588 1925 cum
2614 1867 3019 1941 exprobraverint
3042 1882 3128 1920 vos
3156 1873 3201 1920 et
3224 1862 3507 1936 persequuti
3524 1861 3735 1931 fuerint,

2153 1977 2199 2021 et
2229 1967 2450 2020 dixerint
2473 1979 2619 2018 omne
2643 1961 2831 2016 malum
2856 1958 3060 2014 verbum
3086 1956 3353 2010 adversum
3377 1969 3461 2006 vos
3492 1951 3738 2004 mentien-

2154 2067 2225 2111 tes
2248 2098 2265 2124 ,
2311 2066 2517 2126 propter
2544 2071 2623 2107 me
2647 2069 2666 2107 :
2695 2050 2907 2124 gaudete
2933 2059 2979 2103 et
3007 2047 3254 2102 exsultate
3277 2086 3291 2111 ,
3332 2044 3449 2115 quia
3486 2042 3641 2095 multa
3666 2050 3743 2096 est

2156 2166 2345 2205 merces
2376 2160 2536 2202 vestra
2564 2146 2619 2199 in
2653 2143 2789 2200 cretis
2826 2142 3035 2214 (Matth.
3062 2141 3116 2195 5.
3146 2140 3233 2194 tl.
3260 2136 3365 2208 12).
3395 2137 3458 2190 Et
3482 2133 3598 2190 lta‘c
3615 2148 3739 2187 cum

2156 2257 2188 2296 a
2214 2240 2614 2304 comministris,
2640 2237 2722 2292 vel
2750 2252 2842 2307 per
2866 2234 3139 2298 invidiam,
3162 2232 3244 2286 vel
3275 2231 3339 2284 ad
3371 2230 3595 2283 aliorum
3616 2242 3742 2297 gra-

2160 2334 2310 2397 tiam,
2341 2331 2426 2387 Vel
2458 2346 2554 2400 per
2579 2328 2932 2394 inimicitiam,
2961 2325 3043 2381 vel
3072 2324 3174 2379 alia
3204 2322 3430 2394 quadam
3467 2336 3573 2375 non
3596 2327 3745 2374 recta

2160 2426 2387 2492 ratione,
2415 2425 2534 2496 quis
2561 2439 2628 2479 ex
2658 2424 2775 2479 loco
2800 2436 2898 2476 suo
2925 2429 3187 2475 movetur.
3212 2418 3339 2473 Cum
3361 2424 3536 2470 autem
3558 2415 3624 2469 ab
3644 2414 3711 2469 ad
3732 2445 3748 2455 -

2161 2518 2413 2575 versariis
2441 2517 2492 2572 id
2524 2517 2739 2587 patitur,
2769 2513 2912 2570 nulla
2946 2525 3073 2583 puto
3098 2525 3217 2566 esse
3242 2509 3484 2565 oratione
3519 2523 3652 2577 Opus
3678 2505 3747 2561 ad
3840 2497 3851 2505 ’

2163 2610 2369 2667 lucrum
2401 2607 2872 2664 demonstrandum
2898 2647 2914 2673 ,
2947 2604 3085 2677 quod
3115 2603 3312 2658 malitia
3344 2616 3437 2656 sua
3466 2600 3561 2671 ipsi
3591 2599 3752 2655 colli-

2164 2710 2313 2773 gunt.
2339 2700 2392 2755 ld
2419 2715 2547 2770 ergo
2572 2699 2804 2769 undique
2844 2693 3378 2764 circumspiciendum
3416 2703 3470 2747 et
3504 2699 3755 2747 accurate

2166 2792 2547 2862 explorandum
2576 2800 2679 2854 est,
2709 2804 2777 2844 ne
2806 2803 2908 2860 qua
2936 2785 3187 2842 desiderii
3219 2785 3360 2839 illius
3389 2782 3619 2838 scintilla
3650 2797 3747 2836 ar-

2140 2884 2303 2966 .dens
2333 2884 2511 2939 lateat.
2535 2881 2835 2952 Optandum
2864 2882 3060 2952 quippe
3096 2888 3178 2934 est
3205 2890 3331 2939 eos.
3354 2877 3442 2947 qui
3472 2874 3619 2929 initio
3650 2873 3755 2929 hoc

2171 2975 2359 3032 morbo
2384 2975 2535 3030 liberi
2567 2974 2739 3038 fuere,
2770 2973 2857 3028 ubi
2888 2970 2954 3026 ad
2978 2967 3277 3050 hujusmodi
3306 2966 3612 3037 dignitatem
3633 2980 3761 3036 per.

2173 3069 2440 3132 venerint,
2460 3067 2605 3122 illum
2628 3065 2863 3136 effugere
2881 3077 3056 3133 posse.
3075 3058 3226 3131 Quod
3248 3058 3293 3114 si
3312 3058 3453 3130 quis,
3471 3066 3759 3125 antequam

2173 3161 2430 3218 honorem
2460 3160 2607 3217 illum
2633 3166 2964 3229 assequatur,
2986 3155 3125 3210 hanc
3142 3168 3339 3208 smvam
3364 3154 3762 3220 immanemque

2175 3253 2339 3309 feram
2369 3268 2531 3324 penes
2566 3266 2625 3307 se
2655 3250 2889 3316 nutriat,
2919 3247 3024 3302 dici
3054 3245 3236 3316 nequit
3279 3244 3331 3298 in
3370 3250 3619 3313 quantam
3651 3241 3765 3294 for-

2177 3361 2363 3402 nacem
2390 3344 2537 3400 illum
2564 3351 2750 3400 nactus
2773 3356 2831 3397 se
2859 3338 3126 3408 conjiciat.
3149 3336 3256 3391 Nos
3283 3343 3459 3390 autem
3498 3332 3518 3406 (
3542 3349 3607 3387 ne
3634 3346 3766 3386 vero

2179 3448 2333 3508 putes
2361 3434 2636 3491 modesﬁzc
2664 3448 2823 3489 causa
2865 3447 2952 3486 me
2988 3429 3253 3485 ullatenus
3290 3424 3429 3497 apud
3471 3434 3522 3480 te
3551 3424 3767 3479 mentiri

2179 3527 2352 3601 velle)
2380 3543 2567 3599 magna
2592 3523 2902 3595 bujusmodi
2943 3520 3190 3591 cupidine
3221 3526 3500 3574 tenemur:
3528 3530 3646 3586 quae
3675 3528 3771 3568 res

2181 3636 2283 3675 una
2306 3634 2426 3675 cum
2454 3617 2571 3673 aliis
2594 3615 2842 3671 omnibus
2868 3627 2973 3668 non
3000 3625 3185 3681 parum
3210 3625 3308 3665 nos
3333 3606 3610 3665 exterruit.
3633 3613 3686 3658 et
3710 3605 3767 3657 in

2184 3712 2325 3768 hanc
2362 3708 2537 3781 fugam
2580 3707 2758 3763 vertit.
2799 3701 3257 3773 Quemadmodum
3295 3699 3435 3755 enim
3484 3710 3768 3767 corporum

2184 3813 2447 3860 amatores
2465 3846 2481 3869 ,
2508 3800 2758 3873 quamdiu
2783 3799 2908 3854 licet
2930 3812 3052 3852 eum
3081 3794 3271 3850 amatis
3296 3791 3495 3847 vereari
3518 3831 3532 3853 ,
3556 3789 3773 3857 gravo.

2186 3913 2299 3952 rem
2326 3894 2497 3950 morbi
2525 3893 2817 3949 cruciatum
2848 3889 3068 3952 habent,
3098 3902 3219 3942 cum
3245 3895 3422 3938 autem
3456 3882 3635 3953 procul
3664 3880 3774 3934 illis

2187 3988 2539 4051 abducuntur,
2573 3994 2698 4039 tunc
2721 3981 2979 4037 insaniam
3011 3978 3308 4043 excutiunt,
3332 3974 3411 4029 sic
3434 3983 3486 4029 ct
3508 3972 3600 4043 qui
3628 3972 3777 4040 prin.

2188 4083 2396 4151 cipatus
2441 4078 2593 4132 istius
2637 4073 2884 4145 cupidine
2928 4080 3207 4134 tenentur,
3246 4082 3366 4123 cum
3411 4078 3572 4133 penes
3622 4062 3772 4116 illum
3854 4132 3861 4137 Ι

2190 4181 2347 4238 sunt,
2395 4169 2536 4224 malo
2580 4166 2798 4223 ferendo
2838 4172 2962 4219 sunt
3006 4162 3270 4231 impares;
3317 4156 3405 4210 ubi
3455 4170 3583 4208 vero
3622 4167 3777 4219 spem

2190 4265 2465 4328 amittunt,
2491 4276 2612 4317 cum
2634 4256 3027 4330 expectatione
3049 4254 3215 4325 ipsam
3245 4248 3547 4321 cupidinem
3574 4244 3782 4301 exstin-

2190 4364 2375 4429 guunL
2536 4338 2541 4343 ’

2263 4446 2350 4502 12.
2380 4441 2820 4516 Sapientissimam
2845 4447 3073 4509 oportere
3095 4450 3201 4490 esse
3218 4429 3547 4487 sacerdotem.
3565 4456 3635 4467 —
3650 4424 3781 4478 “me

2192 4553 2295 4594 una
2321 4551 2481 4592 causa
2516 4543 2599 4589 est
2634 4548 2736 4587 non
2777 4528 3060 4585 mediocris
3089 4544 3102 4580 :
3136 4540 3254 4596 quze
3293 4523 3416 4577 licet
3451 4519 3564 4574 sola
3602 4525 3784 4580 esset,

2189 4646 2290 4687 nos
2315 4630 2383 4685 ab
2407 4624 2506 4685 hac
2530 4628 2783 4699 dignitate
2808 4639 2991 4679 arcere
3017 4628 3220 4692 posset.
3252 4617 3448 4672 Verum
3475 4623 3528 4669 et
3556 4613 3656 4666 alia
3688 4608 3788 4664 ad-

2193 4726 2337 4781 ditur
2366 4723 2466 4778 hac
2510 4737 2613 4777 non
2661 4718 2852 4774 minor.
2883 4712 3012 4782 Qua:
3054 4713 3179 4768 illa?
3223 4710 3537 4781 Vigilantcm
3573 4714 3789 4774 oportet

2136 4880 2139 4891 λ
2193 4818 2499 4890 episc0pum
2529 4826 2649 4868 esse
2670 4852 2683 4876 ,
2716 4808 3073 4881 perspicacem
3097 4846 3110 4867 ,
3142 4812 3196 4858 ct
3228 4800 3522 4856 innumeris
3552 4796 3791 4865 undique

2190 4909 2473 4982 praeditum
2500 4904 2688 4966 oculis,
2717 4908 2901 4970 utpote
2923 4899 3009 4967 qui
3039 4912 3141 4950 non
3169 4894 3268 4950 sibi
3291 4893 3484 4950 Solum.
3507 4890 3599 4945 sed
3626 4898 3792 4943 tantze

2196 4998 2514 5056 multitudini
2538 4996 2679 5050 vivat
2699 4994 2747 5067 (-l
2762 5034 2774 5047 .
2797 4991 2928 5046 Tim.
2952 4991 3003 5045 5.
3022 4987 3102 5059 9.).
3122 4984 3229 5042 Nos
3250 5000 3377 5039 vero
3395 4995 3586 5052 segnes
3604 4992 3792 5033 sumus

2197 5103 2252 5148 et
2278 5089 2521 5157 remissi,
2550 5099 2603 5143 et
2643 5094 2837 5141 nostra:
2864 5080 3017 5137 saluti
3057 5080 3141 5133 vix
3185 5074 3531 5132 sufﬁcientes.
3564 5070 3676 5125 [loc
3705 5068 3790 5123 vel

2198 5193 2309 5240 tute
2337 5182 2553 5246 lateam,
2577 5179 2663 5251 qui
2690 5177 2919 5231 maxime
2944 5158 3177 5227 omnium
3204 5167 3451 5223 amicitia:
3469 5178 3627 5220 causa
3651 5161 3790 5237 mala

2199 5286 2380 5334 nostra
2406 5274 2658 5342 obtegere
2681 5266 2915 5326 conaris.
2946 5263 3023 5320 Ne
3062 5261 3188 5317 mihi
3223 5260 3364 5315 enim
3406 5256 3492 5311 hic
3529 5253 3792 5324 jejunium

2199 5370 2414 5439 alleges,
2438 5365 2519 5421 vel
2549 5363 2770 5434 vigilias,
2793 5357 2877 5416 vel
2908 5356 3049 5413 lmmi
3072 5353 3431 5417 cubationem,
3455 5358 3508 5403 et
3531 5346 3789 5416 reliquam

2199 5438 2438 5532 Corporis
2469 5456 2880 5512 tnacerationem
2907 5468 2921 5505 :
2949 5464 3070 5503 nam
3100 5454 3356 5514 quantum
3380 5440 3447 5495 ab
3474 5438 3557 5493 his
3575 5439 3792 5496 virtuti-

2201 5529 2557 5611 bus—absimus
2590 5562 2693 5604 non
2722 5545 2954 5618 ignoras.
2987 5536 3205 5596 Etiamsi
3236 5550 3364 5591 vero
3394 5547 3425 5588 a
3450 5529 3603 5587 nobis
3627 5542 3790 5585 accu-

2266 5820 2290 5853 ι
2327 5813 2431 5877 alii,
2452 5812 2676 5863 timorem
2693 5802 2939 5869 procurat.
