4050 6160
400 137 508 194 6W

404 266 518 304 me
544 246 933 308 excolerentur,
966 245 1095 299 nihil
1128 246 1240 299 lucc
1274 259 1370 298 nos
1399 251 1539 298 tanta
1575 243 1738 298 animi
1768 241 1988 312 segnitie

403 341 657 411 przrditos
678 339 744 394 ad
770 341 906 393 hanc
928 338 1290 408 proiecturam
1309 335 1579 406 juvarcnt.
1607 334 1813 388 llomini
1836 333 1992 404 quip-

404 450 473 504 pe
501 434 552 488 in
578 433 895 488 domuncula
917 430 1140 501 quadam
1170 430 1371 484 incluso
1393 436 1448 483 ct
1472 443 1565 482 sua
1595 427 1763 481 solum
1790 424 1993 480 curanti

405 529 523 581 lure
550 541 793 595 magnam
822 522 1073 576 afferrent
1099 521 1372 574 utilitatem
1396 536 1410 583 ;
1441 518 1534 573 sed
1565 519 1614 572 in
1639 527 1835 572 tantam
1862 515 1998 569 mul-

407 617 685 671 titndincm
713 616 902 679 scisso,
934 623 985 668 et
1015 615 1270 681 cujusque
1304 610 1636 664 subditorum
1673 607 1994 678 peculiarem

403 706 818 762 Sollicitudinem
845 704 1071 775 gerenti,
1099 703 1222 773 quid
1251 702 1300 756 id
1326 702 1456 757 lucri
1485 701 1671 755 afferat
1694 699 1760 754 ad
1789 699 1995 752 illorum

409 800 704 868 profectum
725 839 740 863 ,
770 797 870 851 nisi
901 797 1132 850 auinnun
1160 796 1364 850 virilem
1392 810 1454 849 ac
1484 793 1828 848 fortissimum
1857 788 1999 846 obti-

407 903 531 946 neat
545 891 568 943 ?

483 982 571 1034 15.
605 979 800 1033 Prwter
826 980 1172 1033 abstinentiam
1205 978 1308 1032 alia
1335 976 1541 1046 requiri.
1572 1004 1644 1015 —-
1677 974 1860 1043 Neque
1899 973 2000 1027 mi-

419 1072 558 1126 reris
581 1070 625 1124 si
653 1086 772 1124 eum
802 1079 941 1124 tanta
972 1068 1246 1122 tolerantia
1271 1070 1284 1099 ¹
1337 1068 1562 1121 alterum
1617 1065 1826 1134 postulo
1854 1061 2003 1117 fortis

409 1162 576 1217 animi
611 1163 1054 1230 estperimentum.
1085 1159 1216 1214 Nam
1250 1159 1532 1213 delicatum
1562 1158 1761 1219 cibum,
1798 1164 2000 1226 potum,

410 1254 608 1309 lectum
635 1253 930 1322 deSpit-ere,
956 1253 1135 1306 multis
1156 1251 1311 1305 facile
1333 1265 1452 1304 esse
1474 1248 1714 1303 videmus
1739 1265 1750 1301 :
1777 1247 2005 1301 t'naxime

411 1360 545 1400 vero
587 1345 650 1398 iis
671 1386 684 1408 ,
714 1345 804 1412 qui
841 1355 1024 1397 natura
1061 1344 1380 1412 agrestiores
1401 1351 1456 1397 ct
1486 1357 1513 1393 a
1543 1341 1736 1394 teucris
1767 1341 1843 1394 sic
1871 1341 2006 1393 edu-

410 1436 520 1490 cati
546 1443 698 1500 sunt,
727 1451 788 1488 ac
813 1435 992 1488 multis
1020 1435 1142 1487 item
1173 1435 1290 1486 aliis
1316 1434 1557 1501 corporis
1589 1438 2008 1500 temperamento

413 1540 574 1598 atque
610 1529 996 1582 censuetudine
1040 1527 1278 1581 laborum
1326 1524 1626 1594 bujusmodi
1668 1524 2008 1592 asperitatem

415 1619 800 1690 mitigantibus.
818 1619 1289 1678 Att-Ontumeliam,
1304 1616 1575 1678 damnum,
1593 1617 1870 1668 molestum
1893 1628 2011 1668 ver-

417 1713 568 1776 bntn,
593 1713 817 1767 dicteria
839 1712 904 1764 ab
933 1710 1269 1763 inferioribus
1297 1719 1403 1761 tum
1436 1719 1656 1772 temere,
1683 1716 1788 1760 tum
1819 1705 1868 1759 in
1897 1706 2012 1773 ipso

367 1867 371 1870 ,
416 1804 618 1874 judicio
647 1804 851 1870 prolata
875 1843 890 1868 ,
923 1802 1282 1871 querimonias
1314 1800 1505 1852 frustra
1534 1807 1588 1851 et
1617 1808 1818 1852 temere
1845 1807 1951 1850 tum
1983 1811 2014 1850 ει

416 1896 752 1964 principibus
786 1903 894 1946 tum
931 1907 959 1945 a
1003 1891 1224 1946 subditis
1253 1890 1490 1954 oblatas,
1534 1905 1636 1942 non
1680 1887 1830 1940 multi
1877 1887 2017 1941 ferre

421 1995 687 2056 possunt,
727 1985 820 2041 sed
864 2002 998 2038 umts
1045 1983 1267 2037 fortasse
1302 1982 1385 2036 vel
1426 1982 1578 2036 alter.
1612 1980 1907 2049 Videreque
1937 1987 2018 2032 est

418 2081 584 2132 ctiam
614 2079 757 2132 viros
785 2077 946 2130 fortes
971 2075 1036 2130 ad
1070 2077 1182 2130 iure
1210 2076 1278 2128 ita
1304 2089 1401 2129 ceu
1435 2073 1694 2142 vertigine
1719 2083 1900 2140 captos
1920 2109 1935 2135 ,
1964 2076 2021 2122 ut

421 2172 513 2224 vel
559 2169 958 2224 immanissimis
1003 2168 1190 2222 belluis
1237 2166 1399 2220 ferius
1445 2173 1825 2232 exasperentur
1866 2178 1878 2214 :
1922 2160 2019 2214 hos

423 2277 557 2316 vero
587 2261 818 2314 maxime
852 2277 878 2313 a
910 2261 1193 2314 sacvrdotii
1229 2261 1392 2328 septis
1418 2273 1684 2311 arcemus.
1717 2255 2022 2309 Autistitem

423 2353 625 2422 quippe
665 2367 763 2404 nec
803 2351 974 2403 inedia
1005 2349 1272 2414 alllictari,
1307 2363 1405 2403 nec
1442 2348 1597 2401 nudis
1627 2345 1848 2416 pedibus
1875 2345 2022 2398 ince-

425 2447 582 2509 dere,
613 2445 662 2497 id
687 2461 813 2497 sanc
843 2443 1090 2498 Ecclesia}
1111 2443 1268 2498 ctetui
1292 2441 1418 2494 nihil
1440 2439 1624 2494 afferet
1663 2435 1972 2493 detrimenti
2006 2453 2020 2490 ε

429 2539 582 2590 furor
622 2546 799 2590 autem
842 2535 1003 2589 animi
1047 2544 1100 2590 ct
1143 2534 1215 2588 illi
1255 2543 1305 2587 et
1347 2534 1587 2602 proximo
1631 2546 1848 2601 magnas
1889 2528 2028 2602 parit

429 2629 787 2681 calamitates.
828 2629 999 2697 Atque
1041 2627 1106 2680 iis
1147 2625 1392 2694 quidem,
1431 2626 1518 2694 qui
1559 2639 1714 2693 supra
1744 2623 1882 2678 dicta
1921 2637 2027 2676 non

435 2728 721 2786 pnestaut,
752 2718 886 2770 nulla
914 2733 943 2770 a
973 2717 1082 2769 Deo
1111 2715 1455 2769 comminatio
1483 2732 1495 2768 :
1524 2723 1578 2767 at
1606 2725 1803 2767 temere
1828 2727 2028 2767 excan-

434 2811 780 2863 descentibus
827 2817 880 2863 et
926 2808 1219 2878 gehennam
1267 2817 1319 2860 et
1363 2806 1620 2876 gehennae
1668 2806 1842 2874 ignem
1889 2805 2029 2857 Deus

436 2905 796 2955 comminatus
819 2912 896 2954 est
926 2900 1136 2970 (.llnttlt.
1164 2899 1218 2954 5.
1246 2897 1359 2969 9‘2).
1390 2897 1846 2963 Quemadmodum
1875 2895 2031 2964 igitur

439 3008 593 3045 vauze
640 2993 825 3061 glerie
869 2990 1126 3060 Cupidus,
1171 3007 1289 3044 cum
1341 2990 1623 3042 multorum
1665 2987 2030 3058 pra-fecturam

441 3085 586 3146 adit,
618 3084 873 3151 majorem
910 3082 1012 3150 igni
1048 3081 1246 3150 prtebet
1274 3081 1582 3145 materiam,
1610 3080 1688 3132 sic
1724 3089 1774 3133 et
1810 3079 1898 3148 qtti
1935 3093 2034 3132 nec

443 3178 582 3246 apud
607 3193 684 3234 se.
713 3192 810 3230 nec
833 3177 884 3230 itt
913 3175 1255 3229 familiaribus
1285 3189 1568 3243 paucorum
1598 3174 1872 3242 eolloquiis
1902 3173 2033 3226 iram

445 3269 723 3322 continere
751 3267 931 3334 nequit
957 3307 972 3333 ,
1000 3266 1092 3320 sed
1127 3264 1278 3319 facile
1309 3263 1678 3326 excandescit,
1709 3262 1831 3316 huic
1854 3263 1897 3316 si
1939 3278 2036 3332 po-

447 3360 648 3430 pularis
681 3361 1018 3428 magistratus
1045 3357 1303 3420 tradatur,
1327 3372 1422 3410 ceu
1452 3355 1560 3409 fera
1587 3355 1826 3424 lllltetlalll
1849 3370 1876 3408 a
1904 3353 2040 3406 mul-

449 3453 518 3505 tis
548 3452 779 3520 nudique
812 3450 1146 3505 exstimulata
1174 3490 1188 3513 ,
1227 3464 1324 3503 nec
1363 3448 1540 3518 quieto
1577 3462 1820 3517 umquam
1859 3447 2039 3500 animo

449 3559 571 3598 esse
603 3551 804 3612 potest,
836 3542 1155 3610 insuperque
1189 3539 1476 3595 commisso
1513 3538 1612 3593 sibi
1654 3539 1846 3608 populo
1883 3537 2039 3592 innu-

455 3653 601 3691 mera
643 3645 889 3704 procurat
929 3635 1084 3687 tnala.
1685 3628 1765 3688 Ἐκ

531 3729 614 3784 14.
646 3725 794 3779 Nihil
822 3735 922 3778 tam
949 3725 1107 3778 aciem
1132 3724 1308 3777 mentis
1332 3721 1625 3787 obtundere,
1657 3737 1805 3790 quam
1834 3721 2042 3774 iracun-

455 3820 614 3872 diam.
646 3847 715 3858 ——
740 3817 877 3871 Nihil
904 3818 1045 3869 enim
1073 3815 1148 3869 sic
1179 3815 1371 3883 ingenii
1411 3813 1714 3882 puritatem,
1745 3809 2044 3878 mentisque

457 3911 628 3964 aciem
658 3909 906 3963 obturbat
933 3951 946 3974 ,
978 3916 1035 3961 ut
1069 3908 1143 3960 ira
1186 3906 1479 3959 inordinata
1501 3945 1515 3967 ,
1544 3918 1661 3971 qute
1688 3901 1855 3955 multo
1883 3899 2046 3964 fertur

459 4005 681 4074 impetu.
724 4001 814 4054 Ira
840 4001 979 4055 enim
1005 4041 1018 4063 ,
1053 3999 1224 4068 inquit
1261 3997 1346 4050 ille
1367 4038 1381 4062 ,
1411 3996 1560 4047 ctiam
1591 3992 1856 4062 prudentes
1884 3990 2046 4060 perdit

460 4097 643 4167 (Prov.
675 4097 761 4150 15.
794 4094 864 4166 l).
899 4094 1026 4148 Nam
1057 4089 1498 4162 quemadmodum
1531 4088 1580 4140 in
1618 4094 1876 4139 nocturno
1909 4097 2047 4152 prce-

463 4193 538 4246 lio
565 4191 940 4244 obtenebrattts
972 4187 1162 4242 mentis
1191 4185 1375 4239 oculus
1404 4183 1603 4236 amicos
1633 4182 1698 4236 ab
1733 4177 2050 4232 adversariis

462 4286 771 4340 discernere
817 4283 1025 4352 nequit,
1068 4296 1164 4334 nec
1208 4279 1411 4331 nobiles
1457 4277 1523 4330 ab
1565 4273 1912 4346 ignobilibus,
1955 4271 2048 4324 sed

463 4393 585 4432 ('tltlt
614 4377 859 4428 tinnitibus
892 4374 1079 4427 eodem
1119 4386 1176 4425 se
1214 4370 1351 4439 getit
1393 4367 1582 4433 modo,
1616 4377 1668 4420 et
1698 4364 1742 4419 si
1772 4362 1894 4434 qttid
1929 4362 2073 4416 malit

465 4467 797 4523 Subenndtnn
838 4467 903 4518 sit
928 4507 940 4525 ,
971 4464 1145 4518 Ouinia
1181 4461 1330 4515 facile
1363 4461 1588 4530 patitur,
1623 4468 1677 4526 ut
1707 4454 1867 4510 animi
1899 4453 2049 4506 volu-

467 4572 668 4632 ptatem
699 4559 934 4627 impleat.
965 4556 1092 4610 Nam
1121 4565 1265 4607 certe
1294 4555 1534 4620 voluptas
1561 4548 1801 4618 quaedam
1831 4554 1916 4600 est
1943 4544 2055 4598 ani-

469 4656 541 4709 mi
571 4649 1048 4713 excandescentia,
1080 4656 1135 4701 et
1162 4647 1427 4714 voluptate
1456 4641 1710 4709 majorem
1740 4640 1790 4691 in
1819 4638 2055 4691 animum

470 4757 682 4802 exercet
713 4743 1040 4816 tyrannidem
1065 4784 1078 4807 ,
1109 4740 1448 4810 tranquillum
1477 4737 1590 4808 ejus
1622 4745 1816 4790 statum
1848 4750 1937 4785 sus
1968 4731 2059 4786 de-

472 4856 576 4909 que
602 4839 915 4893 revolvens:
940 4851 1057 4888 nam
1092 4834 1141 4886 in
1172 4830 1524 4901 arrogantiam
1556 4829 1706 4882 facile
1738 4825 1976 4895 impellit,
2007 4831 2061 4878 et

475 4934 770 4986 siuntitates
797 4928 1213 4998 intempestivas,
1243 4935 1296 4979 et
1325 4924 1500 4978 odium
1528 4923 1643 4976 sine
1675 4921 1774 4975 ulla
1804 4935 1982 4985 causa,
2008 4926 2061 4973 et

476 5025 796 5078 olfeusioncs
826 5031 1025 5074 temere
1065 5029 1215 5072 natas
1253 5016 1554 5086 frequenter
1583 5022 1758 5084 parat,
1794 5011 2062 5081 multaque

483 5121 565 5172 bis
591 5116 779 5173 similia
808 5125 860 5170 et
886 5115 1062 5190 dicere
1088 5121 1143 5166 et
1171 5110 1346 5165 facere
1372 5108 1531 5177 cogit,
1555 5107 1732 5159 animo
1753 5105 1920 5157 multo
1941 5117 2061 5157 cum

479 5213 711 5267 stridore
747 5208 917 5264 morbi
958 5207 1200 5260 molestia
1238 5205 1376 5256 ultro
1407 5201 1646 5270 citroque
1673 5208 1874 5260 tracto,
1906 5197 1974 5249 ita
2010 5203 2066 5249 ut

483 5302 628 5356 nullo
658 5300 812 5357 modo
843 5309 1005 5362 stare,
1036 5305 1089 5350 et
1117 5304 1260 5348 tanto
1292 5291 1508 5362 llllpt‘ltll
1537 5289 1795 5343 obsistere
1825 5296 2001 5357 queat.

558 5391 876 5448 msues.
917 5391 1024 5459 ligo
1055 5404 1176 5442 vero
1208 5397 1258 5440 te
1291 5388 1368 5439 sic
1404 5379 1824 5452 dissimulantem
1853 5393 1956 5434 non
1983 5377 2065 5431 ttl-

557 5602 574 5633 ι
606 5600 740 5652 satil.
771 5607 819 5651 et
841 5597 1032 5661 quitiam
1052 5604 1175 5657 uss,
1202 5601 1300 5656 ron
1323 5599 1500 5650 tantam
1525 5588 1840 5652 tolerantiam.

1603 128 1688 184 DE
1727 125 2176 193 SACERDOTIO.
2211 128 2336 196 LIB.
2382 129 2468 196 ta.

2110 242 2272 308 terius
2297 241 2485 313 patiar.
2518 241 2646 307 Quis
2676 241 2815 295 enim
2859 240 3062 310 ignorat
3095 249 3346 308 quantum
3375 240 3476 296 hoc
3503 243 3693 297 morbo

2101 332 2174 412 sis
2203 332 2446 386 alienus?
2484 329 2949 386 CllRYSUSTOM.
2990 331 3343 400 Quidvigitur,
3375 333 3625 403 inquam,
3657 349 3692 386 ο

2103 425 2182 481 vir
2207 425 2380 490 beate,
2409 425 2486 479 vis
2512 442 2594 480 tne
2627 424 2747 478 huic
2777 440 2904 496 rogo
2931 425 3239 488 admovere,
3268 441 3330 480 ac
3356 426 3516 479 feram
3541 427 3692 496 quies

2103 527 2337 571 scentcm
2370 516 2618 571 irritare?
2642 517 2721 571 Au
2752 516 2963 586 ignoras
2993 517 3041 570 id
3070 517 3224 572 nobis
3253 532 3358 572 non
3390 530 3566 571 neSIra
3596 521 3695 572 vir-

2105 617 2216 662 tute
2241 606 2586 672 successisse,
2615 606 2710 661 scd
2728 623 2790 661 ex
2814 608 3008 677 quietae
3035 606 3153 660 vitae
3180 622 3396 670 amore;
3423 622 3541 661 eum
3567 624 3694 662 vero

2105 701 2192 769 qui
2226 701 2301 753 sic
2337 699 2558 754 allectus
2586 709 2694 764 est,
2729 715 2968 754 seorsum
3001 699 3279 770 degentem
3302 711 3322 766 ,1
3345 709 3400 754 et
3430 717 3533 753 uno
3559 702 3692 755 alte-

2107 808 2233 847 rere
2260 802 2493 846 utentem
2524 791 2737 857 amico,
2776 791 3079 858 hujnsmodi
3122 791 3420 848 incendium
3464 794 3695 861 clingcre

2109 898 2295 952 posse;
2323 899 2479 938 secus
2509 898 2639 938 vero
2668 884 2710 938 si
2740 883 2790 937 in
2821 893 2896 937 tot
2918 900 3163 938 curarum
3187 885 3436 955 abyssum
3465 883 3697 938 incidat?

2109 976 2257 1033 Tunc
2297 976 2437 1030 enim
2473 993 2578 1031 non
2620 992 2680 1042 se
2714 977 2884 1040 solum
2906 1017 2920 1039 ,
2951 976 3043 1030 sed
3072 985 3124 1030 ct
3152 975 3284 1032 alios
3314 976 3605 1045 permultos
3633 976 3696 1028 ad

2111 1069 2355 1122 interitus
2393 1069 2742 1144 prateipitinm
2780 1083 2961 1122 secum
3005 1069 3194 1135 trahit,
3227 1078 3281 1123 et
3317 1068 3382 1122 ad
3425 1069 3700 1136 probitatis

2110 1176 2292 1218 curant
2321 1150 2594 1228 segniores
2629 1161 2808 1216 efficit.
2845 1161 2992 1216 Solet
3017 1163 3157 1215 enim
3186 1161 3520 1217 subditorum
3548 1163 3702 1217 turba

2113 1253 2484 1324 praefectorum
2509 1253 2608 1307 sibi
2640 1269 2816 1308 mores
2837 1269 2936 1309 ceu
2962 1254 3306 1325 archetypum
3339 1261 3392 1308 et
3417 1251 3698 1323 quamdam

2116 1345 2396 1413 imaginem
2440 1354 2708 1412 spectare,
2741 1359 2903 1416 seque
2941 1343 3006 1399 ad
3051 1345 3258 1398 illorum
3292 1344 3516 1400 fortnam
3547 1344 3701 1398 effin-

2113 1451 2256 1511 gere.
2288 1435 2386 1503 Qui
2419 1451 2546 1506 ergo
2589 1437 2756 1508 possit
2802 1436 2888 1491 ille
2917 1451 3099 1491 eorum
3143 1444 3378 1490 tumores
3404 1435 3591 1489 sedare
3610 1475 3634 1500 ,.
3660 1435 3704 1488 si

2118 1528 2229 1598 ipse
2261 1531 2490 1581 tumeat?
2517 1527 2632 1598 quis
2661 1527 2898 1596 plebeius
2931 1526 3234 1587 moderatus
3263 1528 3440 1581 statim
3474 1527 3586 1581 fieri
3613 1544 3707 1580 cn—

2120 1620 2244 1690 piat,
2270 1622 2312 1673 si
2340 1620 2628 1690 principem
2656 1619 2964 1673 iracundum
2994 1619 3202 1673 videat?
3230 1620 3541 1688 Neutiqnam
3563 1619 3708 1678 enim

2106 1721 2341 1782 .possnnt
2362 1712 2700 1778 sacerdotum
2724 1712 2849 1764 vitia
2877 1713 3062 1772 latere,
3094 1711 3187 1766 sed
3213 1713 3372 1766 etiam
3394 1711 3582 1781 exigua
3607 1711 3710 1766 cito

2120 1804 2405 1872 conspicua
2436 1811 2577 1856 sunt.
2607 1803 2878 1872 Siquidem
2911 1803 3110 1858 athleta
3140 1803 3392 1872 quamdiu
3421 1804 3561 1856 domi
3596 1820 3711 1856 rna-

2123 1904 2244 1961 net,
2274 1904 2327 1950 et
2369 1911 2491 1950 cum
2532 1896 2674 1955 nullo
2718 1895 3092 1965 congreditur,
3137 1896 3258 1948 licet
3301 1896 3560 1948 infirmior
3599 1895 3712 1958 sit,

2123 1989 2392 2058 occultare
2430 2003 2488 2042 se
2531 1995 2738 2058 potest;
2767 2003 2887 2042 eum
2928 1996 3103 2050 autem
3148 1985 3378 2040 nudatus
3418 1986 3467 2038 in
3497 2001 3721 2038 arenam

2125 2080 2426 2143 descendit,
2469 2080 2644 2133 statim
2687 2078 2775 2149 qui
2811 2079 2880 2132 sit
2920 2078 3199 2132 evincitur.
3246 2077 3496 2139 llomiiies
3540 2077 3724 2143 itaque

2126 2173 2214 2244 qui
2249 2173 2471 2242 seorsim
2504 2181 2555 2225 et
2581 2172 2632 2225 in
2665 2174 2771 2225 otio
2801 2172 2958 2224 vitam
2987 2180 3180 2239 agunt,
3207 2169 3455 2222 vitiorum
3497 2183 3720 2222 suorum

2130 2275 2339 2339 tegmen
2369 2264 2566 2324 habent
2588 2262 2960 2325 solitudinem;
2987 2261 3036 2314 in
3065 2260 3296 2314 medium
3323 2259 3556 2323 adducti,
3583 2261 3718 2313 sicut

2129 2359 2501 2422 vestimentum
2528 2355 2865 2410 solitudinem
2895 2369 3093 2419 exuere
3121 2364 3400 2422 coguntur,
3426 2368 3600 2420 exque
3629 2367 3720 2405 ex-

2132 2450 2294 2508 ternis
2336 2448 2572 2504 motibus
2622 2446 2820 2518 nudum
2869 2444 3114 2508 omnibus
3161 2443 3396 2504 animum
3442 2443 3718 2498 exhibere.

2130 2541 2590 2611 Quemadmodum
2632 2555 2760 2609 ergo
2803 2539 3037 2608 lpStll'Uln
3079 2537 3330 2606 pra-clara
3359 2544 3508 2604 gerta
3545 2535 3725 2589 multis

2134 2643 2355 2704 prosunt
2379 2634 2442 2687 ad
2470 2633 2644 2687 simile
2674 2632 2904 2700 studium
2933 2629 3230 2695 evocantia,
3255 2628 3331 2682 sic
3357 2636 3408 2682 ct
3435 2642 3628 2681 eorum,
3649 2628 3724 2681 vi-

2135 2727 2203 2784 tia
2237 2727 2370 2789 alios
2399 2723 2465 2777 ad
2500 2723 2708 2790 virtutis
2736 2722 3049 2783 exercitium
3077 2720 3350 2790 segniores
3376 2718 3610 2775 cilicium
3630 2759 3645 2780 ,
3672 2727 3728 2771 et

2133 2819 2206 2886 ad,
2228 2819 2486 2873 bonorum
2517 2832 2741 2885 operum
2772 2815 3007 2874 laborent
3041 2823 3252 2881 torpere
3281 2811 3496 2865 faciunt.
3527 2811 3727 2877 Quant-

2135 2914 2319 2967 obrem
2349 2910 2541 2970 anima:
2572 2909 2687 2978 ejus
2715 2905 3161 2976 pulchritudinem
3191 2903 3473 2972 Splendere
3496 2910 3728 2969 oportet,

2137 3012 2196 3074 ut
2237 3012 2592 3073 spectatorum
2635 3000 2843 3056 animos
2872 2997 3140 3055 oblectare
3178 2994 3336 3049 simul
3372 3003 3426 3048 et
3466 2993 3729 3047 illustrare

2141 3095 2323 3164 possit.
2370 3091 2502 3154 Nam
2546 3087 2842 3158 vulgarium
2881 3085 3154 3146 hominum
3196 3093 3410 3155 peccata
3435 3123 3449 3146 ,
3486 3081 3633 3151 quasi
3677 3082 3733 3134 in

2143 3185 2373 3241 tenebris
2403 3190 2723 3252 perpetrata,
2752 3176 3204 3250 peccantesgsolos
3232 3175 3494 3244 perdunt:
3520 3174 3616 3228 viri
3639 3191 3732 3228 au-

2143 3287 2247 3333 tem
2280 3275 2496 3341 illustris
2519 3282 2577 3334 et;
2602 3272 2782 3336 multis
2809 3269 3002 3339 cogniti
3034 3267 3229 3332 scelus,
3254 3281 3535 3320 commune
3561 3265 3732 3320 omni-

2143 3371 2241 3425 bus
2264 3368 2423 3431 affert
2442 3366 2839 3428 detrimentum,
2860 3361 2986 3420 dum
3015 3359 3268 3418 remissos
3293 3357 3365 3412 ad.
3385 3355 3610 3411 sudores
3637 3371 3732 3424 pro

2098 3499 2100 3502 ν
2145 3462 2300 3526 nobis.
2323 3459 2573 3531 cperibus
2599 3454 2954 3526 capessendos
2981 3451 3288 3521 supiniores
3304 3450 3464 3504 efficit
3481 3491 3496 3516 ,
3524 3464 3617 3504 eos
3641 3464 3735 3501 au—

2147 3565 2252 3616 tem
2282 3554 2369 3623 qtti
2395 3552 2493 3607 sibi
2521 3547 2798 3608 attendere
2820 3546 3062 3616 cupiunt,
3094 3544 3160 3600 ad
3187 3541 3487 3611 superbiam
3517 3541 3733 3595 excitat.

2145 3646 2227 3701 Ad
2255 3645 2370 3702 haec
2399 3657 2524 3698 vero
2548 3682 2563 3705 ,
2596 3638 2886 3710 vulgarium
2917 3635 3110 3692 delicta
3134 3676 3148 3699 ,
3177 3639 3260 3688 vel
3294 3633 3342 3686 in
3378 3632 3609 3687 medium
3639 3630 3738 3684 ads-

2146 3739 2340 3800 ducta,
2374 3733 2574 3791 nemini
2619 3732 2688 3786 ita
2729 3728 3046 3800 profundam
3084 3726 3330 3796 infligunt
3368 3725 3572 3795 plagam
3605 3740 3617 3777 :
3647 3723 3738 3793 qui

2147 3842 2328 3884 autem
2357 3827 2409 3880 in
2437 3825 2540 3890 hoc
2566 3822 2781 3889 honoris
2811 3819 3020 3889 fastigio
3044 3817 3262 3881 sedent,
3294 3816 3466 3884 primo
3493 3813 3740 3867 omnibus

2149 3930 2276 3977 sunt
2297 3918 2564 3989 conspicui
2585 3931 2600 3981 ;
2625 3914 2835 3978 deinde,
2861 3913 2984 3967 licet
3005 3912 3056 3964 in
3079 3909 3309 3963 minimis
3337 3907 3596 3970 labantur,
3621 3921 3738 3975 quae

2152 4015 2356 4069 tuinora
2378 4019 2502 4064 sunt
2526 4009 2648 4062 aliis
2671 4021 2859 4076 magna
2887 4003 3149 4058 videntur.
3176 3999 3450 4054 Nonenim
3480 3997 3599 4050 facti
3625 4011 3739 4049 ma-

2153 4103 2427 4175 gnitudine
2450 4103 2488 4165 ¹,
2527 4099 2621 4154 sed
2678 4096 2946 4168 peccantis
2986 4092 3238 4163 dignitate
3261 4098 3531 4159 peccatum
3556 4102 3741 4141 onmcs

2155 4195 2462 4252 metiuntur.
2493 4191 2632 4246 Sane
2675 4185 3004 4242 sacerdotem
3044 4189 3254 4251 Oportet
3291 4194 3390 4234 ceu
3428 4177 3743 4247 quibusdam

2156 4282 2506 4340 adamantinis
2531 4279 2694 4334 armis
2731 4277 3081 4345 undequaque
3109 4270 3322 4334 muniri,
3350 4267 3564 4322 assiduo
3592 4281 3741 4321 irem-

2159 4393 2224 4447 pe
2251 4374 2424 4428 studio
2446 4413 2459 4434 ,
2490 4381 2546 4426 et
2577 4367 2792 4439 perenni
2823 4366 2964 4420 circa
2994 4365 3156 4417 vitam
3183 4360 3448 4431 vigilantia
3471 4401 3485 4422 ,
3516 4357 3742 4425 undique

2158 4461 2630 4534 circumspiciendo
2655 4501 2668 4525 ,
2705 4476 2772 4511 ne
2799 4456 2916 4527 quis
2955 4452 3096 4510 nudo
3138 4468 3201 4507 ac
3243 4451 3484 4520 neglecto
3515 4449 3630 4502 loco
3659 4463 3744 4500 rc-

2163 4573 2312 4630 perto
2342 4557 2496 4612 letale
2535 4553 2733 4621 inlligat
2770 4549 2976 4606 vulnus.
3007 4546 3206 4600 Omnes
3237 4543 3377 4600 enim
3402 4543 3748 4597 circumstant

2163 4655 2346 4726 parati,
2379 4660 2437 4706 ut
2463 4651 2736 4704 vulnerent
2763 4661 2826 4700 ac
2852 4643 3121 4713 dejiciant,
3150 4655 3256 4694 non
3284 4636 3443 4691 modo
3472 4650 3534 4690 ex
3569 4631 3744 4686 inimi-

2161 4750 2240 4804 cis
2267 4745 2434 4808 multi,
2461 4742 2553 4798 sed
2583 4741 2742 4796 etiam
2769 4753 2833 4793 ex
2863 4737 2947 4804 iis,
2974 4735 3062 4805 qui
3093 4731 3375 4787 amicitiam
3401 4727 3673 4782 simulant.

2234 4838 2390 4892 Tales
2435 4833 2594 4904 igitur
2632 4830 2752 4901 eligi
2793 4834 3037 4899 oportet,
3073 4822 3244 4893 qualia
3283 4826 3584 4873 sanctorum
3621 4815 3748 4868 olim

2167 4931 2377 4987 illorum
2407 4939 2628 4996 corpora
2658 4923 2710 4977 in
2739 4918 3057 4992 Babylonica
3095 4915 3306 4970 fornace
3342 4911 3434 4965 Dei
3467 4909 3633 4979 gratia
3662 4923 3752 4960 cx-

2168 5021 2357 5076 hibuit.
2382 5018 2564 5088 Neque
2591 5017 2730 5070 enim
2763 5012 2899 5082 ignis
2927 5009 3080 5078 hujus
3107 5019 3230 5060 esca
3253 5012 3376 5057 sunt
3401 5008 3750 5058 sarmentum,

2172 5115 2258 5185 pix
2285 5122 2340 5167 et
2367 5086 2554 5178 stupia;
2597 5105 2692 5162 sed
2731 5104 2814 5157 his
2848 5101 3012 5156 multo
3035 5096 3305 5166 graviora,
3328 5086 3753 5160 quandoquidem

2171 5178 2278 5260 ium
2307 5200 2573 5260 sensibilis
2601 5196 2689 5251 ille
2713 5193 2847 5264 ignis
2875 5188 3111 5258 subjacet
3131 5227 3146 5252 ,
3175 5183 3267 5239 sed
3297 5180 3473 5236 omnia
3495 5178 3755 5234 devorans

2175 5294 2388 5350 invidia:
2413 5291 2626 5346 llatnma
2659 5287 2830 5356 ipsum
2861 5277 3222 5337 circumsistit,
3251 5272 3481 5341 undique
3510 5285 3567 5325 se
3595 5268 3754 5324 attol-

2176 5387 2320 5452 lens,
2349 5382 2449 5454 ipsi
2480 5381 2730 5451 ingruens
2749 5416 2764 5443 ,
2791 5370 3193 5438 accuratiusque
3219 5365 3388 5436 ipsum
3415 5360 3754 5424 examinans,

2250 5584 2263 5615 ι
2306 5579 2408 5644 Alit,
2437 5579 2560 5631 ’octa
2581 5583 2822 5640 mensura.
