4050 6160
357 152 453 223 681

356 292 513 351 quam
547 292 669 341 tunc
699 280 832 357 ignis
861 293 1144 361 pucrbrum
1172 294 1381 351 illorum
1406 314 1648 368 corpora.
1678 301 1807 356 Cum
1838 303 1935 373 igi-

357 381 442 426 tur
470 374 549 428 vel
581 385 737 432 tenue
763 380 1048 450 quodpiam
1086 385 1291 454 stipula:
1323 381 1600 458 vt-SIigium
1640 391 1934 463 invenerit,

354 458 528 520 statim
573 468 837 527 inlucfeiis
874 473 1107 529 vitiatam
1152 470 1293 530 illam
1340 488 1538 547 partem
1569 484 1778 546 exurit;
1810 458 1934 539 reli;
2002 475 2016 487 ’

354 568 512 623 quam
544 572 671 612 vero
695 560 1035 628 structuram,
1063 565 1269 621 etiamsi
1295 566 1552 625 solaribus
1573 567 1734 627 radiis
1753 575 1935 643 splen-

352 646 527 700 didior
549 646 722 712 fuerit,
750 651 890 705 fumo
914 653 1000 707 illo
1020 650 1191 709 adurit
1209 658 1262 711 et
1282 658 1530 714 obscurat
1552 671 1732 718 tutam.
1759 654 1937 721 Donec

354 737 495 790 enim
523 740 814 796 sacerdotis
844 744 943 797 vita
972 746 1133 815 probe
1160 747 1389 818 undique
1413 753 1723 808 concinnata
1755 755 1933 823 fuerit,

355 827 558 882 ihsidiis
599 831 685 884 ille
724 833 882 888 nullis
915 836 1121 900 pervius
1145 848 1254 904 est;
1286 840 1368 894 sin
1402 839 1485 895 Vel
1519 841 1778 898 tantillum
1811 845 1933 914 quid

357 920 741 990 pra-terminat,
772 924 911 991 quod
940 941 1065 980 sane
1096 926 1248 983 facile
1273 926 1581 1001 contingere
1612 946 1803 1003 potest,
1836 931 1932 992 bo-

355 1011 440 1060 tno
466 1022 584 1061 cum
612 1010 681 1063 sit
701 1051 714 1071 .
745 1021 798 1065 et
827 1015 1095 1071 erroribus
1125 1018 1340 1087 plenum
1379 1021 1496 1075 vita:
1525 1021 1678 1093 hujus
1716 1027 1934 1099 pelagus

351 1100 591 1166 trajiriat,
627 1103 755 1159 nihLl
793 1106 991 1176 reliqua
1024 1108 1095 1162 illi
1127 1110 1262 1164 bona
1290 1128 1458 1182 opera
1493 1128 1728 1184 prosunt,
1762 1129 1817 1174 ut
1842 1137 1934 1176 ac:

351 1198 652 1245 cusatorum
692 1209 847 1249 voces
881 1198 1127 1268 elfugiat,
1161 1202 1253 1256 sed
1285 1210 1500 1272 parvum
1531 1207 1779 1264 delictum
1809 1213 1932 1267 rell—

347 1286 513 1347 qttum
551 1295 710 1337 onme
753 1284 1030 1341 ollutttllral
1060 1290 1113 1343 et
1151 1290 1418 1347 obseurat.
1456 1294 1520 1348 Et
1556 1296 1620 1350 de
1658 1300 1933 1357 sacerdote

347 1386 535 1426 oumes
557 1387 659 1426 non
683 1377 831 1444 quasi
859 1384 1018 1433 earne
1040 1379 1240 1443 induto.
1266 1393 1317 1437 et
1339 1383 1564 1441 humana
1591 1398 1772 1443 natura
1800 1406 1935 1459 pra-a-

346 1460 493 1525 dito,
535 1463 626 1517 sed
665 1466 812 1533 quasi
844 1467 910 1523 de
948 1470 1173 1539 angelo,
1205 1474 1345 1528 omni
1390 1477 1591 1545 reliqua
1631 1479 1932 1537 infirmitate

342 1553 531 1612 libero.
555 1555 810 1625 judicium
835 1559 971 1616 ferre
994 1563 1189 1617 volunt.
1219 1569 1294 1621 Ac
1317 1568 1453 1622 sicut
1477 1580 1779 1641 tyrannum,
1801 1572 1929 1629 dum

342 1643 573 1711 imperio
606 1648 824 1717 potitur,
856 1667 1042 1706 mnnes
1084 1654 1428 1711 reformidant
1462 1660 1666 1729 ipsique
1706 1664 1927 1718 :nhtlan-

341 1741 455 1800 tur,
492 1737 633 1805 quod
672 1752 791 1792 eum
836 1739 1118 1798 deturbare
1161 1752 1265 1798 nbn
1312 1750 1548 1816 possint;
1588 1762 1707 1805 eum
1750 1764 1926 1809 autem

340 1840 452 1879 rem
484 1827 599 1897 ejus
623 1829 924 1886 inclinatam
949 1834 1147 1902 vident,
1172 1837 1472 1894 simulatum
1500 1841 1645 1895 illum
1673 1843 1926 1900 honorem

337 1915 686 1986 nhjlcientes,
724 1921 811 1989 qui
854 1924 1008 1993 paulo
1049 1937 1174 1981 ante
1214 1929 1369 1983 amici
1414 1941 1602 1997 erant,
1639 1932 1928 2003 derepente

338 2007 539 2064 lnunici
579 2020 633 2065 et
671 2013 960 2069 adversarii
991 2017 1253 2082 evadunt,
1285 2029 1338 2074 et
1366 2021 1558 2094 debilia
1588 2040 1810 2094 qumque
1835 2042 1928 2080 ex-

341 2115 354 2165 ι
378 2099 611 2155 Inrantes
639 2100 960 2174 irrumpunt,
989 2106 1375 2180 imperiumque
1398 2092 1543 2167 illius
1569 2114 1779 2168 solvunt
1805 2131 1820 2169 :
1850 2117 1927 2171 sic

337 2200 390 2244 et
420 2193 785 2249 sacerdotibus
823 2198 1109 2268 contingit;
1142 2201 1228 2270 qui
1271 2203 1424 2269 paulo
1452 2212 1573 2258 ante
1594 2247 1609 2271 ,
1645 2206 1768 2260 dum
1810 2224 1926 2262 mu-

340 2297 470 2337 nere
498 2283 773 2351 potiretur,
806 2286 975 2356 ipsum
1003 2289 1247 2344 colebant
1276 2306 1340 2345 ac
1370 2295 1764 2363 reverebantur,
1795 2313 1923 2366 par-

337 2380 457 2426 vam
485 2375 816 2431 occasionem
847 2379 985 2433 nacti
1012 2381 1166 2434 satlm
1194 2396 1252 2437 se
1281 2381 1488 2439 fortiter
1513 2398 1837 2456 comparant,
1868 2399 1924 2443 ut

338 2477 461 2517 cum
505 2481 608 2518 non
650 2467 800 2534 qua~i
845 2479 1124 2540 tyranuum
1155 2472 1360 2538 Solum,
1391 2473 1482 2527 sed
1512 2477 1657 2544 quasi
1699 2485 1924 2547 tyranno

337 2555 655 2612 deteriorem
683 2559 968 2628 deponant.
993 2562 1070 2616 Ac
1096 2563 1539 2632 quemadmodum
1571 2565 1659 2620 ille
1683 2569 1921 2635 corporis

337 2645 419 2698 sui
461 2648 715 2704 satellites
756 2651 970 2716 metuit,
1006 2652 1077 2706 ita
1112 2664 1165 2708 ct
1206 2653 1289 2708 hic
1333 2656 1602 2722 proximos
1639 2661 1921 2714 commini-

334 2744 577 2805 strusque
597 2750 724 2793 suos
745 2741 983 2795 maxime
996 2743 1229 2797 omnium
1261 2745 1584 2800 reformidat.
1608 2747 1741 2801 Nulli
1769 2752 1920 2822 quipb

338 2841 404 2894 pe
436 2827 522 2881 ahi
565 2828 787 2897 perinde
813 2830 928 2902 ejus
952 2832 1257 2904 dignitatem
1284 2834 1549 2916 all'ectaut,
1578 2839 1920 2911 ejusdemque

333 2930 423 2971 res
453 2931 606 2973 natas
635 2919 831 2977 habent
854 2930 1013 2993 atque
1042 2925 1115 2978 illi
1141 2943 1154 2980 :
1181 2927 1457 2998 propinqui
1486 2932 1627 2987 enim
1649 2950 1768 2988 cum
1789 2935 1916 3003 sint,

331 3006 377 3059 si
403 3004 526 3075 quid
556 3006 853 3078 hujusmodi
883 3013 1173 3083 contingat,
1204 3023 1327 3071 ante
1351 3033 1536 3075 omnes
1564 3020 1615 3076 id
1654 3024 1914 3092 sentiunt,

331 3098 588 3169 facileque
609 3101 767 3156 etiam
790 3104 1177 3161 calumniantes
1202 3109 1366 3175 credi,
1390 3119 1443 3165 ct
1468 3110 1593 3167 dum
1626 3131 1782 3184 parva
1808 3130 1919 3171 ma-

327 3205 432 3259 gna
463 3190 659 3247 faciunt
694 3208 817 3249 eum
862 3197 1207 3266 sycophantia
1247 3201 1629 3259 circumvenire
1673 3216 1912 3276 possunt.

328 3279 461 3337 Nam
501 3285 847 3354 apostolicum
878 3288 1005 3344 illud
1031 3288 1230 3344 dictum
1272 3292 1537 3349 inversum
1566 3304 1648 3351 est
1678 3314 1691 3352 :
1724 3298 1790 3353 Et
1815 3302 1917 3354 sive

328 3374 518 3442 patitur
541 3393 697 3431 unum
728 3378 1000 3434 membrum
1017 3421 1032 3446 ,
1065 3383 1437 3452 compatiuntur
1462 3388 1632 3440 omnia
1660 3390 1914 3457 membra;

327 3464 430 3519 sive
468 3466 785 3535 gloriﬁcatur
829 3484 983 3524 unum
1030 3470 1305 3526 membrum
1328 3514 1345 3537 ,
1389 3477 1704 3547 congaudent
1745 3481 1914 3534 omnia

325 3557 546 3609 membra
573 3555 651 3624 (ι.
674 3557 791 3613 (ἔοι-ι
825 3560 908 3614 12.
936 3558 1028 3633 26)
1054 3579 1068 3615 :
1097 3562 1195 3616 nisi
1221 3563 1356 3619 forte
1384 3573 1524 3620 tanta
1549 3567 1619 3622 sit
1641 3569 1825 3637 pietas,
1853 3579 1911 3625 ut

327 3644 580 3699 adversus
600 3648 775 3701 omnia
803 3657 951 3704 stare
973 3651 1158 3719 possit.
1182 3653 1262 3707 Ad
1290 3662 1493 3709 tantum
1516 3656 1690 3727 itaque
1717 3658 1911 3715 bellum

332 3749 431 3787 nos
459 3735 693 3791 emittis?
717 3745 769 3792 et
794 3739 859 3792 ad
889 3755 1113 3809 pugnam
1143 3749 1249 3797 tam
1275 3744 1472 3799 variam
1499 3755 1712 3817 tamque
1736 3748 1914 3805 mulli-

325 3822 547 3876 formem
578 3826 814 3881 animum
850 3838 1086 3883 nostrum
1115 3830 1360 3888 sufficere
1390 3849 1547 3904 posse
1578 3838 1769 3904 putas?
1797 3838 1910 3894 Una

324 3914 753 3985 denam,qu:eso,
778 3926 833 3973 et
855 3934 883 3972 a
915 3935 1021 3989 quo
1048 3921 1098 3975 id
1127 3921 1347 3996 edoctus
1373 3926 1473 3979 es?
1501 3926 1631 3980 Nam
1660 3928 1703 3982 si
1732 3928 1784 3982 id
1816 3930 1907 3983 tibi

322 4004 464 4059 Deus
490 4006 762 4073 iudicavit,
795 4009 987 4066 exhibe
1023 4013 1329 4081 oraculum,
1359 4024 1414 4071 et
1441 4032 1642 4072 morem
1681 4034 1860 4089 geram
1890 4036 1904 4074 ε

320 4097 366 4148 si
393 4111 498 4150 non
525 4106 693 4167 potes,
720 4101 812 4155 sed
835 4116 899 4156 ex
923 4101 1152 4159 humana
1178 4106 1427 4175 Opinione
1451 4108 1711 4164 calculum
1734 4110 1901 4176 ducis,

317 4186 388 4239 ab
425 4186 525 4240 isto
562 4188 772 4244 tandem
811 4205 997 4247 errore
1029 4201 1080 4248 te
1121 4194 1305 4249 libera.
1333 4195 1465 4251 Nam
1493 4197 1630 4252 circa
1658 4214 1719 4254 ea
1740 4241 1755 4267 ,
1786 4216 1904 4270 qua:

317 4276 383 4329 ml
409 4291 507 4330 nos
537 4289 796 4347 spectant,
826 4282 978 4337 nobis
1005 4285 1171 4354 magis
1199 4286 1521 4341 credendum
1549 4304 1705 4359 quam
1734 4292 1852 4346 aliis
1885 4309 1898 4345 :

315 4367 740 4436 quandoquidem
775 4371 900 4436 Quia
923 4383 1038 4427 sunt
1066 4374 1282 4429 hominis
1306 4393 1450 4431 nemo
1476 4380 1610 4432 novit
1629 4419 1645 4444 ,
1675 4381 1774 4435 nisi
1800 4384 1902 4452 spi-

313 4460 440 4512 ritus
484 4460 733 4525 hominis,
764 4463 847 4530 qui
882 4463 937 4515 in
974 4464 1085 4534 ipso
1122 4475 1195 4519 est
1229 4467 1322 4538 (1.
1353 4467 1471 4522 Cor.
1510 4470 1564 4524 2.
1596 4473 1653 4526 il
1682 4472 1721 4541 ).
1749 4473 1900 4541 Quod

311 4548 455 4602 enim
486 4558 539 4602 et
568 4564 665 4602 nos
699 4549 861 4618 ipsos,
889 4564 943 4606 et
968 4568 1062 4607 eos
1089 4557 1178 4623 qui
1208 4571 1304 4610 nos
1332 4558 1620 4627 elegerant,
1652 4563 1898 4621 ridiculos

312 4639 568 4693 reddituri
593 4650 831 4694 essemus
856 4640 957 4698 hoc
980 4655 1227 4714 suscepto
1254 4657 1493 4714 munere,
1519 4652 1764 4721 quodque
1788 4671 1899 4709 ma-

309 4746 415 4801 gno
443 4732 720 4801 dispendio
747 4744 931 4790 nostro
957 4738 1008 4790 in
1037 4750 1159 4791 eum
1179 4770 1196 4805 ,
1226 4739 1276 4792 in
1306 4756 1411 4813 quo
1437 4758 1575 4798 nunc
1602 4760 1892 4815 versamur,

311 4820 431 4874 vita:
465 4831 658 4876 statum
689 4825 953 4879 reversuri
988 4824 1290 4893 fuissemus,
1322 4830 1365 4885 si
1398 4847 1501 4886 non
1528 4836 1773 4899 antehac,
1808 4838 1894 4893 his

308 4913 496 4968 saltem
525 4915 701 4969 verbis
723 4916 813 4971 tibi
842 4932 1170 4986 persuasrsse
1196 4930 1342 4989 puto.
1383 4923 1496 4978 Non
1524 4925 1665 4980 enim
1699 4912 1890 4986 invidia

307 5006 510 5069 solum,
540 5007 633 5063 sed
665 5023 781 5077 qua:
807 5011 973 5064 multo
1004 5011 1197 5067 invidia
1230 5014 1592 5072 vehementior
1620 5031 1702 5074 εει
1734 5020 1890 5092 lmjns

307 5096 631 5165 principatus
663 5099 887 5168 cupido,
918 5103 1110 5157 multos
1148 5105 1287 5160 solet
1313 5116 1497 5162 contra
1535 5109 1703 5179 ipsum
1732 5128 1892 5169 occu-

305 5200 514 5255 jmtucm
546 5207 774 5275 armare.
821 5196 898 5248 Ac
935 5182 1377 5265 quemadmodum
1409 5200 1536 5267 filii,
1569 5204 1656 5272 qui
1695 5206 1889 5275 princi-

305 5291 480 5345 patum
507 5264 752 5339 affectant
774 5286 812 5350 ³,
842 5287 1051 5357 longam
1082 5297 1285 5359 patrum
1311 5303 1636 5349 senectutem
1666 5299 1885 5355 tiiolcste

302 5374 514 5428 ierunt:
541 5372 617 5429 sic
639 5383 692 5431 et
714 5377 927 5448 quidam
953 5395 1158 5443 eorum,
1182 5396 1302 5437 cum
1329 5383 1508 5440 vident
1530 5389 1882 5445 sacerdotium

300 5464 351 5517 in
394 5465 699 5519 diuturnum
746 5469 962 5536 produci
1006 5481 1251 5542 tempus,
1283 5476 1532 5545 quoniam
1579 5479 1881 5539 interﬁcere

358 5582 376 5623 δ
425 5591 562 5642 siuti.
601 5602 650 5644 et
685 5597 876 5658 plunmi
909 5607 1017 5651 Μεε.
1058 5602 1255 5664 habent,
1276 5604 1361 5666 qui
1383 5604 1574 5675 divitias
1594 5600 1838 5673 appetunt.

1059 179 1098 236 S
1156 179 1432 241 JOANNIS
1467 141 1936 245 CllﬂiSOSTOMl
1978 190 2296 251 ARClliEP.
2335 194 2870 256 CONSTANTINOP.

3527 207 3635 263 672

2041 306 2223 374 nefas,
2255 309 2425 379 ipsom
2453 327 2484 366 a
2513 312 2767 384 dignitate
2804 315 3089 373 deturbare
3130 326 3413 389 satagunt,
3445 336 3639 377 ounn-s

2042 395 2181 456 illius
2199 404 2445 458 constitui
2473 405 2588 459 loco
2610 397 2905 479 cupientes,
2937 423 3000 465 ac
3026 412 3218 482 singuli
3245 412 3309 467 ad
3342 429 3405 468 se
3438 412 3579 468 dcfei
3593 415 3638 468 ri

2043 493 2391 566 principatum
2419 509 2807 566 exspectantes.

2113 586 2201 641 iii.
2242 587 2358 641 Alia
2390 588 2490 643 litis
2527 593 2744 660 species,
2778 594 2928 664 plena
2969 595 3323 661 periculorum.
3356 628 3433 639 —-
3468 594 3635 654 \‘isue

2041 675 2134 730 tibi
2159 678 2317 732 aliam
2347 678 2503 748 hujus
2531 695 2717 751 pugute
2744 685 2974 752 speciem
3002 687 3301 755 ostendam,
3332 690 3639 744 innumeris

2038 773 2247 842 plenam
2281 778 2562 845 periculis?
2592 777 2669 833 lto
2688 778 2796 849 jam
2821 820 2837 846 ,
2866 795 2931 838 ac
2957 783 3159 850 publica
3201 782 3331 838 festa
3366 795 3636 852 spectato,

2040 865 2125 919 ubi
2149 868 2377 922 maxime
2402 869 2468 922 ad
2489 869 2770 939 dignitates
2791 873 3177 928 ecclesiasticas
3196 875 3499 929 electiones
3522 874 3637 930 ﬁeri

2039 970 2155 1010 mos
2181 966 2264 1012 est
2296 975 2310 1013 :
2343 973 2404 1013 ac
2443 969 2547 1014 tam
2580 960 2758 1016 multis
2797 964 3126 1019 sacerdotem
3165 965 3638 1021 criminationitms

2039 1046 2217 1115 impoti
2246 1048 2484 1114 videbis,
2513 1061 2706 1121 quanta
2751 1063 2828 1107 est
2860 1054 3188 1109 subditorum
3221 1056 3398 1110 turba.
3427 1056 3637 1110 Omnes

2036 1137 2175 1190 enim
2193 1153 2357 1208 penes
2375 1155 2508 1208 quos
2527 1152 2607 1196 est
2632 1142 2773 1196 lmuc
2796 1143 3048 1198 honorem
3070 1128 3335 1211 conferre,
3359 1146 3414 1200 in
3435 1147 3639 1201 multas

2038 1233 2162 1281 tunc
2190 1217 2503 1284 scinduntur
2534 1243 2729 1300 partes,
2757 1247 2820 1287 ac
2849 1250 3019 1303 neque
3058 1249 3263 1300 mutuo,
3299 1251 3479 1306 neque
3509 1252 3635 1291 cum

2035 1331 2100 1370 eo
2128 1318 2217 1385 qui
2257 1321 2615 1389 episc0patum
2644 1324 2862 1379 sortitus
2902 1336 2982 1380 est
3002 1327 3485 1397 ,.prcsbyterorum
3518 1344 3633 1382 cte-

2037 1413 2144 1460 tum
2175 1411 2477 1466 consentire
2505 1412 2687 1467 videas
2714 1430 2727 1467 :
2757 1413 2850 1468 sed
2877 1415 3239 1485 unusquisque
3267 1433 3293 1467 a
3321 1417 3440 1471 suis
3470 1419 3634 1486 parti.

2035 1499 2134 1555 bus
2161 1511 2296 1566 stat,
2332 1504 2467 1559 alius
2506 1506 2680 1571 hunc,
2722 1508 2860 1562 alius
2905 1509 3049 1563 illum
3093 1511 3316 1581 eligens.
3355 1510 3526 1581 Cujus
3557 1514 3631 1569 rei

2033 1603 2191 1644 causa
2215 1591 2328 1647 ba-c
2347 1603 2448 1659 est,
2472 1596 2611 1664 quod
2640 1613 2742 1649 non
2775 1597 2913 1653 idem
2942 1614 3126 1655 omnes
3147 1601 3460 1669 respiciant,
3486 1605 3632 1673 quod

2033 1684 2300 1753 reSpicere
2329 1686 2613 1755 debebant,
2645 1706 2835 1760 nempe
2863 1692 3025 1745 animi
3056 1693 3343 1758 virtutem;
3377 1697 3475 1749 sed
3509 1696 3631 1749 alize

2033 1784 2157 1829 sunt
2184 1776 2337 1845 hujus
2362 1780 2676 1835 conciliandi
2707 1784 2924 1837 honoris
2948 1796 3123 1839 cauam
3154 1801 3167 1838 :
3201 1786 3459 1840 nimirum
3493 1788 3632 1842 alius

2031 1865 2193 1930 dicit,
2222 1866 2319 1923 llic
2343 1869 2597 1937 eligatur,
2624 1873 2747 1941 quia
2792 1875 2938 1929 claro
2977 1890 3174 1945 genere
3214 1885 3369 1932 ortus
3400 1895 3413 1931 :
3444 1879 3587 1933 alius
3610 1915 3628 1946 ,

2030 1956 2169 2024 quod
2193 1959 2383 2027 Opibus
2401 1961 2654 2026 abundet,
2687 1978 2784 2017 nec
2812 1973 2962 2032 egeat
2990 1966 3253 2021 alimentis
3274 1984 3339 2022 ex
3368 1969 3629 2025 Ecclesia:

2032 2058 2288 2113 proventu
2317 2051 2590 2120 qum-itis:
2617 2054 2773 2117 alios,
2801 2056 2942 2124 quod
2973 2057 3041 2110 ab
3070 2058 3395 2133 adversariis
3423 2059 3490 2115 ad
3527 2077 3626 2117 nos

2032 2138 2368 2207 transfugerit
2397 2157 2412 2194 :
2444 2143 2535 2196 ille
2560 2141 2890 2207 familiarem,
2928 2147 3012 2201 hic
3038 2147 3137 2201 sibi
3173 2166 3373 2218 genere
3405 2152 3626 2220 prepin‘

2028 2242 2212 2295 quum,
2232 2230 2367 2283 alius
2386 2231 2687 2287 adulantem
2715 2234 2814 2288 sibi
2841 2237 2958 2290 aliis
2983 2237 3090 2291 vult
3110 2241 3396 2308 anteponi;
3427 2241 3479 2293 in
3498 2256 3621 2294 eum

2028 2333 2156 2373 vero
2180 2360 2193 2382 ,
2232 2321 2320 2389 qui
2358 2322 2428 2375 sit
2470 2323 2728 2390 idoneus,
2762 2342 2920 2380 nemo
2949 2330 3058 2381 vult
3101 2329 3373 2399 respicere
3399 2371 3415 2397 ,
3450 2346 3625 2398 neque

2026 2408 2188 2463 anitni
2219 2410 2370 2466 dotes
2398 2413 2700 2481 explorare.
2734 2417 2804 2470 At
2832 2432 2932 2487 ego
2954 2460 2969 2484 ,
3004 2428 3206 2473 tantum
3236 2421 3432 2483 abest,
3468 2432 3527 2475 ut
3556 2422 3623 2477 ad

2025 2496 2356 2555 sacerdotum
2389 2503 2748 2571 probationem
2775 2522 2961 2562 causas
3001 2509 3300 2579 hujusmodi
3331 2522 3624 2568 consenta-

2026 2605 2154 2647 neas
2182 2608 2302 2649 esse
2341 2603 2518 2663 putem
2544 2638 2558 2657 ,
2603 2608 2657 2651 ut
2695 2599 2900 2655 etiamsi
2941 2602 3058 2671 quis
3099 2603 3319 2658 multam
3365 2606 3621 2674 pietatem

2024 2681 2295 2750 exhibeat,
2319 2701 2436 2752 qua:
2467 2697 2766 2742 tamennon
2796 2705 2978 2757 parum
3009 2692 3160 2747 nobis
3185 2694 3250 2748 ad
3276 2694 3419 2749 hanc
3446 2695 3621 2765 digni-

2026 2778 2186 2825 tatem
2208 2772 2446 2841 confert,
2472 2792 2574 2829 non
2600 2777 2718 2832 ideo
2738 2780 2915 2833 statim
2937 2797 3057 2835 eum
3079 2783 3275 2852 eligere
3294 2786 3491 2846 ausim,
3518 2787 3619 2840 nisi

2025 2875 2145 2915 cum
2169 2863 2365 2932 pietate
2395 2882 2579 2936 magna
2603 2869 2671 2921 sit
2692 2870 2972 2939 prudentia
3003 2871 3275 2942 pra‘ditns.
3306 2876 3442 2930 Novi
3466 2879 3620 2947 quip~

2023 2965 2090 3020 pe
2116 2950 2309 3007 tnulros
2334 2993 2350 3020 ,
2384 2956 2472 3024 qui
2507 2968 2759 3028 perpetuo
2788 2976 2907 3016 se:e
2944 2962 3265 3020 coercebant
3302 2981 3370 3023 ac
3396 2968 3617 3037 jejuniis

2023 3045 2396 3112 macerabant,
2429 3049 2623 3119 quique
2662 3051 2788 3105 dum
2831 3055 2931 3109 soli
2968 3054 3160 3126 degere
3190 3068 3241 3113 et
3280 3075 3376 3114 sua
3411 3071 3616 3116 tantum

2022 3148 2209 3188 curare
2233 3146 2496 3205 poterant,
2529 3140 2635 3194 Deo
2660 3145 2858 3213 accepti
2889 3155 3062 3212 erant,
3086 3162 3149 3201 ac
3175 3148 3401 3220 singulis
3426 3152 3615 3206 diebus

2020 3219 2369 3292 philostpltize
2405 3244 2515 3283 sua:
2545 3230 2926 3288 incrementum
2973 3253 3077 3290 non
3122 3240 3401 3296 minimum
3443 3243 3611 3298 adde-

2019 3314 2173 3370 bant:
2193 3319 2344 3373 atubi
2364 3320 2414 3373 in
2431 3321 2633 3376 turbam
2653 3325 2915 3394 prodiere,
2941 3335 3099 3399 atque
3113 3331 3252 3401 vulgi
3284 3334 3606 3404 imperitiam

2018 3408 2304 3464 emendare
2332 3410 2504 3466 coacti
2533 3426 2651 3468 sunt
2673 3456 2688 3478 ,
2721 3417 2808 3470 alii
2836 3434 2902 3471 ne
2932 3420 3193 3489 principio
3220 3423 3434 3491 quidem
3466 3434 3613 3479 tanto

2018 3502 2231 3572 negotio
2262 3515 2415 3572 pares
2444 3505 2620 3572 fuere;
2652 3508 2737 3560 alii
2768 3509 2815 3561 vi
2846 3511 3039 3574 coacti,
3072 3524 3126 3565 ut
3155 3514 3204 3566 in
3237 3531 3460 3569 munere
3491 3532 3611 3584 per-

2016 3604 2321 3648 severarent
2345 3632 2360 3657 ,
2395 3597 2555 3650 missa
2587 3599 2807 3666 pristina
2845 3600 3113 3670 diligentia
3144 3612 3197 3657 et
3227 3619 3474 3672 magnam
3509 3608 3606 3676 ipsi

2010 3680 2273 3750 jacturam
2298 3685 2552 3750 fecerunt,
2578 3696 2630 3741 et
2652 3688 2768 3742 aliis
2794 3691 2921 3743 nihil
2945 3692 3274 3761 profuerunt.
3300 3695 3405 3749 Sed
3433 3712 3606 3766 neque

2014 3773 2058 3825 si
2089 3774 2207 3842 quis
2234 3785 2400 3829 totum
2427 3778 2547 3832 vitae
2579 3788 2788 3847 tempus
2816 3782 2866 3833 iu
2896 3783 3082 3838 ultimo
3108 3785 3383 3840 ministerii
3417 3785 3605 3844 ordine

2016 3869 2366 3938 transegerit,
2394 3871 2460 3922 ad
2492 3879 2891 3942 extremamque
2916 3878 3214 3944 pervenerit
3245 3890 3597 3946 senectutem,

2013 3958 2153 4014 hune
2194 3962 2369 4015 statim
2400 3965 2619 4032 propter
2645 3966 2817 4019 multis
2857 3969 3207 4023 reverentiam
3237 3971 3300 4023 ad
3330 3986 3598 4025 summum

2014 4050 2360 4120 principatum
2406 4054 2716 4111 evehemus.
2758 4054 2867 4111 Cur
2903 4059 3044 4113 enim
3070 4098 3084 4123 ,
3114 4060 3193 4125 si,
3224 4061 3445 4118 decursa
3486 4064 3625 4131 jam.

2011 4150 2187 4217 atate,
2220 4143 2394 4197 minus
2425 4153 2597 4200 tatncn
2626 4146 2846 4201 idoneus
2876 4152 3120 4204 maneat?
3162 4151 3273 4205 Non
3301 4171 3406 4222 quo
3439 4156 3594 4208 velim

2008 4232 2253 4287 canitiem
2286 4235 2637 4290 dehonestare
2660 4276 2677 4302 ,
2709 4252 2808 4293 nec
2835 4239 3002 4309 legem
3030 4243 3385 4310 constituere,
3420 4255 3474 4298 nt
3503 4246 3591 4314 qui

2007 4336 2070 4376 ex
2110 4323 2277 4378 choro
2315 4326 2695 4381 monachorum
2742 4331 2996 4398 veniunt,
3027 4333 3093 4386 ab
3142 4335 3238 4388 hac
3281 4340 3588 4405 przcl'ectura

2007 4416 2224 4469 omnino
2252 4429 2534 4473 arceantur
2555 4436 2569 4472 ε
2594 4422 2813 4491 contigit
2842 4425 2982 4477 enim
3010 4426 3203 4481 multos
3227 4444 3289 4482 ex
3319 4430 3406 4483 illo
3429 4445 3588 4498 grege

2005 4507 2273 4580 proiectos
2299 4511 2351 4564 in
2384 4505 2483 4568 hac
2507 4510 2761 4585 dignitate
2786 4516 3037 4573 claruisse
3067 4535 3082 4571 :
3115 4521 3207 4574 sed
3239 4522 3337 4577 hoc
3365 4526 3585 4592 probare

2002 4602 2286 4668 contendo,
2316 4604 2358 4657 si
2384 4598 2560 4673 neque
2590 4605 2758 4674 pietas
2787 4608 2898 4661 sola
2921 4649 2933 4668 ,
2969 4624 3137 4676 neque
3162 4608 3393 4680 inngarva
3426 4629 3581 4666 senc-

2001 4701 2116 4745 etus
2141 4693 2268 4745 satis
2294 4703 2436 4760 sunt,
2465 4705 2522 4748 ut
2547 4696 2666 4765 quis
2692 4698 2989 4752 sacerdotio
3015 4696 3172 4770 digne
3204 4701 3463 4771 fungatur,
3495 4703 3579 4755 vix

1999 4797 2128 4837 sane
2165 4798 2353 4838 causas
2399 4800 2557 4855 supra
2605 4799 2925 4841 memoratas
2971 4789 3068 4843 hoc
3111 4790 3281 4858 ipsum
3327 4803 3578 4860 priestare

2000 4888 2175 4943 posse.
2210 4876 2305 4929 Alii
2338 4892 2463 4930 vero
2489 4874 2619 4930 alias
2656 4877 2856 4931 addunt
2893 4879 3049 4934 etiam
3089 4881 3425 4936 absurdiores
3468 4902 3480 4936 :
3524 4882 3574 4936 bi

2000 4969 2270 5034 nimirum,
2298 4984 2365 5023 ne
2387 4985 2443 5025 se
2472 4966 2523 5024 in
2552 4966 2976 5028 adversariorum
3010 4987 3187 5045 partes
3219 4978 3534 5032 transferant
3558 5017 3571 5040 ,

1996 5059 2049 5111 in
2071 5059 2196 5112 cieri
2230 5059 2470 5114 ordinem
2511 5060 2855 5132 ad‘leguntur;
2887 5064 2994 5132 illi,
3021 5079 3236 5136 propter
3259 5070 3566 5139 nequitiam,

1994 5168 2059 5204 ne
2079 5151 2364 5222 eontempli
2385 5164 2569 5222 magna
2604 5150 2833 5209 inferant
2856 5158 3011 5210 mala.
3045 5160 3123 5211 An
3155 5156 3320 5229 pessit
3347 5159 3571 5229 iniquius

1991 5241 2257 5312 qttidpiam
2285 5241 2595 5311 excogitari,
2619 5246 2758 5317 quod
2787 5244 3030 5304 homines
3056 5250 3301 5318 improbi,
3328 5253 3567 5306 inmune-

1990 5334 2063 5386 ris
2095 5334 2279 5403 repleti
2312 5335 2484 5401 malis,
2516 5334 2637 5391 inde
2673 5340 2932 5404 colantur,
2975 5341 3111 5394 unde
3140 5344 3397 5411 supplicio
3426 5340 3564 5410 digni

1987 5428 2172 5488 erant,
2206 5432 2259 5479 et
2299 5441 2399 5495 qua
2435 5425 2502 5480 de
2550 5443 2709 5482 causa
2756 5445 2821 5483 ne
2866 5430 3023 5484 limen
3066 5432 3275 5500 quidem
3322 5432 3563 5487 ECCil‘SiiB

1988 5515 2324 5583 praztcrgrcdi
2355 5515 2543 5571 licebat
2584 5518 2722 5579 illis,
2763 5519 2948 5575 eadem
2979 5521 3054 5576 illi
3082 5522 3147 5575 ad
3184 5522 3564 5589 sacerdotalem

1985 5608 2277 5662 ascendant
2301 5607 2611 5678 dignitatem
2633 5610 2656 5664 i
2682 5611 2945 5680 Etiamne,
2974 5613 3060 5668 die
3086 5615 3236 5684 mihi,
3268 5623 3567 5687 queremus
