4050 6160
161 153 232 206 BS!
1272 194 1281 207 .
1404 151 1493 208 DE
1534 152 1987 213 S.\CI'IRIIOTIO.
2028 158 2160 218 ιω.
2205 160 2293 216 Ill.

156 263 508 337 χαλεπωτέρα·
526 246 657 316 ’ἐπεὶ
685 262 819 333 μηδέ
847 262 958 335 πῦρ
980 263 1041 317 τὸ
1065 263 1319 334 αίσθητδν
1349 266 1629 320 ὑπόκειται
1652 270 1792 321 ἐκεῖ·

156 370 212 409 νο.
237 350 350 403 ἀλλ’
383 351 417 420 ἡ
450 351 750 421 παμφάγος
781 352 973 414 αὐτοὺς
1003 363 1028 392 ι
1057 352 1156 421 τῆς
1190 352 1491 423 βασκανίας
1525 364 1798 427 περιστοι-

154 437 334 509 χίζεται
378 436 532 506 φλὸξ,
576 433 912 507 πανταχόθεν
949 436 1232 511 αἰρομένη,
1275 442 1370 495 καὶ
1407 441 1797 513 ἀκριϐέστερον

152 529 305 583 αὐτῶν
332 526 565 582 ἐπιοῦσα
592 528 688 581 καὶ
717 519 1112 601 διερευνωμένη
1131 529 1222 581 τὸν
1248 525 1359 601 βίον
1385 528 1417 602 ἢ
1451 533 1511 585 τὸ
1536 532 1648 604 πῦρ
1675 531 1799 585 τότε

151 616 236 669 τῶν
257 612 464 669 παίδοιν
487 614 709 669 ἐκείνων
726 615 797 667 τά
816 614 1062 685 σώματα.
1085 616 1252 670 Ὅταν
1273 613 1364 671 οὖν
1385 609 1445 671 εύ
1455 636 1522 692 ρῃ
1545 620 1800 691 καλάμης

150 694 276 774 ίχνος
307 705 527 774 μικρὸν,
556 702 955 774 προσπλέκεται
984 702 1210 772 ταχέως·
1242 706 1335 757 καὶ
1371 705 1433 758 τὸ
1474 708 1572 776 μὲν
1601 707 1800 778 σαθρὸν

147 793 304 844 ἐκεῖνο
342 790 657 843 κατέκαυσε
693 790 875 861 μέρος,
910 789 1004 860 τὴν
1030 790 1086 843 δέ
1116 789 1310 861 λοιπὴν
1342 792 1561 846 ἅπασαν
1596 793 1800 846 οἰκοδο-

150 877 238 949 μὴν
266 876 318 944 δ,
352 876 457 930 κᾶν
490 876 600 929 τῶν
625 875 865 947 ἡλιακῶν
898 876 1129 931 ἀκτίνων
1164 877 1517 950 λαμπροτέρα
1539 876 1673 933 οὖσα
1702 880 1798 932 τύ-

147 982 226 1034 χῃ.
250 965 347 1017 ἀπ’
374 964 584 1016 ἐκείνου
610 963 704 1015 τοῦ
744 961 951 1016 καπνοῦ
988 964 1321 1035 προσέφλεξε
1350 965 1445 1018 καὶ
1469 967 1800 1037 ἡμαύρωσεν

148 1053 371 1104 ἃπασαν.
395 1045 541 1111 Ἕως
567 1049 666 1119 μὲν
685 1048 794 1120 7&9
822 1049 888 1102 ἂν
917 1050 1252 1120 πανταχόθεν
1273 1051 1619 1122 ἡρμοσμένος
1704 1068 1802 1104 κα-

148 1136 240 1199 λῶς
280 1140 310 1189 6
351 1135 449 1188 τοῦ
490 1135 677 1204 ἱερέως
708 1134 841 1205 βίος,
878 1135 1148 1199 ἀνάλωτος
1181 1135 1389 1206 γίνεται
1428 1141 1547 1202 ταῖς
1578 1139 1799 1192 ἐπιϐου-

149 1223 269 1285 λαῖς·
296 1221 364 1275 ἂν
391 1222 450 1275 δὲ
483 1222 619 1293 τύχη
654 1222 846 1292 μικρόν
870 1239 922 1274 τι
943 1221 1206 1291 παριδὼν,
1233 1217 1322 1276 οἷα
1345 1224 1490 1289 εἰκὸς
1515 1225 1801 1296 ἄνθρωπον

146 1307 279 1370 ὅντα,
323 1310 421 1361 καὶ
468 1305 531 1361 τὸ
574 1307 915 1371 πολυπλανὲς
954 1307 1047 1361 τοῦ
1090 1307 1206 1378 βίου
1245 1306 1432 1363 τούτου
1474 1310 1801 1382 περαιοῦντα

148 1394 388 1461 πέλαγος,
417 1394 571 1447 οὐδὲν
600 1394 749 1464 αὐτῷ
780 1394 886 1446 τῶν
912 1393 1113 1447 λοιπῶν
1143 1392 1584 1468 κατορθωμάτων
1610 1396 1800 1466 ὄφελος

148 1482 269 1551 πρὸς
306 1482 370 1534 τὸ
403 1482 701 1553 δυνηθῆναι
733 1480 803 1534 τὰ
827 1481 934 1534 τῶν
965 1482 1286 1553 κατηγόρων
1316 1483 1558 1553 στόματα
1604 1484 1798 1554 διαφυ-

146 1558 265 1634 γεῖν,
303 1567 421 1620 ἀλλ’
452 1568 763 1632 ἐπισκιάζει
794 1567 954 1620 παντὶ
988 1566 1066 1638 τῷ
1098 1567 1267 1638 λοιπῷ
1310 1568 1370 1621 τὸ
1402 1569 1597 1641 μικρὸν
1625 1571 1802 1623 ἐκεῖνο

147 1655 507 1726 παράπτωμα.
545 1656 656 1709 Καὶ
692 1654 792 1725 οὐχ
817 1654 890 1717 ὡς
929 1654 1107 1726 σάρκα
1140 1656 1526 1727 περικειμένῳ,
1558 1657 1678 1710 οὐδὲ
1710 1658 1803 1711 ἀν-

146 1734 408 1812 θρωπείαν
445 1743 667 1812 λαχόντι
705 1739 888 1811 φύσιν,
920 1743 1034 1797 ἀλλ’
1061 1742 1136 1806 ὡς
1164 1742 1402 1814 ἀγγέλῳ,
1438 1745 1534 1799 καὶ
1563 1746 1663 1814 τῆς
1688 1746 1801 1800 λοι-

144 1832 240 1899 πῆς
262 1830 548 1894 ἀσθενείας
575 1831 998 1902 ἀπηλλαγμένῳ,
1026 1832 1265 1897 δικάζειν
1295 1831 1537 1896 ἅπαντες
1557 1833 1801 1888 ἐθέλουσι

140 1915 207 1984 τῷ
240 1917 394 1986 ἱερεῖ.
442 1917 553 1969 Καὶ
594 1916 844 1987 καθάπερ
877 1917 1158 1988 τύραννον,
1205 1916 1312 1980 ’ἐως
1358 1919 1456 1987 μὲν
1500 1918 1568 1972 ἂν
1600 1924 1800 1992 κρατῇ,

145 2002 375 2065 ἅπαντες
398 2001 699 2074 πεφρίκασι
728 2004 821 2056 καὶ
847 2003 1219 2066 κολακεύουσι,
1248 2004 1337 2058 διὰ
1356 2005 1417 2059 τὸ
1443 2006 1517 2077 μὴ
1547 2006 1803 2062 δύνασθαι

142 2086 283 2161 [59ἑ]
330 2087 605 2152 καθελεῖν,
646 2088 774 2141 ὅταν
805 2082 863 2140 δέ
922 2089 1101 2142 ίδωσιν
1133 2091 1214 2152 εἰς
1255 2090 1561 2143 τούναντίον
1590 2109 1805 2163 προχω-

145 2174 329 2244 ροῦντα
349 2175 563 2228 ἐκείνου
583 2176 655 2229 τά
676 2164 995 2245 πράγματα,
1020 2177 1118 2248 τὴν
1144 2176 1260 2247 μεθ’
1284 2174 1626 2248 ὑποκρίσεως
1652 2181 1806 2248 ἀφέν-

138 2279 224 2324 τες
244 2262 411 2332 τιμὴν
437 2262 489 2315 οί
514 2263 620 2333 πρὸ
646 2262 844 2333 μικροῦ
871 2256 1011 2331 φίλοι
1035 2262 1320 2331 γεγόνασιν
1345 2263 1604 2334 ἐξαίφνης
1623 2267 1806 2337 ἐχθροὶ

138 2351 230 2401 καὶ
253 2350 524 2420 πολέμιοι,
559 2351 655 2403 καὶ
687 2350 865 2403 πάντα
898 2350 1062 2403 αὐτοῦ
1091 2350 1158 2403 τά
1191 2350 1366 2422 σαθρὰ
1392 2351 1806 2421 καταμαθόντες

136 2434 468 2492 ἐπιτίθενται
498 2434 872 2509 ²,νεαραλύοντες
904 2447 926 2476 ε
965 2436 1063 2507 τῆς
1087 2438 1283 2507 ἀρχῆς·
1320 2428 1463 2491 οὕτω
1489 2438 1553 2509 δὴ
1587 2441 1679 2493 καὶ
1714 2439 1806 2494 ἐπὶ

134 2526 241 2579 τῶν
264 2526 460 2598 ἱερέων
487 2527 537 2578 οί
564 2526 669 2596 πρὸ
693 2523 942 2597 βραχέος,
965 2526 1058 2579 καὶ
1084 2524 1247 2596 ἡνίκα
1269 2525 1513 2596 ἐκράτει,
1541 2518 1806 2596 τιμῶντες

136 2615 230 2666 καὶ
261 2613 676 2684 θεραπεύοντες,
719 2614 847 2666 ὅταν
893 2613 1097 2684 μικρὰν
1134 2610 1338 2683 εὕρωσι
1383 2612 1574 2683 λαϐὴν,
1626 2631 1807 2682 παρα-

136 2701 492 2764 σκευάζονται
521 2699 790 2771 σφοδρῶς,
818 2700 914 2770 οὐχ
941 2699 1016 2763 ὡς
1040 2698 1303 2769 τύραννον
1337 2701 1517 2770 μόνον,
1546 2699 1683 2754 ἀλλὰ
1710 2700 1805 2754 καί

134 2806 188 2842 τι
205 2788 391 2842 τούτου
415 2787 799 2860 χαλεπώτερον
825 2788 1180 2859 καθαιρήσειν
1239 2788 1540 2858 μέλλοντες.
1568 2790 1679 2842 Καὶ
1699 2789 1807 2842 ῶσι

136 2893 244 2946 περ
271 2877 479 2939 ἐκεῖνος
516 2876 646 2939 τοὺς
680 2874 776 2930 τοῦ
812 2874 1061 2946 σώματος
1096 2874 1341 2945 φύλακας
1375 2875 1631 2939 δέδοικεν,
1665 2874 1808 2930 οὕτω

137 2964 233 3017 καὶ
279 2958 435 3026 οὗτος
473 2964 602 3026 τοὺς
643 2962 871 3033 πλησίον
916 2963 1012 3016 καὶ
1071 2960 1615 3033 συλλειτουργοῦντας
1661 2961 1809 3033 αὐτῷ

139 3052 371 3121 μάλιστα
419 3051 642 3104 πάντων
688 3051 906 3121 τρέμει,
963 3048 1102 3103 Οῦτε
1140 3049 1248 3121 7&9
1278 3050 1455 3121 ἐτεροί
1494 3067 1639 3114 τινες
1665 3049 1809 3104 οῦτω

131 3140 239 3208 τῆς
260 3139 436 3209 ἀρχῆς
464 3137 795 3208 ἐπιθυμοῦσι
814 3139 913 3209 τῆς
941 3137 1166 3194 ἐκείνου.
1195 3138 1288 3191 καὶ
1313 3136 1381 3190 τὰ
1409 3138 1620 3191 ἐκείνου
1652 3136 1810 3207 μάλι-

137 3242 242 3280 στα
267 3226 484 3279 πάντων
524 3227 723 3290 ἴσασιν,
753 3220 830 3287 ὡς
864 3217 1030 3278 οὗτοι·
1077 3218 1307 3293 ἐγγύθεν
1345 3224 1453 3297 7&9
1478 3224 1648 3289 ὄντες,
1681 3225 1735 3276 εί
1757 3240 1810 3279 τι

135 3314 377 3384 συμϐαίη
420 3313 653 3378 τοιοῦτο,
702 3312 809 3383 πρὸ
845 3311 951 3366 τῶν
980 3304 1156 3365 ἄλλων
1200 3310 1567 3377 αἰσθάνονται,
1599 3313 1693 3366 καὶ
1718 3313 1809 3366 δύ-

135 3401 304 3456 ναιντ’
334 3401 402 3454 ἂν
420 3399 664 3470 εὐχερῶς
689 3401 785 3452 καὶ
808 3397 1184 3462 διαϐάλλοντες
1214 3399 1589 3469 πιστευθῆναι,
1618 3396 1712 3454 καὶ
1746 3401 1812 3454 τά

135 3487 313 3561 μικρά
337 3487 557 3558 μεγάλα
593 3485 873 3548 ποιοῦντες
899 3485 989 3539 τὸν
1022 3484 1527 3556 συκοφαντούμενον
1550 3486 1712 3539 ἐλεῖν.
1738 3488 1812 3541 Τὸ

132 3576 243 3646 7&9
280 3570 640 3629 ἀποστολικὺν
684 3574 863 3626 ἐκεῖνο
909 3571 1058 3642 ῥῆμα
1088 3570 1513 3642 ἀντέστραπται·
1551 3573 1663 3626 Καὶ
1692 3575 1814 3629 εἴτε

132 3662 360 3731 πάσχει
386 3659 461 3714 ἓν
475 3659 686 3728 μέλος,
721 3657 1073 3728 συμπάσχει
1123 3657 1321 3712 πάντα
1365 3659 1436 3712 τὰ
1478 3659 1657 3729 μέλη·
1693 3660 1814 3716 εἶτε

132 3747 441 3814 δοξάζεται
477 3745 549 3801 ἐν
568 3745 778 3816 μέλος,
802 3744 1117 3815 σύγχαίρει
1141 3743 1338 3798 πάντα
1363 3745 1434 3798 τὰ
1459 3745 1637 3813 μέλη·
1673 3746 1815 3819 πλὴν

140 3839 195 3891 εί
210 3854 289 3900 τις
317 3833 580 3906 εὐλαϐείᾳ
609 3833 775 3905 πολλῇ
807 3828 942 3904 πρὸς
962 3832 1179 3887 ἅπαντα
1205 3833 1393 3903 στῆναι
1413 3832 1687 3903 δυνηθείη.
1721 3836 1815 3898 Εἰς

140 3922 388 3977 τοσοῦτον
426 3917 522 3976 οὖν
542 3923 688 3992 ἡμᾶς
716 3919 1020 3990 ἐκπέμπεις
1047 3920 1173 3973 πὸλε
1183 3936 1279 3990 μον
1302 3935 1315 3984 ;
1343 3920 1437 3971 καὶ
1468 3920 1605 3991 πρὸς
1634 3921 1814 3992 μάχην

142 4008 278 4063 οὕτω
313 4010 411 4064 καὶ
432 4009 685 4079 ποικίλην
712 4007 805 4060 καὶ
839 4006 1092 4079 πολυειδῆ
1124 4007 1222 4078 τὴν
1246 4006 1521 4080 ἡμετέραν
1553 4007 1813 4077 ἐνόμισας

145 4097 394 4165 ἀρκέσειν
425 4095 455 4135 ά
481 4094 697 4164 ψυχήνς
722 4092 893 4146 Πόθεν
914 4094 1008 4147 καὶ
1037 4093 1186 4165 παρὰ
1207 4093 1351 4156 τίνος
1380 4092 1595 4164 μαθών;
1627 4095 1690 4147 Εἰ
1716 4096 1815 4165 μέν

147 4184 247 4255 7&9
274 4185 305 4237 6
330 4182 468 4245 Θεὸς
499 4179 763 4252 ἐγνώρισε
787 4180 968 4245 τοῦτο,
996 4178 1263 4244 ἐπίδειξον
1295 4180 1388 4233 τὸν
1423 4179 1691 4252 χρησμὸν,
1725 4180 1817 4237 καὶ

149 4271 422 4342 πείθομαι·
460 4271 510 4321 εί
546 4269 602 4321 δέ
638 4269 742 4322 οὐκ
783 4267 947 4338 ἔχεις,
994 4267 1108 4321 ἀλλ’
1142 4267 1250 4321 ἀπὸ
1274 4267 1433 4339 δόξης
1460 4269 1815 4340 ἀνθρωπίνης

148 4358 329 4428 φέρεις
367 4355 474 4427 τὴν
517 4355 732 4427 ψῆφον,
776 4353 1122 4424 ἀπαλλάγηθί
1178 4370 1309 4408 ποτε
1369 4355 1813 4424 ἐξαπατώμενος.

159 4442 323 4515 Ὑπὲρ
350 4443 466 4513 γάρ
488 4441 600 4495 τῶν
629 4441 913 4513 ἡμετέρων
945 4442 1077 4511 ἡμῖν
1106 4438 1359 4513 μᾶλλονῆ
1392 4440 1597 4512 ἑτέροις
1633 4442 1818 4495 πείθε-

147 4531 268 4584 σθαι
303 4532 536 4585 δίκαιον·
572 4528 759 4599 ἐπειδὴ
809 4527 885 4581 Τὰ
913 4526 1019 4581 τοῦ
1048 4527 1363 4596 ἀνθρώπου
1393 4528 1594 4594 οὐδεὶς
1630 4524 1815 4594 οἶδεν,

144 4617 293 4687 εἰμὴ
317 4617 387 4671 τὸ
414 4615 651 4684 πνεῦμα
672 4615 779 4670 τοῦ
809 4613 1122 4682 ἀνθρώπου
1152 4615 1216 4667 τὸ
1240 4614 1309 4667 ἐν
1337 4613 1517 4680 αὐτῷ.
1548 4616 1671 4668 ’Ότι
1708 4616 1819 4688 γάρ

144 4706 233 4757 καὶ
260 4704 418 4775 ἡμᾶς
452 4702 650 4765 αὐτοὺς
678 4702 774 4755 καὶ
811 4700 938 4764 τοὺς
966 4700 1256 4771 ἑλομένους
1280 4702 1720 4769 καταγελάστους
1747 4704 1815 4758 ἂν

142 4792 503 4862 ἐποιήσαμεν,
528 4789 735 4861 ταύτην
760 4787 1043 4859 δεξάμενοι
1063 4785 1162 4858 τὴν
1187 4787 1383 4859 ἀρχὴν,
1409 4788 1501 4840 καὶ
1532 4789 1670 4859 μετὰ
1692 4791 1821 4845 πολ-

140 4877 233 4949 λῆς
259 4878 369 4948 τῆς
400 4875 607 4946 ζημίας
637 4875 717 4937 είς
741 4873 947 4942 ταύτην
965 4872 1032 4927 ἂν
1056 4873 1434 4944 ἐπανήλθομεν
1454 4873 1548 4928 τοῦ
1574 4874 1691 4944 βίου
1717 4878 1818 4948 τὴν

140 4966 503 5029 κατάστασιν,
538 4964 596 5016 ἐν
690 4960 787 5013 καὶ
831 4959 926 5014 νῦν
972 4961 1161 5030 ἐσμεν,
1198 4961 1246 5013 εἰ
1281 4962 1375 5014 καὶ
1418 4962 1490 5033 μὴ
1533 4964 1816 5034 πρότερον,

142 5054 270 5107 ἀλλὰ
301 5051 405 5107 νῦν
428 5068 489 5105 σε
515 5048 727 5113 τούτοις
744 5044 901 5119 οἶμαι
934 5048 1251 5102 πεπεικέναι
1277 5050 1392 5112 τοῖς
1424 5051 1683 5119 ῥήμασιν.
1710 5051 1818 5105 Οὗ-

142 5140 191 5191 ὁέ
215 5142 331 5211 γὰρ
360 5136 636 5210 βασκανία
669 5135 853 5206 μόνον,
885 5133 1020 5188 ἀλλὰ
1052 5134 1231 5205 πολλῷ
1263 5136 1355 5189 καὶ
1391 5137 1489 5206 τῆς
1523 5136 1819 5206 βασκανίας

142 5228 526 5300 σφοδρότερον,
551 5225 702 5296 ἡτῆς
720 5222 896 5294 ἀρχῆς
918 5221 1120 5293 ταύτης
1149 5222 1411 5296 ἐπιθυμία
1439 5225 1567 5287 τοὺς
1590 5224 1819 5289 πολλοὺς

188 5392 208 5417 ⁸
232 5396 335 5444 Alii
356 5394 525 5451 αὐτόν,
544 5393 631 5443 alii
656 5390 845 5447 αύτούς.

192 5453 223 5497 δ
246 5457 347 5505 Alii
372 5455 672 5518 οἰκονομίαν,
695 5455 782 5518 alii
806 5452 1097 5518 οἰκοδομίαν.

188 5519 218 5548 ε
251 5518 459 5568 Plurimi
482 5512 599 5567 mis.
614 5515 902 5565 ἐπιτίθενται
923 5512 1002 5562 καέ
1026 5512 1332 5576 παραλύουσι.

140 5641 161 5654 ν,
190 5576 349 5655 {Alii
368 5581 548 5645 ἀρκεῖν.
589 5577 719 5629 Ibid.
756 5576 911 5635 aliqui
942 5576 982 5623 εί
1017 5571 1210 5638 μὲνγὰρ
1232 5575 1351 5631 Θεὸς
1371 5571 1514 5624 τοῦτο
1553 5575 1818 5642 ἀνήγγειλε,

130 5655 253 5691 (κιο.

1902 268 2141 338 ὁπλίζειν
2174 267 2327 328 εἴωθε
2366 276 2503 330 κατά
2539 271 2630 330 τοῦ
2666 270 2867 346 ταύτην
2908 276 3143 346 ἔχοντος.
3175 276 3285 330 Καὶ
3313 276 3562 345 καθάπερ

1897 353 1943 403 οί
1991 353 2241 423 φίλαρχοι
2283 365 2305 392 ο
2339 355 2445 407 τῶν
2488 349 2690 409 παίδων
2722 350 3042 425 βαρύνονται
3081 354 3140 408 τὸ
3173 355 3281 407 τῶν
3313 355 3561 424 πατέρων
3602 404 3616 413 ,

1898 430 2092 500 γῆρας,
2120 432 2262 485 οὕτω
2294 434 2387 486 καὶ
2416 435 2619 486 τούτων
2657 433 2819 499 τινὲς,
2855 435 2983 489 ὅταν
3014 428 3194 488 ἴδωσιν
3236 434 3314 496 εἰς
3353 433 3562 503 μακρὸν

1902 511 2304 579 παραταθεῦςαν
2327 514 2426 582 τὴν
2453 507 2750 584 ἱερωσύνην
2778 512 2990 584 χρόνον,
3023 513 3207 582 ἐπειδὴ
3236 512 3443 565 ἀνελεῖν
3464 512 3563 580 οὐκ

1899 589 2111 656 εὐαγὲς,
2138 588 2446 663 παραλῦσαι
2481 591 2800 648 σπεύδουσιν
2827 594 2988 648 αὑτὸν
3020 595 3120 663 τῆς
3150 590 3341 664 ἀρχῆς,
3362 593 3562 656 πάντες

1899 668 2012 721 ἀντ’
2044 669 2250 723 ἐκείνου
2276 670 2526 739 γενέσθαι
2552 673 2961 743 ἐπιθυμοῦντες.
2987 676 3081 727 καὶ
3111 674 3189 736 εἰς
3215 670 3404 726 ἑαυτὸν
3435 672 3565 725 ἕκα-

1902 760 2025 809 στος
2063 751 2480 823 μεταπεσεῖσθαι
2516 749 2613 820 τὴν
2652 753 2826 822 ἀρχὴν
2865 751 3289 823 προσδοκῶντες.

1973 832 2051 880 ιε’.
2087 821 2271 880 Βούλει
2301 846 2382 882 σοι
2416 830 2511 883 καὶ
2546 821 2732 901 ἕτερον
2759 821 3005 895 ἐπιδείξω
3030 831 3231 900 ταύτης
3257 831 3357 900 τῆς
3387 831 3563 901 μάχης

1900 900 2055 969 εἶδος,
2101 902 2308 977 μυρίων
2352 900 2803 980 ἐμπεπλησμένον
2845 910 3137 974 κινδύνων;
3183 910 3286 963 Ἴθι
3334 900 3417 980 δὴ,
3469 910 3563 963 καὶ

1898 984 2156 1054 διάκυψον
2180 988 2259 1047 εἰς
2283 985 2382 1049 τὰς
2410 988 2722 1060 δημοτελεῖς
2750 989 2961 1059 ἑορτὰς,
2999 991 3056 1042 ἐν
3083 984 3170 1052 αίς
3196 989 3427 1057 μάλιστα
3454 988 3564 1042 τῶν

1900 1063 2366 1133 ἐκκλησιαστικῶν
2406 1067 2589 1139 ἀρχῶν
2626 1067 2726 1132 τὰς
2770 1066 3005 1139 αἱρέσεις
3052 1066 3319 1122 ποιεῖσθαι
3377 1064 3561 1138 νόμος·

1900 1140 1995 1194 καὶ
2028 1140 2318 1207 τοσαύταις
2353 1139 2470 1212 ὄψει
2512 1146 2867 1218 κατηγορίαις
2908 1144 2999 1199 τὸν
3034 1147 3181 1216 ἱερέα
3217 1145 3563 1215 βαλλόμενον,

1900 1219 2023 1271 ὅσον
2050 1219 2159 1273 τῶν
2183 1220 2496 1292 ἀρχομένων
2522 1224 2582 1275 τὸ
2609 1223 2810 1293 πλῆθός
2832 1226 2967 1277 ἐστι.
2998 1224 3204 1287 Πάντες
3237 1224 3345 1293 γὰρ
3376 1225 3425 1276 οί
3448 1222 3567 1277 δοῦ-

1901 1314 1986 1351 ναι
2017 1297 2193 1368 κύριοι
2220 1298 2317 1369 τὴν
2346 1301 2510 1371 τιμὴν
2537 1303 2617 1365 εἰς
2644 1301 2816 1354 πολλὰ
2833 1303 2954 1354 τότε
2987 1302 3256 1372 σχίζονται
3284 1296 3443 1372 μέρη,
3473 1302 3565 1353 καὶ

1899 1374 2021 1427 οὔτε
2063 1372 2199 1447 πρὸς
2238 1375 2519 1448 ἀλλήλους,
2556 1374 2679 1433 οὔτε
2708 1378 2844 1449 πρὸς
2872 1380 3033 1433 αὐτὸ)
3066 1379 3155 1432 τὸν
3194 1380 3426 1449 λαχόντα
3467 1377 3566 1449 τὴν

1901 1454 2226 1524 ἐπισκοπὴν,
2261 1455 2323 1508 τὸ
2363 1455 2470 1510 τῶν
2509 1455 2658 1530 [595]
2699 1458 3086 1529 πρεσϐυτέρων
3122 1457 3395 1528 συνέδριον
3434 1459 3566 1526 ὁμο-

1901 1531 2211 1598 γνωμονοῦν
2245 1532 2341 1587 ἴδοι
2365 1551 2457 1598 τις.
2484 1535 2567 1589 ἄν·
2606 1536 2717 1588 ἀλλ’
2749 1537 2976 1599 ἕκαστος
3018 1536 3140 1589 καθ’
3169 1534 3361 1589 ἐαυτὸν
3405 1536 3566 1603 ἐστὴ-

1903 1625 2084 1672 κασιν,
2118 1612 2146 1663 6
2180 1611 2277 1681 μὲν
2308 1612 2515 1679 τοῦτον,
2548 1612 2577 1667 6
2598 1613 2653 1667 δὲ
2687 1617 2893 1668 ἐκεῖνον
2927 1614 3266 1686 αἱρούμενος.
3305 1615 3378 1666 Τὸ
3403 1613 3460 1666 δέ
3485 1614 3571 1667 af-

1900 1704 2030 1750 τιον,
2056 1687 2156 1741 οὐκ
2184 1691 2263 1752 εἰς
2289 1688 2345 1741 ἐν
2381 1692 2578 1755 πάντες
2608 1693 2826 1763 ὁρῶσιν,
2853 1695 2934 1756 εἰς
2965 1693 2993 1745 ὃ
3023 1693 3183 1762 μόνον
3216 1690 3348 1763 ὁρᾷν
3378 1691 3567 1761 ἐχρῆν,

1899 1765 1998 1833 τῆς
2037 1766 2211 1835 ψυχῆς
2246 1767 2344 1836 τὴν
2372 1768 2592 1839 ἀρετήν·
2633 1768 2748 1822 ἀλλ’
2783 1769 2888 1823 είσί
2919 1769 3013 1822 καὶ
3040 1770 3225 1841 ἕτεραι
3258 1768 3566 1839 προφάσεις

1902 1848 1958 1898 αἰ
1991 1845 2194 1915 ταύτης
2239 1847 2483 1915 πρόξενοι
2512 1848 2610 1917 τῆς
2641 1849 2824 1919 τιμῆς·
2858 1843 2988 1912 οἷον,
3036 1847 3093 1901 Ὀ
3124 1847 3241 1915 μὲν,
3272 1849 3352 1900 ὅτι
3380 1847 3570 1914 γένους

1904 1923 2019 1976 ἐστὶ
2045 1924 2321 1994 λαμπροῦ,
2353 1927 2707 1996 ἐγκρινέσθω,
2739 1927 2924 1994 φησίν·
2946 1928 2974 1979 ὁ
2996 1926 3071 1988 δέ,
3096 1927 3175 1978 ὅτι
3206 1924 3434 1977 πλοῦτον
3467 1941 3566 1975 πε-

1907 2000 2219 2071 ριϐέϐληται
2252 2003 2437 2065 πολὺν,
2474 2004 2564 2056 καὶ
2584 2004 2683 2057 οὐκ
2702 2004 2766 2058 ἂν
2795 2002 2965 2057 δέοιτο
2996 2003 3291 2074 τρέφεσθαι
3315 2001 3419 2054 ἐκ(
3457 2001 3569 2053 τῶν

1904 2078 2004 2146 τῆς
2052 2079 2375 2150 Ἑκκλησίας
2425 2081 2718 2152 προσόδων·
2747 2084 2775 2134 6
2799 2079 2876 2142 δέ,
2914 2084 2997 2135 ὅτι
3037 2080 3190 2151 παρὰ
3217 2081 3322 2133 τῶν
3353 2079 3565 2149 ἐχθρῶν

1903 2155 2259 2227 ηὐτομόλησε·
2288 2157 2383 2210 καὶ
2408 2159 2436 2211 6
2464 2158 2561 2227 μὲν
2592 2158 2684 2211 τὸν
2712 2159 2928 2220 οἰκείως
2951 2159 3085 2229 πρὸς
3104 2158 3263 2211 αὑτὸν
3289 2157 3570 2225 διακείμε-

1904 2252 2013 2296 νον.
2058 2237 2087 2289 6
2118 2236 2173 2288 δέ
2212 2237 2302 2290 τὸν
2330 2236 2477 2304 γένει
2514 2238 2878 2307 προσήκοντα,
2915 2239 2943 2290 ὁ
2976 2238 3033 2289 δὲ
3076 2237 3166 2290 τὸν
3205 2235 3572 2290 κολακεύοντα.

1905 2313 2066 2366 πάλιν
2094 2313 2203 2366 τῶν
2224 2312 2396 2367 ἄλλων
2421 2316 2692 2385 προτιμᾷν
2725 2313 3134 2378 σπουδάζουσιν,
3160 2315 3241 2377 εἰς
3261 2314 3315 2366 δὲ
3340 2314 3432 2366 τὸν
3454 2315 3573 2364 ἐπι-

1905 2392 2113 2461 τήδειον
2145 2392 2315 2455 οὐδεὶς
2351 2395 2483 2463 ὁρᾷν
2514 2392 2782 2462 βούλεται,
2810 2392 2929 2444 ούδέ
2952 2393 3127 2462 ψυχῆς
3151 2410 3274 2444 τινα
3299 2390 3572 2445 ποιεῖσθαι

1909 2468 2158 2539 βάσανον.
2198 2468 2339 2537 Ἐγὼ
2365 2469 2421 2522 δὲ
2443 2468 2697 2522 τοσούτου
2726 2470 2832 2523 δέω
2853 2468 3054 2532 ταύτας
3083 2468 3331 2539 ἡγεῖσθαι
3362 2467 3462 2530 τάς
3489 2469 3571 2519 αἰδ

1904 2549 2022 2611 τίας
2043 2547 2386 2612 ἀξιοπίστους
2415 2544 2554 2601 εἶναι
2585 2549 2719 2620 πρὸς
2747 2549 2846 2618 τὴν
2872 2548 2980 2601 τῶν
3014 2548 3204 2619 ἱερέων
3229 2547 3572 2616 δοκιμασίαν,

1906 2628 1982 2688 ὡς
2019 2627 2155 2697 μηδὲ
2191 2627 2242 2679 εί
2270 2640 2353 2689 τις
2384 2626 2581 2698 πολλὴν
2610 2627 2893 2681 εὐλάϐειαν
2924 2626 3249 2690 ἐπιδείξαιτο
3276 2625 3375 2696 τὴν
3406 2624 3466 2677 οὺ
3488 2642 3575 2694 μια

1907 2708 2035 2777 κρὸν
2079 2708 2206 2778 ἡμῖν
2239 2707 2375 2775 πρὸς
2411 2708 2510 2777 τὴν
2544 2708 2719 2778 ἀρχὴν
2764 2705 3121 2760 συντελοῦσαν
3150 2706 3386 2776 ἐκείνην,
3440 2702 3576 2774 μηδέ

1906 2784 2093 2838 τοῦτον
2117 2786 2223 2838 ἀπὸ
2246 2784 2449 2853 ταύτης
2471 2785 2672 2848 εὐθέως
2696 2785 2969 2858 ἐγκρίνειν
2994 2785 3217 2857 τολμᾷν,
3251 2787 3300 2837 εἰ
3330 2783 3404 2856 μὴ
3439 2783 3577 2853 μετά

1906 2865 2004 2934 τῆς
2033 2862 2317 2924 εὐλαϐείας
2346 2862 2545 2932 πολλὴν
2582 2864 2677 2917 καὶ
2717 2863 2815 2933 τὴν
2851 2863 3065 2917 σύνεσιν
3090 2863 3229 2932 ἔχων
3263 2862 3435 2931 τύχοι.
3467 2862 3576 2914 Καὶ

1907 2942 2015 3013 γὰρ
2038 2937 2155 2994 οἴδα
2176 2941 2401 3004 πολλοὺς
2420 2938 2532 3010 ἐγὼ
2556 2940 2664 2993 τῶν
2688 2942 2903 2994 ἅπαντα
2922 2942 3014 2994 τὸν
3038 2941 3229 3013 χρόνον
3258 2939 3579 3011 καθειρξάν·

1907 3038 2014 3074 των
2045 3020 2290 3084 ἑαυτοὺς,
2320 3022 2413 3073 καὶ
2439 3020 2714 3089 νηστείαις
2752 3020 3189 3089 δαπανηθέντων,
3208 3020 3310 3083 ὅτι,
3345 3019 3448 3081 ’έως
3479 3018 3578 3088 μὲν

1909 3099 2092 3160 αὐτοῖς
2116 3098 2295 3168 μόνοις
2319 3095 2457 3150 εἶναι
2490 3099 2618 3167 ἐξῆν
2641 3099 2734 3150 καὶ
2762 3098 2831 3151 τά
2859 3096 3038 3151 αὐτῶν
3067 3099 3338 3168 μεριμνᾷν
3368 3096 3578 3149 εὐδοκί-

1913 3194 2045 3247 μουν
2078 3176 2229 3247 παρὰ
2255 3175 2391 3241 Θεῷ,
2427 3178 2521 3229 καὶ
2553 3176 2672 3230 καθ’
2703 3177 2938 3246 ἑκάστην
2960 3175 3169 3247 ἡμέραν
3197 3175 3380 3246 ἐκείνῃ
3410 3190 3579 3242 προσ-

1911 3254 2158 3308 ετίθεσαν
2181 3257 2244 3325 τῇ
2273 3254 2561 3325 φιλοσοφίᾳ
2586 3255 2751 3325 μέρος
2780 3255 2839 3308 οὐ
2867 3256 3081 3325 μικρόν·
3116 3254 3302 3323 ἐπειδὴ
3327 3253 3383 3305 δὲ
3408 3255 3488 3315 είς
3517 3253 3579 3306 τὸ

1912 3335 2113 3405 πλῆθος
2131 3331 2314 3405 ἦλθον,
2342 3335 2435 3387 καὶ
2464 3334 2562 3398 τὰς
2586 3334 2693 3387 τῶν
2729 3334 2934 3387 πολλῶν
2963 3333 3203 3405 ἀμαθίας
3242 3331 3578 3402 ἐπανορθοῦν

1910 3413 2351 3485 ἡναγκάσθησαν,
2380 3416 2428 3466 οἰ
2461 3414 2558 3483 μὲν
2588 3413 2707 3465 οὐδέ
2732 3413 2830 3483 τὴν
2853 3411 3025 3484 ἀρχὴν
3050 3414 3290 3483 ἤρκεσαν
3322 3410 3455 3482 πρὸς
3479 3411 3579 3479 τὴν

1913 3493 2177 3561 τοσαύτην
2206 3492 2608 3563 πραγματείαν·
2635 3493 2684 3543 οί
2710 3491 2767 3544 δὲ
2804 3491 3114 3562 βιασθέντες
3148 3493 3447 3559 ἐπιμεῖναι,
3481 3490 3579 3557 τὴν

1913 3571 2182 3644 προτέρα-ι
2211 3567 2497 3640 ἀκρίϐειαν
2525 3568 2797 3639 ῥίψαντες,
2825 3567 3053 3632 ἑαυτούς
3081 3585 3140 3620 τε
3167 3565 3481 3644 ἐζημίωσαν
3510 3567 3580 3617 τά

1918 3641 2169 3720 μέγιστα,
2210 3648 2305 3699 καὶ
2334 3645 2557 3716 ἐτέρους
2594 3644 2809 3716 ῶνησαν
2842 3644 3015 3699 οὐδέν.
3067 3645 3207 3697 Ἀλλ’
3243 3643 3361 3696 οὐδὲ
3402 3641 3456 3694 εί
3497 3658 3581 3703 τις

1914 3730 2004 3782 τὸν
2034 3728 2248 3781 ἅπαντα
2281 3725 2469 3796 χρόνον
2501 3724 2778 3795 άνὴλωσεν
2800 3726 2856 3777 ἐν
2884 3727 2950 3795 τῇ
2975 3723 3177 3795 ἐσχάτῃ
3206 3722 3307 3792 τῆς
3339 3721 3582 3790 λειτουρ-

1914 3807 2038 3874 γίας
2063 3806 2213 3871 τάξει
2239 3804 2435 3875 μένων,
2471 3804 2565 3856 καὶ
2593 3805 2673 3865 εἰς
2698 3803 2924 3872 ἔσχατον
2956 3801 3121 3873 ἡλασε
3151 3804 3348 3871 γῆρας.
3389 3798 3580 3851 τοῦτον

1918 3882 2102 3949 ἅπλῶς
2125 3884 2212 3938 διὰ
2234 3884 2331 3954 τὴν
2364 3883 2579 3954 ἡλικίαν
2609 3882 2948 3946 αἰδεσθέντες
2974 3882 3066 3933 ἐπὶ
3093 3881 3191 3950 τὴν
3229 3880 3404 3949 ἀρχὴν
3439 3876 3581 3929 οἴσο-

1922 3982 2020 4036 μεν
2068 3963 2165 4033 τὴν
2186 3962 2462 4031 ἀνωτέρω.
2519 3961 2561 4012 Τ
2568 3959 2583 4012 ί
2634 3960 2763 4030 γὰρ,
2812 3962 2861 4014 εἰ
2898 3960 2992 4014 καὶ
3019 3959 3169 4036 «μετὰ
3212 3957 3318 4036 τὴν
3362 3958 3581 4036 ἡλικίαν

1918 4030 2133 4112 ἐκείνην
2156 4030 2523 4110 ἁνεπιτὴδειος
2552 4039 2627 4091 ὢν
2658 4038 2841 4108 μένοις
2875 4037 2985 4092 Καὶ
3012 4030 3072 4091 οὺ
3106 4038 3204 4106 τὴν
3238 4034 3428 4087 πολιὰν
3462 4035 3581 4085 ἀτι-

1923 4122 2091 4192 μάσαι
2122 4118 2460 4188 βουλόμενος,
2493 4117 2613 4170 οὐδέ
2652 4116 2957 4187 νομοθετῶν
2996 4118 3122 4177 τοὺς
3151 4115 3258 4166 ἀπὸ
3289 4112 3580 4192 χοροῦ-μο-

1917 4190 2186 4261 ναζὸντων
2226 4198 2479 4266 ἣκοντας,
2522 4197 2739 4258 πάντως
2778 4195 3137 4265 ἀπείργεσθαι
3182 4194 3282 4262 τῆς
3324 4190 3580 4258 τοιαύτης

1917 4275 2252 4336 ἐπιστασίας,
2279 4273 2450 4326 ταῦτα
2476 4268 2628 4325 εἷπον
2655 4272 2750 4326 νῦν
2773 4273 2992 4343 (συνέϐη
3017 4272 3122 4344 7&9
3147 4269 3375 4333 πολλοὺς
3404 4271 3498 4322 καὶ
3523 4268 3584 4332 ἐξ

1917 4355 2132 4424 ἐκείνης
2159 4351 2413 4414 ἐλθόντας
2438 4353 2535 4423 τῆς
2567 4351 2770 4421 ἀγέλης
2802 4353 2881 4414 εἰς
2914 4351 3117 4420 ταύτην
3146 4348 3444 4419 διαλάμψαι
3482 4347 3582 4418 τὴν

1916 4432 2134 4505 ἀρχὴν),
2159 4430 2273 4483 ἀλλ’
2292 4433 2469 4483 ἐκεῖνο
2492 4430 2658 4496 δεῖξαι
2694 4430 3028 4494 σπουδάζων,
3057 4432 3138 4483 ὅτι
3166 4431 3214 4481 εἰ
3252 4431 3387 4499 μήτε
3420 4426 3582 4479 εὐλά-

1918 4512 2039 4565 ϐεια
2068 4511 2190 4564 καθ’
2221 4510 2438 4581 ἑαυτὴν,
2475 4511 2607 4582 μήτε
2639 4510 2816 4580 γῆρας
2849 4509 3058 4580 μακρὸν
3099 4512 3258 4564 ἱκανὰ
3291 4507 3490 4577 γένοιτ’
3517 4506 3584 4559 ἂν

1917 4590 2085 4656 δεῖξαι
2104 4588 2195 4642 τὸν
2218 4589 2550 4661 κεκτημένον
2583 4589 2880 4661 ἱερωσύνης
2906 4590 3052 4655 ἄξιον
3074 4590 3220 4655 ὄντα,
3256 4589 3415 4658 σχολῇ
3440 4588 3490 4653 γ’
3518 4586 3583 4639 ἂν

1918 4672 1973 4723 αἰ
2006 4669 2401 4740 προειρημέναι
2436 4669 2737 4740 προφάσεις
2766 4668 2923 4721 τοῦτο
2947 4670 3290 4739 ἐργάσαιντο.
3330 4670 3390 4719 Οἱ
3412 4666 3468 4717 δὲ
3490 4664 3584 4716 καὶ

1919 4748 2110 4820 ἐτέρας
2145 4746 2525 4819 προστιθέασιν
2568 4741 2943 4818 ἀτοπωτέρας·
2990 4750 3084 4799 καὶ
3119 4746 3225 4817 γὰρ
3255 4747 3301 4797 οἰ
3333 4745 3453 4814 μὲν,
3497 4744 3584 4795 ἵνα

1921 4829 1997 4900 μὴ
2046 4826 2186 4896 μετὰ
2226 4827 2333 4880 τῶν
2369 4825 2625 4879 ἐναντίων
2662 4826 2898 4891 τάξωσιν
2940 4827 3184 4890 ἑαυτοὺς,
3220 4826 3300 4887 εἰς
3343 4825 3463 4899 τὴν
3489 4823 3582 4875 τοῦ

1918 4907 2124 4979 κλὴρου
2149 4906 2536 4973 καταλέγονται
2566 4904 2738 4969 τάξιν,
2776 4907 2822 4958 οἰ
2855 4906 2910 4958 δὲ
2937 4906 3024 4957 διὰ
3055 4904 3338 4973 πονηρίαν,
3373 4903 3469 4955 καὶ
3497 4902 3584 4953 ἴνα

1921 4988 1996 5059 μὴ
2020 4985 2389 5057 παροφθέντες
2416 4986 2625 5056 μεγάλα
2648 4987 2988 5056 ἐργάσωνται
3022 4985 3186 5038 κακά.
3210 4981 3358 5054 Ἀρα
3389 4980 3584 5049 γένοιτ’

1918 5067 1984 5120 άν
2008 5083 2060 5119 τι
2085 5066 2276 5118 τούτου
2306 5064 2763 5135 παρανομώτερον
2786 5080 2800 5131 ;
2830 5064 2996 5119 Ὅταν
3024 5064 3298 5134 ἄνθρωποι
3325 5060 3584 5133 μοχθηροὶ

1920 5146 2011 5198 καὶ
2042 5145 2252 5215 μυρίων
2294 5145 2558 5214 γέμοντες
2586 5145 2773 5197 κακῶν
2816 5143 2905 5197 διὰ
2933 5144 3107 5196 ταῦτα
3153 5141 3582 5213 θεραπεύωνται,

1918 5219 1983 5276 δι’
2006 5222 2041 5277 ἃ
2068 5223 2388 5288 κολάζεσθαι
2420 5223 2545 5286 ἔδει,
2572 5223 2667 5276 καὶ
2701 5216 2777 5275 ὦν
2802 5223 2986 5275 ἕνεκεν
3015 5222 3150 5292 μηδέ
3178 5221 3270 5273 τὸν
3303 5221 3453 5273 οὐδὸν
3482 5218 3586 5287 τῆς

1919 5301 2213 5373 ἐκκλησίας
2260 5301 2603 5372 ὑπερϐαίνειν
2632 5302 2800 5372 ἐχρῆν
2828 5341 2843 5366 ,
2875 5302 3015 5372 ὑπὲρ
3043 5302 3245 5354 τούτων
3270 5302 3363 5353 καὶ
3387 5300 3463 5361 εἰς
3486 5298 3586 5368 τὴν

1987 5467 2010 5495 e
2027 5454 2182 5533 ξείνη.
2196 5461 2257 5532 ’et
2280 5452 2476 5517 plurimi
2499 5466 2611 5503 mss.
2636 5455 2680 5502 οῐ
2703 5452 2991 5517 φιλάργυροι.
3021 5450 3143 5503 Ibid.
3182 5453 3380 5515 quidam
3400 5454 3471 5517 τῷ
3492 5453 3589 5501 τῶν

1918 5533 2134 5581 πατέρων
2155 5533 2292 5581 γηρα.

1993 5582 2011 5620 ῐ
2044 5580 2179 5627 Unus
2199 5580 2352 5626 δέοιτο
2378 5592 2462 5639 τρο

2464 5581 2566 5686 iac.
2592 5575 2734 5643 Alius
2767 5575 2864 5622 δέοι
2905 5581 3093 5643 τροφῆς.
3120 5573 3398 5647 ἰαίνειιιηιιε
3437 5574 3582 5623 καιὶοὶ

2501 5655 2541 5686 ε.
2567 5642 2620 5686 cl.
2641 5650 2712 5685 sm
2734 5645 2993 5686 sequentia
3013 5650 3061 5685 ιιι
3082 5636 3283 5686 Dlurah.

1925 5643 2012 5708 μὶν
2034 5640 2113 5689 τὸν
2135 5639 2376 5698 οἰκείως...
2405 5642 2449 5686 οἱ

2512 5638 2523 5650 ρ

2501 5638 2541 5698 ἑ,
2567 5642 2620 5687 cl
2641 5636 2712 5685 sic.
2734 5636 3061 5698 sequentuin
3082 5636 3283 5697 plurali.
