4050 6160
356 265 477 325 666

356 385 556 449 αδίιιε
584 383 643 439 in
661 382 876 440 ausim
904 396 1121 451 causam
1138 420 1153 447 ,
1174 380 1300 437 dum
1324 393 1412 436 res
1440 387 1549 434 tam
1573 392 1753 443 sacras
1773 418 1786 440 ,
1815 376 1951 432 adeo

357 477 672 535 tremendas
701 476 1015 534 hominibus
1031 482 1140 531 tum
1169 473 1427 543 improbis
1446 510 1461 538 ,
1487 481 1596 527 tum
1625 470 1853 540 indignis
1876 470 1955 524 la-

357 569 710 633 befactandas
745 568 1051 623 tradimus?
1069 566 1291 634 Quando
1329 564 1471 621 enim
1502 564 1593 621 alii
1631 578 1808 617 rerum
1853 561 1955 619 sibi

356 663 587 717 minime
622 661 1049 715 convenientium
1076 702 1090 725 ,
1119 659 1208 713 alii
1251 648 1419 713 multo
1464 656 1722 725 majorum
1747 694 1763 720 ,
1795 670 1954 725 quam

353 752 502 807 vires
532 751 725 817 ferant,
752 752 1119 821 pratfecturam
1151 751 1436 819 accipiunt,
1467 751 1501 804 ii
1522 758 1670 804 certe
1694 748 1951 815 efﬁciunt,

356 851 415 895 ut
448 842 688 898 Ecclesia
718 844 943 897 nihilab
971 843 1168 913 Euripo
1192 842 1423 931 diti‘erat.

434 937 699 1007 Equidem
726 936 871 1006 prius
899 947 1115 991 exteros
1141 936 1404 1006 principes
1430 933 1741 989 deridebam
1765 975 1778 997 ,
1807 931 1952 1003 quod

359 1026 412 1085 in
457 1025 721 1083 hooorutn
751 1028 1153 1097 dispensatione
1192 1040 1296 1081 non
1340 1025 1502 1081 animi
1542 1025 1827 1088 virtutem,
1858 1023 1953 1081 sed

360 1118 620 1189 pecunias
644 1128 700 1173 et
725 1134 986 1173 annorum
1016 1133 1293 1173 numerum
1320 1126 1374 1170 et
1401 1116 1691 1172 humanum
1721 1116 1954 1184 patroci-

363 1210 513 1265 nium
537 1219 869 1279 spectcrent;
899 1210 985 1265 ubi
1014 1218 1191 1264 autem
1219 1209 1393 1263 audivi
1418 1208 1554 1263 hanc
1572 1208 1952 1285 absurditatem

360 1301 428 1357 in.
449 1311 660 1356 nostras
689 1303 849 1359 etiam
896 1317 981 1357 res
1018 1302 1338 1361 debacchari
1363 1345 1379 1370 ,
1421 1303 1624 1358 facinus
1655 1302 1952 1372 hujusmodi

360 1408 473 1459 non
494 1394 721 1462 perinde
739 1410 904 1466 grave
927 1396 1095 1453 visum
1117 1403 1218 1452 est.
1248 1394 1383 1463 Quid
1405 1395 1546 1450 enim
1571 1396 1761 1449 mirum
1784 1395 1829 1450 si
1849 1410 1954 1449 sae-

360 1486 578 1543 culares
597 1486 861 1553 homines,
886 1486 1195 1557 popularem
1217 1503 1402 1545 auram
1420 1496 1692 1553 venantes,
1719 1488 1955 1557 pecunia:

359 1590 524 1637 causa
550 1577 680 1631 nihil
712 1593 821 1634 non
845 1590 1096 1648 agentes,
1136 1578 1187 1632 in
1218 1577 1516 1647 hujusmodi
1549 1577 1669 1632 vitia
1707 1594 1953 1646 prorum-

360 1677 510 1736 pant,
532 1667 748 1738 quando
774 1669 829 1733 ii,
859 1670 948 1739 qui
976 1685 1034 1724 se
1061 1668 1129 1724 ab
1156 1670 1220 1729 iis
1243 1670 1491 1725 omnibus
1520 1670 1718 1729 liberos
1737 1685 1857 1725 esse
1879 1671 1956 1725 si-

361 1759 571 1823 mulant
590 1800 607 1825 ,
640 1759 808 1817 nihilo
847 1761 1036 1821 melius
1062 1775 1221 1830 quam
1268 1760 1342 1814 illi
1371 1769 1495 1816 sunt
1519 1761 1714 1823 allecti,
1743 1761 1837 1815 sed
1867 1761 1953 1815 ubi

363 1848 435 1913 dc
459 1849 769 1909 caelestibus
784 1861 1052 1907 certamen
1083 1859 1185 1918 est,
1213 1851 1434 1920 perinde
1462 1862 1621 1921 atque
1643 1854 1686 1906 si
1710 1852 1776 1907 de
1797 1862 1955 1908 terra:

358 1937 638 2008 Iugeribus
673 1950 766 1995 ant
801 1941 907 1995 alio
930 1942 1177 2011 quopiam
1206 1942 1362 1999 simili
1394 1941 1800 2006 deliberaretur,
1829 1957 1953 2012 gre-

368 2023 558 2099 garios
611 2022 859 2077 homines
912 2024 1115 2078 talibus
1162 2025 1464 2093 praeﬁciunt
1501 2026 1667 2082 rebus
1711 2044 1942 2099 quarum

365 2128 535 2168 causa
567 2115 881 2182 unigenitus
904 2114 992 2168 Dei
1011 2114 1181 2171 Filius
1211 2115 1438 2183 gloriam
1470 2132 1736 2175 evacuare
1764 2136 1942 2189 suam,

304 2189 314 2198 ’
367 2200 534 2257 homo
553 2204 689 2269 ﬁeri,
705 2205 847 2259 servi
868 2204 1095 2263 formam
1112 2207 1359 2275 accipere
1381 2207 1636 2280 (Philipp.
1658 2212 1794 2282 2.7),
1812 2229 1947 2269 cono

365 2295 514 2367 spui,
538 2295 783 2365 colaphis
804 2296 935 2351 caedi
963 2296 1182 2368 (Matth.
1204 2297 1294 2353 26.
1313 2299 1427 2370 67),
1443 2312 1668 2357 mortem
1692 2307 1944 2375 turpissio

364 2401 508 2449 mam
523 2387 677 2441 obire
688 2403 796 2443 non
811 2402 1034 2449 recusav
1046 2390 1109 2442 it?
1122 2388 1303 2460 Neque
1314 2389 1402 2447 hic
1415 2398 1595 2447 tamen
1611 2396 1937 2463 consistunt,

364 2477 461 2533 sed
475 2479 580 2531 alia
607 2480 1183 2539 adduntabsnrdiora:
1205 2496 1317 2539 non
1331 2483 1477 2537 enim
1494 2484 1747 2555 indignos
1762 2488 1939 2541 soluat

361 2568 633 2637 deligunt,
652 2569 745 2623 sed
761 2571 923 2631 etiam
941 2570 1165 2627 idoneos
1181 2571 1462 2649 dejiciunt.
1478 2573 1611 2631 Nam
1628 2576 1783 2645 quasi
1801 2589 1940 2647 opus

361 2664 509 2708 csst't
547 2655 801 2712 Ecclesia:
839 2661 1179 2723 securitatem
1209 2663 1476 2734 utrimque
1516 2665 1857 2733 labefactari,
1887 2680 1952 2724 ac

362 2759 524 2800 causa
555 2746 644 2801 illa
671 2750 815 2817 prior
840 2766 946 2804 non
976 2751 1245 2809 sufﬁceret
1272 2752 1339 2808 ad
1366 2755 1497 2811 iram
1528 2757 1620 2812 Dei
1646 2760 1949 2816 accenden-

362 2832 510 2897 dam,
531 2835 600 2889 ita
616 2837 835 2897 alteram
849 2839 1101 2896 addidere
1120 2857 1222 2903 non
1237 2844 1410 2903 minus
1425 2846 1800 2913 perniciosam.
1819 2848 1949 2903 Ete-

363 2924 475 2977 nim
495 2926 716 2993 perinde
739 2929 1093 3003 pernieiosum
1111 2946 1227 2987 esse
1243 2942 1370 3003 puto
1388 2936 1543 2991 utiles
1563 2952 1768 3003 arcere,
1791 2948 1951 3010 atque

362 3015 581 3072 inutiles
609 3017 970 3081 introducere.
1005 3022 1058 3077 ld
1084 3033 1262 3079 autem
1302 3026 1422 3082 ideo
1449 3028 1639 3102 agitur,
1673 3039 1729 3085 ut
1753 3030 1948 3095 Christi

361 3107 502 3161 ovile
536 3109 678 3163 nulla
721 3125 786 3165 ex
838 3121 987 3181 parte
1024 3116 1440 3173 consolationem
1483 3120 1721 3177 invenire
1747 3131 1843 3177 aut
1864 3139 1951 3179 re-

360 3200 568 3269 spirare
595 3203 783 3257 valeat.
812 3203 937 3271 Hmc
966 3222 1143 3263 nonne
1169 3208 1401 3269 millibus
1424 3211 1579 3285 digna
1608 3214 1950 3272 fulminibus?

362 3287 480 3345 haec
502 3307 677 3348 nonne
708 3294 1089 3353 vehementiori
1116 3300 1274 3361 etiam
1307 3300 1546 3371 geltenm
1567 3344 1584 3370 ,
1608 3321 1762 3375 quam
1784 3321 1951 3364 sacrte

361 3381 532 3438 litera:
556 3387 984 3453 comminemur?
1023 3393 1269 3449 Attamen
1300 3394 1415 3457 lucc
1441 3397 1580 3453 mala
1608 3398 1832 3455 sustinet
1860 3416 1952 3470 pa-

361 3473 598 3545 titurque
626 3478 725 3553 qui
740 3494 846 3547 non
873 3482 981 3536 vult
1010 3494 1233 3541 mortem
1273 3489 1566 3563 peccatoris
1583 3529 1599 3553 ,
1625 3490 1718 3551 sed
1746 3502 1803 3545 ut
1825 3508 1954 3549 con-

361 3576 602 3621 vertatur
621 3577 675 3623 et
694 3570 834 3625 vivat
862 3569 1087 3643 (Exerit.
1121 3575 1209 3633 i8.
1235 3576 1326 3633 εδ.
1358 3589 1405 3632 ει
1427 3578 1516 3634 55.
1543 3581 1599 3635 ll
1624 3581 1665 3652 ).
1693 3581 1823 3649 Quis
1845 3599 1949 3640 non

362 3656 485 3726 ejus
512 3659 847 3716 clementiam
877 3663 1207 3729 admiretur?
1232 3667 1351 3737 quis
1375 3683 1480 3724 non
1506 3669 1622 3740 ejus
1646 3673 1948 3731 misericor-

362 3749 510 3804 diam
547 3756 790 3821 Slltpcat?
832 3754 935 3824 Ipsi
964 3754 1249 3823 Christiani
1280 3772 1342 3819 ea
1364 3797 1380 3825 ,
1411 3775 1528 3833 qua:
1556 3760 1750 3817 Christi
1790 3774 1947 3832 sunt,

363 3840 487 3910 plus
512 3857 668 3910 quam
695 3843 877 3900 hostes
902 3859 956 3900 et
992 3847 1187 3913 inimici
1218 3850 1564 3918 pessumdaut
1589 3867 1603 3905 :
1632 3862 1687 3907 at
1715 3854 1804 3910 ille
1849 3855 1949 3911 bo-

363 3944 469 3985 nus
497 3930 671 3988 adhuc
700 3933 1079 4004 benignitatem
1128 3938 1340 4006 prtefert
1364 3979 1379 4004 ,
1411 3950 1464 3995 et
1489 3940 1554 3995 ad
1587 3944 1950 4011 penitentiam

363 4024 541 4083 vocat,
574 4016 756 4074 Gloria
784 4021 895 4086 tibi.
934 4023 1187 4089 Domine,
1214 4024 1382 4094 gloria
1419 4026 1511 4080 tibi
1545 4044 1558 4080 :
1591 4037 1785 4099 quanta
1812 4032 1953 4101 apud

366 4114 424 4161 te
449 4107 749 4165 clementia:
777 4112 1029 4184 abyssut-t
1061 4123 1288 4184 quantus
1315 4117 1606 4174 tolerantia:
1633 4120 1947 4181 thesaurus!

362 4199 469 4269 Qui
501 4217 596 4271 per
624 4219 815 4260 nomen
849 4214 993 4267 tuum
1023 4222 1089 4277 ex
1122 4208 1439 4279 ignobilibus
1477 4221 1529 4267 et
1556 4212 1797 4271 obscuris
1819 4216 1950 4271 clari

364 4301 425 4347 et
466 4295 736 4365 conspicui
780 4297 1042 4364 evadunt,
1078 4298 1278 4359 honore
1318 4301 1412 4355 illo
1454 4313 1638 4359 contra
1681 4303 1950 4360 honorau-

366 4391 476 4437 tem
502 4398 559 4437 se
588 4396 836 4453 utuntur,
861 4396 912 4441 et
940 4403 1043 4441 non
1083 4388 1323 4444 audenda
1361 4391 1594 4457 audent,
1626 4402 1809 4449 sancta
1824 4409 1952 4451 con-

368 4478 602 4532 tumeliis
621 4479 876 4544 alliciunt,
906 4481 1100 4559 probos
1124 4483 1382 4551 repellunt
1405 4492 1459 4537 et
1481 4484 1719 4553 ejiciunt,
1740 4498 1795 4540 ut
1810 4489 1953 4556 quie-

368 4569 424 4624 te
452 4576 509 4623 et
532 4586 652 4625 cum
674 4587 880 4626 summa
906 4573 1115 4629 licentia
1145 4576 1454 4644 nequissimi
1482 4578 1657 4632 omnia
1690 4594 1787 4649 pro
1805 4581 1952 4636 libito

369 4663 681 4719 subvertere
696 4664 919 4733 possint.
944 4666 1105 4736 Cujus
1124 4668 1246 4731 mali
1267 4683 1454 4725 causas
1475 4669 1517 4723 si
1541 4669 1778 4726 ediscere
1797 4674 1945 4739 velis,

371 4752 491 4808 illas
518 4755 782 4822 prioribus
807 4756 1006 4810 similes
1037 4758 1270 4826 reperies
1294 4773 1306 4811 :
1330 4758 1561 4817 radicem
1588 4762 1728 4819 enim
1753 4804 1768 4825 ,
1801 4764 1912 4817 sive
1932 4804 1948 4829 ,

371 4849 431 4896 ut
455 4842 523 4895 ita
545 4842 740 4909 dicam,
772 4853 994 4899 matrem
1025 4862 1184 4901 ttnam
1214 4849 1429 4915 habent,
1459 4851 1727 4907 invidiam.
1757 4854 1950 4908 Earum

369 4944 546 4988 autem
587 4951 692 4989 non
725 4952 826 4990 una
859 4946 1060 4991 tantum
1090 4938 1293 5007 species
1317 4948 1399 4993 est
1419 4981 1432 5003 ,
1456 4941 1548 4994 sed
1577 4942 1823 4999 diverszn.
1858 4945 1951 4999 lli...

370 5024 537 5089 cnim,
562 5026 730 5092 aiunt,
754 5029 876 5095 quia
893 5028 1104 5098 juvenis
1126 5038 1228 5093 est,
1253 5030 1521 5097 ejiciatur;
1555 5032 1661 5095 ille,
1689 5036 1808 5101 quia
1830 5035 1951 5087 ada-

371 5113 469 5168 lari
503 5116 700 5182 nescit;
733 5119 870 5177 alius
890 5160 904 5183 ,
946 5120 1065 5188 quia
1095 5119 1145 5173 in
1176 5119 1468 5191 Cttju5piatn
1496 5122 1840 5179 oﬂ‘eusionem
1868 5126 1949 5185 ³η-

366 5209 563 5273 currit;
592 5210 749 5275 alius,
773 5224 840 5264 ne
866 5211 1230 5280 illequispiam
1255 5212 1449 5278 doleat,
1480 5213 1521 5267 si
1546 5229 1632 5278 eo,
1662 5231 1814 5285 quem
1842 5217 1952 5282 ipse

367 5299 657 5367 obtulerat,
685 5302 856 5371 ejecto
884 5302 1024 5357 hunc
1044 5305 1268 5365 electum
1299 5304 1501 5368 videat;
1531 5305 1638 5364 ille.
1664 5308 1781 5374 quia
1807 5310 1951 5362 mitis

366 5401 417 5444 ct
452 5390 650 5461 probus
679 5401 792 5456 est;
822 5393 927 5457 ille,
952 5395 1073 5464 quia
1096 5395 1434 5462 peccantibus
1464 5395 1744 5459 terribilis;
1775 5397 1860 5451 ille
1884 5400 1952 5453 ob

366 5483 777 5539 aliam-similem
808 5500 1021 5539 causam
1054 5502 1066 5537 :
1096 5501 1266 5556 neque
1295 5486 1435 5540 enim
1463 5486 1651 5545 desunt
1677 5487 1944 5550 obtentns,

369 5588 505 5642 quos
535 5588 632 5643 pro
662 5573 814 5641 libito
852 5574 1110 5641 olferant;
1161 5577 1264 5629 imo
1301 5585 1355 5630 et
1393 5574 1698 5629 facultatum
1738 5577 1945 5645 copiam

366 5665 583 5721 crtntini
627 5666 790 5737 dunt,
834 5668 878 5722 si
924 5668 1054 5724 nihil
1101 5669 1239 5724 aliud
1284 5668 1655 5740 proferendum
1703 5667 1948 5729 habeant.

1568 260 1652 316 DE
1690 259 2137 317 SACERDGTIO.
2181 262 2306 325 LIB.
2349 264 2437 325 Ill.

3553 277 3661 339 GM

2066 378 2559 449 Quinetiantillud,
2598 398 2705 439 non
2744 394 2999 453 oportere
3022 388 3200 449 statim
3232 388 3284 443 in
3316 388 3458 449 hunc
3484 389 3654 449 bono-

2063 486 2175 526 rem
2198 474 2420 539 assumi,
2450 475 2545 535 sed
2574 477 2772 533 sensim
2798 486 2850 533 et
2884 478 3159 547 paulatim,
3188 481 3425 553 aliasque
3449 485 3659 545 similes

2063 578 2160 633 pro
2187 566 2458 625 voluntate
2494 582 2684 624 causas
2724 569 3057 631 comminisci
3107 582 3347 638 possunt.
3386 573 3500 645 Ego
3525 591 3661 633 vero.

2063 654 2149 710 hic
2200 656 2370 712 libens
2405 658 2706 715 sciscitarer
2747 678 2761 714 :
2815 662 2952 729 Quid
2996 663 3301 732 episcopum
3341 674 3419 719 tot
3478 670 3659 725 ventis.

2062 747 2313 816 agitatum
2357 749 2529 804 facere
2568 765 2702 820 Opus
2743 752 2858 807 est?
2883 755 3153 822 quomodo
3180 755 3433 813 adversus
3475 768 3651 816 tantos

2063 834 2257 891 ﬂuctus
2279 849 2421 892 stare
2453 841 2679 908 poterit?
2708 843 2975 909 quomodo
3017 852 3094 907 tot
3124 846 3351 915 impetus
3389 851 3654 919 repellet?

2060 925 2193 981 Nam
2223 928 2266 983 si
2297 938 2441 985 recta
2467 930 2675 987 ratione
2704 948 2816 989 rem
2843 945 3014 1003 gerat,
3041 936 3235 992 adsunt
3259 953 3447 996 omnes
3472 950 3528 997 et
3554 943 3657 1012 ipsi

2061 1028 2111 1072 et
2136 1019 2320 1077 electis
2338 1020 2533 1075 inimici
2554 1030 2607 1077 et
2636 1022 2840 1091 hostes,
2862 1033 2916 1078 et
2939 1042 3033 1094 per
3055 1031 3451 1087 contentionem
3473 1034 3659 1093 omnia.

2059 1124 2180 1165 cum
2200 1110 2289 1166 illo
2302 1121 2484 1182 agunt,
2502 1113 2835 1182 quotidianas
2846 1115 3135 1178 seditiones
3150 1131 3385 1187 movent,
3403 1132 3655 1181 sexcenta

2062 1199 2187 1253 item
2200 1212 2489 1257 scomtuata
2509 1203 2561 1257 in
2572 1203 2770 1261 electos
2785 1203 3107 1273 iaculantur,
3124 1208 3299 1273 donec
3310 1220 3407 1266 aut
3418 1212 3535 1268 illos
3549 1213 3654 1283 eje-

2059 1293 2249 1357 cerint,
2274 1302 2366 1347 aut
2389 1304 2516 1347 suos
2536 1294 2878 1351 intruserint:
2906 1298 3121 1366 perinde
3146 1310 3303 1371 atque
3324 1304 3366 1357 si
3398 1304 3656 1373 gubernao

2061 1393 2142 1439 tor
2154 1384 2207 1441 in
2226 1386 2342 1438 navi
2363 1386 2561 1455 piratas
2572 1402 2753 1443 secum
2769 1388 3074 1460 navigantes
3088 1391 3298 1460 habeat,
3312 1395 3399 1463 qui
3414 1405 3464 1450 et
3483 1396 3582 1465 ipsn
3598 1407 3661 1452 et.

2061 1477 2235 1529 nautis
2255 1478 2620 1533 etvectoribus
2646 1480 2858 1539 assidue
2880 1480 3369 1555 horisquesingnlis
3391 1486 3649 1553 insidien-

2061 1576 2164 1623 tur.
2179 1569 2330 1635 Quod
2343 1570 2386 1624 si
2402 1570 2849 1642 illorumgratiam
2868 1574 3023 1639 saluti
3037 1590 3145 1629 sua:
3163 1578 3654 1646 prteponat,admis-

2059 1662 2135 1717 sis
2164 1677 2270 1715 non
2297 1662 2663 1729 admittendis,
2694 1663 2906 1723 illorum
2933 1667 3049 1720 loco
3082 1667 3245 1723 Deum
3274 1670 3443 1738 ipsum
3472 1670 3650 1729 iuitnio

2060 1767 2179 1807 cum
2217 1751 2434 1814 habebit
2459 1770 2473 1807 :
2500 1768 2607 1822 quo
2634 1753 2759 1823 quid
2788 1754 3023 1811 deterius
3049 1772 3172 1813 esse
3203 1759 3407 1827 possit?
3433 1770 3486 1816 et
3521 1777 3645 1817 eum

2061 1843 2166 1898 illis
2183 1844 2309 1913 ipsis
2329 1832 2595 1912 negotium
2619 1845 2884 1900 difﬁcilius
2901 1863 3058 1916 quam
3077 1858 3231 1909 antea
3252 1852 3374 1918 erit,
3399 1854 3655 1908 omnibus.

2059 1934 2216 1989 simul
2236 1935 2692 1990 consentientibus
2716 1977 2730 1999 ,
2760 1951 2824 1991 ac
2849 1936 3162 1995 fortioribus
3188 1955 3284 2009 per
3308 1943 3650 1999 concordiam

2058 2027 2280 2082 elfectis.
2314 2026 2776 2094 Qucmatltnodum
2820 2029 2960 2083 enim
3008 2030 3166 2085 sanis
3208 2046 3270 2084 ex
3299 2032 3525 2088 adverso
3557 2050 3652 2104 pu-

2057 2117 2340 2188 gnantibus
2368 2118 2537 2173 ventis
2557 2159 2571 2177 .
2603 2134 2753 2174 mare
2795 2126 2953 2175 antea
2998 2122 3332 2190 tranquillum
3362 2123 3661 2192 derepente,

2056 2206 2183 2273 furit
2205 2215 2363 2276 atque
2389 2206 2723 2272 intumescit,
2749 2217 3095 2278 vecturasque
3131 2211 3332 2277 perdit;
3362 2212 3439 2279 sic
3463 2221 3516 2267 et
3538 2214 3641 2273 Ec-

2056 2296 2236 2353 clesiae
2266 2297 2618 2366 tranquillitas
2641 2338 2656 2364 ,
2688 2299 3087 2368 corruptoribus
3116 2299 3365 2369 admissis
3387 2342 3403 2369 ,
3428 2312 3634 2377 tempe-

2056 2398 2193 2453 state
2215 2400 2270 2445 et
2295 2389 2584 2461 naufragiis
2613 2388 2896 2449 infestatur
2919 2390 3122 2447 multis.

2127 2482 2215 2538 l6.
2259 2482 2519 2550 Quantum
2544 2490 2778 2548 aperteat
2813 2462 2922 2543 ὦδε
2947 2500 3060 2538 eum
3081 2524 3096 2550 ,
3144 2485 3230 2555 qui
3260 2490 3413 2543 tantis
3442 2498 3629 2561 tam"-

2055 2574 2269 2633 statibus
2309 2574 2603 2645 opponitur.
2634 2573 2911 2644 —Cogita
2973 2589 3101 2645 ergo
3151 2578 3359 2646 qualem
3405 2590 3661 2648 Oporteat-

2055 2682 2178 2723 eum
2208 2681 2328 2722 esse
2368 2666 2455 2720 cui
2484 2671 2641 2725 tanta:
2681 2666 2984 2733 tempestati
3013 2666 3266 2722 resistere
3293 2683 3515 2731 necesse
3543 2671 3646 2737 sit.

2056 2768 2110 2812 et
2137 2765 2215 2812 tot
2244 2756 2628 2826 impedimenta
2671 2771 2849 2813 rerum
2879 2757 3153 2812 communi
3194 2759 3402 2814 utilitati
3443 2762 3648 2817 condu-

2054 2847 2286 2903 centium
2314 2846 2480 2915 probe
2506 2856 2825 2916 temperare.
2852 2845 2985 2901 Nam
3014 2858 3067 2902 et
3094 2863 3311 2923 gravem
3346 2849 3516 2917 illum,
3550 2853 3646 2909 sed

2055 2939 2275 2999 minime
2294 2938 2609 3005 fastuosum,
2637 2946 2693 2993 ct
2710 2938 3115 3007 formidabilem,
3144 2941 3237 2998 sed
3264 2941 3577 3017 humanum,
3594 2958 3646 3004 et

2055 3030 2430 3102 imperiosum,
2471 3029 2564 3087 sed
2587 3045 2793 3087 comem
2821 3031 3070 3099 omnibus
3089 3073 3103 3095 ,
3134 3041 3188 3089 et
3225 3049 3504 3103 personam
3535 3054 3643 3095 non

2055 3122 2423 3190 accipientem,
2453 3120 2548 3176 sed
2575 3118 2893 3186 ofﬁciosum,
2919 3128 2970 3176 et
3003 3120 3279 3189 humilem,
3312 3124 3402 3179 sed
3427 3127 3645 3184 minime

2054 3210 2329 3276 servilem,
2357 3218 2413 3265 et
2440 3209 2834 3275 vehementem,
2861 3209 2955 3265 sed
2985 3221 3317 3279 mansuetum
3339 3229 3459 3270 esse
3485 3230 3645 3284 Opor-

2056 3311 2153 3367 tet,
2181 3308 2448 3357 utcontra
2475 3300 2566 3357 illa
2592 3302 2771 3359 omnia
2800 3316 3038 3372 pugnare
3067 3301 3220 3363 facile
3255 3305 3450 3372 possit:
3481 3315 3642 3376 atque

2054 3408 2180 3448 eum
2217 3393 2306 3462 qui
2331 3391 2554 3447 idoneus
2571 3392 2661 3458 sit,
2686 3392 2937 3447 omnibus
2954 3393 3078 3447 licet
3096 3394 3492 3459 obsistentibus,
3516 3415 3639 3454 cum

2055 3496 2247 3552 magna
2273 3489 2533 3551 potestate
2582 3496 2931 3550 promovere;
2979 3481 3104 3538 huic
3153 3498 3281 3541 vero
3328 3485 3641 3551 dissimilem

2054 3571 2401 3634 cunteadem.
2430 3572 2774 3633 auctoritate,
2806 3572 3053 3639 omnibus
3094 3574 3254 3631 etiam
3284 3577 3639 3643 conspirand-

2057 3661 2174 3727 bus,
2204 3676 2313 3719 non
2341 3659 2646 3728 admittere,
2691 3661 2786 3717 sed
2818 3678 2979 3719 unum
3010 3672 3212 3719 tantum
3239 3665 3309 3725 ob
3338 3667 3520 3733 oculos
3549 3668 3659 3741 ltao‘

2055 3753 2183 3810 bere
2207 3795 2221 3820 ,
2251 3754 2504 3817 Ecclesia:
2549 3770 2742 3824 nempe
2781 3763 3100 3823 structuram
3123 3796 3138 3819 ,
3172 3756 3406 3828 nihilque
3445 3759 3525 3819 vel
3572 3760 3645 3814 ad

2056 3846 2386 3908 inimicitiam
2417 3846 2498 3900 vel
2525 3846 2591 3900 ad
2621 3846 2846 3915 gratiam
2893 3847 3086 3909 facere.
3114 3847 3248 3913 Num
3283 3850 3372 3904 tibi
3400 3849 3641 3906 videmur

2055 3936 2133 3993 rei
2165 3936 2475 4005 hujusmodi,
2508 3936 2862 3995 ministerium
2907 3938 3099 3992 merito
3138 3940 3449 3997 recusasse?
3477 3942 3639 4009 Atqui

2056 4026 2290 4083 nondum
2318 4027 2499 4083 omnia
2528 4027 2806 4085 recensui:
2840 4036 3125 4097 suppetunt
3152 4038 3206 4083 et
3244 4030 3351 4083 alia
3390 4031 3635 4087 dicenda.

2057 4115 2253 4173 Verum
2281 4132 2347 4173 ne
2374 4114 2681 4187 defatigeris
2700 4116 2824 4173 dum
2852 4116 3009 4171 amici
3031 4131 3095 4171 ac
3123 4133 3250 4173 vere
3273 4120 3510 4187 germani
3537 4121 3638 4175 viri

2054 4221 2174 4271 sese
2204 4205 2343 4276 apud
2373 4215 2422 4267 te
2443 4206 2745 4265 excusantis,
2766 4205 3057 4269 orationem
3081 4206 3295 4263 toleras.
3326 4208 3448 4271 llaec
3479 4223 3641 4277 porro

2061 4300 2264 4365 nonad
2308 4300 2605 4369 apologiam
2652 4297 2811 4357 modo
2851 4308 3087 4359 nostram
3131 4298 3222 4355 tibi
3250 4309 3408 4354 erunt
3449 4301 3591 4355 utilia
3617 4342 3633 4368 ,

2055 4390 2150 4446 sed
2176 4390 2242 4444 ad
2269 4389 2436 4458 ipsam
2468 4389 2691 4445 fortasse
2720 4388 2953 4451 muneris
2980 4386 3047 4442 de
3066 4403 3171 4457 quo
3196 4389 3367 4459 agitur
3397 4388 3633 4445 functio-

2054 4497 2177 4551 nem
2202 4496 2305 4534 non
2339 4494 2522 4549 parum
2545 4479 2771 4537 ali'erent
2792 4479 2943 4534 lucri.
2969 4479 3099 4533 Eum
3127 4494 3378 4548 namque,
3404 4482 3492 4549 qui
3516 4482 3639 4547 vita)

2057 4571 2356 4642 ltujusmodi
2379 4570 2622 4625 semitam
2653 4570 2986 4640 ingressurus
3005 4578 3108 4637 est,
3137 4572 3313 4631 omnia
3342 4574 3488 4641 prius
3513 4589 3638 4643 per-

2059 4673 2373 4727 scrutatum,
2421 4664 2499 4718 sic
2525 4663 2823 4717 ministerio
2850 4678 3064 4718 manum
3092 4664 3375 4719 admovere
3404 4676 3632 4733 oportet.

2056 4754 2271 4820 Quare?
2300 4754 2433 4822 Quia
2463 4752 2561 4806 etsi
2592 4752 2736 4806 nulla
2763 4752 2864 4808 alia
2899 4752 3140 4811 subesset
3163 4767 3323 4807 causa
3345 4796 3359 4816 ,
3391 4756 3634 4810 nomium

2058 4846 2222 4915 probe
2263 4860 2428 4915 gnaro
2470 4843 2519 4898 id
2550 4843 2681 4903 lucri
2720 4842 2973 4908 accedet,
3008 4852 3063 4898 ut
3111 4859 3215 4897 non
3246 4843 3322 4897 rei
3352 4844 3634 4901 insolentia

2062 4941 2333 5002 turbetur,
2379 4955 2499 4992 emo
2528 4938 2642 4993 lucc
2680 4937 3007 5009 contingent.
3053 4936 3146 4993 Vis
3190 4936 3348 5006 igitur
3393 4946 3450 4991 ut
3493 4938 3638 5005 prius

2059 5032 2124 5085 ad
2153 5030 2424 5084 viduarum
2459 5027 2807 5098 patrocinium
2838 5026 3142 5088 veniamus,
3185 5041 3253 5081 an
3282 5026 3349 5083 ad
3376 5026 3636 5095 virginum

2057 5137 2260 5180 curam,
2303 5134 2368 5173 an
2396 5120 2461 5172 ad
2485 5118 2749 5188 judicialis
2787 5117 2950 5188 partis
2977 5116 3339 5179 difﬁcultatem
3365 5116 3397 5167 ?.
3426 5131 3546 5175 nam
3580 5117 3632 5170 in

2056 5212 2247 5279 horum
2276 5209 2496 5279 singulis
2521 5210 2661 5263 varia
2689 5216 2771 5267 est
2813 5206 3142 5271 sollicitudo,
3189 5215 3251 5267 et
3278 5206 3636 5261 sollicitudine

2057 5304 2227 5372 major
2251 5312 2440 5356 metus.
2471 5303 2546 5356 Ac
2570 5301 2817 5369 primum,
2849 5308 2911 5355 ut
2928 5300 2995 5353 ab
3016 5315 3098 5363 eo,
3130 5296 3268 5367 quod
3293 5298 3409 5359 aliis
3432 5296 3635 5355 facilius

2056 5410 2174 5448 esse
2203 5394 2430 5455 videtur,
2462 5391 2753 5452 Ordiamur,
2784 5388 3055 5442 viduarum
3087 5403 3235 5449 cura,
3269 5387 3434 5455 ipsam
3464 5387 3635 5441 susci-

2057 5485 2323 5554 pientibus
2340 5482 2507 5539 solam
2529 5489 2830 5549 sumptuum
2852 5478 3259 5541 sollicitudinem
3281 5478 3470 5531 afferre
3490 5476 3637 5533 vidc-

2057 5578 2180 5644 tnr.(
2211 5579 2258 5630 l.
2290 5574 2426 5631 'lit'm.
2455 5573 2508 5627 5.
2540 5572 2606 5625 lti
2627 5574 2642 5640 )
2667 5588 2681 5624 :
2710 5580 2763 5627 at
2787 5585 2890 5637 non
2923 5569 2990 5620 ita
3013 5580 3072 5621 se
3100 5582 3182 5621 res
3213 5568 3405 5635 habet,
3426 5568 3517 5621 sed
3550 5567 3635 5625 hic

2060 5682 2267 5748 quoque
2314 5665 2480 5729 multo
2518 5677 2654 5734 opus
2693 5668 2773 5717 est
2799 5657 3081 5724 examine,
3128 5657 3216 5713 ubi
3236 5657 3363 5713 illas
3399 5658 3637 5728 deligere
