4050 6160
371 296 478 353 655

374 416 584 482 oportet
615 426 629 463 :
662 402 1088 480 quandoquidem
1112 415 1233 456 cum
1259 409 1459 454 temere
1488 403 1540 451 ct
1566 402 1623 448 ut
1652 407 1808 448 casus
1839 390 1957 444 tulit

378 505 431 559 in
458 503 637 557 album
672 500 853 555 relata:
881 504 1005 551 sunt
1025 537 1039 561 ,
1072 493 1123 548 id
1154 495 1428 546 innumera
1456 487 1659 559 peperit
1692 486 1848 540 mala.
1871 484 1962 537 Et-

377 594 517 648 enim
551 590 774 646 familias
799 584 1296 658 pessumdedcrunt,
1325 579 1564 649 conjugia
1595 578 1922 631 dircmerunt
1941 615 1957 637 ,

378 694 433 740 et
475 685 526 740 in
553 682 740 749 furtis,
772 681 1028 752 cauponis
1071 677 1298 746 aliisque
1342 673 1603 728 similibus
1635 669 1861 738 turpiter
1903 681 1962 721 se

380 783 601 845 agentes
634 787 777 842 sape
817 769 1168 839 deprehensa:
1211 775 1354 822 sunt.
1394 765 1562 818 Porro
1604 762 1735 814 tales
1776 759 1961 825 viduas

377 866 673 937 sumptibus
693 861 943 922 Ecclesia:
968 861 1063 931 ali,
1081 860 1131 914 id
1155 866 1209 913 et
1234 875 1262 910 a
1287 857 1393 913 Deo
1411 853 1725 926 supplicium
1747 859 1798 906 ct
1823 850 1963 920 apud

384 960 629 1015 homines
671 956 938 1012 infamiam
970 966 1339 1021 summamque
1379 947 1772 1005 damnationem
1805 944 1959 1014 parit,

382 1050 848 1118 brnelicorumque.
873 1047 1105 1100 animum
1137 1042 1435 1113 segniorem
1465 1040 1645 1095 efficit.
1683 1038 1814 1092 Nam
1844 1036 1963 1105 quis

386 1157 637 1213 umquam
668 1141 797 1196 velit
824 1139 1093 1209 pecunias,
1114 1149 1245 1206 quas
1270 1134 1481 1189 Christo
1501 1130 1628 1186 dare
1652 1131 1831 1199 jussus
1859 1138 1960 1191 cst,

387 1234 451 1289 iis
474 1233 685 1303 largiri.
725 1231 815 1301 qui
858 1229 1056 1284 Christi
1098 1226 1297 1281 nomini
1348 1224 1666 1280 calumniam
1717 1220 1963 1291 pariunt?

387 1324 616 1394 Idi-nque
642 1323 808 1376 multo
834 1330 888 1375 et
915 1327 1163 1375 accurato
1189 1316 1444 1373 scrutinio
1475 1324 1557 1369 est
1585 1327 1740 1382 opas,
1768 1321 1825 1365 ut
1872 1326 1965 1365 nc-

384 1430 489 1486 que
518 1414 649 1479 illan,
678 1410 991 1483 neque-aliae
1011 1451 1026 1475 ,
1053 1408 1245 1478 quibus
1288 1423 1374 1463 res
1406 1402 1679 1459 familiaris
1719 1402 1964 1456 sufﬁcere

386 1514 597 1577 potest,
642 1503 939 1559 tenuiorum
986 1515 1224 1556 mensam
1253 1498 1553 1553 absumant.
1583 1494 1730 1549 lianc
1757 1491 1965 1561 perqui-

388 1599 635 1654 sitionem
662 1595 763 1650 alia
791 1611 893 1649 non
918 1609 1074 1664 parva
1099 1607 1222 1645 cura
1247 1589 1462 1659 excipit,
1488 1597 1544 1641 ιιι
1564 1587 1693 1656 ipsis
1712 1584 1964 1638 alimenta

386 1688 666 1754 oonfertin
697 1686 847 1755 quasi
877 1700 940 1739 ex
970 1683 1201 1737 fontibus
1223 1680 1458 1743 afﬂuant,
1478 1693 1576 1733 nec
1597 1692 1844 1746 umquam
1870 1672 1965 1728 de-

389 1781 527 1834 sint:
555 1776 814 1848 siquidem
841 1773 1135 1829 insatiabile
1158 1772 1348 1825 malum
1371 1779 1453 1825 est
1473 1768 1635 1823 invita
1661 1776 1963 1836 paupertas,

394 1870 638 1942 querelas
686 1869 1057 1937 ingratumque
1094 1866 1329 1918 animum
1363 1876 1470 1929 pra:
1495 1875 1553 1914 se
1579 1859 1774 1913 ferens.
1807 1857 1965 1910 Multa

391 1960 666 2031 prudentia
690 1957 1065 2028 diligentiaque
1090 1963 1172 2009 est
1189 1968 1321 2023 opus
1342 1961 1397 2006 ut
1420 1964 1602 2005 eorum
1626 1949 1968 2003 obstrnantur

324 2085 337 2097 -
389 2069 481 2108 ora
502 2093 518 2120 ,
548 2066 666 2122 qua:
693 2049 983 2120 quamlibet
1008 2043 1393 2102 criminationis
1419 2041 1753 2097 occasionem
1781 2037 1969 2104 arripi-

391 2155 505 2199 unt.
547 2143 688 2198 Sane
726 2140 833 2195 mul
862 2141 876 2194 i
904 2140 989 2194 ubi
1028 2137 1329 2208 quempiam
1375 2134 1555 2188 vident
1585 2130 1818 2202 pecuniis
1863 2143 1967 2182 non

392 2235 627 2292 deditum
651 2275 667 2300 ,
707 2233 883 2287 statin:
913 2231 1085 2300 ipsum
1112 2229 1177 2282 ad
1206 2229 1341 2281 hanc
1368 2224 1688 2280 functionem
1719 2220 1967 2275 idoneum

392 2329 758 2401 pronuntiant.
800 2326 910 2395 Ego
941 2338 1068 2377 vero
1107 2336 1209 2376 non
1238 2317 1486 2374 existimo
1527 2317 1664 2370 hanc
1694 2313 1766 2368 illi
1806 2311 1966 2365 animi

390 2417 807 2488 magnitudinem
842 2415 972 2468 satis
996 2427 1145 2477 esse,
1191 2410 1282 2465 sed
1328 2419 1576 2480 oportere
1620 2417 1796 2461 tamen
1818 2405 1968 2459 illam

396 2510 606 2565 catcris
646 2508 878 2577 prurire:
927 2522 1047 2560 nam
1094 2505 1234 2558 illius
1279 2516 1472 2570 expers
1519 2508 1754 2553 vastator
1796 2497 1971 2567 potius

390 2615 551 2671 quam
585 2610 837 2669 patronus
861 2639 874 2657 ,
904 2606 956 2650 et
986 2611 1080 2664 pro
1117 2604 1328 2662 pastore
1356 2592 1510 2659 lupus
1554 2589 1749 2644 fuerit:
1789 2603 1969 2641 verum

395 2707 514 2747 cum
541 2692 626 2744 illa
668 2689 824 2742 aliam
856 2688 907 2740 in
940 2701 1004 2739 eo
1034 2687 1302 2754 requirere
1328 2690 1553 2753 oportet.
1589 2682 1657 2734 Ea
1684 2691 1859 2733 autent
1890 2685 1975 2735 est

399 2784 659 2839 bonorum
700 2779 934 2833 omnium
985 2776 1288 2830 hominibus
1324 2774 1654 2829 conciliatrix
1683 2771 1930 2842 patientia
1956 2812 1971 2836 ,

399 2890 518 2943 qua:
543 2872 694 2942 quasi
721 2872 771 2925 in
800 2879 918 2925 tran
942 2869 1143 2935 tuillum
1183 2866 1464 2937 quemdam
1492 2875 1700 2935 portum
1743 2863 1974 2917 animam

398 2966 633 3021 deducit.
661 2962 790 3018 Nam
834 2961 1106 3015 viduarum
1133 2973 1300 3030 genus
1330 2967 1439 3012 tum
1473 2955 1834 3027 paupertatis,
1866 2963 1974 3008 tum

402 3055 577 3110 a‘tatis
599 3095 611 3113 .
642 3065 750 3107 tttm
779 3066 938 3107 sexus
974 3051 1220 3114 nomine,
1265 3049 1612 3104 immoderata
1639 3047 1862 3117 quadam
1899 3045 1980 3100 lo-

400 3147 595 3217 quendi
627 3145 870 3198 libertate
896 3144 1094 3197 utitur:
1123 3141 1201 3195 sic
1229 3141 1370 3196 enim
1396 3138 1773 3209 congruentius
1796 3137 1979 3203 loque-

402 3254 550 3293 mur:
581 3239 879 3307 importtme
907 3236 1156 3296 clamant,
1187 3233 1280 3287 abs
1302 3247 1363 3287 re
1386 3239 1678 3301 queruntur
1699 3238 1754 3283 et
1774 3229 1979 3282 lamen-

403 3340 604 3393 tantur,
633 3330 720 3383 nbi
753 3328 936 3398 gratia:
974 3335 1127 3380 erant
1155 3324 1446 3386 habendte;
1476 3323 1720 3376 incusant
1759 3320 1846 3376 ubi
1873 3321 1984 3374 lall-

403 3421 637 3477 dandum
665 3429 819 3474 erat:
870 3416 1285 3485 praefectumque
1325 3423 1530 3482 oportet
1568 3413 1742 3466 omnia
1781 3411 2015 3465 fortiter-

405 3512 565 3578 ierre,
594 3525 765 3580 neque
790 3508 861 3562 ob
886 3508 1216 3575 importunus
1245 3505 1386 3558 rixas
1415 3502 1499 3557 vel
1521 3502 1777 3556 absurdus
1803 3515 1986 3570 quere-

407 3602 488 3655 las
539 3601 614 3655 ira
654 3598 998 3655 commoveri.
1031 3596 1242 3650 lllarmn
1286 3595 1425 3648 cnim
1467 3592 1744 3648 in'elicitas
1781 3591 1988 3645 miseri-

406 3692 640 3757 cordiam
668 3690 859 3759 potius,
889 3704 1045 3759 quam
1072 3687 1440 3741 con'umeliam
1464 3696 1726 3740 meretur:
1755 3684 1986 3753 ipsarum

409 3791 586 3835 autem
642 3780 892 3834 terminis
962 3778 1212 3832 insultare
1247 3817 1262 3840 ,
1325 3788 1375 3830 et
1438 3776 1765 3846 paupertatis
1817 3773 1987 3826 dolori

409 3872 780 3925 contumeliam
825 3869 1059 3931 addere.
1119 3879 1371 3923 extrema:
1429 3869 1755 3922 crudelitatis
1811 3866 1987 3919 fuerit.

411 3961 770 4031 Quamobrem
825 3962 905 4015 vir
945 3962 1158 4032 quidam
1214 3961 1673 4030 sapientissimus,
1715 3961 1987 4013 avaritiam

410 4054 823 4124 superbiamque
877 4055 1119 4108 humana:
1154 4065 1359 4107 natura:
1386 4053 1731 4106 considerans
1753 4093 1767 4117 ,
1795 4066 1992 4120 gnarus

412 4154 779 4215 paupertatem
810 4142 1108 4213 lmjnsmodi
1136 4159 1274 4204 esse,
1307 4150 1361 4194 ut
1392 4143 1561 4211 possit
1588 4141 1667 4195 vel
1690 4143 1991 4211 generosis-

412 4238 603 4292 simum
632 4237 864 4291 animum
890 4236 1138 4305 dejicere.
1171 4250 1341 4303 eoque
1362 4233 1622 4288 deducere
1652 4241 1710 4285 ut
1729 4232 1913 4305 iisdem
1940 4234 1992 4286 iu

418 4329 578 4383 rebus
603 4329 795 4396 smpins
818 4327 1152 4397 impudenter
1173 4334 1312 4395 agat,
1343 4341 1409 4378 ne
1433 4324 1548 4392 quis
1571 4324 1872 4392 petentibus
1894 4324 1996 4377 illis

415 4419 675 4473 irascatur
693 4458 709 4478 ,
739 4433 841 4472 neu
861 4457 876 4482 ,
908 4417 1269 4485 frequentibus
1295 4432 1477 4468 eorum
1506 4415 1750 4483 precibus
1777 4430 1999 4483 exaspe-

414 4516 583 4571 ratus,
613 4504 837 4560 infesms
880 4506 1067 4558 evadat
1098 4505 1183 4558 ille
1203 4547 1215 4569 ,
1248 4506 1335 4571 qui
1367 4520 1519 4571 opem
1554 4503 1691 4557 l‘erre
1715 4504 1909 4568 debet,
1940 4490 2015 4556 ut.

415 4612 536 4652 sese
582 4595 761 4650 mitem
791 4603 846 4648 et
892 4595 1033 4648 aditu
1075 4595 1274 4649 facilem
1325 4594 1575 4648 exhibeat
1628 4595 1868 4647 hortatur
1916 4593 1995 4647 his

415 4688 631 4743 verbis:
683 4684 883 4739 Inclina
915 4687 1124 4757 pauperi
1161 4688 1266 4739 sine
1304 4687 1501 4739 tristitia
1527 4702 1697 4738 nui-em
1727 4695 1861 4736 tuam
1886 4726 1900 4749 ,
1949 4696 1997 4738 et

415 4778 663 4848 responde
681 4777 755 4832 illi
780 4781 831 4831 in
854 4777 1235 4830 mansuetudine
1258 4776 1510 4846 paci/irn(
1540 4776 1695 4829 Eccli.
1721 4777 1771 4829 4.
1805 4775 1836 4829 8
1858 4774 1875 4845 )
1900 4793 1913 4829 :
1936 4791 1998 4831 ac

417 4870 637 4924 missum
661 4869 857 4922 faciens
884 4883 1003 4921 eum
1035 4866 1123 4935 qui
1146 4875 1425 4934 exasperat
1453 4866 1471 4935 (
1492 4865 1614 4934 quid
1642 4867 1781 4919 enim
1800 4865 1996 4934 jacenti

415 4956 693 5027 dixeris?)
724 4974 842 5011 eum
864 4958 1149 5025 alloquitur
1185 4957 1271 5025 qni
1320 4956 1433 5023 ejus
1472 4956 1831 5011 inﬁrmitatem
1863 4956 1998 5012 ferre

419 5050 605 5118 possit,
636 5062 875 5108 monens,
910 5056 965 5100 ut
994 5046 1167 5099 vultus
1187 5046 1437 5099 blanditie
1458 5062 1518 5099 ac
1545 5048 1822 5101 verborum
1845 5064 1996 5101 man-

418 5137 699 5192 sitetudiue
738 5138 896 5191 etiam
934 5146 1055 5189 ante
1082 5136 1314 5190 oblatum
1359 5136 1555 5188 donum
1593 5135 1763 5204 ipsum
1808 5138 1994 5207 erigat.

418 5227 569 5294 Quod
599 5227 643 5281 si
672 5228 791 5295 quis
831 5227 1036 5281 illarum
1076 5227 1292 5295 quidem
1328 5225 1463 5280 bona
1505 5242 1607 5280 non
1639 5239 1874 5296 usurpet,
1904 5230 1995 5283 sed

420 5320 719 5373 innumeris
764 5319 905 5388 ipsas
947 5319 1201 5372 conviciis
1245 5329 1295 5372 ct
1326 5321 1659 5373 contumeliis
1697 5330 1877 5373 oneret
1902 5363 1914 5381 ,
1944 5330 1999 5374 et

419 5411 675 5465 adversus
698 5427 790 5466 cas
816 5412 1084 5475 irritctur,
1127 5425 1231 5465 non
1264 5411 1419 5463 modo
1449 5422 1806 5480 paupertatem
1838 5413 1995 5480 largi-

425 5505 568 5558 tione
600 5517 704 5556 non
732 5503 996 5569 sublevat,
1027 5503 1121 5557 sed
1150 5504 1510 5557 calamitatem
1540 5504 1705 5573 ipsam
1746 5505 1998 5559 conviciis

421 5604 592 5661 anget.
618 5593 834 5648 Etiamsi
855 5597 996 5650 enim
1018 5595 1086 5649 ob
1107 5594 1302 5650 ventris
1325 5597 1689 5652 necessitatem
1712 5597 1996 5651 admodum

426 5686 761 5758 iuipudentes
805 5703 923 5744 csse
961 5694 1255 5760 cogantur,
1307 5699 1538 5746 attamen
1585 5691 1651 5747 de
1696 5690 1994 5761 lmjusmodi

1078 283 1136 340 S.
1175 279 1454 340 JOANNIS
1490 271 1966 332 οιιιιῖεοδτυιιι
2008 268 2325 325 ARClllEP.
2368 265 2910 326 CONSTANTINOP.

2072 383 2320 437 violentia
2362 382 2563 438 dolent.
2594 383 2727 438 Cum
2769 386 2944 455 itaque
2974 383 3472 454 ﬁtmis'ingrttentis
3517 400 3664 442 metu
3750 410 3753 413 ·

3556 271 3661 327 656

2065 474 2368 528 mendicare
2391 485 2671 544 coguntur,
2695 485 2745 529 et
2775 475 3124 531 mendicando
3146 477 3495 546 impudentes
3520 494 3661 541 esse,

2064 583 2125 621 ae
2152 583 2359 622 rursum
2392 566 2713 637 impudentia
2754 568 2839 622 illa
2878 571 3249 625 contumeliam
3280 571 3435 640 pati,
3483 574 3665 623 attriti-

2067 656 2248 711 formis
2267 661 2532 728 quantum,
2559 669 2615 713 et
2644 669 2874 715 mentem
2896 661 3120 730 caligine
3141 660 3432 715 oll'undens
3459 662 3607 715 dolor
3625 680 3665 717 τε

2066 748 2145 802 vis
2175 763 2359 803 earum
2400 750 2607 805 animos
2633 761 2879 821 occupat.
2907 750 3127 822 Oportet
3176 768 3304 807 vero
3348 761 3664 807 curatorem

2065 854 2249 894 earum
2291 850 2436 894 tanta
2465 855 2586 896 esse
2615 843 3044 913 aequanimitate,
3075 854 3133 897 ιιι
3179 860 3283 897 non
3317 843 3490 897 modo
3531 845 3669 897 imii-

2065 933 2315 999 gnatione
2344 948 2438 987 sua
2466 934 2710 990 dolorem
2737 952 2842 989 non
2872 946 3062 1007 augeat
3085 977 3101 999 ,
3133 937 3226 993 sed
3251 937 3423 993 etiam
3469 926 3666 993 cohor-

2068 1023 2268 1080 latione
2301 1041 2395 1079 sua
2432 1042 2720 1082 mterorem
2754 1029 2978 1099 mitiget.
3023 1028 3153 1083 Nam
3197 1031 3666 1101 quemadmodum

2069 1116 2161 1185 qui
2204 1118 2521 1173 contumelia
2553 1119 2818 1187 afﬁcitur,
2859 1130 2913 1175 et
2948 1121 2993 1176 si
3024 1122 3362 1178 facultatibus
3392 1123 3653 1187 almndrt,

2068 1207 2408 1276 pecuniarum
2438 1210 2778 1265 commodum
2808 1226 2914 1266 non
2944 1214 3109 1267 sentit
3136 1214 3205 1269 ob
3238 1214 3506 1268 inllictam
3536 1231 3668 1267 con-

2070 1298 2298 1353 tnmelim
2325 1299 2560 1370 plagam;
2587 1301 2655 1355 ita
2677 1302 2765 1371 qni
2788 1302 2979 1359 blande
2997 1316 3051 1359 et
3073 1306 3264 1360 leniter
3280 1306 3665 1374 compellatur,

2067 1397 2122 1443 et
2147 1404 2264 1445 cum
2293 1392 2658 1449 consolatione
2696 1393 2894 1449 donmn
2935 1396 3157 1466 accipit,
3198 1397 3399 1467 gaudet
3429 1409 3481 1451 et
3516 1397 3668 1451 irem-

2071 1491 2175 1548 tur,
2198 1483 2498 1554 duplexque
2520 1502 2709 1541 munus
2738 1503 2800 1542 ex
2826 1488 3076 1558 largiendi
3109 1489 3269 1543 modo
3284 1490 3664 1559 consequitur.

2071 1572 2196 1629 [Lee
2222 1588 2378 1642 porro
2405 1592 2508 1629 non
2535 1592 2562 1628 a
2594 1579 2798 1648 meipso
2824 1619 2836 1640 ,
2865 1579 2960 1633 sed
2990 1579 3058 1633 ab
3085 1580 3193 1644 illo,
3223 1582 3313 1651 qni
3345 1581 3513 1651 paulo
3544 1591 3669 1635 ante

2071 1663 2401 1735 hortabatur,
2434 1667 2639 1736 loquor.
2668 1669 2799 1725 Nam
2830 1669 2953 1733 Fili.
2985 1671 3154 1740 inquit
3181 1711 3195 1738 ,
3224 1675 3274 1727 in
3306 1674 3455 1728 bonis
3496 1691 3561 1727 ne
3583 1675 3669 1727 des

2071 1756 2390 1821 vitupetium,
2420 1768 2466 1809 et
2493 1759 2542 1812 in
2573 1762 2710 1813 omni
2735 1760 2868 1815 dono
2907 1762 3131 1817 dolorem
3159 1764 3446 1818 verborum.
3484 1764 3673 1820 Nonne

2070 1858 2246 1901 aestum
2274 1865 2356 1901 ros
2399 1849 2626 1904 sedabit?
2664 1850 2751 1904 Ita
2791 1852 2968 1906 melius
2996 1864 3066 1907 est
3092 1855 3294 1908 verbum
3339 1856 3500 1910 dono.
3541 1856 3674 1910 Ecce

2071 1940 2203 1991 enim
2240 1940 2440 1992 verbum
2466 1942 2649 1995 bonum
2677 1954 2747 1995 est
2773 1943 2885 2012 plus
2909 1957 3057 2013 quam
3074 1944 3263 1999 donum
3281 1990 3295 2007 ,
3325 1957 3374 2001 et
3405 1958 3675 2019 ntrmnan

2071 2039 2143 2084 est
2166 2030 2307 2099 apud
2335 2032 2492 2084 virum
2535 2032 2810 2101 gratiosum
2841 2032 3037 2104 (Ecrli.
3070 2039 3153 2091 l8.
3198 2037 3425 2107 lii-l7).
3457 2038 3672 2092 Illarum

2074 2122 2198 2177 item
2231 2124 2535 2191 prmfectmn
2567 2140 2669 2178 non
2698 2127 2879 2180 mitem
2906 2132 3107 2182 tantum
3137 2138 3191 2183 et
3223 2132 3545 2199 patientem,
3577 2122 3695 2185 sed"

2075 2214 2295 2283 perinde
2320 2216 2708 2270 (Bconomicum
2738 2232 2856 2272 esse
2884 2229 3127 2287 oportet:
3170 2221 3218 2275 id
3246 2237 3382 2276 vero
3410 2223 3455 2275 si
3488 2223 3677 2277 abfue-

2073 2304 2162 2369 rit,
2188 2318 2401 2365 rursum
2432 2321 2719 2375 pauperum
2754 2307 3031 2364 facultatcs
3054 2310 3105 2363 in
3136 2311 3274 2365 idem
3297 2293 3563 2367 damnum
3594 2330 3677 2367 rc-

2074 2396 2279 2449 cidunt.
2321 2396 2500 2467 Nuper
2530 2398 2671 2452 enim
2718 2399 2836 2469 quis
2880 2398 3003 2455 huic
3048 2401 3355 2458 ministerio
3402 2404 3677 2470 adscitus,

2078 2486 2237 2542 multa
2255 2487 2369 2541 auri
2390 2489 2436 2540 vi
2455 2488 2696 2554 collecta,
2723 2492 2833 2561 ipse
2861 2507 2924 2546 ne
2944 2493 3289 2563 consumpsit,
3315 2511 3496 2565 neque
3517 2511 3679 2566 egeo.

2080 2582 2257 2646 tibus,
2306 2584 2484 2650 paucis
2525 2584 2800 2652 exceptis,
2841 2584 3150 2649 distribuit;
3195 2587 3489 2640 maximam
3553 2604 3681 2643 vero

2079 2684 2280 2744 partem
2327 2684 2467 2729 terra
2509 2675 2720 2740 obruit,
2748 2675 2918 2730 donec
2963 2678 3377 2745 superveniente
3426 2679 3680 2734 tunmltus

2083 2774 2323 2834 tempore
2364 2765 2594 2820 hostium
2638 2767 2882 2823 manibus
2926 2768 3068 2823 illam
3097 2769 3332 2823 tradidit.
3369 2769 3555 2840 Magna
3587 2771 3679 2823 ita.

2085 2871 2189 2926 que
2217 2856 2545 2924 providentia
2571 2866 2654 2912 est
2697 2873 2829 2927 opus
2850 2898 2866 2925 ,
2897 2868 2953 2913 ut
2979 2860 3229 2915 Ecclesia:
3273 2860 3553 2917 facultates
3584 2877 3678 2918 nec

2082 2947 2418 3011 redundent,
2447 2965 2546 3004 nec
2569 2950 2847 3005 deficiant:
2895 2952 2990 3007 sed
3021 2970 3137 3022 qua:
3167 2967 3462 3025 erOgantur
3502 2957 3678 3012 omnia

2084 3039 2260 3094 Statim
2287 3050 2411 3093 sunt
2434 3042 2616 3111 egenis
2645 3040 3042 3108 distribuenda,
3074 3040 3232 3115 atque
3261 3048 3313 3100 in
3340 3048 3676 3103 subditorum

2085 3132 2173 3198 pio
2198 3133 2471 3201 proposito
2517 3130 2770 3185 Ecclesia:
2817 3133 3051 3187 thesauri
3098 3137 3386 3206 colligendi
3432 3149 3576 3193 sunt.
3622 3139 3701 3205 ln_

2087 3222 2386 3293 hospitibus
2413 3233 2591 3278 autem
2619 3225 2961 3293 excipiemlis,
2997 3235 3051 3281 et
3075 3226 3125 3280 in
3154 3230 3413 3284 curandis
3440 3232 3671 3299 mgrotis,

2087 3324 2285 3384 quanto
2315 3325 2467 3384 putas
2491 3331 2624 3384 Opus
2647 3332 2769 3371 esse
2810 3317 3148 3386 pecuniarum
3177 3331 3392 3390 sumptu
3421 3363 3436 3389 ,
3485 3332 3676 3392 quanta

2088 3408 2455 3476 prwfectorum
2486 3407 2752 3477 diligentia
2792 3408 3215 3479 prudentiaque?
3243 3412 3394 3465 llanc
3419 3414 3562 3467 enim
3589 3428 3676 3467 cx-

2094 3513 2315 3569 pensam
2347 3499 2431 3552 illa
2465 3514 2568 3552 non
2618 3500 2876 3553 minorem
2903 3542 2917 3565 ,
2947 3501 3054 3555 imo
3080 3515 3223 3572 sarpe
3251 3503 3513 3572 majorem
3558 3519 3675 3557 esse

2099 3603 2322 3643 necesse
2351 3599 2451 3642 est.
2483 3589 2906 3659 Prarl‘ectumque
2936 3592 3105 3661 ipsum
3138 3594 3187 3646 in
3221 3595 3502 3664 largitione
3530 3595 3678 3649 decet

2092 3682 2444 3735 reverentiam
2476 3691 2528 3735 ct
2553 3682 2880 3748 prudentiam
2919 3683 3206 3749 adhibere;
3237 3702 3342 3753 quo
3378 3689 3461 3752 iis,
3505 3686 3590 3757 qui
3622 3701 3677 3740 re

2094 3770 2336 3826 fmtiliari
2362 3772 2666 3837 abundant,
2698 3775 2916 3830 suadeat
2940 3817 2952 3838 ,
2982 3787 3038 3829 ut
3063 3779 3303 3831 certatim
3350 3790 3406 3834 et
3449 3780 3678 3833 hilariter

2094 3876 2187 3916 sua
2211 3863 2346 3916 dona
2369 3873 2606 3932 erogent,
2642 3880 2708 3919 ne
2736 3865 2859 3919 dmn
2890 3868 3217 3921 infirmorum
3245 3870 3530 3924 commodo
3553 3884 3675 3937 pro-

2095 3953 2269 4021 spicit,
2304 3954 2658 4009 beneficorum
2684 3959 2893 4011 animos
2919 3968 3218 4027 eanperet.
3253 3960 3351 4013 llic
3382 3975 3541 4030 porro
3564 3973 3674 4011 ma-

2092 4043 2264 4112 jorem
2302 4046 2627 4099 alacritatem
2655 4057 2710 4101 et
2741 4047 3063 4116 diligentiam
3092 4050 3342 4104 exhibere
3383 4052 3627 4105 convenit
3658 4067 3671 4103 :

2097 4147 2219 4192 sunt
2263 4139 2403 4193 enim
2448 4141 2570 4208 aegri
2604 4142 2797 4197 morosi
2828 4154 2881 4196 et
2906 4158 3127 4212 segnes:
3173 4159 3235 4198 ac
3264 4145 3364 4199 nisi
3411 4160 3674 4199 summam

2099 4228 2329 4295 undique
2356 4230 2681 4298 diligentiam
2711 4247 3001 4302 curamque
3030 4234 3285 4289 adhibeas
3311 4277 3327 4300 ,
3361 4238 3445 4290 vel
3477 4235 3671 4288 tantilla

2098 4320 2314 4388 quidem
2347 4322 2662 4391 negligentia
2694 4333 2867 4392 potest
2906 4339 3092 4394 magna
3120 4328 3396 4395 mgrotanti
3420 4328 3554 4381 mala
3582 4327 3672 4379 im-

2100 4421 2329 4477 portare.

2172 4505 2257 4558 l7.
2303 4505 2532 4572 Quantus
2557 4506 2619 4559 sit
2647 4506 2698 4559 in
2744 4505 3100 4576 gubernatione
3145 4509 3388 4579 virginum
3416 4510 3581 4561 timor.
3607 4535 3659 4545 -

2099 4593 2250 4658 Quod
2285 4594 2350 4647 ad
2391 4595 2649 4663 virginum
2691 4612 2872 4650 curam
2903 4599 3109 4663 attinet,
3160 4606 3304 4652 tanto
3336 4601 3506 4670 major
3529 4598 3674 4649 adest

2102 4694 2292 4747 metus,
2341 4695 2540 4755 quanto
2566 4687 2859 4755 depositum
2894 4690 3192 4758 pretiosius.
3237 4700 3291 4745 et
3319 4701 3515 4762 quanto
3554 4702 3673 4756 rege

2100 4776 2307 4846 dignior
2335 4777 2416 4829 hic
2434 4792 2561 4846 grex
2586 4791 2685 4842 est,
2716 4795 2871 4848 quam
2890 4782 2996 4834 alii.
3025 4780 3202 4851 Nuper
3225 4783 3364 4835 enim
3390 4785 3671 4835 innumera:

2102 4864 2153 4920 in
2185 4877 2482 4920 sanctarum
2523 4868 2820 4936 ltujnsmodi
2849 4871 3071 4923 chorum
3106 4874 3389 4939 ingressa},
3433 4873 3670 4937 vitiisque

2102 4956 2280 5010 multis
2310 4957 2539 5023 referne,
2568 4959 2905 5012 debacchatae
2929 4971 3069 5013 sunt.
3105 4960 3200 5014 llic
3222 4978 3345 5015 vero
3371 4963 3538 5014 lttt'ttts
3560 4973 3670 5010 ma-

2097 5048 2184 5115 jor
2214 5048 2310 5100 fuit
2338 5062 2351 5099 :
2382 5063 2442 5102 ac
2468 5050 2908 5117 quemadmodum
2942 5068 3043 5103 non
3071 5053 3286 5120 perinde
3323 5064 3401 5106 est
3438 5051 3671 5121 puellane

2107 5139 2292 5203 libera,
2315 5154 2380 5191 an
2410 5139 2524 5207 ejus
2552 5141 2739 5193 ancilla
2770 5153 2947 5209 peccet
2980 5160 2994 5196 :
3040 5144 3105 5196 ita
3140 5160 3241 5198 non
3271 5146 3492 5214 idipsuu:
3525 5152 3600 5195 est
3628 5138 3670 5192 si

2103 5231 2251 5299 virgo
2279 5247 2343 5283 an
2375 5231 2550 5284 vidua.
2585 5232 2675 5285 llis
2700 5234 2840 5286 enim
2866 5244 2920 5287 et
2950 5235 3154 5303 nugari,
3189 5244 3241 5290 et
3273 5236 3466 5289 mutuis
3491 5232 3665 5285 conri-

2101 5321 2199 5375 ciis
2225 5321 2448 5390 litigare,
2480 5331 2532 5376 et
2558 5323 2760 5377 adulari
2786 5334 2838 5376 et
2874 5324 3210 5392 impudenter
3238 5341 3413 5393 agere,
3464 5333 3515 5377 et
3550 5337 3665 5374 nus-

2103 5431 2257 5484 quam
2291 5431 2392 5469 non
2423 5432 2675 5483 apparere
2702 5427 2755 5470 et
2785 5418 2833 5470 in
2863 5417 2977 5471 foro
3007 5434 3146 5487 saepe
3172 5420 3461 5483 ambulare,
3495 5417 3543 5468 in
3576 5427 3665 5465 IIS"

2103 5506 2361 5574 frequenti
2400 5517 2500 5561 est.
2545 5507 2701 5576 Virgo
2730 5519 2903 5562 autem
2935 5509 3104 5578 majus
3134 5522 3400 5565 certamen
3431 5508 3571 5567 adiit,
3619 5509 3669 5555 el

2104 5616 2404 5670 supremam
2453 5600 2835 5669 philosophiam
2891 5610 3141 5668 sectatur,
3202 5602 3571 5671 protiteturquc
3613 5608 3666 5644 se

2112 5691 2402 5763 argolicum
2438 5691 2594 5744 vitam
2627 5690 2679 5745 in
2712 5698 2848 5747 terra
2885 5692 3100 5757 ducere,
3150 5706 3209 5747 ac
3238 5708 3358 5748 cum
3399 5690 3494 5744 bac
3516 5695 3665 5739 carne
