4050 6160
266 351 378 404 655

263 465 396 518 ὅταν
428 464 597 528 αὑτάς
630 464 951 536 καταλέγειν
982 466 1096 539 δέῃ,
1122 469 1197 532 ὡς
1223 469 1283 521 τό
1307 488 1366 538 γε
1397 470 1582 534 ἀπλῶς
1616 471 1705 524 καὶ
1729 470 1803 531 ὡς
1827 471 1946 525 ἔτυ-

262 569 363 622 χεν
394 552 563 610 αὑτάς
589 553 967 624 ἐγγράφεσθαι
1001 556 1169 627 μυρία
1196 558 1492 627 εἰργάσατο
1520 558 1689 612 δεινά.
1713 559 1823 612 Kal
1843 559 1950 630 γὰρ

260 639 445 701 οἴκους
472 638 810 713 διέφθειραν,
848 641 945 694 καὶ
976 642 1189 713 γάμους
1221 643 1544 703 διέσπασαν,
1574 646 1671 697 καὶ
1706 646 1797 697 ἐπὶ
1825 646 1949 698 κλο-

263 730 399 789 παῖς
424 726 689 790 πολλάκις
709 730 801 782 καὶ
827 730 920 782 ἐπὶ
948 730 1277 799 καπηλείαις
1305 732 1399 786 καὶ
1420 733 1628 805 ἑτέροις
1648 732 1946 796 τοιούτοιςα

262 814 680 885 ἀσχημονοῦσαι
704 815 971 870 ἑάλωσαν.
1004 817 1077 870 Τδ
1105 817 1161 871 δὲ
1184 817 1284 883 τὰς
1306 819 1566 884 τοιαύτας
1590 821 1699 873 ἀπὸ
1722 820 1832 874 τῶν
1851 820 1951 891 τῆς

274 901 602 972 Ἐκκλησίας
638 903 935 973 τρέφεσθαι
973 905 1274 976 χρημάτων
1308 907 1404 960 καὶ
1434 906 1587 978 παρὰ
1617 907 1751 961 Θεοῦ
1778 926 1949 979 τιμω-

265 990 408 1059 ρίαν,
442 989 539 1043 καὶ
578 990 729 1059 παρά
758 989 1064 1062 ἀνθρώπων
1092 993 1250 1065 φέρει
1276 994 1376 1065 τὴν
1409 996 1645 1065 ἐσχάτην
1674 998 1953 1064 κατάγνω-

261 1094 371 1142 σιν,
412 1078 507 1132 καὶ
533 1079 662 1141 τοὺς
694 1073 754 1131 εὖ
793 1080 965 1131 ποιεῖν
1001 1079 1357 1150 βουλομένους
1388 1081 1783 1154 ὀκνηροτέρους
1827 1083 1953 1136 καθ-

264 1165 466 1234 ίστησι.
498 1166 597 1228 Τίς
631 1165 743 1238 γάρ
772 1164 838 1220 ἂν
868 1166 1042 1220 ’ἐλοιτό
1072 1184 1227 1227 ποτε,
1263 1167 1299 1221 ἃ
1328 1169 1406 1238 τῷ
1435 1168 1656 1241 Χριστῷ
1684 1172 1934 1241 προσετά-

258 1253 365 1325 χθη
404 1252 589 1307 δοῦναι
625 1255 908 1324 χρήματα,
943 1253 1117 1308 ταῦτα
1154 1255 1471 1309 ἀναλίσκειν
1510 1258 1589 1320 εἰς
1624 1260 1751 1321 τοὺς
1775 1258 1835 1310 τὸ
1859 1257 1948 1311 τοῦ

258 1340 507 1408 Χριστοῦ
541 1340 931 1405 διαϐάλλοντας
960 1341 1164 1411 δνομα;
1194 1343 1293 1397 Διὰ
1318 1343 1493 1398 ταῦτα
1521 1344 1722 1416 πολλὴν
1749 1346 1830 1399 δεῖ
1857 1346 1951 1398 xal

257 1427 466 1498 ἀκριϐῆ
491 1427 765 1481 ποιεῖσθαι
787 1428 885 1495 τὴν
912 1426 1181 1492 ἐξέτασιν,
1222 1429 1298 1493 ὡς
1320 1429 1347 1469 b
1380 1430 1456 1502 μὴ
1492 1431 1651 1501 μόνον
1676 1431 1776 1494 τὰς
1796 1433 1947 1503 εἰρη-

261 1515 458 1583 μένας,
486 1513 626 1567 ἀλλά
648 1514 786 1585 μηδὲ
805 1514 903 1577 τὰς
925 1516 1149 1576 ἑαυταῖς
1178 1516 1368 1587 ἀρκεῖν
1384 1516 1695 1588 δυναμένας
1720 1518 1821 1589 τὴν
1838 1517 1949 1571 τῶν

257 1602 549 1655 ἀδυνάτων
582 1600 943 1671 λυμαίνεσθαι
967 1600 1269 1673 τράπεζαν.
1304 1604 1461 1657 Μετὰ
1488 1604 1545 1656 δὲ
1578 1603 1676 1674 τὴν
1702 1603 1948 1668 ἐξέτασιν

254 1688 469 1759 ταύτην
490 1687 654 1760 ἐτέρα
676 1687 981 1759 διαδέχεται
1002 1688 1225 1758 φροντὶς
1253 1689 1314 1742 οὑ
1344 1689 1535 1761 μικρὰ,
1566 1689 1650 1742 ἵνα
1673 1690 1863 1752 αὑταῖς
1880 1690 1949 1744 τά

256 1776 359 1843 τῆς
387 1774 599 1845 τροφῆς
636 1773 872 1844 ἀθρόως,
909 1774 1099 1846 ὥσπερ
1138 1776 1202 1828 ἐκ
1227 1775 1439 1844 πηγῶν,
1468 1775 1720 1848 ἐπιρρέῃ,
1749 1776 1847 1828 καὶ
1873 1775 1947 1845 μὴ

252 1855 597 1927 διαλιμπάνῃ
628 1855 783 1909 ποτέ.
811 1856 921 1908 Kal
942 1856 1051 1927 γὰρ
1072 1857 1367 1927 ἀκόρεστόν
1394 1874 1510 1921 πως
1536 1857 1703 1909 κακὸν
1730 1858 1764 1926 ἡ
1787 1856 1949 1910 ἀκού-

258 1960 376 2007 σιος
403 1943 567 1997 πενία
595 1944 689 1997 καὶ
720 1943 1091 2015 μεμψίμοιρον
1117 1944 1213 1998 καὶ
1236 1943 1551 2015 ἀχάριστον.
1583 1944 1692 1997 Kal
1716 1943 1797 1997 δεῖ
1821 1943 1950 1997 πολ-

254 2031 355 2100 λῆς
405 2030 507 2100 μὲν
547 2031 650 2099 τῆς
701 2031 993 2093 συνέσεως,
1029 2030 1234 2103 πολλῆς
1274 2032 1333 2085 δέ
1370 2032 1469 2103 τῆς
1513 2032 1772 2103 σπουδῆς,
1808 2031 1947 2086 ὥστε

257 2118 444 2171 αὑτῶν
464 2119 802 2190 ἐμφράττειν
831 2118 897 2172 τά
929 2120 1174 2191 στόματα
1193 2159 1207 2184 ,
1244 2121 1427 2172 πᾶσαν
1458 2117 1779 2190 ἐξαιροῦντα
1818 2138 1947 2176 κατ·

254 2208 493 2277 ηγορίας
533 2207 829 2279 πρόφασιν.
870 2208 933 2260 Ui
977 2208 1076 2279 μὲν
1104 2202 1196 2263 οὑν
1231 2207 1436 2273 πολλοὶ,
1483 2209 1611 2261 ὅταν
1642 2208 1764 2262 τινά
1800 2208 1948 2262 ἴδωσι

254 2295 563 2365 χρημάτων
613 2296 923 2365 κρείττονα,
984 2295 1190 2357 εὐθέως
1241 2295 1404 2348 αὑτὸν
1452 2294 1757 2365 ἐπιήδειτν
1807 2290 1949 2349 εἶναι

256 2383 399 2451 πρὸς
433 2382 641 2454 ταύτην
666 2380 1063 2451 ἀποφαίνονται
1087 2381 1185 2454 τὴν
1208 2382 1546 2453 οἰκονομίαν.
1590 2381 1732 2450 Ἐγὼ
1763 2382 1819 2436 δὲ
1850 2385 1948 2454 οὑχ

254 2469 506 2540 ἡγοῦμαί
547 2487 678 2523 ποτε
716 2469 921 2541 ταύτην
959 2469 1110 2540 αὑτῷ
1154 2473 1256 2541 τὴν
1305 2469 1710 2541 μεγαλοψυχίαν
1757 2472 1948 2542 ἀρκεῖν

255 2559 459 2629 μόνην,
489 2557 628 2612 ἀλλά
652 2558 759 2610 δεῖν
786 2555 887 2628 μὲν
911 2557 1083 2629 αὑτὴν
1111 2557 1218 2629 πρὸ
1246 2557 1354 2611 τῶν
1378 2557 1553 2613 ἀλλων
1581 2557 1747 2628 ἔχειν·
1778 2560 1949 2633 χωρὶς

252 2645 367 2717 γὰρ
407 2644 615 2715 ταύτης
652 2643 870 2715 λυμεὼν
913 2645 982 2697 ἂν
1014 2642 1101 2715 εἴη
1139 2644 1338 2715 μᾶλλον
1392 2643 1425 2715 ἦ
1473 2644 1809 2715 προστάτης,
1855 2648 1949 2700 καὶ

264 2734 441 2797 λύκος
473 2734 596 2787 ἀντὶ
626 2732 900 2804 ποιμένος·
940 2732 1080 2803 μετά
1110 2731 1166 2785 δέ
1200 2731 1371 2803 αὐτῆς
1402 2733 1497 2785 καὶ
1535 2731 1729 2804 ἑτέραν
1765 2733 1948 2805 ζητεῖν

261 2823 310 2876 εί
336 2832 363 2860 ε
401 2820 744 2891 κεκτημένος
771 2819 1049 2890 τυγχάνοι.
1075 2818 1223 2891 Αὕτη
1251 2820 1307 2873 δέ
1337 2820 1485 2873 ἐστιν
1508 2822 1542 2892 ἡ
1564 2821 1782 2875 πάντων
1799 2822 1949 2876 αἰτία

251 2907 577 2981 ἀνθρώποις
603 2907 713 2960 τῶν
740 2905 980 2974 ἀγαθῶν,
1012 2906 1353 2971 ἀνεξικακία,
1380 2906 1571 2979 ὥσπερ
1604 2910 1684 2972 είς
1711 2925 1833 2962 τινα
1857 2908 1950 2961 εῦ-

252 2996 368 3048 διον
412 2994 612 3067 λιμένα
650 2992 954 3065 ὁρμίζουσα
997 2993 1093 3047 καὶ
1131 2994 1581 3065 παραπέμπουσα
1620 2995 1717 3067 τὴν
1745 2994 1945 3067 ψυχήν.

253 3083 328 3135 Τὸ
358 3083 480 3154 γὰρ
505 3081 615 3133 τῶν
641 3078 827 3151 χηρῶν
859 3078 1015 3149 γένος
1039 3079 1134 3132 καί
1161 3078 1248 3133 διὰ
1271 3079 1369 3151 τὴν
1393 3082 1604 3144 πενίαν,
1633 3082 1728 3136 καὶ
1746 3081 1833 3135 διά
1852 3081 1950 3154 τὴν

254 3171 504 3241 ἠλικίαν,
519 3169 712 3223 καὶδιά
724 3167 819 3239 τὴν
834 3167 994 3238 φύσιν
1012 3167 1233 3240 ἀμέτρῳ
1250 3168 1356 3221 τινὶ
1369 3169 1631 3240 κέχρηται
1644 3169 1945 3241 παρρησία·
2016 3204 2025 3211 -

252 3258 408 3311 οὑτω
420 3256 489 3326 γά
497 3274 530 3327 ρ
540 3257 763 3326 ἄμεινον
776 3256 965 3306 είτπῖψ
975 3252 1068 3307 καὶ
1081 3252 1277 3322 βοῶσιν
1288 3254 1551 3326 ἀκαίρως,
1564 3255 1659 3309 καὶ
1670 3255 1948 3309 αἰτιῶνται

252 3348 468 3417 μάτην,
493 3344 590 3399 καὶ
611 3342 971 3414 ἀποδύρονται
995 3341 1137 3413 ὑπὲρ
1154 3335 1229 3397 ὧν
1250 3339 1408 3413 χάριν
1424 3343 1621 3396 εἰδέναι
1642 3343 1830 3414 ἐχρῆν,
1855 3344 1950 3396 καὶ

253 3430 668 3503 κατηγοροῦσιν
691 3429 830 3499 ὑπὲρ
851 3421 925 3483 ὧν
946 3427 1312 3495 ἀποδέχεσθαι
1334 3427 1461 3483 ἔδει.
1484 3428 1595 3483 Kal
1614 3429 1696 3482 δεῖ
1714 3429 1803 3483 τὸν
1826 3446 1951 3502 προ-

253 3519 479 3573 εστῶτα
494 3519 713 3573 ᾶπαντα
731 3517 919 3588 φέρειν
942 3516 1227 3585 γενναίως,
1253 3516 1346 3569 καὶ
1365 3517 1501 3588 μήτε
1519 3516 1657 3589 πρὸς
1680 3518 1777 3582 τὰς
1799 3518 1950 3571 ἀκαί-

251 3621 398 3677 ρους
427 3603 761 3674 ἐνοχλήσεις,
810 3602 947 3673 μήτε
981 3603 1120 3671 πρὸς
1154 3599 1254 3663 τὰς
1291 3599 1519 3669 ἀλόγους
1552 3600 1949 3672 παροξύνεσθαι

257 3692 532 3764 μέμψεις.
568 3689 871 3744 Ὶιλεεῖσθαι
897 3688 1006 3759 γὰρ
1025 3689 1201 3742 ἐκεῖνο
1220 3686 1456 3755 τὸγένος
1485 3687 1625 3759 ὑπὲρ
1654 3682 1727 3741 ὧν
1754 3688 1948 3742 δυστυ-

251 3775 476 3844 χοῦσιν,
508 3774 610 3843 οὑχ
631 3771 973 3844 ὑϐρίζεσθαι,
1020 3771 1247 3824 δίκαιον
1282 3770 1357 3833 ὼς
1394 3772 1455 3823 τό
1489 3788 1552 3839 γε
1592 3771 1947 3841 ἐπεμϐαίνειν

252 3858 450 3915 αὑτῶν
480 3862 601 3922 ταῖς
636 3861 965 3929 συμφοραῖς,
986 3858 1080 3911 καὶ
1107 3859 1173 3929 τῇ
1202 3856 1289 3911 διὰ
1310 3857 1410 3927 τὴν
1441 3855 1633 3911 πενίαν
1658 3860 1822 3933 ὀδύνῃ
1849 3860 1948 3930 τὴν

252 3947 377 4002 ἀπὸ
400 3946 502 4017 τῆς
531 3946 745 4017 ὕϐρεως
784 3944 1136 4015 προστιθέναι
1172 3945 1273 4015 τῆς
1310 3944 1545 4016 ἐσχάτης
1569 3945 1851 4018 ὠμότητος
1883 3948 1948 4002 ἂν

253 4037 372 4107 εἴη.
409 4035 513 4088 Διά
540 4034 701 4087 τοῦτο
729 4033 821 4111 καί
850 4050 932 4096 τις
958 4032 1097 4103 ἀνὴρ
1140 4030 1471 4101 σοφώτατος,
1512 4033 1593 4096 εἴς
1621 4051 1679 4086 τε
1706 4033 1765 4086 τὲ
1800 4035 1946 4104 φιλο-

255 4123 461 4196 κερδές
512 4121 608 4176 καὶ
654 4120 716 4173 τὸ
763 4117 1132 4191 ὑπεροπτικὸν
1185 4119 1285 4189 τῆς
1336 4119 1684 4190 ἀνθρωπίνης
1734 4121 1948 4189 φύσεως

252 4211 516 4274 ἀπιδὼν,
557 4210 655 4267 καὶ
700 4211 799 4278 τῆς
835 4208 1027 4271 πενίας
1073 4207 1172 4276 τὴν
1204 4206 1367 4274 φύσιν
1411 4206 1744 4278 καταμαθὼν
1770 4209 1949 4281 δεινὴν

258 4298 424 4373 [59η
444 4294 611 4352 οὖσαν
634 4296 729 4350 καὶ
744 4296 841 4367 τὴν
867 4294 1256 4366 γενναιοτάτην
1280 4294 1457 4366 ψυχὴν
1486 4296 1835 4364 καταϐαλεῖν,
1856 4298 1949 4352 καὶ

260 4391 459 4442 πεῖσαι
494 4386 622 4456 περὶ
659 4383 766 4437 τῶν
808 4382 992 4439 αὑτῶν
1039 4383 1418 4452 ἀναισχυντεῖν
1445 4382 1723 4446 πολλάκις.
1752 4384 1839 4438 ἵνα
1872 4387 1945 4455 μή

258 4493 347 4539 τις
380 4472 705 4544 αἰτούμενος
739 4471 869 4539 παρ’
902 4469 1082 4523 αὑτῶν
1116 4469 1426 4540 ὀργίζηται,
1461 4470 1597 4540 μηδὲ
1632 4470 1710 4542 τῷ
1738 4476 1950 4543 συνεχεῖ

260 4564 370 4634 τῆς
398 4559 698 4627 ἐντεύξεως
727 4557 1088 4630 παροξυνθεὶς
1127 4557 1388 4628 πολέμιος
1415 4558 1445 4610 δ
1479 4557 1691 4628 βοηθεῖν
1722 4558 1949 4628 ὀφείλων

264 4652 525 4720 γένηται,
557 4645 969 4719 παρασκευάζει
999 4645 1248 4717 προσηνῆ
1281 4662 1340 4698 τε
1366 4646 1527 4699 αὑτὸν
1568 4647 1663 4699 καὶ
1693 4648 1949 4719 εὐπρόσι-

273 4757 370 4794 τον
396 4733 540 4792 εῖναι
575 4735 656 4807 τῷ
690 4733 951 4805 δεομένῳ,
980 4733 1175 4802 λέγων·
1212 4732 1436 4787 Κλῖνον
1466 4732 1679 4801 πτωχῷ
1704 4734 1950 4800 ἀλύπως

278 4830 344 4883 τὸ
377 4822 489 4893 οὖς
520 4842 660 4889 σου,
695 4823 797 4877 καί
834 4821 1185 4892 άποκρίθητι
1231 4819 1392 4886 αὐτῷ
1435 4820 1506 4874 ἐν
1543 4822 1830 4890 πραότητι
1868 4826 1949 4877 ει-

259 4914 509 4986 pur-md.
539 4914 650 4973 Kal
675 4912 769 4969 τὸν
797 4910 1172 4983 παροξύνοντα
1222 4909 1380 4979 ἀφεὶς
1408 4908 1482 4979 (τί
1519 4909 1628 4980 γάρ
1665 4911 1731 4964 ἄν
1756 4928 1840 4975 τις
1873 4910 1952 4983 τῷ

269 5003 513 5075 κειμένῳ
536 4998 770 5070 λέγοις),
797 4998 876 5070 τῷ
896 4997 1178 5067 δυναμένῳ
1210 4999 1311 5067 τὴν
1339 4996 1546 5050 ἐκείνου
1575 4998 1760 5070 φέρειν
1788 4998 1948 5052 ἀσθέ-

269 5110 328 5144 νε
338 5108 424 5147 ιαν
445 5088 775 5156 διαλέγεται,
800 5083 1137 5156 παρακαλῶν
1182 5082 1260 5153 τῷ
1300 5100 1359 5136 τε
1403 5083 1596 5155 ἡμέρῳ
1618 5087 1716 5157 τῆς
1739 5084 1914 5155 ὅψεως
1932 5125 1947 5147 ,

266 5180 370 5236 καὶ
390 5180 456 5249 τῇ
483 5176 594 5230 τῶν
625 5175 799 5243 λόγων
830 5172 1098 5245 πραότητι
1121 5170 1227 5243 πρὸ
1249 5171 1346 5242 τῆς
1382 5170 1581 5234 δόσεως
1609 5171 1770 5227 αὑτὸν
1791 5174 1953 5245 ἀνορ.

270 5266 424 5320 θοῦν.
462 5266 563 5317 Ἂν
597 5262 656 5316 δέ
683 5278 768 5326 τις
805 5261 872 5314 τά
913 5259 1011 5330 μὲν
1039 5258 1266 5311 ἐκείνων
1315 5256 1389 5329 μὴ
1423 5256 1697 5330 λαμϐάνῃ,
1739 5260 1954 5332 μυρίοις

271 5354 333 5408 δέ
363 5352 534 5415 αὑτὰς
555 5349 783 5404 ὀνείδεσι
795 5345 1092 5418 περιϐάλλῃ
1115 5345 1210 5398 καὶ
1232 5344 1431 5418 ὑϐρίζῃ
1456 5348 1549 5398 καὶ
1582 5346 1951 5419 παροξύνηται

275 5443 399 5496 κατ’
425 5438 630 5501 αὑτῶν,
651 5435 713 5488 οὑ
730 5436 887 5505 μόνον
903 5434 1002 5487 οὑκ
1014 5431 1346 5501 ἐπεκούφισε
1375 5430 1474 5503 τὴν
1499 5432 1617 5487 ἀπὸ
1636 5433 1736 5503 τῆς
1761 5433 1953 5499 πενίας

281 5528 522 5601 ἀθυμίαν
537 5525 615 5598 τῷ
635 5522 819 5579 δοῦναι
843 5520 894 5587 ά,
918 5519 1055 5574 ἀλλά
1076 5519 1170 5572 καὶ
1187 5518 1371 5590 μεῖζον
1396 5519 1515 5582 ταῖς
1529 5518 1817 5591 λοιδορίαις
1836 5521 1953 5595 etp-

343 5671 366 5699 ⁸
397 5666 496 5715 Alii
522 5662 605 5710 καὶ
630 5660 747 5724 πρὸς
762 5653 1141 5724 ἔτερα-τοιαῦτα.

344 5728 372 5770 b
392 5728 487 5776 Alii
514 5714 738 5779 ὥστε,’ρι
760 5714 880 5783 inn-'3
894 5717 1121 5783 ,ἐπαρκεῖν
1141 5727 1228 5783 prp
1247 5714 1429 5783 ἀρκεῖν.

347 5792 372 5820 ⁸
397 5788 494 5837 Alii
518 5777 781 5847 ζητεῖν-δεῖ,
806 5782 938 5847 εἰη-1η
954 5777 1120 5847 ξυνῇ.
1139 5777 1207 5847 δηεῖ
1230 5777 1391 5827 (16981,

349 5856 377 5895 ι
395 5847 497 5903 Alii
615 5843 796 5905 δοῦναι,
817 5843 896 5894 Νι
916 5841 985 5906 τῷ
1013 5841 1075 5904 μὴ
1099 5840 1280 5891 δοῦναι.

1608 355 1695 409 υΕ
1736 355 2190 413 SACERDUTIO.
2235 359 2360 416 ΗΒ.
2402 361 2492 419 III.

3619 374 3725 431 656

2054 474 2261 542 γάσατο
2280 477 2340 531 τὸ
2370 479 2560 534 δεινόν.
2588 480 2708 535 Κᾶν
2746 480 2853 551 γὰρ
2882 480 3003 534 λίαν
3025 481 3399 553 ἀναισχυντεῖν
3432 485 3723 554 βιάζωνται

2051 557 2140 610 διὰ
2164 558 2261 627 τὴν
2286 561 2386 629 τῆς
2416 564 2650 633 γαστρὸς
2691 563 2958 634 ἀνάγκην,
3010 565 3126 618 ἀλλ’
3157 567 3305 634 ὅμως
3337 567 3595 635 άλγοῦσιν
3629 572 3723 624 ἐπὶ

2051 642 2114 710 τῇ
2168 639 2259 713 βίᾳ
2304 642 2499 714 ταύτῃ.
2540 645 2711 697 Ὅταν
2764 642 2856 698 οὖν
2899 646 2986 699 διὰ
3027 647 3125 717 μὲν
3162 648 3223 700 τὸ
3262 649 3357 703 τοῦ
3404 649 3562 720 λιμοῦ
3605 652 3723 715 δέος

2051 728 2364 791 προσαιτεῖν
2385 726 2823 794 ἀναγκάζωνται,
2842 728 2931 781 διά
2952 727 3007 781 δέ
3028 730 3088 782 τὸ
3109 735 3421 800 προσαιτεῖν
3442 733 3713 788 ἀναιδεύε-

2054 804 2211 869 σθαι,
2234 806 2321 860 διὰ
2351 807 2408 861 δὲ
2434 810 2495 863 τὸ
2522 808 2901 863 ἀναιδεύεσθαι
2932 811 3098 864 πάλιν
3125 812 3475 883 ὑϐρίζωνται,
3504 815 3722 887 ποικῦιη

2049 904 2132 949 τις
2163 891 2257 945 καὶ
2284 890 2450 945 πολὺν
2474 892 2717 963 φέρουσα
2745 892 2837 946 τὸν
2861 894 3023 963 ζόφον
3047 895 3138 950 ἐπὶ
3170 897 3269 968 τὴν
3293 896 3470 968 ψυχὴν
3498 898 3723 950 ἐκείνων

2051 970 2431 1040 κατασκήπτει
2458 971 2561 1041 τῆς
2589 972 2830 1042 ἀθυμίας
2868 974 2901 1043 ἡ
2936 973 3183 1043 δύναμις.
3228 977 3336 1031 Kal
3373 978 3453 1030 δεῖ
3475 978 3567 1030 τὸν
3596 977 3723 1030 τού-

2050 1069 2157 1107 των
2185 1052 2615 1125 ἐπιμελούμενον
2636 1057 2730 1109 ἐπὶ
2768 1058 3021 1110 τοσοῦτον
3061 1054 3198 1112 εἶναι
3241 1061 3614 1132 μακρόθυμον,
3646 1062 3723 1126 ὡς

2053 1136 2127 1206 μὴ
2152 1137 2311 1204 μόνον
2341 1137 2533 1201 αὑταῖς
2557 1139 2631 1209 μὴ
2659 1138 2974 1203 πλεονάζειν
2994 1141 3092 1212 τὴν
3124 1143 3362 1212 ἀθυμίαν
3383 1148 3504 1206 ταῖς
3526 1146 3727 1215 ἀγανα-

2032 1222 2330 1291 ,κτήσεσιν,
2366 1221 2502 1273 ἀλλά
2530 1222 2627 1274 καὶ
2654 1222 2755 1291 τῆς
2806 1221 2976 1293 οῦσης
3005 1224 3066 1278 τὸ
3112 1224 3272 1280 πλέον
3327 1227 3598 1297 κοιμίζειν
3635 1229 3723 1281 διὰ

2049 1301 2147 1371 τῆς
2178 1303 2594 1375 παρακλήσεως.
2636 1305 2847 1376 Ὥσπερ
2898 1307 3008 1377 γάρ
3054 1309 3260 1371 ἐκεῖνος
3293 1312 3321 1362 ὁ
3362 1311 3639 1380 ὑϐρισθεὶς
3666 1312 3723 1362 ἐν

2049 1385 2219 1456 πολλῇ
2253 1388 2541 1463 περιουσίᾳ
2561 1387 2662 1440 οὑκ
2689 1388 2998 1445 αἰσθάνεται
3027 1390 3125 1460 τῆς
3146 1391 3254 1445 ἀπὸ
3282 1391 3388 1445 τῶν
3421 1392 3723 1463 χρημάτων

2049 1467 2317 1537 ὠφελείας
2367 1470 2456 1523 διὰ
2500 1469 2600 1543 τὴν
2632 1470 2741 1524 ἀπὸ
2789 1471 2892 1542 τῆς
2927 1472 3136 1543 ὕϐρεως
3185 1474 3420 1545 πληγήψ
3451 1475 3592 1529 οὕτω
3630 1477 3725 1530 καὶ

2049 1546 2204 1615 οὗτος
2228 1555 2255 1605 ὁ
2279 1554 2527 1630 προσηνῆ
2559 1554 2715 1624 λόγον
2741 1556 3000 1620 ἀκούσας,
3020 1558 3115 1611 καὶ
3147 1557 3285 1628 μετὰ
3315 1559 3724 1630 παρακλήσεως

2052 1637 2116 1691 τὸ
2142 1626 2433 1709 διδόμενον
2451 1638 2763 1709 δεξάμενος,
2794 1640 3056 1708 γάννυται
3085 1626 3246 1695 πλέον
3281 1643 3372 1696 καὶ
3398 1626 3603 1715 χαίρει,
3627 1644 3723 1698 καὶ

2047 1720 2267 1775 διπλοῦν
2288 1720 2421 1775 αὑτὸ
2446 1722 2505 1775 τὸ
2535 1722 2686 1775 δοθὲν
2711 1722 2788 1793 τῷ
2826 1723 3010 1794 τρόπῳ
3039 1723 3267 1792 γίνεται.
3290 1727 3399 1780 Καὶ
3423 1726 3596 1780 ταῦτα
3619 1728 3722 1781 οὑκ

2049 1804 2144 1857 ἀπ’
2178 1804 2438 1873 ἐμαυτοῦ,
2470 1804 2585 1858 cm?
2613 1807 2707 1858 ἀπ’
2733 1804 2943 1859 ἐκείνου
2973 1808 3064 1859 τοῦ
3086 1807 3151 1860 τά
3181 1808 3425 1879 πρότερα
3455 1810 3722 1879 παραινὲ-

2052 1903 2263 1951 σαντος.
2293 1888 2622 1959 φθέγγομαι.
2646 1890 2865 1941 Τέκνον
2891 1889 3020 1961 γάρ,
3053 1892 3240 1962 φησὶν,
3268 1892 3337 1946 ἐν
3365 1892 3613 1963 ἀγαθοῖς
3632 1891 3719 1961 μὴ

2049 1969 2165 2036 δῷς
2193 1970 2422 2040 μῶμον,
2440 1972 2535 2024 καὶ
2568 1972 2637 2023 ὲν
2661 1970 2827 2040 πάσῃ
2856 1971 3021 2029 δόσει
3049 1975 3257 2042 λύπην
3279 1977 3477 2046 λόγων
3507 1987 3553 2030 θ.
3574 1976 3723 2044 Οὐχὶ

2050 2057 2334 2108 καύσωνα
2366 2054 2703 2109 ἀναπαύσει
2733 2055 2986 2121 δρόσοςς
3030 2058 3192 2110 Οὕτω
3217 2059 3519 2126 κρείσσων
3538 2061 3725 2129 λόγος

2049 2137 2087 2205 ἢ
2113 2136 2307 2204 δόσις.
2362 2137 2509 2192 Ἰδοὺ
2561 2140 2672 2208 γὰρ
2713 2141 2895 2209 λόγος
2949 2140 3101 2208 ὑπὲρ
3139 2140 3292 2210 δόμα
3334 2143 3589 2212 ἀγαθόν’
3621 2143 3722 2196 καί

2048 2223 2349 2291 ἀμφότερα
2381 2221 2539 2289 παρὰ
2566 2221 2738 2290 ἀνδρὶ
2778 2222 3245 2293 κεχαριτωμέιοῳ.
3277 2226 3391 2278 Οὑκ
3420 2226 3636 2297 ἐπιεικῆ
3663 2226 3721 2280 δὲ

2053 2306 2213 2376 μόνον
2248 2308 2341 2358 καὶ
2366 2304 2688 2369 ἀνεξίκακον
2720 2306 2809 2359 τὸν
2838 2307 3044 2361 τούτων
3091 2308 3423 2378 προστάτην,
3454 2308 3587 2361 ἀλλά
3625 2312 3722 2363 καὶ

2048 2389 2389 2459 οἰκονομικὸν
2409 2390 2507 2460 οὐχ
2536 2385 2697 2461 ἦττον
2719 2384 2856 2444 εἶναι
2878 2392 3005 2461 χρή·
3033 2392 3127 2453 ὡς,
3152 2391 3246 2444 ἐὰν
3269 2391 3426 2445 τοῦτο
3452 2393 3587 2463 ἀπῇ,
3612 2394 3720 2447 πά-

2048 2471 2131 2525 λιν
2177 2474 2257 2536 είς
2288 2472 2387 2544 τὴν
2428 2472 2549 2544 ἴσην
2589 2473 2934 2544 περιίσταται
2980 2472 3184 2544 ζημίαν
3218 2472 3288 2526 τά
3322 2474 3431 2527 τῶν
3476 2477 3723 2545 πενήτων

2048 2557 2325 2626 Χρήματαο
2366 2554 2505 2626 Ἤδη
2552 2556 2662 2627 γάρ
2695 2572 2778 2620 τις
2809 2555 3012 2627 ταύτην
3065 2555 3375 2620 πιστευθεὶς
3406 2557 3501 2628 τὴν
3538 2557 3722 2611 διακο-

2049 2641 2169 2694 νίαν
2208 2640 2254 2706 ί,
2304 2642 2398 2694 καὶ
2434 2639 2634 2712 χρυσὸν
2691 2638 3015 2710 συναγαγὼν
3061 2638 3256 2702 πολὺν,
3302 2640 3463 2704 αὑτὸς
3509 2640 3608 2711 μὲν
3658 2641 3717 2693 οὑ

2006 2721 2012 2726 ’
2050 2723 2387 2794 κατέφαγεν,
2420 2724 2533 2778 ἀλλ’
2573 2724 2696 2779 οὑδέ
2727 2725 2807 2788 είς
2854 2725 2980 2788 τοὺς
3025 2723 3312 2794 δεομένους
3354 2723 3494 2793 πλὴν
3524 2723 3722 2792 όλίγων

2049 2808 2316 2863 ἀνάλωσε·
2340 2808 2399 2861 τὸ
2431 2807 2488 2863 δέ
2514 2807 2673 2860 πλέον
2700 2807 3002 2877 κατορύξας
3036 2806 3353 2875 ἐφύλαττεν,
3380 2808 3485 2870 ἐως
3516 2800 3577 2861 οὗ
3603 2825 3722 2860 και-

2051 2891 2145 2962 ρὸς
2173 2890 2406 2962 χαλεπὸς
2425 2890 2649 2954 ἐπιστὰς
2673 2891 2989 2960 παρέδωκεν
3017 2890 3157 2944 αὑτά
3174 2893 3296 2953 ταῖς
3326 2891 3432 2943 τῶν
3462 2890 3719 2945 ἐναντίων

2050 2975 2226 3047 χερσί.
2250 2973 2456 3043 Πολλῆς
2484 2971 2577 3027 οὖν
2608 2973 2689 3027 δεῖ
2712 2974 2813 3044 τῆς
2836 2964 3196 3044 προμηθείας,
3225 2975 3301 3037 ὼς
3328 2974 3464 3045 μήτε
3495 2974 3722 3029 πλεονάο

2049 3058 2164 3123 ζειν
2199 3059 2335 3129 μήτε
2376 3056 2641 3110 ἐλλείπειν
2684 3056 2785 3125 τῆς
2837 3055 3166 3126 Ἐκκλησίας
3216 3058 3317 3128 τὴν
3361 3059 3718 3129 περιουσίαν.

2049 3142 2186 3197 ἀλλά
2223 3141 2402 3195 πάντα
2444 3139 2542 3208 μὲν
2578 3136 2894 3209 σκορπίζειν
2924 3139 3136 3208 ταχέως
3184 3144 3298 3202 τοῖς
3334 3139 3610 3210 δεομένοις
3652 3141 3723 3196 τὰ

2049 3226 2401 3297 ποριζόμενα.
2420 3225 2477 3276 ἐν
2496 3223 2554 3278 δέ
2580 3226 2702 3286 ταῖς
2723 3222 2832 3275 τῶν
2860 3222 3175 3292 ἀρχομένων
3206 3224 3559 3294 προαιρέσεσι
3592 3240 3720 3276 συν-

2050 3311 2202 3379 ἀγειν
2218 3310 2320 3380 τῆς
2361 3306 2686 3379 Ἐκκλησίας
2703 3309 2828 3369 τοὺς
2852 3305 3176 3377 θησαυρούς.
3203 3306 3314 3370 Τὰς
3335 3306 3391 3358 δὲ
3419 3306 3528 3359 τῶν
3556 3306 3721 3371 ξένων

2051 3394 2336 3463 ὑποδοχὰς,
2367 3394 2462 3445 καὶ
2499 3392 2600 3455 τὰς
2640 3390 2749 3443 τῶν
2794 3388 3162 3443 ἀσθενούντων
3193 3387 3508 3459 θεραπείας,
3546 3389 3721 3459 πόσης

2053 3479 2151 3547 μὲν
2179 3478 2278 3530 οίει
2304 3476 2511 3532 δεῖσθαι
2542 3474 2842 3545 χρημάτων
2896 3472 3157 3540 δαπάνης,
3199 3473 3369 3544 πόσης
3398 3472 3455 3525 δέ
3480 3472 3579 3544 τῆς
3610 3472 3720 3528 τῶν

2049 3559 2488 3616 ἐπιστατούντων
2540 3557 2827 3629 ἀκριϐείας
2878 3574 2937 3608 τε
2988 3555 3085 3609 καὶ
3120 3553 3427 3621 συνέσεως;
3460 3556 3571 3610 Καὶ
3610 3557 3721 3629 γάρ

2048 3645 2147 3715 τῆς
2174 3643 2470 3715 εἰρημένης
2496 3640 2819 3703 ἀναλώσεως
2853 3638 3062 3707 ταύτην
3091 3637 3290 3708 ἥττονα
3317 3638 3416 3708 μὲν
3444 3637 3719 3708 οὐδαμῶς,

2050 3728 2308 3789 πολλάκις
2333 3726 2390 3780 δέ
2420 3725 2515 3778 καὶ
2556 3722 2778 3794 μείζονα
2821 3717 2958 3775 εἶναι
2984 3722 3219 3792 ἀνάγκη,
3255 3722 3350 3776 καὶ
3375 3722 3466 3775 τὸν
3493 3725 3720 3778 ἐπιστασ-

2048 3812 2245 3865 τοῦντα
2277 3809 2594 3880 ποριστικόν
2625 3825 2749 3862 τινα
2782 3808 2899 3877 μετ’
2924 3806 3209 3871 εὐλαϐείας
3234 3805 3385 3879 [398]
3406 3807 3500 3861 καὶ
3527 3808 3722 3879 φρονήο

2052 3912 2211 3958 σεως,
2240 3894 2315 3957 ὼς
2348 3889 2788 3964 παρασκευάζειν
2813 3890 2907 3943 καὶ
2935 3888 3231 3960 φιλοτίμως
3258 3889 3355 3942 καὶ
3387 3889 3607 3953 ἀλύπως
3638 3890 3719 3943 δι-

2047 3979 2197 4033 δόναι
2227 3978 2353 4041 τοὺς
2381 3974 2753 4044 κεκτημένους
2772 3972 2841 4027 τὰ
2864 3972 2993 4042 παρ’
3024 3971 3252 4036 ἑαυτῶν,
3284 3972 3369 4025 ἵνα
3398 3972 3472 4044 μὴ
3492 3973 3585 4043 τῆς
3610 3971 3722 4027 τῶν

2049 4060 2416 4118 ἀσθενούντων
2444 4056 2806 4118 ἀναπαύσεως
2840 4055 3085 4125 προνοῶν
3110 4055 3206 4119 τὰς
3231 4054 3338 4107 τῶν
3375 4056 3723 4127 παρεχόντων

2052 4147 2261 4217 πλήττῃ
2298 4143 2493 4213 ψυχάς.
2539 4141 2653 4212 Τὴν
2700 4139 2757 4193 δέ
2804 4139 3113 4209 προθυμίαν
3155 4147 3181 4187 σ
3236 4140 3332 4191 καὶ
3363 4138 3461 4207 τὴν
3486 4140 3714 4212 σπουδὴι.

2052 4229 2233 4301 πολλῷ
2263 4229 2485 4281 πλείονα
2538 4223 2773 4279 ἐνταῦθα
2805 4221 3242 4275 ἐπειδείκνυσθαι
3275 4222 3369 4274 δεῖ·
3392 4221 3719 4295 δυσάρεστον

2050 4314 2159 4384 γάρ
2178 4329 2293 4374 πως
2316 4312 2365 4363 οί
2394 4307 2676 4371 νοσοῦντες
2703 4306 2890 4377 χρῆμα
2918 4306 3013 4358 καὶ
3044 4304 3306 4377 ῥᾴθυμον·
3326 4304 3431 4359 κᾶν
3458 4306 3532 4377 μὴ
3551 4308 3711 4360 πολλί-

2051 4395 2389 4466 πανταχόθεν
2419 4391 2741 4463 εἰσφέρηται
2771 4390 3026 4462 ἀκρίϐεια
3053 4391 3145 4445 καὶ
3176 4389 3418 4462 φροντὶς,
3452 4391 3698 4461 (ipsein

2051 4483 2111 4535 τὸ
2151 4479 2344 4551 μικρὸν
2387 4478 2565 4531 ἐκεῖνο
2601 4474 2879 4548 παροφθὲν
2907 4473 3118 4546 μεγάλα
3160 4472 3496 4545 ἐργάσασθαι
3526 4474 3604 4547 τῷ
3636 4494 3713 4530 vr,

2053 4565 2233 4619 σοῦντι
2261 4561 2428 4616 κακά.

2124 4648 2210 4713 ιζ’.
2228 4645 2353 4700 Ἐπὶ
2372 4645 2429 4699 δὲ
2454 4644 2551 4715 τῆς
2568 4643 2679 4697 τῶν
2700 4640 2985 4714 παρθένων
3013 4640 3327 4712 ἐπιμελείας
3344 4644 3580 4715 τοσούτῳ
3605 4662 3669 4714 με
3679 4643 3718 4696 ι-

2053 4731 2161 4797 ζων
2184 4732 2212 4783 ὁ
2244 4728 2427 4799 φόϐος,
2453 4728 2563 4796 ὅσῳ
2588 4727 2681 4781 καὶ
2708 4725 2769 4778 τὸ
2802 4725 2986 4795 κτῆμα
3014 4724 3358 4796 τιμιώτερον,
3387 4729 3481 4781 καὶ
3511 4727 3720 4797 βασιλι-

2056 4813 2274 4887 κωτέρα
2301 4810 2438 4883 αῦτη
2470 4810 2581 4863 τῶν
2612 4808 2785 4863 ἄλλων
2813 4810 2846 4879 ἡ
2876 4807 3067 4879 ἀγέλη.
3104 4807 3243 4879 Ἤδη
3265 4810 3374 4881 γὰρ
3399 4811 3494 4863 καὶ
3524 4813 3603 4875 είς
3629 4812 3699 4863 τὸ·

2056 4898 2164 4952 τῶν
2185 4895 2352 4965 ἁγίων
2376 4893 2580 4947 τούτων
2603 4892 2762 4964 χορὸν
2797 4892 2984 4965 μυρίαι
3016 4894 3223 4964 μυρίων
3249 4893 3514 4964 γέμουσαι
3534 4894 3719 4948 κακῶν

2055 4978 2459 5049 εἰσεκώμασαν*
2500 4976 2685 5047 μεῖζον
2717 4975 2775 5029 δὲ
2810 4974 3047 5029 ἐνταῦθα
3075 4976 3137 5029 τὸ
3182 4976 3394 5040 πένθος.
3419 4978 3527 5030 Καὶ
3551 4978 3720 5032 καθά-

2055 5082 2162 5136 περ
2190 5063 2291 5117 οὑκ
2313 5062 2446 5127 ἴσον,
2483 5060 2653 5132 κόρην
2672 5077 2733 5113 τε
2760 5059 3048 5129 ἐλευθέραν
3075 5061 3171 5113 καὶ
3203 5060 3300 5132 τὴν
3320 5061 3522 5129 ταύτης
3553 5061 3717 5133 θερά-

2055 5163 2255 5203 παιναν
2278 5147 2567 5218 ἁμαρτεῖν,
2597 5142 2769 5208 οὑτως
2787 5143 2907 5197 οὑδέ
2937 5144 3205 5215 παρθένον
3233 5147 3327 5198 καὶ
3360 5147 3555 5217 χήραν.
3585 5147 3718 5211 Ταῖς

2059 5233 2156 5304 μὲν
2177 5231 2286 5302 γὰρ
2311 5230 2406 5283 καὶ
2431 5227 2637 5300 ληρεῖν,
2674 5227 2767 5281 καλ⁷
2787 5226 3141 5300 λοιδορεῖσθαι
3188 5228 3323 5300 πρὸς
3347 5229 3601 5299 ἀλλήλας,
3624 5232 3718 5284 καὶ

2054 5312 2392 5376 κολακεύειν,
2425 5313 2520 5365 καὶ
2544 5311 2938 5380 ἀναισχυντεῖν,
2967 5313 3060 5364 καὶ
3095 5311 3375 5389 πανταχοῦ,
3402 5312 3719 5383 φαίνεσθαι,

2054 5400 2151 5453 καὶ
2175 5397 2239 5451 τὸ
2264 5394 2537 5467 περιιέναι
2569 5393 2669 5463 τὴν
2695 5391 2922 5461 ἀγορὰν,
2984 5394 3208 5463 γέγονεν
3258 5395 3568 5467 ἀδιάφορον·
3605 5397 3638 5468 ἡ
3661 5397 3717 5450 δὲ

2055 5482 2328 5555 παρθένος
2360 5481 2453 5534 ἐπί
2488 5478 2730 5548 μείζοσιν
2754 5476 3082 5542 ἀπεδύσατο,
3108 5480 3202 5532 καὶ
3230 5479 3326 5550 τὴν
3352 5471 3610 5534 ἀνωτάτω
3634 5497 3719 5548 φι-

2054 5565 2312 5634 λοσοφίαν
2338 5561 2601 5632 ἐζήλωσε,
2620 5561 2714 5614 καὶ
2737 5559 2835 5631 τὴν
2856 5560 2963 5614 τῶν
2985 5561 3231 5629 ἀγγέλων
3253 5563 3525 5617 πολιτείαν
3549 5562 3717 5627 δεῖξαι

2117 5657 2142 5685 ο
2164 5653 2260 5708 Alii
2277 5649 2614 5714 λόγουρΡιιιιιο
2633 5654 2741 5714 post
2759 5648 2907 5714 εει-11.
2931 5654 2982 5697 el
2999 5651 3208 5700 maxima
3236 5665 3345 5714 pars
3368 5654 3715 5712 manuscrimo-

2054 5729 2160 5777 tum
2182 5715 2299 5777 ὑπὲρ
2320 5710 2473 5777 δόμα,
2500 5711 2621 5777 Ποῖ.
2638 5710 2761 5776 ὑπὲρ
2787 5710 2988 5773 δόματα.

2120 5775 2142 5815 ι
2166 5773 2263 5825 Alii
2276 5772 2366 5832 τὴν
2384 5772 2675 5836 οἰκονομίαν.

2119 5839 2147 5883 ι
2166 5837 2261 5891 Am
2281 5832 2617 5900 μακροθυμίαν,
2633 5841 2684 5885 el
2707 5846 2819 5884 mox
2840 5832 2963 5885 πολὺ
2986 5834 3193 5884 πλείονα.
