4050 6160
320 459 432 515 657
1184 508 1189 513 .

316 580 437 639 quae
478 569 912 636 incorporearum
954 573 1076 618 sunt
1114 570 1431 632 potestatum
1466 562 1567 616 sibi
1607 563 1902 630 praestanda

319 659 591 730 proponit.
631 657 742 713 Nec
778 658 900 711 licet
938 657 987 710 ei
1031 655 1337 724 frequenter
1381 664 1434 708 et
1467 655 1720 708 inutiliter
1766 655 1906 708 foras

315 750 591 822 prdgredi,
624 764 723 804 nec
754 749 912 803 verba
953 746 1125 802 futilia
1148 762 1388 816 vanaque
1419 745 1653 815 proferre
1681 763 1693 797 :
1725 747 1907 800 convi-

316 843 386 897 cii
435 851 491 895 et
537 839 859 895 adulationis
901 854 966 893 ne
1018 853 1209 891 nomen
1245 836 1457 906 quidem
1500 837 1640 890 norit
1676 844 1903 904 oiortet.

312 935 652 1002 Quapropter
666 930 969 985 ﬁrmissima
986 929 1220 983 custodia
1238 935 1292 982 et
1308 928 1489 995 majori
1506 926 1748 996 praesidio
1775 941 1907 995 opus

316 1024 524 1078 habet:
576 1036 698 1076 nam
742 1019 1036 1075 sanctitatis
1071 1018 1237 1072 hostis
1284 1018 1422 1086 ipsas
1451 1016 1619 1084 magis
1658 1017 1906 1069 observat

315 1114 631 1182 insidiisque
658 1113 890 1181 appetit,
929 1110 994 1163 ad
1028 1108 1385 1163 devorandum
1436 1116 1645 1177 paratus
1674 1106 1717 1159 si
1747 1120 1903 1175 quam

309 1205 581 1260 labentem
612 1202 997 1271 cadentemque
1026 1200 1197 1252 videat
1228 1216 1243 1254 ι
1276 1199 1556 1250 hominum
1587 1198 1709 1251 item
1751 1196 1904 1250 multi

310 1294 447 1362 ipsis
475 1292 813 1354 insidiantur,
836 1307 955 1344 cum
980 1291 1145 1358 iisque.
1169 1289 1412 1344 omnibus
1439 1298 1639 1341 natura:
1665 1286 1904 1356 petulan-

310 1385 407 1437 tia.
440 1383 498 1437 In
516 1397 729 1436 summa
754 1381 950 1449 duplex
984 1380 1179 1434 belhun
1208 1379 1274 1430 ab
1298 1394 1358 1432 ea
1388 1379 1606 1447 geritur,
1634 1376 1773 1430 aliud
1802 1392 1900 1431 ex-

311 1477 583 1531 trinsecus
632 1474 979 1532 incumbens.
1041 1472 1184 1526 aliud
1229 1471 1542 1525 intrinsecus
1590 1469 1898 1523 obturbaus.

307 1567 440 1623 Meo
467 1581 689 1638 magnus
719 1567 880 1620 instat
902 1564 1133 1619 curatori
1167 1564 1342 1627 timor,
1380 1560 1548 1630 majus
1586 1560 1898 1629 periculum,

280 1660 474 1714 ‘dolor
498 1660 705 1728 ingens,
752 1657 797 1710 si
820 1654 950 1725 quid
984 1664 1168 1709 contra
1193 1653 1353 1706 animi
1381 1652 1720 1713 sententiam,
1760 1650 1899 1720 quod

262 1740 277 1745 ’
309 1751 474 1809 absit.
522 1748 750 1803 accidat.
802 1746 934 1800 Nam
965 1745 1010 1799 si
1058 1743 1190 1813 patri
1223 1744 1331 1812 [ilia
1368 1742 1594 1797 occulta‘
1644 1742 1901 1811 vigilantia

311 1840 506 1911 (Eccli.
532 1839 621 1894 42.
646 1839 702 1909 9)
724 1848 831 1903 est,
877 1847 931 1892 et
968 1835 1272 1892 sollicitudo
1309 1835 1421 1903 ejus
1460 1847 1703 1887 somnum
1742 1831 1809 1884 ab
1835 1845 1900 1883 eo

314 1931 557 2000 depellit,
583 1931 799 1984 timente
825 1944 891 1982 ne
915 1937 1005 1981 aut
1024 1927 1222 1981 sterilis
1245 1927 1335 1990 sit,
1368 1925 1448 1979 vel
1475 1924 1705 1991 nubilem
1726 1934 1899 1983 trans-

310 2022 589 2089 grediatur
608 2030 841 2086 aetatem,
870 2020 953 2072 vel
985 2033 1171 2087 perosa
1198 2016 1265 2071 sit
1289 2017 1499 2086 conjugi
1531 2030 1547 2071 :
1588 2014 1710 2083 quid
1735 2015 1904 2084 patie-

314 2128 402 2173 tur
429 2119 495 2182 is,
521 2115 613 2185 qui
647 2112 834 2167 horum
864 2112 1078 2181 quidem
1103 2109 1252 2175 nihil,
1274 2108 1366 2163 sed
1389 2108 1488 2161 alia
1515 2108 1579 2161 iis
1608 2107 1761 2175 longe
1780 2121 1899 2174 gra-

312 2210 461 2261 viora
487 2203 717 2260 metuit?
742 2201 922 2272 Neque
946 2200 1032 2256 hie
1052 2201 1130 2254 vir
1149 2200 1414 2254 contemni
1439 2207 1635 2268 potest,
1660 2197 1754 2252 sed
1784 2198 1897 2266 ipse

312 2297 561 2352 Christus
590 2312 603 2348 :
635 2308 806 2362 neque
830 2292 1078 2346 sterilitas
1107 2290 1159 2344 in
1181 2290 1518 2359 ignominiam
1549 2296 1773 2354 tantum,
1804 2286 1897 2342 sed

311 2390 512 2443 malum
536 2388 593 2439 in
614 2385 899 2455 perniciem
923 2384 1113 2438 animas
1132 2381 1345 2437 desinit.
1366 2380 1499 2435 Nam
1524 2378 1701 2435 Omnis
1724 2382 1894 2445 arbor,

312 2480 409 2543 ait,
439 2494 556 2547 qua:
580 2493 683 2529 non
703 2476 825 2546 facit
841 2475 1062 2544 fructum
1087 2474 1298 2539 bonum,
1325 2472 1580 2527 excidetur
1601 2480 1645 2525 et
1664 2472 1716 2525 in
1731 2472 1896 2543 ignem

311 2572 540 2623 mittetur
572 2568 781 2640 (Matth.
810 2568 863 2621 5.
888 2566 997 2636 l0).
1045 2566 1106 2620 Ei
1135 2580 1261 2620 vero
1283 2580 1400 2634 quae
1431 2565 1484 2618 in
1509 2564 1688 2632 sponsi
1716 2563 1894 2617 odium

311 2660 559 2723 incurrit,
591 2674 694 2711 non
731 2657 859 2711 satis
886 2666 967 2710 est
996 2663 1214 2725 accepto
1249 2653 1457 2723 repudii
1497 2654 1677 2708 libello
1708 2653 1892 2717 abire;

311 2751 406 2805 sed
433 2751 541 2803 odii
564 2750 702 2802 illius
729 2760 916 2817 pinnas
944 2747 1061 2810 luit,
1093 2744 1408 2817 supplicium
1430 2753 1706 2799 internum.
1736 2742 1895 2798 Certe

313 2849 470 2910 pater
496 2816 920 2894 carnalisimulta
947 2835 1127 2900 habet,
1149 2849 1268 2904 qua:
1290 2816 1504 2888 facilem
1532 2833 1630 2903 ipsi
1660 2832 1780 2887 filia:
1803 2844 1897 2887 cu-

310 2932 540 2988 stodiam
566 2930 824 2995 reddant;
862 2943 983 2983 nam
1017 2938 1072 2982 et
1099 2937 1268 2981 mater
1294 2935 1347 2982 et
1375 2926 1553 2980 nutrix
1583 2934 1637 2980 et
1669 2924 1894 2981 famula-

312 3039 429 3079 rum
460 3022 614 3076 turba
654 3031 709 3076 et
732 3020 922 3074 domus
959 3017 1182 3073 firmitas
1221 3024 1496 3087 parentem
1536 3016 1603 3070 ad
1640 3016 1894 3085 virginem

296 3113 628 3169 servandam
647 3111 849 3182 juvant.
870 3102 1054 3179 Neque
1069 3109 1218 3163 enim
1232 3108 1296 3162 ‘in‘
1309 3106 1480 3162 for'u‘rn
1498 3104 1622 3162 eam
1644 3105 1894 3176 frequen-

309 3215 391 3261 ter
421 3205 634 3275 prodire
670 3204 829 3268 sinit;
872 3208 1049 3270 neque
1090 3202 1134 3256 si
1166 3200 1405 3271 prodeat,
1438 3200 1665 3269 cuipiam
1698 3198 1893 3254 occur-

308 3296 541 3351 rentium
570 3298 841 3365 ‘appa‘rere
870 3293 1102 3364 cogitur,
1124 3292 1264 3346 ‘eum
1305 3289 1620 3360 vespertinae
1661 3289 1894 3345 tenebrat

303 3388 548 3459 conspici
608 3386 806 3441 nolenti
856 3392 961 3439 non
1008 3385 1281 3438 ’minorem
1312 3383 1525 3437 'ohiCem
1575 3379 1892 3449 obtendant,

304 3492 464 3551 quam
545 3478 784 3549 parietes
848 3477 1058 3533 domus.
1125 3474 1330 3531 Praeter
1383 3473 1500 3528 lucc
1560 3486 1689 3528 vero
1750 3473 1893 3528 nulla

304 3572 491 3625 subest
514 3582 693 3632 causa,
725 3583 843 3638 qua:
872 3567 1013 3621 illam
1030 3574 1282 3635 umquam
1298 3556 1373 3618 ad
1400 3565 1633 3618 virorum
1661 3572 1890 3632 conspe-

304 3666 452 3716 ctum
477 3661 659 3729 adigat
688 3677 702 3713 :
731 3672 902 3728 neque
927 3656 1066 3711 enim
1083 3662 1271 3715 rerum
1298 3654 1889 3721 necessariarumcura,

300 3765 482 3820 neque
523 3749 825 3804 lmdentium
865 3746 1145 3810 molestiae,
1185 3754 1362 3814 neque
1406 3744 1581 3799 simile
1623 3744 1889 3813 quidpiam

306 3841 451 3894 illam
484 3841 535 3894 in
567 3840 685 3893 talis
720 3838 1038 3908 congressus
1073 3835 1442 3889 necessitatem
1472 3833 1736 3902 impcl‘lit:
1767 3844 1888 3888 cum

304 3932 383 3986 illi
415 3940 564 4000 pater
588 3931 702 3984 vice
722 3929 959 3985 omnium
987 3928 1077 3992 sit,
1111 3926 1223 3996 ipsa
1251 3936 1377 3980 vero
1402 3940 1559 3980 unam
1583 3923 1775 3979 habeat
1795 3938 1889 3978 cu-

303 4038 444 4088 ram,
488 4032 548 4076 ut
585 4022 715 4076 nihil
740 4020 825 4075 vel
851 4028 973 4087 agat
1006 4019 1091 4073 vel
1122 4019 1368 4085 loquatur
1390 4016 1531 4086 quod
1556 4015 1888 4071 honestatem

298 4115 582 4171 dedeceat.
613 4114 680 4166 At
710 4111 799 4166 hic
823 4109 985 4164 multa
1014 4117 1139 4163 sunt
1165 4123 1284 4178 qua:
1307 4107 1603 4162 custodiam
1633 4107 1764 4176 patri
1787 4106 1889 4161 dif-

300 4206 522 4268 ﬁcilem,
571 4203 679 4257 itno
724 4210 842 4256 arte
872 4201 1212 4270 superiorem
1253 4197 1496 4253 reddant.
1539 4196 1722 4268 Neque
1747 4199 1887 4253 enim

304 4304 481 4366 potest
504 4309 622 4349 eam
648 4286 787 4346 initis
809 4306 990 4347 secum
1018 4289 1213 4343 habere
1258 4306 1272 4342 :
1319 4288 1422 4342 hoc
1460 4287 1656 4357 quippe
1695 4297 1887 4343 contu-

303 4387 553 4443 bernium
593 4399 692 4439 nec
727 4383 1007 4437 honestum
1035 4388 1198 4445 esset,
1247 4394 1345 4434 nec
1383 4379 1620 4449 periculo
1656 4389 1886 4435 vacaret.

306 4479 454 4533 Licet
480 4477 623 4531 enim
655 4475 778 4528 hinc
815 4473 919 4527 illis
941 4471 1073 4526 nihil
1103 4470 1281 4525 damni
1308 4469 1539 4535 adesset,
1582 4468 1676 4524 sed
1707 4484 1884 4524 veram

305 4570 640 4625 sanctitatem
698 4570 913 4619 servare
956 4570 1272 4633 pergerent,
1312 4573 1425 4614 non
1460 4560 1721 4614 minorem
1761 4558 1886 4614 red-

300 4663 461 4718 dituri
490 4668 675 4717 essent
707 4658 969 4713 rationem
1012 4669 1110 4725 pro
1149 4653 1215 4707 iis
1250 4651 1556 4716 aniniabus,
1583 4651 1774 4722 quibus
1800 4650 1886 4706 of-

303 4754 572 4810 fendicula
614 4751 859 4814 fuissent,
901 4764 1058 4819 quam
1094 4747 1137 4802 si
1172 4746 1338 4802 ambo
1364 4750 1697 4817 peccassent.
1751 4745 1884 4799 Cum

304 4855 481 4900 autem
509 4846 562 4898 id
586 4842 709 4897 ﬁeri
737 4849 984 4910 nequeat,
1006 4854 1119 4893 non
1147 4837 1299 4892 facile
1324 4838 1428 4906 ipsi
1452 4846 1537 4892 est
1555 4839 1746 4891 anima:
1772 4851 1887 4891 mo-

301 4947 385 4991 tus
411 4936 676 4997 ediscere,
707 4941 761 4987 et
785 4946 880 4986 eos
902 4932 991 5001 qui
1023 4929 1307 4985 inordinati
1342 4940 1466 4982 sunt
1495 4943 1758 4993 resecare,
1795 4929 1884 4998 qui

298 5042 427 5081 vero
454 5023 637 5079 debito
660 5021 846 5077 ordine
872 5029 927 5076 et
955 5018 1113 5073 modo
1142 5018 1436 5087 procedunt
1455 5018 1723 5085 excolere,
1751 5028 1804 5073 et
1830 5020 1883 5073 in

300 5117 493 5172 melius
512 5113 778 5167 deducere
807 5128 821 5165 :
867 5125 1039 5180 neque
1066 5110 1240 5164 exitus
1268 5109 1325 5163 in
1363 5109 1631 5179 publicum
1675 5110 1884 5164 curiose

220 5185 228 5191 ’
298 5208 556 5276 indagare
596 5205 647 5259 in
689 5208 932 5273 promptu
962 5208 1081 5267 est;
1110 5212 1236 5255 nam
1261 5200 1402 5271 quod
1430 5201 1520 5255 illa
1556 5201 1708 5269 ineps
1736 5200 1806 5254 sit
1829 5210 1885 5257 et

295 5297 596 5370 patrocinio
634 5295 903 5359 destituta,
953 5309 1059 5348 non
1105 5301 1283 5363 potest
1320 5293 1432 5361 ipse
1464 5301 1571 5345 tam
1606 5301 1883 5347 accuratus

291 5390 475 5446 decori
517 5397 572 5443 et
594 5387 803 5442 honesti
839 5385 1143 5454 explorator
1179 5397 1319 5438 esse.
1359 5382 1565 5436 Etenim
1608 5396 1727 5436 cum
1769 5383 1879 5451 ipsa

292 5484 395 5540 sibi
445 5480 630 5537 omnia
689 5478 1064 5533 administrare
1124 5484 1366 5545 cogatur,
1430 5474 1474 5527 si
1516 5481 1883 5544 temperanter

291 5574 475 5632 vivere
502 5571 657 5633 nolit,
699 5567 929 5624 exeundi
963 5564 1273 5620 occasiones
1317 5565 1647 5618 comminisci
1689 5574 1879 5643 potest.

354 5687 372 5719 ι
399 5686 662 5735 Sicvocem
681 5680 958 5730 bebraieam
1180 5678 1531 5738 interpretatur
1564 5676 1725 5740 Aquila
1758 5683 1880 5728 Gen.

292 5748 373 5813 ει,
395 5749 477 5810 45,
494 5761 613 5813 qua
634 5758 770 5813 voce
799 5745 1256 5813 significaturvugo
1279 5756 1389 5807 (ποτε
1411 5744 1570 5813 clausa
1593 5754 1662 5813 c_t_
1676 5747 1883 5813 virorum

290 5806 508 5873 aspectui
533 5806 825 5873 abscondita
854 5806 1040 5861 manet.
1061 5810 1142 5860 Hic
1166 5806 1307 5859 locus
1333 5807 1458 5870 apud
1488 5809 1744 5859 siracidem
1770 5806 1895 5865 loco.

292 5868 510 5923 ln'textu
528 5872 679 5922 citato
711 5868 906 5931 legitur.

1545 451 1630 505 DE
1668 452 2115 508 SACERDOTIO.
2156 452 2280 508 ΗΒ.
2327 454 2411 509 ιιι.

3482 464 3584 519 658

2015 565 2339 634 Oporlclqttc
2365 566 2594 637 aliquem
2617 566 2890 645 iubentem
2909 568 3049 624 dumi
3073 587 3306 639 manere,
3338 576 3425 645 qui
3454 577 3585 631 tales

2009 656 2315 711 occasiones
2344 658 2611 726 praecidat,
2629 674 2691 714 ac
2711 661 3009 716 necessaria
3035 665 3354 734 suppeditet,
3378 683 3583 723 necnon

2008 746 2257 801 feminam
2290 763 2401 801 rem
2424 749 2562 802 illius
2590 761 2862 806 curantem
2892 768 2907 806 :
2935 755 3163 808 arcenda
3191 755 3315 810 item
3341 767 3424 811 est
3444 774 3473 812 a
3496 758 3582 814 fu-

2009 840 2229 892 neribus
2254 854 2318 894 ac
2343 841 2648 911 pervigiliis.
2679 840 2835 897 Novit
2853 845 3017 908 enim,
3050 848 3583 906 novitcallidissituus

2008 927 2097 981 ille
2145 944 2364 998 serpens
2421 946 2515 1000 per
2562 932 2699 987 bona
2748 935 2907 992 etiam
2953 952 3115 1007 opera
3152 939 3296 994 virus
3334 955 3584 1012 spargere

2004 1032 2162 1073 suum
2191 1034 2205 1071 :
2247 1035 2485 1090 opusque
2514 1032 2595 1076 est
2621 1024 2872 1093 virginem
2902 1029 3247 1100 undequaque
3277 1033 3489 1096 muniri,
3530 1044 3585 1089 et

2006 1123 2130 1167 raro
2154 1123 2247 1177 per
2274 1126 2470 1164 annum
2501 1110 2661 1167 domo
2686 1113 2887 1182 egredi,
2926 1132 3118 1186 nempe
3138 1134 3259 1172 cum
3290 1119 3584 1176 indeclina—

2008 1196 2140 1252 biles
2165 1214 2227 1253 ac
2251 1203 2566 1256 necessaria:
2588 1213 2778 1273 urgent
2802 1220 2993 1262 causae.
3023 1208 3077 1265 Si
3115 1210 3233 1280 quis
3260 1227 3389 1267 vero
3416 1212 3579 1283 dicat,

2011 1302 2114 1341 non
2139 1306 2270 1359 opus
2286 1306 2405 1347 esse
2422 1302 2477 1346 ut
2497 1308 2582 1347 res
2610 1293 2908 1364 bujusmodl
2925 1299 3175 1369 cpisc0po
3195 1303 3580 1369 committatur,

2004 1382 2210 1434 noverit
2241 1383 2302 1446 is,
2335 1382 2663 1465 singularum
2703 1402 2877 1441 rerum
2906 1399 3169 1458 gestarum
3198 1393 3504 1449 occasiones
3524 1405 3585 1449 et

2002 1483 2193 1524 causas
2216 1471 2282 1525 ad
2308 1473 2478 1541 ipsum
2501 1474 2809 1531 referendas
2833 1492 2985 1545 esse;
3017 1480 3086 1533 ita
3104 1489 3165 1534 ut
3186 1482 3350 1537 multo
3377 1485 3578 1550 utilius,

2002 1562 2046 1615 si
2076 1563 2253 1618 omnia
2283 1563 2396 1632 ipse
2425 1565 2819 1634 administrans,
2854 1569 2917 1624 iis
2941 1571 3250 1629 criminibus
3278 1574 3413 1630 liber
3438 1575 3583 1635 futu-

2002 1667 2093 1707 rus
2124 1652 2214 1718 sit,
2261 1668 2380 1723 qua:
2410 1667 2627 1725 preptcr
2653 1658 2876 1712 aliorum
2917 1669 3133 1729 peccata
3177 1665 3358 1719 subire
3398 1664 3582 1731 debet,

1999 1758 2159 1813 quam
2212 1746 2288 1812 si,
2340 1746 2560 1802 dimissa
2611 1749 2911 1816 huiusmodi
2959 1752 3437 1822 administratione,
3486 1770 3583 1826 pro

2000 1835 2226 1890 aliorum
2253 1838 2415 1906 gestis
2450 1839 2517 1894 de
2551 1842 2756 1895 ratione
2794 1843 3063 1899 reddenda
3089 1854 3318 1901 tremere
3340 1857 3578 1919 cogatur.

2000 1928 2082 1982 Ad
2112 1928 2245 1996 haec,
2278 1934 2364 2000 qui
2393 1946 2488 1997 per
2519 1947 2577 1986 se
2612 1932 2663 1986 id
2694 1933 2835 2002 agit,
2876 1933 3163 1990 admodum
3205 1935 3358 1993 facile
3402 1941 3582 1997 omnia

2002 2020 2261 2088 percurrit
2291 2038 2306 2075 :
2337 2022 2426 2089 qui
2451 2036 2579 2076 vero
2599 2024 2842 2079 omnibus
2871 2024 2990 2078 aliis
3009 2024 3074 2079 ad
3096 2040 3242 2080 suam
3263 2030 3581 2084 sententiam

1998 2110 2278 2178 pertractis
2317 2110 2367 2165 id
2409 2126 2568 2182 agere
2595 2114 2819 2182 cogitur,
2860 2130 2966 2168 non
2997 2125 3192 2170 tantam
3234 2117 3400 2173 habet
3437 2119 3582 2175 labo-

1997 2201 2071 2255 ris
2096 2201 2464 2258 remissionem
2504 2219 2568 2259 ex
2613 2219 2678 2259 eo
2702 2204 2844 2275 quod
2886 2222 2987 2260 non
3032 2207 3113 2262 sui
3154 2208 3323 2264 solius
3361 2210 3582 2267 arbitrio

1995 2303 2138 2364 agat,
2185 2304 2380 2365 quanta
2415 2297 2625 2366 negotia
2650 2305 2705 2352 et
2734 2298 2988 2353 tumultus
3014 2314 3109 2369 per
3141 2315 3234 2355 eos
3275 2303 3363 2371 qui
3388 2302 3581 2358 adver.

1988 2397 2181 2441 saritur
2209 2396 2264 2442 et
2293 2403 2387 2456 pro
2414 2404 2509 2442 suo
2528 2398 2763 2459 pugnant
2786 2390 3009 2459 judicio.
3042 2391 3235 2446 Verum
3259 2408 3364 2448 non
3392 2408 3582 2450 omnes

1996 2476 2063 2533 de
2101 2477 2394 2547 virginibus
2427 2479 2812 2535 sollicitudines
2841 2482 3149 2536 reccnscndi
3196 2481 3420 2539 facultas
3448 2493 3532 2539 est
3561 2501 3577 2540 :

1998 2571 2196 2624 etenim
2224 2585 2343 2623 cum
2387 2569 2440 2623 in
2484 2571 2664 2624 album
2710 2570 3001 2626 referenda:
3041 2580 3200 2639 sunt,
3242 2588 3347 2628 non
3395 2588 3579 2643 parum

1996 2662 2191 2731 negotii
2223 2660 2491 2717 facessunt
2532 2664 2615 2729 ei,
2659 2664 2743 2718 cui
2792 2663 2906 2720 lucc
2941 2663 3328 2721 administratio
3355 2679 3580 2722 concre-

1995 2751 2102 2807 dita
2139 2760 2241 2807 est.

2064 2840 2388 2898 Iudicionn‘n
2420 2828 2636 2914 alliciam
2659 2860 2812 2916 quam
2837 2845 3120 2900 molestum.
3154 2877 3229 2889 —
3250 2846 3580 2907 Judiciorum

1994 2930 2226 2986 officium
2243 2930 2550 2989 innumeras
2568 2933 2707 3004 parit
2724 2935 3018 3001 molestias,
3030 2937 3249 2991 multum
3264 2939 3480 3010 negotii,
3504 2947 3580 2996 tot

1994 3022 2354 3091 difficultates,
2370 3036 2498 3095 quot
2515 3041 2582 3080 ne
2599 3025 2839 3082 forenses
2860 3026 3071 3097 quidem
3089 3028 3295 3099 judices
3316 3030 3541 3086 subeunt
3560 3044 3579 3086 :

1994 3114 2252 3184 siquidem
2286 3115 2375 3184 jus
2400 3115 2571 3185 ipsum
2597 3117 2834 3186 reperire
2856 3116 3006 3172 labor
3028 3127 3146 3172 est:
3177 3129 3443 3189 repertum
3471 3136 3579 3177 non

1994 3205 2197 3261 violare
2224 3205 2461 3261 difficile.
2502 3205 2617 3261 Non
2649 3207 2808 3262 modo
2846 3216 3024 3263 autem
3056 3210 3324 3279 negetiu'm
3353 3220 3407 3265 et
3434 3208 3582 3265 diffi-

1994 3298 2165 3352 cultas
2190 3296 2363 3365 adest,
2408 3297 2501 3353 sed
2526 3299 2689 3353 etiam
2718 3299 3012 3368 periculum
3042 3315 3147 3355 non
3186 3312 3426 3370 parvum.
3461 3299 3579 3357 Jam

1992 3393 2135 3446 ‘enim
2167 3391 2379 3460 quidam
2396 3394 2469 3446 ‘e'x
2490 3391 2871 3447 inﬁrmioribus
2892 3393 2945 3447 in
2976 3392 3187 3461 negotia
3211 3392 3434 3462 delapsi,
3456 3394 3577 3462 q'uia

1993 3482 2343 3552 patrocinium
2393 3497 2499 3537 nun
2554 3482 2837 3547 invenere,
2885 3483 3028 3538 circa
3080 3482 3238 3537 ﬁdem
3287 3483 3578 3552 nanfragati

1993 3583 2135 3630 Sunt.
2189 3574 2333 3628 Multi
2368 3574 2509 3628 enim
2559 3590 2624 3629 ex
2663 3576 2912 3628 hcsorum
2958 3588 3178 3628 numero
3226 3589 3333 3628 non
3377 3574 3574 3641 minus,

1991 3680 2148 3735 quam
2190 3664 2333 3732 ipsos
2372 3662 2648 3731 laedentes,
2676 3678 2772 3719 eos
2799 3663 2886 3734 qui
2925 3664 3023 3718 sibi
3070 3680 3176 3719 non
3218 3662 3395 3718 ferunt
3420 3680 3578 3734 opem

1990 3755 2115 3810 odio
2132 3754 2328 3810 habent
2350 3770 2450 3810 :ac
2477 3768 2648 3826 neque
2665 3760 2992 3826 negotiorum
3010 3755 3391 3822 'dlstractionis,
3408 3770 3578 3826 neque

1994 3856 2288 3917 temporum
2314 3848 2627 3917 iniquitatis,
2653 3864 2823 3918 neque
2838 3847 3181 3903 sacerdotalis
3197 3848 3444 3917 potentia:
3464 3862 3577 3903 tue-

1992 3938 2305 4005 diocritatis,
2361 3954 2532 4009 neque
2574 3940 2709 3993 alius
2746 3939 3037 4009 cujuspiam
3079 3940 3335 3994 rationem
3381 3940 3577 3996 habere

1989 4027 2201 4095 volunt;
2253 4030 2346 4085 sed
2395 4039 2519 4085 sunt
2564 4031 2918 4085 inexorabiles
2953 4029 3181 4098 judices,
3238 4030 3375 4085 hanc
3416 4044 3575 4086 unam

1991 4123 2221 4176 scientes
2248 4121 2565 4191 apologiam,
2596 4121 2858 4175 malorum
2886 4124 2944 4175 se
2965 4121 3322 4190 prementium
3350 4123 3571 4177 exitum.
3640 4176 3647 4179 ι

1989 4210 2087 4278 Qui
2119 4213 2259 4267 hunc
2281 4210 2515 4281 prarbere
2545 4213 2743 4282 nequit,
2768 4213 3016 4282 quamvis
3058 4212 3362 4267 innumeras
3384 4227 3573 4269 causas

1990 4301 2243 4371 proferat,
2275 4318 2557 4372 numquam
2590 4318 2774 4357 eorum
2801 4301 3293 4357 condemnationem
3335 4302 3569 4373 effugiet.

1988 4392 2120 4461 Quia
2167 4407 2296 4447 vero
2336 4392 2612 4461 patrocinii
2654 4392 2975 4446 mentionem
3015 4391 3134 4453 feci,
3165 4407 3262 4463 age
3280 4392 3445 4447 aliam
3477 4392 3570 4449 tibi

1987 4483 2221 4554 querelae
2243 4499 2458 4539 causam
2480 4484 2782 4539 declarabo.
2815 4483 2946 4538 Nam
2971 4486 3070 4539 nisi
3099 4485 3334 4555 quotidie
3359 4487 3569 4555 episco-

1987 4592 2087 4647 pus
2118 4576 2257 4647 plus,
2285 4592 2442 4647 quam
2475 4577 2573 4647 ipsi
2604 4576 2859 4641 forenses,
2882 4576 3075 4631 domos
3098 4578 3418 4647 circumeat,
3450 4579 3572 4634 hinc

1986 4671 2309 4727 offensiones
2350 4671 2659 4725 innumerae.
2711 4669 2826 4724 Non
2871 4669 3011 4723 enim
3055 4670 3180 4740 ωςτί
3228 4671 3419 4735 solum,
3474 4670 3569 4727 sed

1987 4762 2145 4817 etiam
2174 4762 2263 4830 qui
2292 4762 2428 4816 bene
2454 4761 2650 4825 valent,
2691 4760 2844 4815 invisi
2870 4774 2929 4815 se
2954 4760 3165 4825 volunt;
3213 4775 3316 4813 non
3358 4762 3569 4830 pietatis

1986 4851 2324 4921 religionisve
2358 4866 2537 4916 causa,
2565 4849 2659 4906 sed
2690 4852 2906 4905 honoris
2928 4850 3304 4921 dignitatisque
3337 4850 3389 4905 id
3420 4851 3568 4905 inulti

1985 4945 2222 5014 exigunt.
2254 4943 2406 5011 Quod
2437 4944 2481 4999 si
2508 4945 2643 4998 forte
2680 4944 2949 5014 contingat
2978 4953 3034 4999 ut
3057 4945 3284 5015 aliquem
3312 4960 3378 4999 ex
3406 4943 3567 4998 ditio-

1984 5036 2130 5091 ribus
2160 5037 2662 5106 potentioribuSque,
2691 5044 2912 5105 urgente
2936 5051 3083 5102 casu,
3128 5036 3180 5090 in
3210 5035 3458 5090 Ecclesia:
3486 5034 3568 5088 lu-

1984 5144 2132 5183 crum
2162 5128 2489 5199 frequentius
2512 5129 2704 5193 visitet,
2741 5129 2917 5183 statim
2948 5128 3232 5197 palpatoris
3257 5136 3412 5196 atque
3437 5126 3568 5179 adu-

1986 5220 2172 5274 latoris
2201 5228 2378 5275 notam
2406 5219 2505 5273 sibi
2533 5220 2713 5273 inurit.
2732 5218 2836 5275 Sed
2859 5217 2982 5287 quid
3006 5216 3296 5286 patrocinia
3323 5224 3376 5270 et
3395 5215 3567 5270 aditus

1985 5326 2257 5378 memoro,
2294 5310 2504 5381 quando
2529 5326 2598 5365 ex
2623 5309 3119 5379 compellationibus
3157 5308 3325 5363 solum
3366 5317 3564 5363 tantam

1983 5403 2409 5459 criminationum
2449 5402 2642 5457 molem
2674 5401 2923 5466 alierum,
2955 5409 3013 5454 ut
3038 5416 3104 5454 ex
3132 5400 3292 5454 animi
3328 5416 3566 5456 'mmrore

1981 5508 2126 5565 saepe
2153 5495 2226 5550 illi
2258 5503 2548 5565 graventur
2575 5503 2631 5547 et
2655 5492 2943 5547 decidant?
2966 5490 3081 5545 .lam
3111 5506 3235 5544 vero
3266 5491 3353 5545 .ch
3382 5492 3566 5547 oculo.

1983 5601 2098 5641 rum
2120 5587 2386 5640 contuitus
2413 5582 2754 5652 explorantur
2792 5597 2807 5635 :
2841 5594 2963 5635 nam
2992 5580 3108 5650 ejus
3132 5579 3216 5635 vel
3241 5581 3564 5651 simpliciora

1966 5686 2130 5746 gesta
2157 5674 2223 5729 ad
2252 5674 2502 5727 trutinam
2543 5679 2737 5727 vocant
2765 5671 2901 5727 bene
2936 5670 3109 5736 multi,
3140 5671 3287 5725 vocis
3324 5670 3563 5737 modum,

1984 5766 2272 5837 aspiciendi
2308 5763 2628 5835 videndique
2672 5765 2951 5818 rationem.
2999 5763 3075 5818 Illi
3113 5762 3363 5834 cuipiam,
3395 5762 3562 5828 alunt,

1986 5856 2152 5915 elluse
2178 5855 2375 5925 arrisit,
2402 5852 2556 5913 hilari
2582 5856 2753 5928 ipsum
2769 5855 2915 5912 vultu
2938 5863 2991 5912 et
3009 5869 3197 5925 magna
3216 5866 3343 5909 voce
3363 5851 3561 5908 saluta-
