4050 6160
478 402 582 458 659

478 517 550 572 vit
579 533 594 570 :
640 527 724 569 me
750 525 878 567 vero
900 510 1055 579 longe
1081 503 1291 576 parcius
1336 510 1391 555 et
1427 495 1800 568 perfunctorie.
1832 489 1982 560 Quod
2013 489 2057 543 si

478 607 658 660 multis
701 602 1057 659 assidcnlibus
1082 612 1189 651 non
1227 592 1461 661 undique
1503 588 1684 644 oculos
1724 583 2063 639 circumferat

477 698 616 751 inter
666 694 1008 767 loquendum,
1056 689 1106 744 id
1154 701 1252 757 pro
1292 680 1612 739 contumelia
1652 676 1804 733 multi
1842 673 2057 727 habent.

477 790 604 857 Quis
632 789 791 858 igitur
815 786 915 841 nisi
946 780 1232 838 admodum
1272 777 1422 832 fortis
1448 784 1553 828 tam
1585 769 1765 826 multis
1786 774 2062 858 accusato-

478 855 623 932 ribus
655 855 913 932 sufficere
956 872 1167 944 poterit,
1220 876 1277 923 ut
1301 867 1383 923 vel
1411 867 1478 921 ab
1507 864 1614 918 illis
1664 860 1964 915 nullatenus
2007 855 2061 908 in

479 969 679 1023 crimen
708 976 944 1032 vocetur,
972 964 1053 1017 vel
1081 968 1360 1016 accusatus
1384 971 1502 1010 sese
1527 949 1816 1023 expediat?
1841 947 2063 1017 Oportet

478 1061 618 1114 enim
662 1067 1024 1121 accusatorem
1070 1068 1189 1107 esse
1235 1048 1532 1109 neminem;
1575 1044 1618 1098 si
1655 1042 1705 1097 id
1737 1043 1912 1095 minus
1950 1037 2063 1091 fieri

480 1153 668 1222 possit,
697 1152 870 1205 oblata
896 1149 1081 1204 saltem
1108 1144 1327 1200 erimina
1356 1140 1593 1195 abluere.
1621 1136 1770 1204 Quod
1793 1134 1837 1189 si
1868 1148 1934 1188 ne
1962 1131 2064 1186 hoc

480 1241 692 1310 quidem
724 1241 871 1294 facile
900 1248 1000 1302 est,
1029 1235 1120 1290 sed
1152 1234 1366 1304 quidam
1397 1240 1597 1284 temere
1635 1238 1687 1280 et
1723 1226 1915 1279 frustra
1945 1223 2063 1278 cul-

482 1330 657 1399 pando
693 1331 923 1401 gaudent
967 1345 978 1379 :
1028 1326 1232 1380 fortiter
1259 1320 1474 1376 ferenda
1505 1327 1583 1372 est
1613 1314 2063 1387 querimoniarum

482 1419 783 1489 ltujusmodi
804 1416 1072 1473 maestitia.
1100 1413 1306 1468 Etenim
1335 1411 1422 1480 qui
1447 1410 1566 1479 jure
1587 1415 1884 1470 accusatur,
1913 1403 2066 1459 facile

483 1521 820 1567 accusantem
853 1509 1029 1565 tulerit
1060 1526 1073 1561 :
1116 1503 1543 1576 quandoquidem
1586 1500 1726 1556 enim
1767 1498 1945 1552 nullus
1974 1511 2066 1551 ac-

483 1612 696 1656 cusator
732 1601 974 1655 acerbior
1006 1608 1086 1652 est
1115 1598 1228 1667 ipsa
1253 1592 1613 1657 conscientia;
1644 1590 1709 1644 ab
1739 1588 1830 1643 illo
1851 1596 2068 1642 auctore

484 1694 717 1747 omnium
756 1690 1128 1746 molestissimo
1154 1688 1290 1757 capti
1337 1695 1587 1741 externos
1626 1688 1961 1736 accusatores
1986 1689 2071 1733 ut-

486 1793 609 1852 pote
647 1783 885 1836 tnitiores
924 1780 1076 1836 facile
1124 1779 1373 1848 patimur.
1417 1775 1514 1843 Qtti
1545 1782 1720 1828 autem
1749 1770 1940 1824 nullius
1967 1768 2067 1824 sibi

484 1875 653 1942 culpa:
681 1873 926 1928 censcius
953 1882 1054 1934 est,
1103 1870 1236 1925 falso
1265 1879 1542 1922 accusatus
1574 1865 1828 1920 continuo
1855 1864 1904 1916 in
1934 1862 2066 1916 iram

485 1967 729 2031 vertitur,
775 1973 828 2018 et
869 1964 920 2017 in
949 1977 1232 2018 nitet-orem
1264 1959 1417 2014 facile
1444 1957 1657 2022 decidit,
1688 1955 1784 2009 nisi
1815 1955 1963 2025 prius
2002 1954 2069 2008 ad

485 2057 771 2111 multorum
805 2055 1051 2111 ferendas
1078 2053 1310 2108 insanias
1333 2052 1651 2127 crercitatus
1679 2048 1857 2103 fuerit.
1887 2046 2071 2117 Neque

485 2147 626 2201 enim
678 2147 790 2201 fieri
839 2155 1032 2215 potest,
1099 2144 1379 2199 calumniis
1425 2141 1720 2210 impetitum
1785 2148 1838 2193 et
1893 2140 2070 2208 inique

490 2236 798 2289 damnatum
831 2251 937 2289 non
981 2234 1200 2298 turbari,
1241 2240 1296 2287 et
1337 2231 1405 2286 de
1435 2240 1578 2285 tanta
1623 2230 1896 2300 iniquitate
1936 2228 2069 2283 nihil

487 2327 614 2395 pati.
645 2325 778 2392 Quid
810 2340 1099 2379 memorem
1131 2324 1396 2380 tristitiam
1427 2332 1535 2376 turn
1567 2320 1916 2386 subeundam,
1949 2335 2070 2375 cum

487 2416 784 2483 quempiam
829 2429 892 2469 ex
927 2421 1067 2468 coetu
1090 2413 1343 2467 Ecclesiae
1381 2426 1628 2465 amovere
1654 2426 1788 2479 opus
1808 2408 1926 2465 est?
1950 2409 2063 2465 Uti-

487 2521 609 2560 nam
642 2492 983 2561 vcro'malum
1014 2514 1179 2559 totum
1209 2505 1260 2557 in
1290 2503 1501 2558 tristitia
1541 2502 1859 2560 consisteret
1884 2516 1899 2554 :
1930 2515 2072 2556 nunc

488 2611 617 2653 vero
637 2597 896 2669 pernicies
919 2611 1021 2650 non
1045 2594 1273 2649 modica.
1298 2594 1633 2649 Mctuendum
1656 2591 1849 2662 quippe
1869 2598 1968 2657 est,
1996 2605 2066 2647 ne

1220 393 1277 442 S.
1306 382 1583 442 JOANNIS
1611 373 2083 435 CHRYSOSTOMI
2121 371 2442 427 ARCHIEP.
2470 366 3003 426 CONSTANTINOP.

3643 361 3748 418 660

2169 486 2307 540 ultra
2346 484 2561 539 modum
2607 485 2777 553 pcenis
2803 482 3023 538 affectus
3051 480 3139 537 ille
3177 479 3230 534 id
3272 478 3520 549 patiatur,
3547 477 3687 549 quod
3716 493 3750 532 a

2165 577 2318 632 beato
2336 575 2500 631 Paulo
2518 576 2714 630 dictum
2742 583 2844 639 est,
2866 572 2947 628 Ne
2966 570 3325 626 abundantiori
3348 571 3549 624 tristitia
3568 568 3749 623 absor-

2165 666 2338 721 beatur
2368 665 2443 734 (9...
2472 665 2588 720 Cor.
2615 667 2668 719 2.
2697 663 2772 737 7).
2803 664 3028 718 Maxima
3057 675 3186 730 ergo
3205 661 3473 731 diligentia
3498 659 3585 715 bie
3610 674 3753 730 opus

2164 765 2266 823 est,
2292 773 2357 810 ne
2382 756 2521 826 quod
2542 755 2797 827 prodesse
2819 755 2893 809 illi
2912 754 3188 820 debuerat,
3215 753 3431 822 majoris
3447 751 3545 820 ipsi
3566 750 3753 807 damni

2165 851 2235 906 sit
2260 851 2469 905 occasio
2499 866 2512 902 :
2539 865 2659 904 nam
2690 862 3034 918 qumcumque
3069 847 3157 900 ille
3184 853 3305 916 post
3332 844 3630 913 hujusmodi
3655 858 3755 898 eu-

2167 952 2426 996 rattonem
2488 949 2701 1009 peccata
2752 937 3052 1001 admiserit,
3104 944 3447 992 communem
3496 944 3600 989 tam
3651 934 3756 1004 ipsi

2167 1048 2322 1102 quant
2355 1032 2560 1086 medico
2581 1032 2711 1084 iram
2741 1028 3056 1092 accendunt,
3090 1028 3131 1082 si
3157 1026 3240 1082 hic
3266 1042 3370 1081 non
3397 1036 3541 1081 recte
3558 1027 3756 1081 vulnus

2170 1122 2433 1177 inciderit.
2486 1122 2627 1189 Quot
2675 1130 2851 1175 autem
2898 1119 3155 1190 supplicia
3209 1118 3564 1189 exspectanda
3602 1129 3753 1182 sunt,

2167 1230 2287 1269 eum
2312 1213 2430 1283 quis
2467 1228 2571 1267 non
2601 1228 2665 1268 ex
2699 1211 2931 1282 peccatis
2961 1210 3120 1264 modo
3147 1209 3279 1275 suis,
3306 1208 3398 1265 sed
3432 1224 3498 1264 ex
3525 1209 3754 1264 aliorum

2167 1320 2382 1373 quoque
2417 1303 2637 1369 delictis.
2667 1304 2717 1357 in
2748 1311 3045 1358 extremum
3089 1301 3385 1371 periculum
3428 1300 3755 1356 adducitur?

2168 1395 2299 1449 Nam
2339 1395 2384 1449 si
2414 1395 2479 1450 de
2508 1394 2736 1464 propriis
2765 1393 3056 1449 sceleribus
3085 1393 3343 1448 rationem
3375 1391 3628 1447 reddituri
3659 1408 3756 1447 ex-

2170 1486 2548 1553 liorrcscimus,
2567 1503 2629 1541 ac
2648 1487 2690 1540 si
2712 1502 2815 1540 non
2836 1486 3105 1541 valeamus
3129 1485 3303 1556 ignem
3325 1484 3473 1539 illum
3492 1484 3753 1556 effugere,

2169 1577 2294 1647 quid
2322 1577 2397 1631 illi
2423 1577 2834 1646 exspectandum
2860 1583 2960 1642 est,
2992 1576 3080 1646 qui
3106 1584 3210 1630 tam
3229 1575 3515 1630 multorum
3537 1577 3756 1632 nomine

2170 1681 2383 1721 causam
2418 1667 2485 1720 sit
2511 1666 2787 1721 dicturus?
2810 1665 2959 1733 Quod
2980 1676 3155 1721 autem
3186 1665 3286 1720 hoc
3302 1649 3481 1721 vei'um
3509 1667 3593 1733 sit,
3627 1667 3755 1723 audi

2170 1758 2382 1813 beatum
2413 1758 2631 1811 Paulum
2660 1756 2957 1823 dicentem;
2992 1757 3099 1812 imo
3130 1757 3303 1826 potius
3326 1772 3430 1812 non
3456 1758 3624 1825 illum,
3654 1758 3753 1813 sed

2172 1848 2225 1903 in
2253 1848 2369 1919 ipso
2395 1847 2698 1918 loquentem
2733 1848 3006 1908 Christum
3052 1866 3066 1903 :
3120 1847 3326 1902 Obedite
3363 1849 3643 1919 pra'post'tis
3669 1866 3759 1903 se-

2171 1941 2308 2007 stris,
2338 1950 2383 1995 et
2402 1939 2650 2011 subjacete
2673 1940 2742 1994 eis
2767 1957 2785 1994 :
2805 1940 2906 2009 ipsi
2935 1940 3065 1993 enim
3086 1938 3405 2010 pervigilant,
3431 1940 3576 2010 quasi
3593 1940 3756 1995 ratio-

2171 2047 2287 2085 nem
2329 2047 2421 2102 pro
2463 2031 2723 2085 animabus
2756 2031 2928 2085 vestris
2983 2031 3231 2084 reddituri
3278 2029 3460 2101 (Hebr.
3515 2031 3595 2085 15.
3638 2032 3754 2101 17).

2171 2122 2306 2177 Num
2350 2123 2572 2193 exiguus
2613 2122 2820 2177 videtur
2857 2121 2943 2175 hic
2985 2121 3411 2175 comminationis
3456 2122 3661 2177 terror?
3703 2122 3758 2178 Is

2172 2221 2401 2282 quantus
2428 2214 2499 2268 sit
2530 2213 2633 2267 dici
2678 2212 2877 2283 nequit.
2909 2212 3107 2267 Verum
3138 2212 3253 2267 lucc
3289 2212 3418 2267 satis
3451 2222 3589 2280 sunt,
3634 2227 3759 2284 quae

2173 2305 2258 2359 vel
2289 2305 2731 2374 pertinacioribus
2778 2304 2935 2359 fidem
2976 2302 3188 2368 faciant,
3232 2319 3330 2359 nos
3361 2320 3466 2358 non
3507 2305 3757 2374 superbia

2173 2395 2259 2450 vel
2274 2384 2411 2449 vana
2437 2395 2602 2465 gloria
2627 2403 2831 2464 captos,
2854 2394 2948 2449 sed
2976 2394 3127 2450 nobis
3152 2403 3354 2449 tantum
3383 2404 3677 2451 metuentes
3701 2406 3762 2451 et

2173 2486 2252 2542 rei
2278 2485 2471 2543 molem
2497 2486 2894 2543 considerantes
2920 2484 3220 2556 liujusmodi
3250 2484 3428 2557 fugam
3451 2486 3660 2543 fecisse.

1432 2795 1909 2906 LIBER
2567 2797 2770 2906 US.

899 3096 1005 3133 nam
1036 3097 1205 3133 [

488 3190 525 3235 1.
558 3193 653 3236 Non
678 3199 765 3236 eos
839 3192 1038 3248 tantum,

553 3260 721 3312 verum
767 3250 914 3298 etiam
944 3250 1028 3312 qui
1073 3262 1102 3298 v

549 3310 727 3370 puniri.

488 3375 541 3418 lt.
576 3372 659 3428 Qui
683 3370 903 3431 indignos
933 3371 1173 3430 ordinant,
1203 3370 1333 3420 idem

1112 3187 1163 3236 ni
1201 3185 1260 3235 ad
1300 3185 1487 3235 clerum
1539 3185 1802 3246 pervenire
1851 3185 2069 3245 student,

1212 3249 1476 3309 patiuntur,
1520 3247 1585 3295 ob
1623 3253 1820 3309 peccata
1859 3250 2072 3309 graviter

1353 3368 1481 3442 quod
1504 3368 1554 3416 hi
1575 3366 1859 3430 supplicium
1891 3382 2071 3433 exper-

553 3439 688 3480 turos
711 3430 839 3493 esse.
868 3430 984 3481 licet
1011 3435 1135 3493 ipsos
1160 3444 1255 3480 non
1279 3430 1451 3479 norint.

490 3497 559 3539 .
593 3492 834 3542 sacerdoti
873 3489 1199 3542 necessariam
1222 3504 1337 3541 esse
1379 3490 1655 3554 expeditam
1697 3489 1888 3541 dicendi
1929 3490 2073 3545 facul-

556 3560 726 3601 131.9111.

493 3620 562 3661 tv.
598 3614 662 3662 Ad
681 3615 960 3677 quommvis
980 3613 1392 3673 concertationes,
1416 3620 1467 3664 et
1489 3621 1775 3672 Graecorum,
1803 3618 1854 3662 et
1877 3612 2071 3663 Jud:eo-

551 3686 657 3722 rum
678 3675 730 3724 et
744 3675 1083 3724 bzeretieorutn
1109 3688 1224 3724 eum
1248 3684 1466 3736 paratum
1490 3686 1604 3724 esse
1621 3681 1872 3734 Oper-tere.

492 3741 543 3782 v.
573 3742 806 3799 Perquam
830 3738 1036 3799 peritum
1059 3737 1325 3786 dialectica:
1348 3749 1463 3785 esse
1486 3743 1738 3799 oportere.

495 3802 563 3842 VI.
600 3802 647 3844 .
674 3796 868 3860 Paulum
892 3797 938 3845 id
956 3799 1136 3860 Optime
1154 3798 1452 3860 praestitisse.

861 3871 957 3909 non
979 3856 1131 3921 signis
1149 3856 1334 3910 tantum
1370 3859 1619 3918 claruisse,
1661 3856 1751 3907 sed
1788 3860 1933 3907 etiam
1965 3865 2072 3909 arte

589 3932 697 3967 teen
731 3933 764 3967 .

589 3932 764 3969 11381101.

493 3985 598 4027 vui.
632 3980 859 4044 Eumdem
882 3980 928 4029 id
952 3992 979 4044 a
1003 3981 1142 4030 nobis
1162 3994 1359 4044 quoque
1380 3980 1512 4030 velle
1538 3981 1782 4044 exerceri.

493 4045 567 4089 tx.
601 4049 702 4100 Quo
723 4043 813 4092 nisi
836 4042 1065 4106 praeditus
1084 4044 1148 4106 sit
1167 4040 1439 4106 episcopus,
1463 4043 1687 4093 subditos
1729 4055 1826 4091 non
1850 4040 1962 4092 leve
1991 4041 2074 4092 da-

552 4116 716 4154 mnum
736 4105 1014 4155 necessario
1026 4105 1209 4156 subire.

1231 4239 1300 4254 *

568 4321 621 4374 1.
664 4321 765 4388 Qm
790 4321 837 4376 vi
855 4322 924 4375 ad
948 4323 1135 4377 clerum
1163 4323 1435 4376 trahuntur
1454 4338 1556 4377 non
1577 4321 1690 4375 ideo
1708 4321 1864 4391 pomis
1889 4327 2074 4374 immu-

494 4427 602 4465 nes.
623 4441 693 4452 --
713 4412 807 4466 His
832 4413 1043 4481 auditis,
1079 4412 1382 4468 BASlLlUS
1417 4413 1635 4483 paulum
1661 4421 1971 4466 cunctatus:
2005 4412 2075 4466 At

494 4501 541 4554 si
590 4509 644 4554 tu
690 4502 927 4570 quidem,
980 4505 1166 4573 inquit,
1223 4504 1359 4558 hanc
1395 4503 1702 4572 dignitatem
1744 4501 2071 4568 aectasses,

499 4591 640 4645 hunc
661 4591 780 4661 jure
807 4593 1051 4648 timorem
1090 4593 1606 4661 admittereposses.
1635 4592 1762 4645 Nam
1790 4592 1878 4661 qui
1909 4593 1975 4646 ad
1996 4592 2073 4646 rei

495 4683 789 4753 cujuspiam
804 4680 1314 4738 administrationem
1336 4697 1394 4737 se
1410 4682 1658 4737 idoneum
1671 4697 1790 4737 esse
1807 4681 2074 4750 professus

499 4781 614 4838 est,
646 4773 787 4842 quod
817 4788 936 4827 eam
966 4774 1200 4842 arripere
1219 4773 1500 4840 studuerit,
1535 4773 1622 4827 illa
1646 4772 1746 4827 sibi
1770 4772 2072 4829 concredita

497 4866 541 4919 si
569 4865 800 4929 labatur,
822 4881 926 4919 non
954 4873 1125 4934 potest
1151 4867 1215 4919 ad
1238 4865 1517 4933 imperitia:
1536 4863 1928 4920 excusationem
1949 4880 2077 4919 con-

500 4960 715 5030 fugere;
749 4967 935 5027 utpote
959 4959 1050 5028 qui
1087 4966 1427 5012 antevertens
1466 4956 1600 5011 hanc
1623 4957 1723 5011 sibi
1753 4957 1864 5026 ipse
1888 4956 2075 5012 defen-

498 5050 705 5106 sionem
735 5048 1015 5117 ademerit,
1059 5049 1201 5120 quod
1245 5048 1557 5114 accurrerit,
1598 5062 1826 5116 eamque
1854 5047 1954 5101 sibi
1983 5046 2078 5101 ad-

502 5140 942 5196 ministrationem
973 5141 1240 5210 rapuerit:
1271 5156 1444 5211 neque
1478 5139 1655 5194 dicere
1686 5147 1859 5207 potest
1887 5138 1951 5203 is,
1986 5138 2076 5200 qui

504 5235 694 5289 lubens
720 5242 775 5288 et
803 5243 993 5303 sponte
1020 5233 1120 5288 huc
1145 5234 1388 5299 accessit,
1413 5232 1611 5286 Invitus
1636 5231 1736 5286 hac
1764 5230 1817 5285 in
1847 5245 1908 5285 re
1954 5245 2078 5301 pee-

503 5324 638 5385 eavi,
687 5325 882 5378 invitus
924 5324 1071 5378 illum
1116 5325 1415 5393 quempiam
1458 5321 1684 5393 perdidi.
1720 5321 2078 5390 Respondebit

508 5413 597 5475 illi,
622 5416 712 5474 qui
741 5424 848 5469 tum
880 5415 1050 5470 hacin
1079 5431 1135 5470 re
1161 5416 1322 5484 judex
1350 5414 1555 5468 futurus
1574 5423 1692 5468 est:
1725 5413 1900 5468 Etcur
1919 5421 2077 5467 tantae

508 5499 597 5556 tibi
625 5506 870 5561 conscius
895 5507 1193 5577 imperitiai,
1213 5521 1331 5561 cum
1355 5520 1504 5561 mens
1531 5503 1597 5559 ad
1625 5505 1783 5559 talem
1812 5503 2075 5572 inculpata

505 5595 831 5649 tractandam
862 5608 1030 5652 artem
1061 5598 1152 5651 tibi
1186 5612 1292 5651 non
1317 5598 1551 5660 adesset,
1593 5595 1857 5662 involasti,
1885 5609 2073 5648 ausus~

503 5698 607 5753 que
625 5699 685 5739 es
706 5688 926 5755 majora,
952 5702 1112 5756 quam
1136 5688 1276 5742 vires
1306 5688 1525 5753 ferrent,
1546 5686 1750 5755 negotia
1781 5684 2077 5754 suscipere?

503 5776 630 5845 Quis
653 5787 702 5831 te
731 5780 919 5848 Coegit,
954 5780 1070 5848 quis
1097 5779 1440 5833 reluctantem
1480 5785 1534 5833 et
1558 5776 1842 5847 fugientem
1874 5776 1924 5831 vi
1951 5791 2072 5847 per-

2181 3087 2378 3142 traxit?
2401 3088 2471 3144 At
2491 3095 2545 3142 tu
2567 3086 2697 3143 nihil
2723 3104 2973 3160 umquam
3000 3090 3174 3146 simile
3202 3092 3404 3157 audies,
3431 3109 3600 3166 neque
3624 3107 3762 3167 posin

2174 3176 2250 3231 sis
2279 3192 2526 3247 umquam
2557 3178 2858 3249 hujnsmodi
2885 3180 3063 3237 delicti
3087 3183 3311 3252 teipsum
3339 3184 3613 3252 damnare,
3637 3203 3761 3241 om-

2177 3269 2438 3339 nibusque
2467 3272 2679 3340 planum
2707 3279 2792 3328 est
2814 3281 2866 3327 te
2889 3288 2958 3328 ne
2988 3274 3252 3329 tantillum
3280 3275 3494 3345 quidem
3520 3278 3585 3331 ad
3614 3278 3759 3334 hunc

2174 3360 2570 3429 suscipiendum
2592 3360 2849 3418 honorem
2877 3363 3168 3431 laborasse,
3197 3366 3291 3421 sed
3317 3367 3367 3421 id
3390 3368 3610 3424 aliorum
3633 3385 3760 3438 epe-

2176 3469 2236 3508 ra
2264 3454 2457 3508 factum
2500 3470 2638 3515 esse.
2669 3462 2842 3528 Atque
2868 3457 3004 3512 adeo
3031 3459 3171 3528 quod
3203 3460 3305 3515 illis
3343 3461 3539 3520 nullam
3571 3478 3761 3531 pecca-

2177 3554 2349 3600 turum
2376 3548 2583 3603 veniam
2616 3549 2886 3617 relinquit,
2913 3549 3015 3603 ltoe
3040 3550 3133 3604 tibi
3164 3567 3406 3620 magnam
3428 3552 3758 3610 defensionis

2175 3637 2449 3691 materiam
2491 3640 2864 3709 suppeditabit.
2917 3638 3479 3700 CIIRYSOSTOMUS.
3537 3645 3611 3700 Ad
3639 3648 3760 3704 haec

2174 3742 2274 3795 ego
2299 3726 2602 3797 caputcum
2634 3730 2941 3795 movissem,
2966 3734 3269 3804 sensimque
3294 3735 3618 3803 arrisissem,

2177 3822 2335 3875 minis
2383 3821 2776 3890 simplicitatem
2828 3824 3068 3891 miratus,
3120 3826 3235 3883 haec
3279 3829 3529 3899 loquutus
3574 3845 3691 3886 sum

2178 3913 2437 3982 Equidem
2469 3915 2693 3983 optarim
2721 3932 2832 3971 rem
2862 3917 2934 3971 ita
2955 3932 3013 3973 se
3038 3917 3254 3981 habere.
3280 3929 3339 3975 ut
3361 3920 3512 3986 dicis,
3538 3922 3615 3975 vir
3633 3938 3757 3978 om-

2177 4006 2321 4059 nium
2350 4007 2568 4075 Optime,
2599 4023 2702 4062 non
2732 4019 2787 4062 nt
2814 4009 2864 4062 id
2896 4010 3166 4079 suscipere
3195 4025 3426 4080 possem,
3452 4012 3591 4082 quod
3614 4028 3759 4069 nunc

2175 4099 2364 4168 refugi.
2401 4100 2615 4154 Etiamsi
2646 4100 2785 4155 enim
2815 4101 2941 4156 mihi
2969 4102 3174 4159 nullum
3217 4103 3531 4172 supplicium
3559 4119 3762 4175 propo-

2175 4188 2335 4243 situm
2376 4200 2541 4256 esset,
2570 4191 2614 4246 si
2646 4190 3006 4259 perfunctorie
3043 4200 3099 4246 et
3143 4193 3389 4263 imperite
3417 4193 3611 4249 Christi
3636 4210 3760 4265 gre-

2176 4295 2293 4349 gem
2315 4295 2584 4336 curassem
2610 4291 2708 4337 :-at
2750 4283 2879 4338 illttd
2910 4284 3038 4337 mihi
3069 4284 3213 4339 omni
3257 4286 3515 4355 supplicio
3540 4290 3760 4357 gravius

2178 4372 2335 4436 foret,
2363 4374 2406 4427 si
2436 4385 2555 4442 post
2603 4383 2777 4429 tantas
2807 4375 2934 4430 mihi
2978 4377 3314 4432 concrcditas
3343 4393 3429 4433 res
3454 4394 3577 4449 erga
3606 4394 3755 4446 eum,

2177 4465 2265 4534 qui
2294 4464 2733 4541 concredidissct,
2765 4465 2838 4520 ita
2871 4466 3106 4535 ingratus
3128 4467 3356 4522 viderer.
3388 4468 3563 4535 Quare
3599 4470 3761 4539 igitur

2177 4555 2402 4623 optarim
2441 4556 2585 4610 illam
2616 4567 2756 4610 tuam
2800 4556 3103 4626 Opinionem
3131 4571 3235 4611 non
3264 4557 3449 4613 falsam
3480 4561 3637 4616 esse?
3685 4561 3760 4617 Ut

2178 4647 2389 4702 miseris
2412 4657 2467 4702 et
2512 4647 2813 4703 infelicibus
2856 4647 2955 4718 (sic
2989 4649 3131 4705 enim
3157 4650 3381 4705 vocandi
3410 4651 3467 4714 ii,
3514 4654 3600 4721 qui
3646 4653 3751 4709 hoc

2180 4741 2449 4810 negotium
2478 4742 2641 4807 probe
2672 4751 2903 4797 tractare
2946 4742 3205 4808 nesciunt,
3241 4746 3481 4814 quamvis
3520 4761 3754 4802 sexcen-

2183 4832 2282 4886 ties
2314 4832 2455 4900 ipsos
2485 4833 2535 4886 vi
2563 4832 2781 4887 adactos
2805 4841 2860 4888 et
2889 4833 3194 4904 ignorantes
3223 4849 3447 4904 peccare
3474 4835 3664 4904 dicas),
3696 4849 3757 4893 ut

2181 4926 2304 4987 illis,
2340 4926 2575 5005 inquam,
2627 4926 2860 4997 etfugere
2886 4928 3043 4982 liceat
3088 4928 3260 4997 ignem
3295 4928 3440 4983 illmn
3489 4930 3757 4986 inexstin-

2180 5017 2451 5086 guibilem,
2497 5027 2551 5073 et
2590 5017 2839 5073 tenebras
2881 5019 3196 5084 exteriores,
3228 5035 3568 5090 vermemqne
3596 5038 3756 5076 num-

2180 5124 2337 5179 quam
2366 5109 2704 5173 morientem,
2751 5124 2820 5165 ne
2861 5109 3195 5164 dissecentur
3236 5118 3291 5164 ct
3318 5125 3437 5165 cum
3468 5111 3757 5181 liypocritis

2181 5211 2422 5272 pereant.
2456 5202 2650 5257 Verum
2681 5203 2805 5273 quid
2834 5202 2927 5257 tibi
2952 5202 3141 5257 faciam
3165 5203 3189 5256 ?
3216 5202 3333 5257 Non
3362 5204 3431 5258 ita
3461 5218 3520 5259 se
3547 5218 3634 5258 res
3665 5205 3759 5256 ha,

2182 5296 2289 5360 bet,
2322 5309 2426 5348 non
2454 5295 2525 5349 ita
2550 5308 2696 5349 sane.
2719 5295 2798 5349 Ac
2821 5294 2865 5348 si
2893 5294 2991 5359 vis,
3016 5303 3125 5348 uta
3151 5308 3316 5364 regno
3348 5296 3594 5364 primum,
3612 5296 3752 5365 quod

2180 5388 2318 5457 apud
2350 5388 2515 5443 Deum
2543 5389 2674 5442 tanti
2704 5402 2810 5441 non
2841 5396 2925 5443 est
2952 5389 3135 5458 quanti
3163 5388 3536 5455 sacerdotium,
3569 5405 3757 5444 eorttm

2181 5496 2297 5549 qua:
2317 5479 2426 5535 dixi
2454 5479 2610 5534 fidem
2639 5479 2847 5534 faciam.
2866 5477 2995 5533 Sani
3018 5479 3124 5545 ille,
3148 5479 3284 5533 filius
3304 5476 3541 5545 Cis,'non
3571 5493 3760 5550 suapte

2181 5580 2328 5625 metu
2352 5581 2405 5627 et
2428 5566 2554 5626 eura
2580 5585 2672 5625 rex
2699 5569 2870 5624 factus
2895 5578 2979 5624 est
3007 5571 3085 5640 (1.
3115 5558 3243 5641 Rg.
3275 5571 3369 5641 9);
3398 5571 3491 5626 sed
3518 5571 3668 5638 abiit,
3703 5581 3761 5626 ut

2182 5671 2448 5731 quaereret
2476 5661 2672 5725 asinas,
2706 5670 2761 5715 ct
2798 5675 2959 5730 super
2989 5660 3051 5715 iis
3081 5661 3394 5731 prophetam
3429 5662 3762 5732 interrogare

2183 5753 2376 5825 cmpit;
2407 5752 2498 5810 ille
2539 5767 2668 5809 vero
2696 5751 2761 5809 de
2785 5766 2950 5828 regno
2975 5751 3145 5827 ipsum
3190 5752 3491 5827 all0qutttus
3527 5761 3621 5811 est.
3651 5751 3760 5807 Ne-
