4050 6160
253 306 349 357 61ἰὶ

227 435 352 491 que
401 430 582 475 tamen
632 421 718 475 ille
745 422 924 476 statim
972 435 1191 492 regnum
1216 421 1366 489 adiit,
1415 421 1538 476 licet
1565 420 1615 476 id
1645 433 1674 474 a
1706 434 1834 489 pro-

246 512 411 579 pheta
433 509 693 576 audisset,
716 511 810 564 sed
830 511 1238 578 deprecabatur,
1255 511 1614 580 renuebatqne
1633 511 1834 564 dicens:

242 604 375 669 Quis
400 616 520 656 sum
550 617 673 671 ego,
705 611 760 658 et
793 617 912 672 quae
937 603 1126 657 domus
1157 603 1320 672 patris
1347 603 1487 658 mei?
1513 601 1646 669 Quid
1670 601 1837 670 ergo?

242 709 313 744 an
338 707 458 744 cum
485 691 692 746 honore
713 692 810 744 sibi
837 707 928 759 per
955 691 1120 746 Deum
1146 691 1335 746 tradito
1362 691 1498 746 male
1520 705 1645 744 usus
1673 698 1831 755 esset,

241 781 415 850 potuit
462 781 543 834 bis
574 781 757 835 verbis
782 781 944 836 eximi
974 781 1042 834 ab
1087 781 1162 834 ira
1185 781 1322 850 ejus,
1350 781 1441 850 qui
1485 794 1544 834 se
1573 781 1623 833 in
1656 794 1834 849 regem

239 871 636 926 constituerat?
663 873 818 942 Atqui
861 881 1066 942 poterat
1101 875 1170 926 ad
1204 871 1504 928 Samuelem
1550 871 1832 937 increpan-

242 975 350 1019 tem
376 964 591 1019 dicere:
617 963 756 1019 Num
785 978 884 1033 ego
911 979 1130 1034 regnum
1161 963 1372 1018 invasi?
1397 979 1522 1018 num
1551 962 1745 1017 insilivi
1776 962 1827 1016 in

242 1056 381 1110 hanc
414 1056 745 1125 potentiam?
777 1057 932 1110 vitam
961 1057 1237 1124 privatam,
1263 1056 1488 1110 otiosam
1516 1066 1570 1108 et
1595 1056 1826 1125 quietam

239 1149 444 1203 dueere
469 1148 714 1202 volebam
741 1166 754 1201 :
786 1157 842 1202 tu
865 1162 992 1202 vero
1019 1162 1105 1203 tne
1129 1148 1181 1202 in
1204 1147 1341 1202 hanc
1365 1147 1674 1218 dignitatem
1698 1163 1826 1217 per-

242 1240 471 1294 traxisti.
495 1240 550 1294 Si
583 1241 635 1295 in
676 1241 764 1296 illa
791 1241 1084 1294 humilitate
1117 1241 1548 1310 permansissem,
1602 1240 1716 1295 lucc
1745 1238 1832 1294 of-

241 1329 513 1386 fendicula
539 1331 698 1386 facile
727 1331 1078 1386 declinassent
1104 1348 1119 1394 ;
1151 1347 1270 1384 nam
1297 1346 1415 1384 cum
1442 1347 1507 1384 ex
1540 1330 1830 1399 vulgarium

241 1431 295 1475 et
317 1422 624 1490 ignobilium
653 1437 830 1477 essem
853 1437 1092 1486 numero,
1113 1422 1176 1474 ad
1195 1422 1296 1475 hoc
1314 1437 1446 1490 opus
1464 1422 1658 1476 missus
1680 1436 1833 1474 ntnn-

238 1528 402 1581 quam
427 1512 642 1568 fuissem
667 1529 683 1566 :
714 1528 884 1583 neque
910 1512 1036 1566 tnihi
1063 1511 1256 1566 bellum
1290 1522 1472 1566 contra
1503 1511 1828 1566 Atnalecitas

241 1606 386 1660 Deus
414 1605 808 1668 commisisset;
837 1620 942 1674 quo
969 1604 1095 1658 mihi
1121 1620 1225 1658 non
1255 1604 1538 1658 commisso
1561 1605 1612 1657 in
1641 1619 1828 1673 pecca-

242 1706 356 1750 tum
397 1696 703 1766 hujusmodi
753 1711 1039 1765 numquam
1080 1695 1406 1749 incidissem.
1466 1694 1661 1748 Verum
1715 1695 1830 1750 haec

241 1793 426 1844 omnia
467 1790 534 1844 ad
582 1789 950 1845 defensionem
1003 1789 1210 1844 infirma
1261 1799 1418 1853 sunt;
1476 1805 1576 1844 nec
1621 1790 1828 1844 infirma

241 1883 429 1951 modo,
450 1883 542 1938 sed
572 1883 888 1952 periculosa,
911 1898 1028 1952 quae
1055 1882 1146 1936 Dei
1172 1883 1340 1952 magis
1362 1882 1494 1936 iram
1516 1882 1826 1936 accendant.

245 1975 378 2029 Eum
409 1975 571 2036 enim,
605 1975 694 2044 qui
739 1973 942 2027 meritis
969 1972 1224 2040 majorem
1255 1971 1563 2041 dignitatem
1603 1971 1826 2039 accepit,

243 2081 352 2120 non
372 2073 588 2134 oportet
609 2066 675 2118 ad
700 2074 1031 2134 peccatorum
1050 2063 1450 2117 excusationem
1477 2061 1693 2116 honoris
1717 2078 1830 2116 nta-

241 2155 575 2226 gnitudinem
605 2154 908 2218 ostendere,
934 2153 1026 2209 sed
1049 2153 1114 2208 ad
1142 2153 1395 2222 majorem
1419 2154 1471 2206 in
1491 2154 1684 2208 virtute
1707 2169 1826 2222 pro-

243 2245 446 2299 fectum
477 2245 552 2298 uti
597 2259 792 2313 magno
817 2244 907 2297 illo
939 2244 1029 2298 Dei
1076 2259 1198 2312 erga
1229 2258 1288 2298 se
1317 2243 1511 2297 studio.
1565 2241 1660 2296 llle
1701 2258 1828 2296 vero

241 2337 365 2405 quia
409 2336 688 2390 meliorem
732 2344 918 2389 nactus
944 2333 1278 2404 dignitatem,
1311 2334 1428 2388 ideo
1472 2348 1694 2404 peccare
1725 2333 1826 2388 sibi

241 2430 444 2484 licitum
472 2442 594 2483 esse
637 2427 991 2493 existimabat,
1023 2426 1155 2480 nihil
1199 2425 1360 2488 aliud,
1411 2441 1567 2494 quam
1600 2425 1690 2478 Dei
1714 2425 1826 2478 cle-

241 2521 497 2576 mentiam
542 2528 880 2589 peccatorum
907 2533 1124 2574 suorum
1153 2532 1369 2572 causam
1409 2518 1582 2572 facere
1607 2527 1828 2571 conatus

241 2622 345 2666 est.
377 2611 530 2680 Quod
555 2625 684 2665 sane
706 2611 900 2681 impiis,
930 2619 984 2664 et
1008 2609 1071 2664 iis
1090 2609 1177 2679 qui
1207 2609 1368 2662 vitam
1392 2610 1576 2678 ignave
1605 2610 1823 2674 ducunt,

243 2716 362 2757 mos
389 2701 692 2758 estdicere.
729 2700 839 2756 Nos
861 2711 1039 2756 autem
1064 2716 1171 2756 non
1199 2701 1278 2754 sic
1319 2699 1535 2755 allectos
1560 2714 1698 2766 esse,
1727 2715 1828 2754 nec

243 2795 299 2846 in
325 2792 552 2848 similem
589 2791 837 2847 decidere
882 2792 1141 2846 insaniam
1169 2790 1342 2857 decet,
1374 2790 1468 2844 sed
1509 2791 1702 2860 ubique
1727 2807 1844 2850 ουκ

242 2899 366 2938 rare
411 2892 467 2936 ut
491 2899 610 2952 quae
654 2883 918 2936 facultatis
946 2891 1143 2936 nostrne
1187 2891 1310 2936 sunt
1351 2881 1734 2946 adhibeamus,
1764 2896 1827 2935 ac

242 2972 381 3028 bene
402 2972 468 3027 de
490 2973 600 3027 Deo
620 2972 913 3041 cogitemus
935 2980 990 3026 et
1019 2971 1313 3040 loquamur.
1344 2970 1523 3040 Neque
1541 2971 1682 3024 enim
1711 2970 1824 3032 lleli

244 3066 323 3131 (1.
364 3063 494 3134 Reg.
525 3063 578 3116 «1.
631 3062 741 3132 18),
772 3071 830 3117 ut
856 3063 1020 3116 misso
1047 3077 1212 3131 regno
1241 3061 1306 3115 ad
1339 3061 1718 3123 sacerdotium,
1761 3063 1827 3114 de

241 3170 348 3224 quo
374 3169 514 3208 nunc
538 3154 732 3223 agitur,
765 3162 1116 3219 transeamus,
1155 3152 1505 3221 principatum
1535 3151 1713 3206 studio
1733 3165 1826 3205 ac-

240 3247 521 3315 quisierat.
548 3244 686 3312 Quid
726 3243 883 3314 igitur
907 3243 959 3298 id
1001 3243 1074 3298 illi
1119 3243 1328 3312 profuit,
1363 3256 1481 3295 cum
1507 3241 1826 3312 peccasset?

239 3337 380 3405 Quid
419 3336 559 3399 dico,
591 3336 949 3406 acquisierat?
980 3351 1045 3390 ne
1081 3335 1126 3389 si
1167 3334 1423 3389 voluisset
1447 3334 1680 3404 quidem,
1713 3334 1828 3403 lege

240 3431 314 3482 ita
368 3437 609 3498 cogente,
667 3436 873 3496 poterat
921 3425 1200 3495 effugere:
1236 3441 1356 3479 nam
1400 3440 1466 3479 ex
1518 3425 1652 3478 tribu
1703 3424 1826 3480 Levi

240 3531 398 3584 erat,
431 3527 485 3574 et
523 3521 871 3590 principatum
923 3535 990 3574 ex
1039 3518 1245 3588 generis
1300 3526 1445 3571 retro
1492 3517 1828 3572 successione

203 3629 222 3649 λ’
239 3617 491 3684 accipere
540 3615 687 3668 illum
736 3611 1033 3682 oportebat.
1079 3611 1326 3665 Attamen
1377 3617 1431 3664 et
1477 3609 1560 3662 hic
1589 3625 1690 3661 non
1723 3610 1827 3662 mi-

242 3708 417 3760 nintas
475 3705 703 3759 filiorum
761 3702 1061 3772 petulantia:
1105 3702 1118 3732 ¹
1165 3717 1348 3770 pmnas
1392 3701 1505 3753 luit.
1559 3699 1692 3766 Qttid
1730 3715 1826 3752 au-

245 3810 353 3854 tent
397 3799 489 3853 illc
518 3799 605 3868 qui
654 3797 856 3866 primus
880 3795 1184 3850 Judteorum
1211 3792 1458 3847 sacerdos
1487 3791 1600 3854 fuit,
1629 3791 1695 3844 de
1725 3806 1830 3860 quo

248 3903 356 3945 tam
403 3891 571 3944 multa
602 3904 722 3943 cum
770 3888 950 3958 Moyse
979 3888 1117 3942 Deus
1146 3885 1307 3940 verba
1349 3883 1508 3939 fecit?
1552 3884 1682 3951 Quia
1725 3900 1828 3937 non

246 3983 416 4054 potuit
443 3983 590 4037 solus
607 3991 764 4036 tantm
787 3979 1138 4035 multitudinis
1165 3979 1328 4032 furori
1350 3976 1610 4032 obsistere
1635 3976 1827 4047 (Exod.

247 4074 334 4128 5?...
372 4070 486 4143 10),
513 4086 688 4125 annon
711 4086 894 4141 parum
924 4070 1090 4124 abfuit
1119 4070 1242 4139 qttin
1283 4069 1498 4138 periret,
1529 4068 1626 4122 nisi
1653 4066 1832 4122 fratris

244 4165 603 4236 patrocinium
633 4164 727 4218 Dei
775 4164 904 4216 iram
948 4161 1258 4216 avertisset?
1284 4161 1414 4228 Quia
1463 4175 1588 4216 vero
1633 4160 1832 4231 Moysis

243 4259 576 4312 mentionem
610 4252 857 4318 fecimus,
884 4267 916 4308 e
943 4269 1000 4309 re
1034 4251 1192 4306 fuerit
1217 4253 1375 4307 etiam
1402 4267 1469 4305 ex
1500 4251 1563 4304 iis
1586 4267 1704 4320 quae
1734 4249 1832 4320 ipsi

245 4349 586 4418 contigerunt
613 4346 690 4416 rei
712 4347 986 4399 veritatem
1008 4345 1255 4413 probare.
1282 4343 1376 4396 llic
1399 4344 1592 4412 quippe
1610 4343 1668 4396 Β.
1685 4342 1831 4412 Moy-

236 4458 325 4499 ses
356 4449 573 4496 tantum
602 4439 798 4502 abfuit,
828 4447 886 4492 ut
909 4438 1288 4508 praefecturam
1319 4433 1629 4489 Judazorum
1661 4435 1820 4487 inva-

237 4535 413 4594 deret,
453 4540 512 4586 ut
537 4532 778 4587 oblatam
816 4537 1098 4586 recusaret
1128 4531 1146 4598 (
1171 4527 1344 4581 Exod.
1373 4529 1425 4582 4.
1469 4527 1578 4598 15),
1606 4524 1824 4592 Dcoque

233 4623 466 4690 jubente
497 4627 775 4685 renueret,
800 4627 965 4688 atque
987 4619 1165 4689 ipsum
1197 4618 1458 4672 irritaret.
1481 4615 1669 4686 Neque
1695 4624 1826 4670 tunc

251 4722 479 4775 tantum,
503 4709 595 4763 sed
619 4710 777 4762 etiam
804 4715 1009 4776 postea,
1035 4721 1154 4759 cum
1177 4705 1527 4774 principatum
1551 4702 1832 4768 obtineret,

251 4804 443 4855 lubens
470 4809 698 4853 mortem
733 4797 1003 4860 subiisset,
1027 4804 1086 4849 ut
1104 4813 1223 4850 eutn
1251 4803 1469 4849 exueret
1495 4811 1508 4846 :
1535 4787 1719 4846 Occide
1740 4809 1832 4856 me,

250 4893 442 4964 inquit,
467 4893 509 4946 si
537 4893 606 4944 ita
643 4907 836 4943 mecum
865 4893 1094 4961 facturus
1117 4905 1169 4942 cs
1203 4886 1391 4960 (Num.
1428 4888 1514 4942 11.
1547 4887 1662 4958 15).
1702 4882 1839 4951 Quid

250 4987 433 5055 igitur,
480 4993 758 5053 postquam
781 4981 1017 5052 peccavit
1047 4980 1112 5036 ad
1139 4995 1350 5050 aquam,
1387 4988 1676 5048 potuerene
1705 4975 1838 5029 assi-

249 5080 368 5133 duze
409 5077 515 5132 illa:
543 5076 905 5132 recusationes
942 5074 1114 5143 ipsum
1144 5072 1454 5138 defendere,
1481 5080 1533 5126 et
1561 5087 1588 5123 a
1616 5069 1726 5124 Deo
1749 5084 1842 5122 ve-

251 5174 395 5227 niam
448 5171 734 5240 impetrare
777 5167 960 5238 (Num.
1001 5164 1250 5234 90.12)?
1295 5177 1581 5233 ecquanam
1632 5161 1730 5215 alia
1775 5159 1840 5213 de

249 5281 410 5322 causa
458 5275 597 5318 terra
627 5263 714 5317 illa
744 5259 1111 5330 promissionis
1139 5259 1370 5328 privatus
1395 5257 1511 5312 est?
1543 5255 1696 5310 Certe
1735 5268 1840 5308 non

249 5360 375 5424 alia,
409 5365 469 5410 ut
506 5367 698 5409 omnes
737 5353 954 5415 scimus,
988 5366 1144 5419 quam
1176 5359 1394 5420 propter
1424 5350 1524 5403 hoc
1548 5357 1838 5417 peccatum,

250 5449 401 5520 cujus
430 5461 592 5502 causa
621 5443 967 5500 admirandus
991 5442 1080 5497 ille
1104 5441 1183 5495 vir
1211 5457 1315 5494 non
1345 5440 1553 5506 eadem,
1586 5454 1703 5510 qua:
1727 5439 1848 5492 sub-

253 5542 367 5606 diti,
395 5537 653 5606 consequi
680 5535 885 5605 potuit;
913 5533 1006 5588 sed
1036 5540 1155 5602 post
1177 5533 1374 5586 multos
1395 5529 1605 5585 labores
1630 5527 1848 5581 multas-

259 5648 362 5702 que
389 5630 662 5694 miserias,
686 5635 805 5697 post
831 5624 1194 5697 evagationem
1232 5623 1374 5677 illam
1417 5619 1844 5689 inenarrabilem,

318 5733 472 5790 "alii,
497 5724 784 5794 iniquitatis.

1464 307 1548 363 DE
1583 301 2030 361 SACERDOTIO.
2072 305 2198 359 Llll.
2243 305 2327 360 IV.

3421 327 3523 380 669

1947 429 2067 486 post
2095 419 2230 474 bella
2251 430 2302 475 et
2332 433 2526 492 troptea
2551 433 2700 479 extra
2729 435 2922 482 terram
2958 429 3098 484 illam
3126 432 3276 500 obilt,
3300 449 3395 504 pro
3421 455 3520 508 qua

1942 517 2018 562 tot
2044 521 2349 580 susceperat
2396 514 2624 581 labores,
2656 519 2920 590 marisque
2947 521 3282 580 incommoda
3313 543 3518 599 passus,

1939 611 2122 668 portus
2140 603 2418 658 commoda
2448 621 2553 661 non
2581 622 2896 678 assequutus
2916 621 3016 666 est.
3045 611 3206 668 Vides
3235 631 3338 671 non
3362 620 3524 674 modo

1938 694 2259 761 raptoribus,
2291 697 2384 752 sed
2407 699 2567 752 etiam
2599 701 2664 754 iis
2687 702 2775 771 qui
2805 702 3024 758 aliorum
3055 706 3228 760 studio
3260 709 3362 764 huc
3391 726 3514 766 eve-

1939 781 2154 848 huntur,
2203 786 2400 840 nullam
2451 789 2677 860 relinqui
2724 803 3056 860 peccatorum
3097 800 3516 856 excusationem.

1935 872 2158 940 Quando
2202 878 2346 932 enim
2374 879 2429 945 ii,
2455 881 2544 949 qui
2593 882 2701 936 Deo
2727 897 2788 938 se
2813 885 3090 942 ordinante
3119 903 3512 957 recnsaverant,

1935 971 2112 1019 tantas
2139 981 2322 1036 poenas
2345 967 2574 1036 luerunt,
2605 972 2837 1042 nihilque
2865 980 3031 1043 potuit
3061 977 3130 1032 ab
3154 979 3254 1034 hoc
3283 983 3516 1051 periculo

1947 1052 2188 1107 eximere
2217 1055 2550 1115 Aarunmon
2577 1057 2716 1123 Heli,
2749 1075 2858 1113 non
2889 1062 3102 1116 beazttm
3137 1062 3284 1117 illum
3320 1064 3517 1123 virum.

1938 1151 2211 1210 sanctum,
2239 1147 2584 1216 prophetam,
2623 1151 2924 1206 mirabilem
2955 1188 2970 1216 ,
3006 1153 3362 1208 mitissimum
3398 1169 3520 1208 om-

1937 1235 2091 1290 nium
2117 1237 2212 1307 qui
2233 1247 2389 1293 erant
2409 1256 2574 1312 super
2601 1251 2801 1298 terram
2824 1245 3011 1313 (Num.
3036 1246 3122 1300 12.
3139 1246 3191 1315 5)
3210 1248 3366 1316 quasi
3389 1248 3521 1301 ami-

1939 1341 2062 1382 cum
2082 1343 2206 1384 cum
2226 1329 2336 1388 Deo
2351 1334 2752 1405 colloquentem
2773 1336 2969 1408 (Exod.
2989 1339 3075 1394 55.
3100 1339 3215 1408 11):
3236 1340 3321 1394 vix
3341 1341 3518 1401 nobis.

1931 1421 2021 1489 qui
2049 1421 2117 1475 ab
2144 1423 2286 1480 illius
2318 1427 2507 1479 virtute
2535 1434 2737 1481 tantum
2767 1428 3037 1493 absumus,
3073 1429 3203 1484 satis
3227 1429 3292 1483 ad
3324 1430 3512 1486 defen-

1929 1513 2134 1568 sionem
2177 1529 2300 1569 esse
2345 1517 2560 1585 poterit,
2607 1518 2745 1588 quod
2777 1519 2930 1575 nobis
2968 1521 3168 1575 conscii
3196 1521 3382 1586 simus,
3415 1537 3512 1575 nos

1930 1605 2231 1674 hujusmodi
2252 1623 2442 1663 munus
2464 1610 2610 1664 nullo
2633 1611 2808 1666 studio
2827 1622 3181 1681 consequutos
3197 1627 3318 1668 esse
3349 1627 3512 1669 :cunt

1931 1699 2160 1751 maxime
2210 1700 2389 1753 multm
2417 1715 2479 1754 ex
2511 1699 2813 1768 hujusmodi
2844 1702 3264 1756 ordinationibus
3295 1718 3396 1756 non
3424 1703 3508 1756 di-

1928 1789 2050 1842 vina
2092 1790 2262 1859 gratia
2295 1789 2443 1854 fiant,
2487 1791 2580 1846 sed
2613 1791 2886 1846 hominum
2914 1793 3109 1846 studio.
3153 1793 3342 1847 Judam
3373 1794 3512 1846 Deus

1929 1879 2109 1948 elegit,
2152 1890 2205 1933 et
2237 1879 2289 1933 in
2324 1889 2566 1934 sanctum
2597 1882 2743 1936 illum
2771 1883 2990 1936 chorum
3020 1883 3308 1952 coeptavit,
3352 1894 3511 1952 atque

1929 1967 2029 2037 ipsi
2061 1970 2406 2037 apostolicam
2435 1970 2744 2040 dignitatem
2773 1978 2834 2025 ut
2861 1971 3078 2041 reliquis
3109 1971 3356 2038 tradidit;
3404 1973 3510 2026 inm

1928 2059 2194 2129 quidpiam
2231 2060 2344 2128 plus
2370 2061 2520 2116 dedit
2560 2077 2717 2131 quam
2760 2063 2899 2127 aliis,
2946 2066 3289 2130 pecuniarum
3319 2079 3510 2132 nempe

1927 2149 2382 2217 dispensationem
2431 2151 2610 2222 (Joan.
2642 2151 2727 2204 12.
2775 2151 2850 2219 6).
2894 2151 3029 2218 Quid
3063 2152 3256 2220 igitur?
3283 2169 3348 2207 au
3388 2155 3509 2222 quia

1928 2251 2156 2311 utroque
2192 2258 2414 2298 munere
2440 2254 2626 2298 contra
2667 2260 2823 2312 quam
2855 2243 3039 2300 debuit
3081 2260 3207 2300 usus
3233 2255 3338 2310 est,
3387 2261 3509 2300 cum

1928 2348 2068 2398 eum,
2119 2350 2276 2404 quem
2323 2335 2720 2404 prrcdicandtnn
2767 2346 3107 2404 susceperat,
3154 2337 3409 2405 prodidit,
3457 2349 3512 2392 et

1929 2425 2160 2480 creditas
2193 2427 2442 2494 pecunias
2471 2426 2609 2480 male
2647 2427 2921 2497 impendit,
2951 2427 3266 2496 supplicium
3293 2427 3510 2496 elfugit?

1927 2513 2084 2570 Certe
2111 2515 2210 2570 hoc
2243 2517 2577 2585 potissimum
2611 2517 2825 2571 nomine
2851 2517 3065 2587 gravius
3094 2517 3216 2571 inde
3243 2517 3342 2572 sibi
3381 2533 3508 2587 sup-

1930 2607 2143 2676 plicium
2170 2609 2418 2673 attraxit;
2451 2608 2748 2678 idquejurc
2775 2609 2986 2664 merito.
3018 2609 3133 2664 Non
3163 2610 3303 2662 enim
3333 2625 3364 2663 a
3401 2609 3510 2663 Deo

1928 2701 2161 2767 acceptis
2192 2698 2485 2772 honoribus
2510 2699 2576 2753 ad
2604 2699 2719 2768 ejus
2745 2699 3095 2754 oﬂ‘ensioncm
3121 2701 3374 2754 utendum
3401 2711 3502 2760 est,

1927 2788 2024 2843 sed
2051 2787 2116 2842 ad
2164 2789 2212 2843 ei
2253 2787 2421 2857 magis
2450 2788 2784 2858 placendum.
2836 2789 2928 2844 Ille
2955 2805 3102 2856 vero,
3139 2791 3261 2858 quia
3308 2790 3510 2858 majore

1927 2883 2175 2952 dignatus
2203 2881 2426 2947 honore,
2452 2881 2578 2936 dum
2606 2890 2777 2952 rogat,
2804 2882 3038 2936 debitum
3066 2884 3166 2937 sibi
3195 2883 3510 2951 supplicium

1928 2973 2162 3042 ell‘ugere
2203 2988 2360 3042 posse
2390 2972 2566 3037 liceat,
2597 2971 2817 3041 perinde
2856 2973 2963 3042 agit
2997 2988 3060 3027 ac
3084 2972 3130 3026 si
3176 2973 3293 3042 quis
3323 2989 3386 3026 cx
3435 2973 3512 3025 in-

1928 3065 2157 3120 credulis
2187 3063 2383 3118 Judaeis
2409 3063 2676 3118 Christum
2710 3063 2934 3118 audiens
2962 3065 3246 3129 dicentem,
3277 3064 3393 3118 Nisi
3432 3083 3511 3118 ve-

1929 3159 2131 3221 nissem,
2157 3166 2202 3209 et
2231 3158 2466 3226 loquutus
2496 3156 2700 3225 fuissent
2730 3157 2822 3220 eis,
2847 3165 3103 3226 peccatum
3125 3173 3226 3210 non
3252 3157 3510 3218 haberent;

1929 3259 1976 3303 et
2002 3249 2100 3302 nisi
2126 3249 2272 3320 signa
2299 3248 2523 3316 fecissem
2549 3249 2643 3314 eis,
2675 3265 2786 3317 qtae
2813 3248 2983 3302 nullus
3009 3249 3140 3302 alius
3170 3252 3372 3320 fecerat,
3397 3257 3514 3318 pm

1929 3351 2096 3394 catum
2125 3356 2224 3393 non
2245 3339 2478 3393 haberent
2501 3337 2678 3409 (Joan.
2706 3341 2792 3395 15.
2815 3339 2906 3392 22.
2935 3338 3050 3411 24),
3083 3338 3417 3394 Servatorem
3448 3357 3513 3406 ac;

1928 3431 2224 3484 beneficum
2247 3432 2512 3484 incursaret
2540 3431 2621 3484 his
2641 3431 2853 3486 verbis:
2883 3430 2990 3485 Cur
3017 3431 3206 3484 venisti
3233 3445 3294 3484 ac
3323 3429 3511 3501 loquu-

1931 3533 2014 3576 tus
2040 3521 2134 3576 es?
2162 3537 2257 3575 cur
2281 3523 2430 3591 signa
2478 3521 2667 3588 fecisti,
2701 3529 2759 3576 ut
2787 3522 2992 3590 majore
3019 3536 3114 3576 nos
3139 3523 3393 3590 supplicio
3431 3522 3510 3576 af-

1931 3612 2154 3667 ficeres?
2177 3613 2284 3667 Sed
2309 3612 2504 3667 furoris
2526 3627 2586 3668 ac
2616 3627 2839 3667 summa:
2869 3612 3087 3666 insania:
3109 3626 3230 3667 sunt
3253 3613 3367 3668 hmc
3389 3628 3512 3667 vcr-

1932 3705 2016 3758 ba.
2073 3703 2308 3758 Medicus
2339 3703 2480 3759 enim
2511 3719 2618 3758 non
2647 3713 2705 3758 ut
2733 3714 2783 3757 te
2811 3703 3088 3759 damnaret
3109 3704 3255 3759 venit
3276 3745 3291 3770 ,
3331 3703 3425 3759 sed
3458 3713 3512 3758 ut

1931 3807 2190 3859 curaret;
2232 3810 2336 3848 non
2379 3803 2437 3848 ut
2482 3802 2534 3849 te
2561 3803 2905 3864 aegrotantem
2954 3793 3270 3864 deSpiceret,
3314 3793 3406 3849 sed
3457 3805 3515 3848 ιιι

1930 3901 1958 3939 a
1978 3885 2166 3940 morbo
2189 3884 2396 3954 penitus
2410 3884 2769 3954 liberaretJe
2785 3892 2962 3938 autem
2983 3884 3121 3938 ultro
3133 3883 3247 3954 ejus
3269 3885 3514 3938 manibus

1882 3973 1890 3982 '
1932 3973 2295 4030 summovisti:
2326 3974 2537 4044 gravius
2559 3973 2716 4043 igitur
2741 3973 3057 4042 supplicium
3076 3973 3286 4028 subeas.
3315 3972 3511 4038 Quem-

1932 4065 2216 4121 admodum
2244 4067 2385 4119 enim
2411 4065 2455 4119 si
2480 4064 2737 4120 curationi
2769 4072 2819 4118 te
2845 4063 3189 4127 subdidisses,
3218 4079 3248 4117 a
3276 4064 3511 4133 pristinis

1933 4157 2088 4212 malis
2119 4156 2429 4211 liberareris
2467 4173 2480 4210 :
2532 4155 2610 4210 sic
2637 4154 2755 4225 quia
2789 4161 3102 4223 praesentem
3127 4152 3375 4222 effugisti,
3406 4168 3511 4206 nun

1935 4250 2069 4302 ultra
2101 4247 2301 4319 poteris
2332 4246 2417 4300 illa
2447 4245 2772 4314 abstergere,
2804 4258 3032 4312 cumque
3062 4257 3163 4296 non
3196 4241 3386 4311 possis,
3418 4241 3514 4295 ho-

1935 4357 2052 4395 rum
2083 4353 2265 4409 pmnas
2290 4338 2475 4402 dabis;
2520 4345 2573 4391 et
2597 4336 2719 4407 quia
2749 4350 2958 4398 vanam,
2987 4343 3239 4404 quantum
3273 4347 3436 4403 penes
3463 4344 3513 4386 te

1936 4430 2181 4499 fuit,ejus
2205 4427 2613 4482 sollicitudinem
2641 4425 2832 4491 fecisti,
2858 4425 2976 4479 ideo
2998 4440 3100 4479 non
3132 4422 3332 4495 parem",
3357 4439 3512 4492 quam

1935 4531 2059 4576 ante
2087 4520 2336 4574 collatum
2368 4534 2398 4572 a
2431 4518 2539 4572 Deo
2586 4517 2864 4582 honorem,
2899 4516 2991 4572 sed
3023 4517 3178 4587 longe
3215 4517 3512 4586 graviorem

1936 4612 2228 4667 cruciatum
2257 4610 2562 4666 sustinebis.
2607 4610 2818 4664 Etenim
2861 4609 2925 4674 is,
2957 4625 3112 4680 quem
3145 4609 3398 4664 beneficia
3428 4624 3512 4662 ac-

1937 4713 2088 4774 cepta
2117 4703 2388 4759 meliorem
2413 4719 2516 4756 non
2539 4701 2790 4765 reddunt,
2815 4702 2935 4770 jure
2958 4701 3200 4756 acerbius
3228 4701 3380 4769 plecti
3403 4717 3515 4755 me-

1938 4804 2103 4849 retur.
2149 4795 2282 4861 Quia
2330 4795 2490 4864 igitur
2529 4793 2832 4862 hujusmodi
2879 4789 3118 4847 defensio
3165 4792 3370 4845 infirma
3397 4806 3515 4847 esse

1939 4886 2358 4950 demonstratur,
2406 4899 2508 4939 nec
2535 4885 2706 4939 solum
2757 4899 2859 4937 non
2892 4892 3092 4937 tutatur
3128 4897 3220 4938 eos
3247 4883 3334 4951 qui
3361 4882 3424 4936 ad
3457 4883 3516 4936 il-

1939 4973 2042 5030 lam
2071 4970 2399 5045 confngiunt,
2448 4969 2542 5028 sed
2573 4975 2738 5044 magis
2769 4974 2927 5028 etiam
2972 4971 3164 5042 prodit,
3193 4971 3334 5026 aliud
3366 4971 3516 5026 nobis

1941 5065 2244 5136 prmsidium
2275 5064 2637 5134 quaerendum.

2012 5149 2285 5222 Quodnam
2316 5153 2482 5208 illud?
2525 5149 2693 5224 inquit
2738 5148 3059 5217 BASlLlUS,
3091 5147 3516 5222 quandoquidem

1945 5262 2043 5317 ego
2080 5245 2130 5299 in
2162 5245 2367 5315 meipso
2396 5260 2515 5299 esse
2549 5260 2652 5298 non
2680 5259 2894 5315 possum
2922 5262 2934 5296 :
2970 5252 3170 5296 tantum
3195 5241 3321 5295 mihi
3350 5250 3518 5296 terro-

1947 5339 2023 5393 ris
2047 5353 2108 5393 ac
2132 5335 2426 5393 formidinis
2455 5338 2614 5392 verba
2646 5345 2732 5389 tua
2765 5337 3119 5390 incusserunt.
3143 5327 3517 5390 CIIRYSOST.

1945 5431 2043 5500 Ne,
2070 5447 2250 5503 quaeso
2282 5439 2335 5486 et
2363 5431 2608 5494 obsecro,
2633 5437 2685 5483 te
2712 5443 2945 5494 eousque
2971 5425 3208 5496 dejicias.
3243 5426 3333 5480 Est
3357 5425 3518 5488 enim,

1950 5535 2033 5582 est
2070 5539 2200 5579 sane
2227 5521 2530 5592 prmsidium
2569 5515 2720 5574 nobis
2764 5517 3010 5582 infirmis,
3041 5525 3098 5568 ut
3125 5529 3410 5584 numquam
3457 5529 3520 5568 eo

1951 5614 2275 5679 incidamus;
2300 5612 2448 5666 vobis
2474 5619 2650 5664 autem
2681 5607 2921 5673 fortibus,
2947 5617 3002 5659 ιιι
3022 5621 3171 5674 spem
3198 5606 3381 5658 salutis
3407 5614 3521 5673 post

1957 5707 2050 5765 Dei
2077 5706 2299 5778 gratiam
2326 5718 2430 5759 non
2457 5701 2580 5759 alibi
2610 5700 2836 5772 ponatis,
2855 5713 3010 5770 quam
3030 5705 3084 5751 ut
3103 5695 3229 5750 nihil
3257 5696 3523 5766 indignum
