4050 6160
499 325 604 378 063
618 363 638 370 ς

500 437 703 494 faciatis
730 437 818 493 illo
844 436 984 492 dono
1012 444 1066 491 et
1095 435 1210 506 ipso
1238 434 1488 504 largitore
1517 431 1643 487 Deo.
1672 430 1899 485 Maximo
1925 427 2080 498 quip-

498 545 567 600 pe
604 527 869 600 supplicio
897 525 1040 597 digni
1067 533 1224 580 erunt
1259 524 1312 589 ii,
1343 522 1433 594 qui
1467 531 1746 592 postquam
1783 517 1961 574 studio
1986 532 2084 572 suo

497 620 813 691 dignitatem
840 616 1140 687 hujusmodi
1173 625 1296 670 sunt
1319 614 1516 683 adepti,
1546 611 1629 666 vel
1659 627 1725 666 ex
1753 610 1980 682 ignavia,
2000 609 2084 664 vel

493 730 559 769 ex
587 713 945 782 improbitate,
964 703 1060 765 ’νει
1088 725 1150 764 ες
1185 707 1466 777 imperitia,
1497 721 1602 760 non
1632 713 1778 759 recte
1804 702 1892 756 illa
1921 711 2082 756 utun-

493 815 600 860 tur.
626 803 807 873 Neque
835 813 1012 857 tamen
1039 800 1160 855 ideo
1190 801 1274 867 iis,
1297 799 1388 870 qui
1417 797 1559 852 nullo
1584 796 1761 852 studio
1792 796 1957 864 ipsam
1997 808 2086 849 as-

494 894 705 964 sequuti
746 903 890 958 sunt,
924 892 1078 947 venia
1107 890 1445 960 relinquitur,
1476 888 1573 944 sed
1599 903 1669 942 ne
1708 887 1838 956 ipsis
1867 885 2080 956 quidem

499 985 602 1038 ulla
629 991 874 1053 superest
892 967 1418 1051 excusatio.0portet
1437 979 1600 1045 enim,
1626 977 1874 1043 arbitror,
1891 990 2080 1046 quam-

495 1077 578 1130 vis
611 1076 847 1131 sexcenti
891 1075 1155 1130 advocent
1182 1081 1236 1128 et
1259 1079 1474 1142 cogant,
1501 1086 1607 1125 non
1626 1069 1760 1124 illos
1785 1069 2076 1139 respicere,

491 1168 586 1223 sed
632 1167 804 1238 primo
830 1167 1068 1221 animum
1097 1165 1378 1235 explorare
1405 1178 1582 1230 suum,
1624 1170 1679 1216 et
1703 1161 1879 1216 omnia
1918 1174 2078 1214 accu-

491 1269 606 1315 rate
633 1269 925 1315 scrutatum
954 1259 1027 1314 ita
1057 1259 1162 1313 vim
1191 1255 1543 1337 inferentibus
1571 1254 1784 1310 cedere.
1815 1251 1932 1308 Jam
1960 1252 2081 1305 nul-

491 1351 575 1406 ius
604 1367 664 1408 se
691 1351 908 1408 domum
936 1350 1322 1406 aedificaturum
1348 1348 1586 1419 polliceri
1628 1347 1841 1411 audeat,
1870 1345 1969 1400 nisi
2002 1344 2080 1399 sit

493 1443 840 1511 architectus,
882 1458 1056 1513 neque
1096 1441 1407 1512 argrotantia
1449 1454 1673 1510 corpora
1719 1452 1930 1502 curare,
1977 1436 2076 1490 nisi

495 1535 814 1592 medicinam
841 1535 1065 1600 calleat;
1112 1533 1204 1589 sed
1225 1533 1432 1588 etiamsi
1457 1533 1562 1586 vim
1587 1529 1836 1593 inferant,
1867 1543 2079 1598 semper

492 1627 736 1692 obsistet,
760 1625 1107 1697 nec~pudebit
1133 1640 1256 1680 eum
1285 1623 1614 1695 ignorantiae.
1645 1621 1738 1677 Cui
1763 1632 1942 1676 autem
1969 1631 2076 1674 tam

493 1718 1265 1772 multammanimammcura
1296 1714 1662 1770 concrcdenda
1693 1723 1794 1777 est,
1826 1713 2077 1766 isnonne

492 1809 640 1878 prius
661 1808 736 1864 sei
745 1822 896 1877 psum
919 1806 1381 1877 explorabit,-sed,
1414 1805 1621 1860 etiamsi
1643 1803 2076 1871 omnium-impe-

492 1900 778 1955 ritissimus
807 1899 895 1966 sit,
924 1897 1274 1953 ministerium
1304 1897 1578 1965 suscipiet,
1611 1895 1732 1965 quia
1761 1895 1899 1949 alius
1927 1893 2075 1964 quis-

491 1993 632 2062 piam
655 1990 708 2045 id
733 1990 906 2060 jubet,
947 1989 1189 2060 aliusque
1226 1989 1388 2059 cogit,
1419 1997 1566 2042 etne
1596 1986 1962 2057 itrcujttspiam
1991 1983 2075 2038 of-

491 2085 787 2140 fiensionem
819 2083 1092 2137 incurrat?
1119 2085 1308 2137 Annon
1337 2097 1396 2137 se
1439 2082 1554 2150 ipse
1583 2090 1775 2152 sponte
1809 2096 1930 2136 cum
1973 2080 2076 2134 illis

491 2177 545 2230 in
589 2174 936 2245 praecipitium
977 2173 1224 2244 conjicit?
1249 2171 1382 2227 Cum
1411 2172 1595 2226 liceret
1623 2173 1722 2226 sibi
1763 2171 1920 2226 saluti
1963 2187 2076 2226 sua:

490 2265 799 2331 consulere,
831 2265 967 2319 alios
992 2278 1173 2319 secum
1202 2263 1255 2318 in
1278 2263 1566 2334 perniciem
1591 2262 1772 2317 trahit.
1800 2263 2074 2318 Undenam

491 2359 719 2412 salutem
753 2370 974 2427 sperare
1014 2355 1222 2426 possit?
1249 2354 1389 2409 unde
1413 2355 1622 2409 veniam
1645 2354 1898 2424 consequi
1916 2353 1939 2406 ’ἰ
1958 2353 2076 2423 qui-

493 2465 615 2504 nam
648 2449 954 2524 tune'nobis
977 2447 1496 2519 patrocinabuntur?
1519 2461 1588 2501 an
1611 2447 1643 2500 ii
1675 2447 1764 2516 qui
1794 2447 1947 2501 nobis
1963 2447 2072 2500 vim

494 2555 634 2595 nunc
677 2539 926 2605 inferunt,
965 2549 1020 2594 et
1069 2539 1137 2594 ad
1178 2539 1552 2594 necessitatem
1579 2537 1834 2607 adigunt?
1862 2539 1931 2592 At
1977 2537 2075 2592 hos

491 2633 639 2702 ipsos
660 2633 786 2701 quis
832 2632 923 2686 illo
951 2639 1193 2701 tempore
1212 2629 1484 2685 servabit?
1521 2644 1642 2683 nam
1669 2637 1725 2684 et
1753 2629 1850 2698 ipsi
1880 2628 2074 2698 depre-

492 2723 761 2777 catoribus
797 2722 1131 2792 indigebunt,
1166 2731 1223 2776 ut
1264 2722 1441 2792 ignem
1481 2719 1754 2791 effugiant.
1781 2721 1934 2788 Quod
1978 2736 2074 2775 au-

494 2826 600 2870 tem
627 2815 743 2870 haec
767 2815 939 2870 dicam
971 2831 1075 2869 non
1103 2824 1160 2869 ut
1187 2815 1279 2870 tibi
1311 2825 1567 2870 terrorem
1600 2813 1994 2882 incutiam,scd
2020 2822 2077 2869 ut

491 2907 692 2961 veritas
735 2907 991 2977 postulat,
1038 2905 1159 2961 audi
1201 2904 1327 2976 quid
1371 2906 1565 2961 Paulus
1606 2905 1748 2961 dicat
1791 2905 2076 2962 Timotheo

492 2997 774 3066 discipulo,
821 3011 1073 3068 germano
1118 2997 1227 3052 filio
1271 3005 1431 3068 atque
1472 2996 1712 3052 dilecto:
1755 2995 1943 3051 Manus
1971 2997 2071 3050 cito

493 3088 678 3141 ncmini
697 3087 1173 3159 imposuerismeque
1186 3104 1350 3142 comm
1360 3087 1651 3142 unicavcris
1664 3087 1894 3160 peccatis
1905 3087 2092 3144 alienis

493 3179 571 3244 (l.
602 3176 731 3231 Tim.
766 3179 819 3233 5.
841 3178 955 3250 22).
989 3178 1174 3233 Viden‘
1199 3187 1395 3248 quanta
1423 3193 1539 3245 eos,
1585 3180 1677 3249 qui
1721 3193 1818 3234 nos
1841 3179 1923 3234 'ad
1953 3193 2073 3234 eam

493 3270 807 3340 dignitatem
823 3271 1128 3341 perducturi
1142 3279 1314 3340 erant,
1334 3285 1441 3325 non
1455 3271 1871 3342 reprehensione
1891 3272 2072 3340 modo,

491 3362 587 3417 sed
613 3363 772 3418 etiam
802 3376 981 3431 pinna,
1010 3371 1264 3430 quantum
1293 3362 1348 3416 in
1377 3361 1530 3416 nobis
1559 3360 1675 3427 fuit,
1697 3361 2076 3432 eripuerimus?

566 3454 622 3508 ‘2.
651 3455 750 3521 Qui
768 3454 916 3508 etiam
938 3469 1026 3523 per
1045 3452 1386 3522 ignorantiam
1408 3453 1644 3524 indignos
1664 3453 1922 3521 ordinant,
1942 3468 2077 3523 sepe

496 3544 757 3616 puniendi.
788 3573 861 3584 —-
884 3543 1034 3598 Sicut
1059 3544 1199 3599 enim
1227 3544 1313 3611 iis,
1336 3547 1429 3614 qui
1444 3545 1598 3600 electi
1626 3545 1792 3612 fuere,
1819 3561 1925 3600 non
1947 3547 2076 3600 satis

494 3638 668 3694 estad
695 3633 1061 3692 defenSionem
1091 3637 1290 3704 dicere,
1322 3637 1438 3692 Non
1485 3647 1674 3708 sponte
1702 3639 1924 3702 accessi,
1976 3654 2075 3693 nec

495 3744 609 3784 rem
648 3727 980 3798 prospiciens
1010 3725 1188 3798 effugi,
1223 3728 1294 3782 ita
1335 3743 1435 3783 nec
1472 3743 1587 3796 eos,
1635 3729 1725 3798 qui
1773 3727 2072 3798 elegerunt,

491 3819 717 3890 juvabit,
762 3820 807 3874 si
857 3818 1059 3886 dicant,
1107 3835 1166 3875 se
1195 3819 1495 3876 ordinatum
1540 3835 1647 3875 non
1693 3822 1933 3887 novisse;
1981 3821 2074 3875 sed

497 3913 619 3968 ideo
647 3912 818 3982 majus
835 3912 1044 3968 crimen
1075 3913 1321 3978 efficitur,
1346 3911 1469 3984 quia
1494 3928 1652 3983 quem
1683 3929 1789 3968 non
1817 3922 2076 3968 noverant

497 4003 880 4074 produxerunt,
915 4013 970 4060 et
1005 4020 1124 4075 quae
1159 4005 1373 4060 videtur
1397 4019 1520 4060 esse
1559 4003 1822 4073 defensio,
1870 4005 2073 4060 crimen

497 4105 670 4166 auget.
701 4095 982 4164 Quomodo
1009 4097 1153 4151 enim
1183 4110 1290 4151 non
1318 4095 1608 4151 absurdum
1635 4094 1812 4160 fuerit,
1863 4111 1956 4151 eos
1985 4097 2075 4166 qui

497 4188 818 4258 mancipium
848 4203 1029 4244 emere
1072 4187 1277 4254 volunt,
1328 4195 1382 4242 et
1418 4187 1644 4242 medicis
1671 4187 1974 4251 OStendere,
2025 4196 2078 4242 et

497 4279 787 4349 emptionis
805 4295 1093 4351 sponsores
1111 4279 1401 4350 postulare,
1422 4287 1476 4334 et
1501 4280 1703 4335 vicinos
1717 4280 2075 4351 interrogare,

499 4390 598 4430 nec
625 4386 799 4432 tamen
826 4386 1009 4447 postea
1049 4374 1341 4443 confidere,
1384 4373 1478 4431 sed
1505 4375 1811 4431 diuturnum
1838 4374 1905 4429 ad
1949 4390 2078 4444 pro-

499 4467 768 4521 bationem
815 4475 1025 4537 tempus
1070 4483 1294 4538 poscere
1319 4486 1330 4521 :
1361 4468 1415 4523 in
1446 4476 1652 4523 tantum
1679 4483 1806 4523 vero
1836 4467 2080 4522 ministe-

500 4558 638 4612 rium
667 4556 957 4613 inscribere
979 4558 1280 4628 quempiam
1307 4559 1565 4625 volentes,
1591 4567 1794 4614 temere
1814 4566 1869 4612 et
1889 4567 1948 4612 ut
1969 4557 2079 4612 fors

500 4649 655 4713 ferat,
688 4649 801 4704 sive
829 4649 896 4704 ad
926 4650 1177 4720 gratiam,
1206 4651 1322 4706 sive
1348 4651 1412 4706 ad
1439 4651 1689 4706 invidiam
1718 4649 2077 4705 testimonium

497 4741 860 4811 iudiciumque
901 4738 1065 4808 ferre,
1113 4741 1259 4795 nullo
1285 4742 1394 4795 alio
1420 4741 1602 4796 habito
1637 4741 1922 4796 examine?
1951 4741 2080 4808 Quis

502 4847 628 4902 ergo
645 4847 740 4902 pro
757 4832 910 4888 nobis
928 4843 1051 4886 tunc
1066 4831 1458 4902 deprecabitur,
1477 4847 1598 4888 cum
1617 4833 1716 4904 ipsi
1735 4834 1825 4904 qui
1845 4835 2076 4903 patroci-

502 4926 616 4979 nari
631 4923 901 4979 debebunt
915 4925 1208 4994 patrocinio
1222 4935 1413 4994 egeant
1427 4925 1450 4978 ἲ
1466 4925 1697 4981 Proinde
1709 4936 1921 4996 oportet
1933 4942 2077 4994 eum,

501 5017 589 5087 qui
607 5015 944 5071 ordinaturus
965 5025 1067 5080 est,
1098 5016 1260 5070 multa
1285 5015 1429 5085 prius
1457 5016 1839 5086 perquiSitione
1857 5018 1931 5072 uti
1952 5034 1966 5083 ;
1986 5019 2082 5072 sed

503 5110 669 5164 multo
692 5107 892 5177 majore
919 5124 1064 5175 eum,
1093 5107 1182 5178 qui
1212 5107 1536 5162 ordinandus
1560 5117 1661 5163 est.
1696 5108 1914 5163 Etiamsi
1938 5110 2080 5163 enim

505 5210 843 5269 peccatorum
875 5197 1119 5270 supplicii
1146 5206 1422 5253 consortes
1449 5199 1730 5254 habiturus
1755 5201 1825 5254 sit
1854 5216 1948 5256 eos
1991 5202 2082 5272 qui

505 5291 801 5360 elegerunt,
825 5299 1059 5344 attamen
1092 5304 1197 5343 non
1229 5291 1342 5358 ipse
1368 5288 1579 5358 quidem
1603 5288 1702 5344 hac
1719 5290 1924 5347 ratione
1951 5307 2082 5363 sup.

469 5381 720 5449 "‘plicium
753 5381 948 5446 evadit,
981 5381 1087 5435 imo
1113 5379 1326 5450 gravius
1345 5380 1602 5446 sustinet;
1629 5380 1730 5434 nisi
1757 5382 1980 5439 fortasse
2007 5383 2083 5438 illi

506 5469 734 5524 humana
763 5470 936 5542 aliqua
965 5472 1172 5526 ratione
1199 5471 1375 5536 ducti,
1403 5478 1588 5525 contra
1610 5485 1771 5540 quam
1801 5483 2084 5529 consenta-

507 5578 665 5616 neum
696 5563 795 5617 sibi
839 5563 1136 5629 videbatur,
1179 5563 1494 5619 eiectionem
1520 5561 1767 5618 fecerint.
1797 5565 1928 5620 Nam
1958 5567 2002 5622 si
2031 5568 2082 5622 in

507 5654 770 5723 ejusmodi
794 5655 984 5710 delicto
997 5655 1311 5723 deprehensi
1331 5655 1546 5722 fuerint,
1565 5664 1620 5710 et
1639 5673 1796 5728 quem
1813 5659 2084 5730 indignum

505 5751 654 5800 certo
675 5744 1124 5816 scirernt,quadam
1145 5744 1210 5802 de
1235 5759 1394 5802 causa
1419 5754 1740 5820 cooptartnt,
1773 5750 1919 5822 paria
1938 5748 2085 5810 luent

1207 320 1260 376 S.
1302 315 1580 374 JOANNIS
1617 308 2095 370 CllRYSOSTOMl
2140 306 2460 364 ARCHIEP.
2491 308 3022 368 CONSTANTINOP.
3057 277 3062 283 ~

3659 316 3767 373 ’664

2193 423 2449 494 supplicia
2474 441 2488 479 :
2516 425 2742 482 fortasse
2769 443 2898 484 vero
2922 428 3156 498 majores
3178 442 3361 500 pinnas
3381 429 3529 486 dabit
3555 433 3642 504 qui
3665 450 3766 491 non

2189 517 2437 575 idoneum
2463 521 2757 576 constituit.
2807 521 2938 576 Nam
2977 523 3067 594 qui
3118 533 3432 593 potestatem
3460 525 3551 582 dat
3575 527 3766 583 volenti

2189 609 2480 665 Ecclesiam
2511 625 2874 683 corrumpere,
2917 613 2963 668 is
2993 613 3285 670 facinorum
3311 615 3428 686 ejus
3456 627 3641 672 auctor
3663 619 3771 673 fue-

2145 689 2159 699 ’
2187 701 2277 756 rit.
2300 701 2451 769 Quod
2477 704 2523 758 si
2553 704 2680 758 nulli
2706 720 2891 760 eorum
2913 706 3175 762 obnoxius
3200 707 3314 778 ipse
3340 708 3516 776 fuerit,
3539 710 3631 765 sed
3649 713 3772 766 vul-

2186 792 2236 862 gi
2257 793 2510 862 opinione
2528 809 2589 849 se
2616 793 2897 864 deceptum
2919 795 3082 864 dicat,
3114 811 3183 852 ne
3207 796 3285 853 sic
3310 797 3523 868 quidem
3553 800 3770 870 impune

2185 884 2362 950 fuerit,
2405 885 2499 940 sed
2528 887 2687 957 paulo
2733 887 2989 955 minores,
3041 903 3199 957 quam
3243 890 3333 960 qui
3365 889 3644 945 ordinatus
3665 901 3769 950 est.

2180 975 2334 1030 dabit
2363 992 2568 1046 poenas.
2601 977 2815 1045 Quare?
2841 977 2974 1044 Quia
3005 979 3292 1035 verisimile
3324 980 3531 1036 videtur
3557 996 3652 1037 eos
3677 983 3770 1052 qui

2183 1065 2399 1134 elegere
2421 1065 2557 1121 falsa
2594 1067 2734 1138 vulgi
2761 1067 3012 1138 opinione
3035 1068 3289 1139 deceptos
3320 1085 3388 1126 eo
3412 1072 3646 1126 animum
3667 1087 3770 1142 ap-

2183 1159 2383 1228 pulisse
2398 1160 2527 1223 ;sed
2547 1160 2637 1230 qui
2658 1160 2860 1217 electus
2889 1160 2988 1216 fuit
3008 1177 3114 1217 non
3135 1162 3355 1232 perinde
3374 1163 3553 1219 dicere
3571 1172 3769 1234 potest,

2183 1249 2440 1320 Meipsum
2489 1251 2816 1321 ignorabam,
2847 1261 2905 1307 ut
2945 1253 3033 1307 alii
3063 1268 3122 1309 se
3166 1254 3439 1324 ignorasse
3481 1255 3653 1324 ipsum
3679 1255 3768 1310 di-

2181 1350 2329 1396 cunt.
2363 1341 2513 1398 Sicut
2533 1342 2700 1412 igitur
2724 1345 2937 1414 gravius
2960 1345 3273 1414 plectendas
3299 1353 3401 1411 est,
3433 1362 3592 1417 quam
3620 1348 3651 1401 ii
3675 1348 3767 1416 qui

2182 1433 2356 1502 ipsum
2379 1443 2723 1504 cooptarunt,
2765 1435 2835 1490 ita
2869 1438 3168 1492 accuratius
3211 1439 3291 1492 sui
3323 1438 3489 1508 ipsius
3517 1457 3770 1506 examen,

2181 1539 2338 1595 quam
2384 1525 2478 1590 illi,
2509 1525 2682 1581 facere
2721 1526 2916 1582 debet:
2950 1543 3014 1584 ac
3037 1529 3083 1584 si
3128 1529 3300 1599 ipsum
3330 1530 3417 1586 illi
3461 1531 3772 1601 ignorantes

2179 1615 2508 1684 pertrahunt,
2550 1616 2758 1672 obviam
2791 1620 2868 1673 ire
2893 1619 3070 1686 debet,
3110 1621 3410 1692 docereque
3435 1639 3622 1679 causas
3647 1640 3771 1691 eas,

2181 1718 2278 1772 per
2303 1719 2435 1775 quas
2460 1705 2527 1760 ab
2556 1706 2741 1763 errOre
2789 1708 3067 1775 desistant,
3114 1724 3277 1781 seque
3317 1713 3401 1767 vel
3451 1715 3773 1783 probatione

2157 1797 2453 1885 .indignum
2473 1799 2784 1866 ostendens,
2818 1815 2848 1855 a
2877 1812 3136 1857 tantarum
3165 1819 3342 1859 rerum
3371 1807 3510 1860 mole
3545 1807 3770 1861 eximat.

2179 1887 2287 1943 Cur
2311 1889 2451 1944 enim
2482 1905 2604 1945 cum
2633 1891 2701 1947 de
2721 1908 2785 1947 re
2806 1893 3048 1960 militari,
3083 1893 3152 1950 de
3181 1906 3501 1963 mercatura,
3529 1898 3597 1954 de
3622 1901 3775 1969 agri-

2177 1982 2402 2048 cultura,
2451 1983 2623 2054 deque
2651 1985 2768 2040 aliis
2812 1987 3163 2042 saecularibus
3205 1989 3369 2043 rebus
3409 1989 3769 2055 deliberatur,

2179 2089 2285 2129 non
2312 2075 2545 2146 agricola
2575 2078 2990 2148 navigationem,
3035 2093 3136 2132 nec
3164 2079 3319 2134 miles
3361 2081 3770 2150 agriculturam,

2179 2181 2279 2221 nec
2323 2167 2649 2236 gubernator
2689 2168 2931 2224 militiam
2981 2169 3254 2240 suscipiat,
3287 2171 3492 2226 etiamsi
3537 2181 3770 2228 mortem

2179 2258 2286 2313 illis
2306 2260 2608 2316 sexcenties
2625 2262 3004 2318 committeris?
3017 2262 3218 2333 Nempe
3233 2264 3352 2334 quia
3381 2265 3675 2333 periculum
3699 2283 3772 2322 ex

2127 2393 2132 2398 .
2179 2351 2443 2417 imperitia
2489 2367 2770 2423 emergens
2813 2355 3004 2425 singuli
3051 2356 3398 2426 prOSpiciunt.
3438 2359 3586 2414 Itane
3635 2375 3773 2430 ergo

2178 2439 2266 2494 ubi
2291 2441 2361 2495 de
2386 2441 2608 2497 modicis
2638 2444 2798 2499 rebus
2824 2445 3205 2513 periclitamur,
3237 2455 3382 2502 tanta
3409 2456 3620 2503 utemur
3642 2466 3751 2520 pro-

2178 2531 2431 2599 videntia,
2485 2548 2660 2604 neque
2698 2534 3000 2606 cogentium
3040 2537 3308 2593 violentiae
3347 2539 3643 2595 cedemus:
3673 2541 3769 2595 uin

2176 2632 2354 2678 autem
2385 2632 2647 2680 mternum
2673 2625 2987 2696 supplicium
3019 2637 3253 2698 paratur,
3284 2630 3350 2685 iis
3370 2645 3504 2700 quos
3532 2646 3636 2686 non
3662 2647 3770 2687 no-

2178 2724 2323 2782 runt,
2361 2717 2718 2772 sacerdotium
2755 2719 3002 2787 tradunt,
3029 2734 3097 2775 an
3129 2731 3330 2778 temere
3357 2731 3412 2778 et
3441 2725 3766 2794 inconsulto,

2177 2809 2284 2864 vim
2309 2810 2377 2866 ab
2401 2810 2520 2865 aliis
2555 2810 2754 2867 illatam
2780 2813 3153 2881 obtendentes,
3185 2815 3236 2870 in
3261 2824 3465 2872 tantum
3485 2833 3590 2874 nos
3620 2821 3766 2889 peri-

2179 2900 2358 2956 culum
2392 2902 2784 2972 conjiciemns?
2822 2907 2892 2959 At
2930 2905 3046 2960 haec
3076 2921 3182 2961 non
3215 2908 3459 2964 tolerabit
3491 2911 3591 2980 qui
3639 2920 3766 2966 tunc

2180 3007 2277 3048 nos
2320 2994 2652 3062 judicaturus
2692 3006 2796 3053 est.
2837 2997 3126 3067 Oportebat
3153 3001 3295 3054 enim
3336 3001 3590 3072 majorem
3621 3003 3763 3058 circa

2179 3084 2472 3154 spiritua‘lia
2500 3087 2821 3155 cautionem,
2852 3104 3010 3158 quam
3035 3090 3174 3145 circa
3207 3093 3439 3147 carnalia
3468 3091 3758 3149 exhibere:

2174 3176 2285 3248 jam
2307 3192 2436 3233 vero
2465 3194 2532 3234 ne
2555 3193 2739 3248 parem
2768 3181 2983 3250 quidem
3010 3182 3264 3237 exhibere
3285 3182 3760 3253 deprehendimur.

2179 3271 2274 3326 Dic
2300 3272 2442 3326 enim
2467 3272 2617 3338 mihi,
2643 3273 2686 3327 si
2707 3288 2864 3342 quem
2893 3275 3144 3344 suspicati
3159 3273 3372 3330 “fabrum
3400 3291 3541 3344 esse,
3572 3278 3661 3348 qui
3683 3288 3766 3332 ta-

2179 3378 2302 3418 men
2352 3363 2500 3418 faber
2530 3378 2636 3418 non
2667 3373 2828 3431 esset,
2861 3364 2926 3418 ad
2967 3379 3102 3435 Opus
3127 3381 3460 3435 vocaremus,
3504 3383 3762 3438 sequere-

2180 3463 2368 3525 turque
2393 3455 2524 3526 ipse,
2553 3455 2644 3526 qui
2672 3471 2861 3512 manus
2881 3457 2945 3510 ad
2976 3459 3252 3512 materiam
3274 3458 3498 3514 aedilicio
3523 3470 3762 3530 paratam

2179 3547 2490 3611 admovens,
2521 3548 3024 3619 ligna,‘lapidesque
3048 3550 3420 3618 labefactaret,
3451 3552 3632 3622 sicque
3665 3553 3762 3606 do-

2179 3655 2323 3694 mum
2352 3649 2706 3707 construeret,
2747 3651 2800 3695 ut
2833 3643 3010 3697 statim
3038 3643 3414 3709 collaberetur,
3444 3659 3568 3698 num
3599 3644 3664 3698 ad
3694 3645 3762 3699 il-

2181 3733 2282 3789 lius
2303 3733 2667 3790 defensionem
2699 3737 2827 3789 satis
2850 3744 3015 3801 esset,
3047 3734 3186 3805 quod
3210 3747 3428 3791 coactus
3453 3751 3551 3791 nec
3573 3745 3764 3806 suopte

2181 3835 2328 3880 motu
2369 3826 2640 3880 venisset?
2687 3825 3051 3895 Nequaquam,
3086 3825 3242 3894 idque
3291 3827 3412 3895 jure
3440 3841 3504 3880 ac
3532 3826 3760 3882 merito:

2179 3917 2459 3986 oportebat
2499 3917 2642 3971 enim
2672 3918 2830 3971 etiam
2871 3916 2991 3971 aliis
3018 3917 3334 3972 vocantibus
3360 3917 3586 3972 resilire.
3617 3917 3765 3971 ltane

2179 4007 2268 4076 qui
2301 4008 2435 4077 ligna
2462 4017 2516 4061 et
2544 4007 2744 4078 lapides
2791 4008 3144 4074 labefactavit,
3175 4008 3380 4062 debitas
3407 4023 3591 4077 poenas
3615 4009 3762 4062 nullo

2181 4097 2342 4152 modo
2369 4097 2606 4167 effugiat,
2651 4097 2740 4168 qui
2782 4108 2958 4152 autem
2999 4100 3203 4152 animas
3233 4098 3544 4169 perdiderit,
3573 4113 3637 4154 ac
3662 4114 3761 4153 ne-

2181 4188 2442 4259 gligenter
2461 4189 2827 4256 azdificaverit,
2857 4191 2962 4244 vim
2989 4189 3088 4246 sibi
3120 4190 3319 4245 illatam
3349 4192 3416 4244 ad
3443 4190 3760 4260 supplicium

2181 4280 2554 4336 declinandum
2580 4281 2679 4337 sibi
2708 4281 2840 4335 satis
2862 4295 2982 4336 esse
3013 4281 3254 4349 putabit?
3281 4281 3548 4352 quomodo
3580 4282 3633 4336 id
3655 4298 3761 4338 non

2181 4374 2466 4430 admodum
2495 4374 2735 4445 ineptum
2759 4373 2964 4429 fuerit?
2991 4373 3238 4429 Nondum
3267 4375 3408 4433 enim
3429 4375 3642 4445 adjicio,
3668 4392 3764 4430 no.

2182 4465 2380 4520 lentem
2405 4481 2437 4519 a
2467 4464 2680 4520 nemine
2705 4464 2951 4534 compelli
2978 4479 3156 4534 posse.
3177 4463 3289 4521 Sed
3317 4475 3454 4528 esto,
3495 4466 3766 4536 ingentem

2183 4559 2289 4614 vim
2322 4573 2508 4629 passus
2536 4560 2625 4626 sit,
2658 4557 3024 4628 machinisque
3067 4558 3228 4613 variis
3256 4559 3526 4629 impetitus
3550 4559 3766 4614 decide-

2183 4649 2289 4703 rit:
2322 4664 2388 4703 an
2416 4648 2516 4704 hoc
2544 4649 2694 4704 illum
2731 4649 2994 4720 supplicio
3019 4650 3258 4710 eximet?
3283 4649 3381 4716 Ne,
3413 4650 3660 4716 obsecro,
3695 4666 3766 4706 ne

2183 4754 2419 4811 eousque
2447 4755 2545 4795 nos
2576 4740 2720 4809 ipsos
2742 4741 3107 4811 decipiamus;
3151 4756 3221 4796 ne
3265 4757 3366 4796 nos
3397 4741 3643 4813 ignorare
3694 4743 3768 4799 si-

2183 4831 2444 4887 mulemus
2461 4847 2550 4898 ea,
2573 4846 2691 4901 quae
2707 4832 2791 4886 vel
2815 4832 3048 4901 puerulis
3077 4842 3199 4886 nota
3220 4841 3362 4887 sunt.
3393 4833 3577 4904 Neque
3596 4835 3762 4899 enim,

2186 4925 2276 4980 ubi
2319 4926 2550 4980 rationes
2591 4925 2876 4981 reddendae
2915 4936 3089 4993 erunt,
3143 4928 3461 4998 ignorantize
3498 4929 3767 4985 simulatio

2185 5016 2339 5071 nobis
2377 5017 2632 5087 prodesse
2661 5019 2874 5087 peterit.
2907 5017 3268 5087 Principatum
3307 5018 3612 5089 hujusmodi
3660 5036 3766 5075 non

2185 5106 2298 5177 ipse
2327 5108 2592 5163 ambivisti
2640 5109 3016 5164 imbecillitatis
3044 5118 3151 5164 tua:
3195 5111 3482 5165 conscius?
3515 5111 3682 5180 probe
3713 5121 3769 5166 et

2186 5199 2386 5269 optime
2436 5198 2586 5252 illud.
2629 5198 2929 5268 Oportebat
2973 5215 3121 5269 ergo,
3162 5215 3284 5254 cum
3314 5200 3365 5254 id
3406 5209 3552 5256 esset
3580 5202 3768 5263 animi,

2186 5293 2345 5346 etiam
2371 5291 2491 5346 aliis
2517 5291 2824 5347 vocantibus
2847 5291 3074 5346 resilire.
3097 5293 3180 5346 An
3201 5306 3325 5347 cum
3351 5308 3509 5348 nemo
3529 5283 3766 5354 vocaret.

2187 5383 2430 5441 inﬁrmus
2457 5391 2520 5439 -et
2549 5398 2653 5438 non
2686 5382 2911 5437 idoneus
2939 5397 3080 5450 eras,
3127 5384 3306 5437 statim
3334 5399 3460 5438 vero
3490 5393 3650 5453 atque
3680 5398 3769 5436 re-

2191 5475 2327 5546 perti
2371 5483 2495 5530 sunt
2516 5474 2603 5544 qui
2643 5472 2792 5528 hunc
2823 5473 2916 5528 tibi
2947 5473 3206 5529 honorem
3234 5473 3560 5539 conferrent,
3589 5474 3769 5528 statim

2189 5565 2343 5621 fortis
2369 5565 2589 5621 effectus
2617 5565 2716 5619 es?
2743 5564 2868 5620 Haec
2906 5565 3017 5620 risu
3044 5565 3201 5637 digna
3237 5576 3292 5622 et
3321 5583 3474 5638 nugae
3501 5579 3648 5635 sunt,
3677 5584 3771 5623 ox-

2191 5667 2469 5728 tremoque
2499 5657 2758 5727 supplicio
2779 5657 2956 5729 digna.
2982 5658 3110 5713 Nam
3141 5671 3420 5730 propterea
3451 5673 3632 5717 monet
3664 5662 3772 5714 [lo-

2193 5751 2371 5807 minus
2405 5749 2552 5822 (Luc.
2605 5750 2687 5806 14.
2727 5749 2842 5822 28),
2893 5765 2958 5806 ne
3003 5751 3091 5822 qui
3135 5753 3320 5809 turrim
3353 5757 3461 5811 vuit
3507 5757 3771 5815 mdificat'e
