4050 6160
396 273 501 329 Ωϐἳ

392 389 657 466 πρότερον
712 386 1004 460 βάλλεσθαι
1037 386 1291 458 θεμέλιον
1331 386 1425 441 τὸν
1468 385 1792 456 βουλόμενον
1853 384 2063 453 πύργον

389 479 711 549 οἰκοδομεῖν,
753 478 884 550 πρὶν
908 477 942 548 ἢ
968 476 1067 546 τὴν
1109 476 1318 530 οἰκείαν
1356 473 1781 543 ἀναλογίσασθαι
1812 472 2064 543 δύναμιν,

392 566 480 620 ῖνα
516 567 590 639 μὴ
609 565 685 638 δῷ
714 568 830 629 τοῖς
857 562 1116 635 παριοῦσι
1149 562 1349 633 μυρίας
1377 560 1635 632 ἀφορμὰς
1652 560 1944 630 χλευασίας
1967 561 2067 631 τῆς

390 655 471 719 είς
502 654 684 709 αὐτόν.
719 653 859 707 Ἀλλ’
882 651 1077 722 ἐκείνῳ
1107 651 1207 722 μὲν
1233 663 1260 691 ι
1293 649 1457 720 μέχρι
1506 648 1601 702 τοῦ
1630 648 1867 719 γέλωτος
1895 651 1928 719 ἡ
1964 648 2065 719 ζη-

395 742 494 812 μία
513 759 525 773 ·
558 741 792 797 ἐνταῦθα
818 740 879 794 δέ
905 742 938 811 ἠ
969 737 1190 801 κόλασις
1240 736 1353 808 πῦρ
1384 736 1670 804 ἄσϐεστον,
1708 736 1804 789 καὶ
1849 734 2067 805 σκώληξ

390 828 762 902 ἀτελεύτητος,
787 828 882 882 καὶ
905 825 1150 899 βρυγμὸς
1164 824 1415 888 ὀδόντων,
1442 823 1538 877 καὶ
1562 823 1752 886 σκότος
1779 822 2063 895 ἐξώτερον,

389 915 481 968 καὶ
507 915 570 968 τὸ
596 912 1040 986 διχοτομηθῆναι,
1064 911 1159 965 καὶ
1182 910 1244 963 τὸ
1272 911 1515 981 παγῆναι
1540 908 1679 980 μετά
1697 908 1807 963 τῶν
1840 910 2068 980 ὐποκρι-

386 1002 514 1057 τῶν.
545 1002 686 1056 Ἀλλ’
706 1002 859 1056 οὐδὲν
879 1001 1086 1054 τούτων
1103 997 1380 1052 ἐθέλουσιν
1405 997 1533 1051 ἰδεῖν
1556 998 1604 1050 οἰ
1629 996 2066 1068 κατηγοροῦντες

387 1089 572 1161 ἡμῶνο
601 1085 637 1162 ἦ
672 1089 781 1161 γὰρ
806 1088 872 1144 ἀν
911 1087 1220 1142 ἐπαύσαντο
1273 1085 1620 1158 μεμφόμενοι
1652 1085 1682 1125 1³
1706 1085 1798 1138 τὸν
1830 1085 1930 1137 οὐκ
1955 1083 2069 1137 ἐθέ-

387 1179 547 1233 λοντα
574 1178 870 1233 ἀπολέσθαι
898 1178 1095 1249 μάτην.
1114 1176 1228 1230 Οὐκ
1262 1173 1411 1228 ἔστιν
1435 1176 1567 1247 ἡμῖν
1598 1175 1726 1246 περὶ
1753 1172 2067 1244 οἰκονομίας

390 1266 563 1338 πυροῦ
591 1268 687 1321 καὶ
715 1265 942 1338 κριθῶν,
971 1265 1092 1318 οὐδὲ
1128 1261 1267 1334 βοῶν
1296 1263 1393 1317 καὶ
1431 1260 1741 1331 προϐάτων,
1776 1261 1897 1315 οὐδὲ
1936 1262 2067 1334 περὶ

384 1356 644 1409 τοιούτων
679 1353 855 1409 ἀλλων
888 1355 922 1424 ή
953 1351 1146 1422 σκέψις
1169 1353 1204 1422 ἡ
1241 1350 1578 1422 προκειμένη
1613 1349 1732 1414 νῦν,
1774 1348 1889 1403 ἀλλ’
1924 1350 2067 1423 ὑπὲρ

385 1447 549 1503 αὐτοῦ
582 1447 676 1501 τοῦ
711 1446 963 1518 σώματος
993 1443 1089 1496 τοῦ
1137 1440 1334 1513 Ἰησοῦ.
1382 1440 1448 1493 Ἠ
1489 1440 1598 1513 γὰρ
1642 1438 1937 1512 Ἐκκλησία
1970 1439 2065 1495 τοῦ

385 1535 649 1610 Χριστοῦ,
688 1534 832 1589 κατά
889 1533 981 1586 τὸν
1043 1529 1316 1603 μακάριον
1355 1527 1589 1593 Παῦλον,
1627 1528 1790 1600 σῶμά
1819 1529 1935 1583 ἐστι
1968 1526 2064 1582 τοῦ

382 1623 624 1699 Χριστοῦ
642 1639 655 1652 ⁸
680 1621 776 1676 καὶ
806 1620 887 1678 δεῖ
932 1620 1023 1673 τὸν
1051 1617 1211 1672 τοῦτο
1236 1616 1671 1691 πεπιστευμένον
1697 1627 1719 1656 ι
1748 1618 1829 1681 εἰς
1855 1616 2067 1684 εὐεξίαν

382 1713 516 1769 αὐτὸ
547 1709 749 1781 πολλὴν
795 1709 889 1763 καὶ
927 1706 1121 1770 κάλλος
1158 1706 1440 1776 ἀμήχανον
1473 1704 1722 1770 ἐξασκεῖν
1742 1744 1759 1770 ,
1787 1703 2067 1775 πανταχοῦ

382 1795 846 1870 περισκοποῦντα,
873 1796 947 1866 μή
967 1811 1069 1848 που
1097 1792 1308 1857 σπῖλος,
1334 1792 1369 1863 ἢ
1402 1792 1631 1864 ῥυτὶς,ή
1658 1809 1743 1856 τις
1769 1792 1928 1856 ἀλλος
1954 1792 2069 1863 μῶ-

386 1904 486 1959 μος
525 1884 765 1949 τοιοῦτος
791 1884 889 1953 τὴν
925 1881 1075 1953 ὥραν
1173 1880 1270 1935 καὶ
1318 1879 1418 1951 τὴν
1444 1879 1779 1953 εὐπρέπειαν
1810 1879 2069 1951 λυμαινό-

385 1991 545 2045 μενος
568 1972 806 2043 ἐκείνην.
833 1971 943 2026 Kal
971 1969 1024 2022 τί
1052 1969 1161 2042 γάρ
1191 1968 1308 2022 ἀλλ’
1333 1968 1367 2039 ἢ
1400 1967 1503 2038 τῆς
1531 1967 1892 2038 ἐπικειμένης
1911 1967 2065 2039 αύτῷ

382 2062 647 2133 κεφαλῆς,
676 2060 779 2131 τῆς
816 2059 1095 2130 ἀκηράτου
1124 2058 1218 2111 καὶ
1255 2055 1554 2128 μακαρίας,
1577 2056 1728 2121 ἀξιον
1749 2057 1885 2110 αὐτὸ
1920 2057 2066 2111 κατά

380 2149 611 2218 δύναμιν
636 2146 734 2218 τὴν
769 2144 1117 2216 ἀνθρωπείαν
1161 2142 1523 2210 ἀποφαίνειν;
1570 2143 1634 2196 Εἰ
1657 2142 1767 2213 γὰρ
1791 2142 1905 2206 τοῖς
1934 2143 2065 2215 περί

381 2236 482 2308 τὴν
512 2234 809 2305 ἀθλητικὴν
861 2231 1072 2297 εὐεξίαν
1120 2229 1480 2284 ἐσπουδακόσι
1530 2232 1628 2283 καὶ
1672 2230 1874 2303 ἰατρῶν
1902 2231 2066 2303 χρεία

383 2325 479 2379 καί
515 2319 900 2394 παιδοτριϐῶν,
954 2320 1048 2375 καὶ
1075 2316 1287 2390 διαίτης
1308 2316 1719 2390 ἠκριϐωμένης,
1756 2319 1854 2372 καὶ,
1880 2319 2061 2389 ἀσκή-

278 2402 285 2407 ’
384 2426 524 2473 σεως
548 2406 825 2478 συνεχοῦς,
855 2407 951 2461 καὶ
984 2404 1185 2478 μυρίας
1225 2405 1664 2476 παρατηρήσεως
1715 2405 1913 2476 ἐτέρας
1947 2405 2062 2469 (καὶ

384 2495 492 2568 τάρ
512 2495 609 2549 καὶ
644 2495 706 2547 τὸ
751 2493 913 2564 τυχδν
955 2494 1015 2545 ἐν
1052 2492 1238 2552 αὐτοῖς
1279 2489 1561 2561 παροφθὲν
1592 2490 1771 2543 πάντα
1797 2492 2061 2562 ἀνέτρεψε

383 2584 478 2638 καὶ
501 2581 845 2650 κατέϐαλεν),
863 2584 911 2637 οἰ
927 2577 988 2633 τὸ
1003 2577 1162 2649 σῶμα
1178 2576 1337 2630 τοῦτο
1357 2576 1685 2650 θεραπεύειν
1704 2577 1981 2649 λαχόντες,
1999 2579 2063 2633 τὸ

381 2673 481 2743 τὴν
509 2672 734 2740 ἄθλησιν
760 2669 820 2722 οὐ
852 2668 988 2739 πρὸς
1015 2664 1248 2738 σώματα
1269 2705 1284 2730 ,
1319 2666 1455 2719 ἀλλά
1499 2665 1637 2737 πρὸς
1668 2666 1767 2731 τάς
1796 2667 2062 2739 ἀοράτους

382 2759 640 2828 δυνάμεις
661 2756 804 2825 ἔχον,
828 2752 946 2816 πῶς
978 2751 1113 2805 αὐτὸ
1145 2751 1466 2824 δυνήσονται
1497 2753 1783 2821 φυλάττειν
1800 2753 2060 2826 ἀκέραιον

383 2846 478 2899 καὶ
508 2843 677 2913 ὑγιὲς,
712 2841 787 2912 μὴ
816 2838 952 2893 πολὺ
975 2837 1075 2910 τὴν
1101 2837 1449 2911 ἀνθρωπίνην
1499 2839 1911 2911 ὑπερϐαίνοντες
1928 2844 2061 2915 ἀρε-

379 2930 501 3004 τὴν,
523 2929 617 2984 καί⁵
639 2929 821 2982 πᾶσαν
841 2926 987 2997 ψυχῇ
1011 2925 1326 2999 πρόσφορον
1357 2927 1711 2998 ἐπιστάμενοι
1734 2927 2058 2999 θεραπείαν;

447 3024 519 3089 γ’.
529 3019 601 3072 Ἠ
615 3018 852 3086 ἀγνοεῖς,
867 3014 949 3069 ὅτι
960 3013 987 3053 ἀ
1009 3015 1104 3068 καὶ
1119 3013 1329 3068 πλείοσι
1348 3015 1498 3087 τῆςὴ
1505 3014 1630 3087 μετέ
1639 3033 1737 3087 ρας
1750 3016 1954 3088 σαρκὸς
1968 3019 2063 3073 καὶ

377 3106 552 3171 νόσοις
580 3105 674 3160 καὶ
690 3102 1006 3167 ἐπιϐουλαῖς
1021 3101 1184 3157 τοῦτο
1205 3102 1491 3158 ὑπόκειται
1522 3104 1583 3158 τὸ
1610 3105 1788 3175 σῶμα,
1820 3105 1913 3158 καὶ
1934 3106 2062 3160 θᾶτ-

374 3212 468 3249 τον
484 3193 648 3249 αὐτοῦ
681 3192 983 3264 φθείρεται,
1007 3191 1102 3245 καί⁵
1134 3190 1487 3264 σχολαίτερον
1517 3191 1753 3260 ὑγιαίνει
1778 3208 1793 3258 ;
1817 3193 1928 3247 Kal
1949 3197 2063 3261 τοῖς

379 3284 482 3353 μὲν
512 3285 697 3337 ἐκεῖνα
720 3280 1088 3352 θεραπεύουσι
1108 3279 1178 3333 τὰ
1205 3278 1437 3351 σώματα
1462 3281 1558 3334 καί¹
1585 3282 1896 3353 φαρμάκων
1911 3281 2064 3349 ἐξεύ-

378 3387 540 3441 ρηται
550 3367 813 3432 ποικιλία,
826 3367 922 3420 καὶ
936 3366 1184 3437 ὀργάνων
1199 3365 1445 3437 διάφοροι
1465 3368 1824 3432 κατασκευαὶ,
1838 3369 1934 3439 καὶ
1946 3386 2065 3442 τρο-

376 3459 476 3524 φαὶ
490 3460 604 3522 τοῖς
615 3454 830 3511 νοσοῦσι
852 3453 1178 3525 κατάλληλοι
1197 3470 1211 3484 ·
1230 3454 1326 3508 καὶ
1346 3451 1509 3522 φύσις
1527 3453 1583 3507 δὲ
1603 3454 1783 3526 ἀέρων
1800 3455 2062 3522 πολλάκις

376 3545 580 3616 ἧρκεσε
601 3544 735 3615 μόνη
752 3541 889 3615 πρὸς
904 3541 1002 3613 τὴν
1021 3539 1118 3595 τοῦ
1136 3540 1436 3613 κάμνοντος
1453 3542 1664 3612 ὑγίειαν
1679 3560 1692 3574 ο
1717 3543 1834 3597 ἐστι
1850 3544 1908 3598 δὲ
1927 3545 2060 3599 ὅπου

376 3631 473 3685 καὶ
499 3628 667 3694 ῦπνος
694 3627 1023 3700 προσπεσὼν
1046 3629 1129 3692 εἰς
1152 3628 1343 3698 καιρὸν
1367 3628 1568 3693 παντὸς
1591 3630 1756 3683 πόνου
1776 3630 2059 3702 ἀπήλλαξε

375 3722 470 3776 τὸν
505 3719 706 3792 ἰατρόν.
749 3718 1016 3774 Ἐνταῦθα
1043 3718 1102 3775 δὲ
1128 3719 1284 3773 οὐδὲν
1311 3719 1520 3774 τούτων
1543 3719 1831 3791 ἐπινοῆσαι
1870 3721 2020 3777 ἐστιν
2043 3741 2057 3756 ·

376 3807 518 3863 ἀλλά
547 3808 647 3880 μία
661 3824 748 3871 τις
771 3806 910 3878 μετά
925 3807 994 3863 τὰ
1017 3804 1158 3878 εργα
1179 3805 1386 3861 δέδοται
1409 3806 1625 3879 μηχανὴ
1643 3808 1737 3862 καὶ
1763 3808 2060 3880 θεραπείας

376 3896 520 3959 ὁδὸς,
547 3896 581 3966 ἡ
611 3894 702 3950 διὰ
730 3894 825 3949 τοῦ
856 3893 1016 3962 λόγου
1047 3893 1386 3948 διδασκαλία.
1417 3894 1590 3948 Τοῦτο
1614 3895 1867 3968 ὄργανον,
1900 3896 2060 3953 τοῦτο

381 3981 535 4058 [ωε]
580 3980 781 4052 τροφὴ,
826 3978 987 4034 τοῦτο
1019 3978 1201 4052 ἀέρων
1240 3980 1439 4051 κρᾶσις
1474 3981 1673 4052 ἀρίστη
1696 3998 1711 4012 ο
1742 3981 1902 4036 τοῦτο
1936 3985 2059 4037 ἀντὶ

378 4068 697 4141 φαρμάκου,
729 4067 892 4123 τοῦτο
931 4068 1055 4121 ἀντὶ
1083 4066 1279 4139 πυρὸς,
1309 4066 1469 4122 τοῦτο
1513 4069 1637 4122 ἀντὶ
1665 4069 1887 4141 σιδήρου
1909 4088 1923 4104 ο
1955 4072 2058 4126 κάν

377 4156 583 4211 καῦσαι
618 4155 715 4230 δέῃ
753 4155 848 4209 καὶ
880 4157 1090 4227 τεμεῖν,
1124 4154 1302 4225 τούτῳ
1337 4148 1646 4226 Modo-0m.
1673 4157 1887 4230 ἀνάγκη
1908 4176 1921 4189 ⁸
1954 4159 2058 4213 κᾶν

376 4246 536 4299 τοῦτο
579 4245 745 4317 μηδὲν
782 4242 1000 4317 ἰσχύσῃ,
1034 4244 1215 4298 πάντα
1263 4242 1470 4313 οἴχεται
1491 4255 1515 4283 ο
1545 4244 1616 4298 τά
1656 4244 1839 4300 λοιπά.
1869 4246 2057 4319 Τούτῳ

377 4332 472 4386 καὶ
501 4331 763 4401 κειμένην
810 4329 1099 4402 ἐγείρομεν
1139 4329 1234 4383 καὶ
1271 4329 1718 4400 φλεγμαίνουσαν
1752 4334 2054 4387 καταστέλ-

376 4419 542 4487 λομεν
569 4415 668 4488 τὴν
697 4416 898 4488 ψυχὴν,
922 4417 1018 4470 καὶ
1039 4416 1108 4469 τά
1133 4415 1365 4488 περιττὰ
1397 4417 1824 4488 περικόπτομεν,
1859 4420 1955 4474 καὶ
1987 4421 2057 4475 τά

376 4504 632 4559 λείποντα
681 4501 1016 4574 πληροῦμεν,
1046 4503 1139 4556 καὶ
1166 4502 1235 4557 τά
1262 4502 1398 4558 ἀλλα
1430 4504 1644 4559 ἅπαντα
1685 4506 2054 4579 ἐργαζόμεθα,

374 4599 478 4652 ὅσα
520 4596 600 4659 εἰς
624 4592 722 4666 τὴν
745 4593 846 4664 τῆς
868 4591 1047 4663 ψυχῆς
1071 4593 1282 4662 ὑγίειαν
1317 4594 1448 4665 ἡμῖν
1475 4595 1734 4649 συντελεῖ.
1770 4596 1915 4668 Πρὸς
1956 4598 2054 4668 μὲν

376 4684 487 4756 γὰρ
513 4681 628 4754 βίου
659 4680 994 4736 κατάστασιν
1023 4680 1252 4752 ἀρίστην
1282 4679 1396 4752 βίος
1421 4681 1606 4754 ἐτερος
1638 4683 1719 4745 εἰς
1744 4683 1857 4738 ῐσον
1878 4684 1944 4738 ἂν
1964 4688 2055 4740 ἐν-

375 4772 574 4841 αγάγοι
601 4768 621 4809 τ
659 4768 849 4842 ζῆλοψ
879 4770 1010 4823 ὅταν
1051 4767 1108 4821 δέ
1157 4769 1286 4839 περὶ
1314 4768 1558 4840 δόγματα
1581 4773 1710 4841 νοσῇ
1743 4773 1777 4843 ή
1811 4771 1958 4845 ψυχὴ
1984 4776 2054 4829 τά

375 4861 528 4923 νόθα,
550 4857 718 4929 πολλὴ
737 4857 1018 4926 τοῦ-λόγου
1044 4857 1278 4912 ἐνταῦθα
1306 4860 1340 4929 ἡ
1368 4859 1546 4930 χρεία,
1571 4860 1633 4912 οὐ
1657 4861 1796 4933 πρὸς
1818 4862 1917 4933 τὴν
1944 4864 2053 4919 τῶν

375 4948 592 5004 οἰκείων
627 4945 927 5017 ἀσφάλειαν
972 4944 1153 5017 μόνον,
1190 4945 1325 5000 ἀλλά
1366 4946 1461 4999 καὶ
1509 4947 1646 5018 πρὸς
1691 4949 1819 5014 τοὺς
1856 4950 2051 5015 ἔξωθεν

377 5033 668 5105 πολέμους.
716 5030 777 5085 Εἰ
808 5031 909 5103 μὲν
934 5031 1045 5102 γάρ
1076 5047 1160 5094 τις
1196 5031 1309 5101 ἔχοι
1330 5031 1432 5103 τὴν
1461 5032 1737 5104 μάχαιραν
1764 5034 1859 5088 τοῦ
1890 5037 2054 5091 πνεύ-

379 5138 569 5193 ματος,
596 5121 690 5175 καὶ
718 5118 914 5193 θυρεὸν
950 5118 1190 5184 πίστεως
1221 5118 1495 5186 τοσοῦτον,
1520 5121 1596 5185 ὡς
1629 5121 1890 5177 δύνασθαι
1921 5125 2053 5178 θαυ-

379 5210 728 5280 ματουργεῖν,
762 5209 858 5262 καὶ
879 5207 970 5262 διὰ
998 5206 1109 5260 τῶν
1134 5207 1439 5279 τεραστίων
1459 5208 1528 5263 τά
1547 5209 1657 5263 τῶν
1679 5211 2051 5283 ἀναισχύντων

375 5296 708 5368 ἐμφράττειν
740 5295 1003 5367 στόματα,
1028 5294 1180 5349 οὐδὲν
1207 5295 1274 5351 ἀν
1299 5295 1471 5350 δέοιτο
1500 5297 1601 5368 τῆς
1624 5298 1732 5353 ἀπὸ
1764 5301 1855 5355 τοῦ
1887 5301 2048 5372 λόγου

434 5434 464 5499 ς·
488 5434 639 5499 διχῇ,
662 5438 722 5499 ει
737 5436 889 5499 aliqui
912 5449 1027 5485 mss.
1055 5436 1158 5485 ἀλλ’
1183 5434 1281 5486 ἐκεῖ
1304 5436 1402 5498 μέν.

433 5492 466 5533 θ’
488 5496 588 5564 Alii
609 5492 876 5546 ἐπαύσαντο
898 5499 1198 5561 φθεγγόμενοι
1217 5492 1472 5562 καὶ’μ.εμφό
1559 5517 1621 5550 οι.

434 5561 458 5588 ε
487 5558 581 5605 Alii
602 5558 1013 5609 ἐμπιστευόμενον.
1038 5561 1188 5608 Savil.
1222 5558 1271 5607 in
1294 5573 1445 5609 mare.
1474 5516 1621 5609 mea

434 5561 458 5624 εξ
485 5558 581 5624 λιιι
602 5558 1197 5624 ἐμπιστευόμενσν,⁷5ιινίί.-
1221 5558 1271 5624 in
1294 5558 1445 5624 Ποδῆς.
1475 5558 1917 5624 ἱμπεπιστευμένον.

422 5619 464 5690 ἐξ
485 5617 797 5690 υηυρίιεδεε
808 5617 967 5690 πᾷσαν
987 5623 1141 5683 ψυχῆς
1161 5621 1289 5669 ἰδέαν
1310 5617 1579 5687 πρόσφορον
1607 5617 1914 5690 ἐπιστάμενον
1936 5633 2047 5681 Gav-

373 5678 938 5743 μίξεινςῇἀγνοεῖςὸτι-
987 5678 1011 5743 ζ
1349 5678 1360 5684 “
1447 5678 1456 5686 ’
1502 5678 1510 5687 “
1608 5710 1625 5722 ~

436 5740 624 5806 ξεστῇ,
652 5747 706 5806 el
722 5739 873 5802 aliqui
896 5743 959 5803 μή
980 5740 1033 5800 ἦ,
1051 5741 1205 5790 πάντα
1231 5743 1489 5806 οἰχήσεται.

440 5802 455 5840 ί
482 5802 582 5855 Alli
599 5800 785 5864 ἀγάγοι.

1219 271 1277 327 s.
1317 246 1607 329 Jomls
1644 268 2129 335 cnnvsosmm
2165 269 2483 329 meum.
2520 274 3069 333 CONSTANTINOP.
3205 238 3212 243 ’
3716 297 3802 353 εδδ

2175 386 2456 457 βοηθείας’
2485 390 2684 462 μᾶλλον
2712 393 2769 446 δὲ
2793 393 2914 447 οὐδὲ
2940 394 3063 447 τότε
3080 386 3360 464 ἄχρηστος
3385 397 3418 469 ἠ
3449 398 3626 456 τ’)ύτου
3646 408 3802 477 φύσις,
3858 460 3867 475 ,

2169 477 2306 531 ἀλλά
2351 483 2448 533 καὶ
2491 479 2611 534 λίαν
2643 482 2937 550 ἀναγκαία.
2969 481 3080 534 Kal
3110 481 3222 551 γὰρ
3264 483 3293 535 6
3340 486 3597 558 μακάριος
3625 493 3806 562 Παῦλος

2170 567 2333 621 αὐτὸν
2369 569 2728 639 μετεχείρισε,
2759 568 2936 623 καίτοι
2962 585 3029 638 γε
3061 570 3170 623 ἀπὸ
3213 569 3321 623 τῶν
3364 576 3599 643 σημείωκ
3631 597 3809 638 παντα.

2169 655 2266 726 χοῦ
2299 655 2728 728 θαυμαζόμενος.
2764 658 2875 713 Kal
2906 657 3095 729 ἕτερός
3122 674 3209 722 τις
3239 658 3347 712 τῶν
3379 662 3471 714 ἀπ’
3501 664 3692 720 ἐκείνου
3728 672 3809 725 τοῦ

2169 745 2333 818 χοροῦ
2375 751 2631 820 παραινεῖ
2662 747 2866 819 ταύτης
2898 746 3276 818 ἐπιμελεῖσθαι
3307 751 3405 820 τῆς
3433 750 3714 823 δυνάμεως,
3737 758 3813 812 λέ-

2170 852 2281 904 γων
2303 852 2316 866 ’
2341 837 2607 907 ’Ἐτοιμοι
2625 836 2868 907 γίνεσθε
2897 838 3048 904 πρὸς
3088 836 3422 906 ἀπολογίαν
3446 843 3615 894 παντὶ
3644 843 3715 910 τῷ
3738 851 3813 901 αι-

2169 924 2373 979 τοῦντι
2414 925 2572 996 ὑμᾶς
2610 926 2798 994 λόγον
2842 923 2977 993 περὶ
3011 922 3122 992 τῆς
3154 925 3224 979 ἐν
3248 924 3392 994 ὑμῖν
3422 927 3674 995 ἐλπίδος,
3718 934 3814 988 Καὶ

2169 1009 2372 1075 πάντες
2393 1009 2454 1062 δὲ
2484 1008 2620 1081 ὁμοῦ
2648 1008 2773 1062 τότε
2799 1009 2867 1064 δι’
2900 1007 3051 1063 οὐδὲν
3076 1008 3261 1080 ἕτερον
3290 1013 3402 1073 τοῖς
3427 1012 3551 1081 περί
3573 1014 3815 1084 Στέφανον

2167 1093 2267 1166 τὴν
2295 1093 2405 1148 τῶν
2438 1093 2624 1166 χηρῶν
2656 1094 2962 1166 ἐπέτρεψαν
2998 1092 3338 1164 οἰκονομίαν,
3370 1092 3540 1163 ἀλλ’ἢ
3571 1097 3652 1149 ἴνα
3682 1100 3815 1154 αὐτοὶ

2169 1182 2233 1251 τῇ
2265 1180 2357 1234 τοῦ
2387 1179 2548 1248 λόγου
2586 1179 2891 1250 σχολάζωσι
2915 1179 3183 1250 διακονίᾳ.
3219 1178 3366 1249 Πλὴν
3393 1179 3505 1233 ἀλλ’
3532 1181 3646 1234 ούδέ
3668 1199 3816 1254 παρα-

2169 1264 2414 1335 πλησίως
2460 1263 2622 1317 αὐτὸν
2675 1263 3102 1333 ἐπιζητήσομεν,
3139 1262 3240 1329 τὴν
3288 1262 3396 1317 ἀπὸ
3446 1262 3551 1317 τῶν
3598 1265 3815 1334 σημείων

2168 1348 2385 1418 ἔχοντες
2415 1347 2588 1417 ἰσχύν.
2611 1348 2673 1401 Εἰ
2699 1347 2755 1401 δὲ
2774 1348 2873 1419 τῆς
2896 1346 2996 1419 μὲν
3018 1345 3301 1416 δυνάμεως
3325 1345 3536 1418 ἐκείνης
3555 1347 3669 1400 οὐδὲ
3690 1346 3815 1417 ίχνος

2170 1431 2575 1491 ὑπολέλειπται.
2609 1430 2791 1485 πολλοὶ
2825 1430 2882 1484 δὲ
2922 1427 3255 1499 πανταχόθεν
3282 1428 3638 1500 ἐφεστήκασιν
3662 1431 3709 1483 οἰ
3736 1445 3817 1483 πο-

2169 1516 2346 1587 λέμιοι
2369 1516 2463 1570 καί
2490 1517 2757 1586 συνεχεῖς,
2789 1514 2965 1586 τούτῳ
2990 1513 3176 1568 λοιπὸν
3209 1515 3360 1585 ἡμᾶς
3390 1514 3597 1586 ἀνάγκη
3622 1515 3821 1584 φράττε-

2170 1597 2317 1659 σθαι.
2353 1600 2449 1652 καὶ
2483 1599 2570 1653 ἵνα
2612 1599 2687 1670 μὴ
2723 1597 3044 1669 βαλλώμεθα
3070 1600 3185 1661 τοῖς
3229 1596 3342 1651 τῶν
3388 1596 3593 1669 ἐχθρῶν
3638 1597 3819 1669 βέλεσι,

2170 1680 2263 1733 καὶ
2296 1679 2380 1732 ἵνα
2421 1679 2621 1749 μᾶλλον
2655 1678 2938 1749 βάλλωμεν
2972 1677 3238 1742 ἐκείνους.

2229 1760 2288 1813 δ’.
2318 1761 2411 1814 Διὸ
2425 1760 2626 1831 πολλὴν
2646 1759 2752 1831 χρὴ
2770 1757 3040 1813 ποιεῖσθαι
3052 1756 3149 1829 τὴν
3165 1755 3423 1826 σπουδὴν,
3436 1755 3574 1809 ὥστε
3587 1755 3820 1825 τὸνλόγον

2168 1842 2262 1895 τοῦ
2277 1840 2514 1913 Χριστοῦ
2531 1841 2588 1891 ἐν
2599 1841 2630 1910 ἡ
2641 1842 2731 1910 μῖν
2743 1840 2974 1892 ἐνοικεῖν
2985 1837 3363 1902 πλουσίως.ού
3375 1836 3481 1913 γάρ
3494 1834 3623 1908 πρὸς
3634 1836 3688 1891 ἓν
3699 1833 3821 1903 εἶδος

2170 1924 2303 1993 ἡμῖν
2329 1911 2561 1992 μάχηςή
2582 1936 2656 1971 πα
2665 1918 2926 1991 ρασκευὴ,
2959 1917 3095 1972 ἀλλὰ
3118 1917 3364 1982 ποικίλος
3380 1911 3533 1982 οὗτος
3545 1920 3572 1969 6
3588 1917 3819 1988 πόλεμος,

2169 2006 2262 2061 καί¹
2295 2008 2360 2058 ἐκ
2387 2003 2660 2076 διαφόρων
2690 2000 2990 2074 συγκροτού
2999 2019 3158 2073 μενος
3179 2001 3289 2055 τῶν
3311 2001 3544 2073 ἐχθρῶν.
3572 2000 3700 2055 Οὔτε
3726 2001 3820 2073 γὰρ

2168 2092 2353 2156 ὅπλοις
2381 2091 2622 2154 ἀπαντες
2648 2087 2888 2159 χρῶνται
2911 2089 3026 2153 τοῖς
3058 2085 3263 2149 αὐτοῖς,
3298 2084 3425 2139 οὔτε
3468 2085 3546 2138 ἐνὶ
3570 2084 3821 2155 προσϐάλ-

2168 2175 2224 2230 λε
2234 2192 2282 2228 ιν
2308 2177 2442 2247 ἡμῖν
2469 2192 2536 2247 με
2543 2172 2872 2246 μελετήκασι
2894 2171 3103 2243 τρόπῳ.
3125 2170 3236 2223 Kal
3253 2169 3338 2223 δεῖ
3357 2169 3448 2222 τὸν
3475 2167 3721 2237 μέλλοντα
3733 2169 3820 2237 τὴν

2170 2260 2306 2331 πρὸς
2336 2259 2544 2323 πάντας
2577 2255 2930 2328 ἀναδέχεσθαι
2980 2255 3161 2326 μάχην
3209 2252 3311 2319 τάς
3361 2253 3611 2308 ἁπάντων
3642 2251 3818 2306 εἰδέναι

2165 2346 2380 2415 τέχνας,
2405 2342 2499 2395 καὶ
2528 2342 2618 2394 τὸν
2641 2341 2804 2395 αὐτὸν
2825 2339 3048 2411 τοξότην
3078 2356 3137 2392 τε
3168 2332 3311 2393 εἶναι
3343 2339 3438 2393 καὶ
3462 2336 3817 2408 σφενδονήτην,

2166 2429 2261 2483 καὶ
2295 2427 2588 2497 ταξίαρχον
2628 2424 2723 2478 καὶ
2758 2424 3010 2495 λοχαγὸν,
3044 2422 3136 2476 καὶ
3167 2420 3511 2494 στρατιώτην
3552 2421 3642 2474 καὶ
3673 2436 3817 2489 στρα-

2164 2512 2351 2582 τηγὸν,
2379 2511 2474 2564 καὶ
2504 2509 2667 2572 πεζὸν
2706 2508 2799 2562 καὶ
2834 2507 3026 2571 ίππέα,
3063 2507 3157 2561 καὶ
3190 2524 3287 2561 ναυ
3297 2508 3481 2578 μάχην
3500 2508 3525 2546 ⁸
3556 2506 3645 2561 καὶ
3668 2520 3820 2574 τειχο-

2168 2594 2511 2666 μάχην.Ἐπὶ
2548 2592 2648 2664 μὲν
2691 2591 2800 2663 γὰρ
2841 2589 2952 2643 τῶν
2991 2590 3406 2663 στρατιωτικῶν
3436 2588 3697 2659 πολέμων.
3722 2582 3820 2641 οἷον

2164 2678 2393 2740 ἕκαστος
2423 2676 2489 2731 ἂν
2517 2675 2677 2746 ἔργον
2704 2673 2976 2744 ἀπολάϐῃ,
3002 2673 3181 2744 τούτῳ
3207 2674 3339 2738 τοὺς
3368 2673 3619 2736 ἐπιόντας
3640 2670 3820 2742 ἀμύνε-

2164 2779 2286 2815 ται·
2317 2759 2554 2814 ἐνταῦθα
2575 2759 2633 2813 δὲ
2652 2758 2810 2813 τοῦτο
2830 2758 2932 2811 ούκ
2957 2757 3106 2810 ἔστιν
3128 2775 3139 2786 ·
3171 2756 3308 2811 ἀλλά
3334 2758 3402 2812 ἀν
3426 2756 3500 2829 μὴ
3524 2756 3694 2819 πάσας
3712 2755 3819 2806 ἐπι-

2167 2845 2433 2915 στάμενος
2535 2842 2636 2912 τῆς
2666 2840 2864 2912 τέχνης
2901 2841 3001 2904 τὰς
3045 2840 3188 2904 ἰδέας
3213 2841 3241 2893 ὁ
3270 2840 3484 2911 μέλλων
3511 2840 3679 2910 νικᾷν,
3699 2832 3822 2890 οἰδεν

2164 2930 2193 2981 6
2224 2926 2469 2987 διάϐολος
2508 2925 2604 2979 καὶ
2636 2924 2702 2977 δι’
2742 2922 2860 2987 ἐνὸς
2900 2924 3124 2994 μέρους,
3168 2922 3298 2977 ὅταν
3334 2921 3671 2995 ἠμελημένον
3697 2919 3819 2991 τύχῃ

2163 3010 2291 3073 τοὺς
2318 3008 2586 3079 πειρατὰς
2612 3005 2923 3075 εἰσαγαγὼν
2945 3007 3072 3069 τοὺς
3103 3005 3290 3070 αὑτοῦ,
3317 3004 3695 3079 διαρπάσαιτά
3712 3003 3825 3075 πρό⁴

2165 3093 2306 3147 ϐατα
2328 3109 2343 3123 ·
2379 3092 2495 3147 ἀλλ’
2527 3092 2646 3162 οὐχ.
2683 3093 2812 3146 ὅταν
2841 3089 2930 3143 διά
2958 3090 3140 3160 πάσης
3170 3090 3379 3161 ἥκοντα
3410 3090 3510 3160 τῆς
3538 3090 3821 3158 ἐπιστήμης

2163 3177 2256 3231 τὸν
2295 3177 2529 3249 ποιμένα
2559 3175 2838 3249 αἴσθηται,
2877 3177 2970 3229 καὶ
3005 3176 3106 3240 τὰς
3138 3175 3435 3242 ὲπιϐουλάς
3472 3174 3634 3249 αὑτοῦ
3661 3170 3822 3234 καλῶς

2165 3242 2527 3332 ἐπιστάμενον
2549 3242 2789 3323 ἁπάσας.
2816 3257 2908 3314 Διὸ
2932 3260 3038 3331 χρὴ
3062 3258 3244 3324 καλῶς
3269 3260 3331 3327 ἐξ
3353 3259 3493 3314 ὅλων
3513 3242 3823 3329 φράττεσθαι

2162 3344 2273 3398 τῶν
2301 3342 2506 3415 μερῶν.
2539 3343 2652 3397 Kal
2679 3342 2788 3415 γὰρ
2819 3342 2992 3407 πόλις,
3022 3342 3129 3406 ἕως
3160 3342 3260 3414 μὲν
3292 3345 3361 3398 ἂν
3395 3338 3720 3411 πανταχόθεν
3738 3353 3825 3389 πε-

2168 3424 2532 3496 ριδεσλημένη
2570 3424 2836 3498 τυγχάνῃ,
2859 3423 3137 3494 καταγελᾷ
3164 3423 3272 3477 τῶν
3300 3420 3728 3494 πολισρκούντων
3744 3416 3823 3471 αὐ-

2163 3510 2284 3580 τὴν.
2310 3512 2368 3564 ἐν
2394 3508 2665 3580 ἀσφαλείᾳ
2701 3508 2938 3580 μένουσα
2957 3507 3124 3581 πολλῇ
3145 3526 3159 3538 ·
3197 3508 3292 3562 ἐὰν
3311 3507 3375 3563 δέ
3404 3525 3488 3572 τις
3514 3504 3719 3566 πυλίδος
3741 3500 3827 3571 μό-

2163 3611 2253 3647 νον
2289 3594 2486 3664 μέτρον
2513 3592 2747 3664 διακόψῃ
2774 3593 2836 3646 τὸ
2866 3596 3064 3664 τεῖχος,
3099 3592 3250 3647 οὐδὲν
3275 3592 3421 3664 αὐτῇ
3448 3590 3630 3644 λοιπὸν
3656 3586 3828 3655 ὄφελος

2162 3676 2262 3733 τοῦ
2285 3676 2565 3745 περιϐόλου
2594 3675 2824 3746 γίνεται.
2852 3678 3029 3731 καίτοι
3053 3693 3116 3744 γε
3136 3674 3230 3730 τοῦ
3253 3674 3448 3729 λοιποῦ
3477 3670 3672 3736 παντὸς
3689 3664 3826 3742 [409]

2162 3759 2422 3829 ἀσφαλῶς
2454 3761 2766 3831 ἑστηκότος.
2796 3760 2984 3824 Οῦτως
3022 3756 3116 3815 οῦν
3156 3761 3251 3814 καὶ
3289 3761 3324 3832 ἡ
3365 3757 3465 3813 τοῦ
3503 3754 3636 3811 Θεοῦ
3665 3746 3825 3814 πόλις,

2161 3841 2290 3895 ὅταν
2316 3842 2417 3913 μὲν
2445 3842 2616 3915 αὐτὴν
2644 3844 2982 3915 πανταχόθεν
3010 3844 3133 3898 ἀντὶ
3165 3843 3380 3914 τείχους
3407 3845 3441 3917 ἡ
3472 3840 3565 3897 τοῦ
3591 3837 3828 3909 ποιμένος

2161 3925 2413 3996 ἀγχίνοιά
2440 3944 2500 3980 τε
2539 3928 2636 3981 καὶ
2662 3927 2877 3991 σύνεσις
2908 3926 3227 4000 περιϐάλλῃ,
3258 3927 3443 3982 πάντα
3476 3927 3556 3989 εἰς
3586 3919 3827 3992 αἰσχύνην

2160 4010 2257 4063 καὶ
2297 4009 2509 4078 γέλωτα
2558 4012 2670 4076 τοῖς
2716 4010 2931 4081 ἐχθροῖς
2965 4010 3033 4064 τὰ
3070 4010 3445 4080 μηχανήματα
3474 4005 3713 4076 τελευτᾷ,
3745 4000 3827 4054 καὶ

2165 4091 2417 4161 μένουσιν
2449 4093 2500 4144 οί
2533 4092 2918 4157 κατοικοῦντες
2946 4092 3094 4146 ἔνδον
3118 4094 3324 4156 ἀσινεῖς
3346 4109 3360 4122 ·
3393 4092 3525 4146 ὅταν
3556 4089 3614 4143 δέ
3643 4103 3721 4149 τις
3741 4085 3826 4136 αὑ-

2158 4174 2259 4245 τὴν
2282 4176 2353 4228 ’ἐκ
2383 4176 2582 4247 μέρους
2614 4176 2916 4231 καταλῦσαι
2953 4175 3178 4249 δυνηθῇ,
3215 4176 3315 4232 κᾶν
3349 4178 3426 4249 μὴ
3459 4177 3638 4229 πᾶσαν
3667 4184 3824 4223 κατα-

2161 4258 2322 4330 wn.
2343 4258 2431 4312 διὰ
2456 4259 2551 4313 τοῦ
2580 4261 2780 4331 μέρους
2801 4260 2966 4326 ἅπαν,
2990 4261 3066 4326 ώς
3090 4263 3286 4323 εἰπεῖν,
3314 4260 3637 4333 λυμαίνεται
3660 4254 3718 4307 τὸ
3731 4252 3825 4303 λοι-

2161 4342 2279 4396 πόν.
2315 4343 2381 4396 Τί
2407 4343 2517 4415 γὰρ
2543 4344 2669 4397 ὅταν
2698 4344 2837 4415 πρὸς
2856 4343 3122 4416 ’Έλληνας
3153 4344 3251 4415 μὲν
3277 4343 3614 4414 ἀγωνίζηται
3638 4336 3822 4399 καλῶς.

2161 4425 2364 4481 συλῶσι
2409 4427 2465 4481 δὲ
2517 4428 2679 4481 αὑτὸν
2717 4428 2990 4493 Ἰουδαῖοις
3038 4429 3071 4499 ἢ
3113 4429 3319 4483 τούτων
3372 4428 3475 4500 μὲν
3518 4422 3824 4497 ἀμφοτέρων

2159 4511 2359 4582 κρατῇν
2390 4510 2678 4582 ἀρπάζωσι
2711 4510 2768 4565 δὲ
2796 4512 3120 4582 Μανιχαῖοις
3168 4511 3308 4583 μετὰ
3338 4511 3396 4566 δέ
3425 4511 3527 4564 τὺέι
3558 4502 3824 4580 περιγενέ-

2159 4592 2431 4646 σθαι’καὶ
2477 4593 2681 4647 τούτων
2729 4595 2778 4649 οἰ
2830 4594 2929 4662 τὴν
2975 4594 3318 4666 εἱμαρμένην
3346 4594 3661 4661 εἰσάγοντες
3691 4585 3824 4640 ένδον

2159 4677 2373 4733 ἑστῶτα
2398 4677 2465 4733 τά
2502 4678 2750 4751 πρόϐατα
2789 4680 3066 4749 σφάττωσι
3091 4695 3105 4744 ;
3133 4679 3246 4733 Kal
3268 4679 3322 4732 τί
3347 4678 3430 4732 δεῖ
3458 4678 3637 4739 πάσας
3664 4688 3825 4726 κατα·

2158 4758 2336 4828 λέγειν
2364 4762 2460 4816 τοῦ
2482 4762 2729 4816 διαϐόλου
2760 4764 2859 4827 τὰς
2886 4763 3159 4834 αἰρέσεις;
3186 4762 3254 4827 ἃς
3283 4761 3350 4816 ἃν
3390 4760 3468 4833 μὴ
3492 4761 3669 4822 πάσας
3693 4759 3823 4811 ἀπο-

2158 4843 2453 4915 κρούεσθαι
2486 4845 2665 4910 καλῶς
2694 4847 2722 4899 6
2747 4847 2947 4920 ποιμὴν
2973 4848 3110 4918 εἰδῇ,
3142 4846 3348 4902 δύναιτ’
3372 4847 3440 4901 ἂν
3475 4846 3570 4899 καὶ
3598 4842 3684 4897 διά
3706 4841 3825 4911 μιᾶς

2156 4927 2227 4980 τά
2252 4927 2477 4983 πλείονα
2505 4929 2613 4982 τῶν
2646 4930 2933 5000 προϐάτων
2966 4934 3304 5001 καταφαγεῖν
3332 4931 3363 4984 6
3389 4930 3575 4994 λύκος.
3603 4926 3708 4981 Kal
3741 4922 3825 4976 ἐπὶ

2160 5011 2260 5082 μὲν
2290 5012 2397 5067 τῶν
2430 5012 2775 5085 στρατιωτῶν
2806 5013 2917 5068 ἀπὸ
2959 5015 3068 5069 τῶν
3103 5014 3355 5069 ἑστώτων
3382 5015 3478 5068 καὶ
3514 5009 3826 5085 μαχομένων

2157 5096 2252 5148 καὶ
2280 5096 2380 5167 τὴν
2401 5095 2558 5165 νίκην
2583 5095 2801 5151 ἔσεσθαι
2827 5099 2921 5152 καὶ
2948 5098 3047 5169 τὴν
3070 5093 3242 5170 ἦτταν
3265 5097 3573 5170 προσδοκᾷν
3599 5094 3685 5147 ἀεὶ
3704 5090 3825 5161 χρή·
3902 5142 3914 5155 .

2157 5179 2391 5233 ἐνταῦθα
2429 5180 2487 5233 δὲ
2517 5180 2654 5236 πολὺ
2687 5181 3019 5236 τούναντίον.
3050 5182 3317 5246 Πολλάκις
3355 5180 3466 5252 γὰρ
3498 5180 3534 5250 ἠ
3560 5176 3695 5251 πρὸς
3723 5172 3829 5227 ἐτέ-

2160 5279 2285 5333 ρους
2318 5264 2462 5335 μάχη
2495 5265 2621 5329 τοὺς
2657 5264 2778 5318 οὐδὲ
2809 5265 2907 5337 τὴν
2950 5266 3125 5338 ἀρχὴν
3156 5266 3557 5338 συμϐαλόντας,
3582 5261 3705 5316 οὐδὲ
3734 5274 3826 5310 πο-

2154 5346 2416 5411 νέσαντας
2452 5348 2610 5415 ὅλως.
2644 5347 3022 5419 ἡσυχάζοντας
3067 5350 3125 5404 δὲ
3161 5352 3256 5406 καὶ
3288 5349 3654 5420 καθημένους,
3678 5340 3828 5410 νικῆ-

2156 5446 2245 5485 σαι
2272 5430 2541 5502 πεποίηκε
2560 5446 2575 5460 '
2599 5432 2692 5488 καὶ
2716 5433 2794 5505 τῷ
2819 5435 3005 5506 οἰκείῳ
3036 5434 3181 5505 ξίφει
3206 5433 3534 5506 περιπαρεὶς
3557 5434 3587 5484 6
3610 5428 3685 5502 μὴ
3705 5425 3827 5480 πολ·

2161 5691 2174 5702 .
2218 5627 2373 5702 S‘Al‘iil
2400 5629 2645 5702 ναυμᾴχον
2667 5632 2769 5702 καί.
2784 5633 3088 5697 τειχομάχον.
3112 5631 3239 5684 Infra
3258 5633 3344 5683 alii
3368 5632 3415 5681 ἰν
3434 5628 3659 5688 ἕκαστος.
3699 5625 3829 5688 ἔργον

2151 5691 2428 5749 ἀπολαϐών,
2450 5691 2534 5742 alii
2556 5691 2615 5742 iil
2638 5691 2900 5744 edidimu's'.

2216 5751 2244 5827 Ιξ
2269 5751 2364 5801 Alii
2387 5748 2657 5819 Μανιχαῖοι’
2686 5758 2715 5815 ἢ
2744 5756 2862 5820 μετὰ
2904 5758 2976 5807 τό.
3016 5755 3127 5808 Mus
3154 5756 3236 5809 alii
3262 5758 3530 5822 σφάττωσι,
3567 5748 3653 5803 alii
3684 5761 3827 5799 κατι·

2153 5830 2415 5876 σφαττωσι.
