4050 6160
345 329 453 391 667

347 449 416 500 tia
449 447 592 518 (nam
619 444 714 499 tibi
740 443 878 499 dicta
909 456 1023 495 mea
1051 435 1293 508 exemplo
1331 435 1503 505 palam
1531 431 1705 486 facere
1755 443 1917 482 cona‘

347 537 488 607 hor),
521 538 689 606 legem
709 552 739 590 a
771 536 879 590 Deo
900 529 1064 604 Moysi
1087 531 1260 586 datam
1285 538 1392 582 tum
1422 523 1677 580 Valentini
1708 531 1760 575 ct
1780 519 1919 574 Mar-

347 629 515 683 cionis
569 627 783 681 insania:
830 637 1105 694 sequaces,
1154 630 1264 674 tum
1303 617 1390 672 alii
1430 623 1687 685 quotquot
1734 611 1920 664 eodem

350 723 536 775 morbo
560 719 788 774 contacti
810 728 931 773 sunt
950 732 1012 771 ex
1041 715 1337 769 divinarum
1361 711 1746 779 Scripturarum
1776 713 1921 758 cata-

352 817 475 884 logo
504 823 848 883 expungaut:
879 809 1046 865 Judzri
1093 823 1220 860 vero
1252 815 1397 860 tanto
1426 804 1565 858 illam
1618 801 1670 855 in
1724 798 1925 851 honore

354 906 570 970 habent,
599 904 836 958 utetiam
868 908 1076 955 vetante
1109 908 1345 966 tempore
1369 895 1544 949 omnia
1573 890 1920 950 contentiose,

355 995 435 1048 vel
469 1003 660 1062 pra-ter
705 993 796 1046 Dei
842 991 1090 1060 placitum
1121 988 1420 1042 observent.
1452 985 1519 1038 At
1566 982 1798 1037 Ecclesia
1834 979 1926 1031 Dei

355 1086 630 1139 amborum
678 1083 1078 1138 immoderatam
1127 1078 1442 1134 sententiam
1471 1074 1710 1130 devitans
1756 1069 1926 1124 media

355 1176 550 1230 incedit
579 1177 682 1242 via,
729 1183 787 1230 ut
831 1188 933 1229 nec
985 1171 1265 1240 illiusjngo
1313 1184 1371 1224 se
1396 1166 1657 1235 subjiciat,
1691 1178 1787 1217 nec
1810 1176 1926 1216 eam

355 1268 640 1338 improbari
671 1267 936 1336 patiatur;
969 1263 1076 1318 imo
1115 1263 1258 1316 illam
1287 1261 1372 1314 vel
1399 1265 1696 1314 cessantem
1719 1255 1926 1314 laudat,

355 1362 476 1429 quia
505 1360 629 1413 olim
673 1360 724 1413 in
755 1368 992 1426 tempore
1037 1371 1134 1409 suo
1164 1355 1304 1407 utilis
1343 1353 1458 1406 fuit.
1489 1350 1709 1418 Oportet
1754 1357 1929 1400 autem

357 1467 502 1517 eum,
535 1451 624 1520 qui
675 1451 930 1504 adversus
959 1445 1240 1501 utroslibet
1287 1441 1648 1498 debellaturus
1675 1439 1763 1501 sit,
1793 1437 1932 1489 hunc

360 1543 573 1597 modum
613 1531 827 1595 callere.
858 1539 984 1593 Nam
1016 1537 1058 1590 si
1088 1536 1301 1590 .ludmos
1338 1534 1530 1587 docere
1555 1532 1759 1594 volens,
1794 1527 1931 1597 quod

360 1631 728 1700 intempestive
767 1629 869 1698 legi
905 1627 1071 1683 veteri
1118 1627 1370 1690 barreant,
1397 1624 1589 1678 acriter
1615 1621 1754 1675 illam
1784 1620 1932 1673 incu-

360 1738 479 1777 sare
504 1720 871 1792 aggrediatur,
895 1718 1157 1771 haereticis
1186 1716 1351 1784 ipsam
1379 1714 1681 1782 vituperare
1708 1708 1933 1764 volenti-

363 1816 460 1868 bus
482 1829 585 1868 non
608 1827 827 1883 parvam
847 1809 1053 1865 dederit
1076 1823 1256 1862 ansam
1288 1825 1299 1859 :
1324 1806 1425 1869 sin,
1451 1804 1820 1858 haereticorum
1842 1815 1932 1852 ora

365 1905 613 1958 obturare
653 1903 836 1957 volens
861 1943 876 1968 ,
909 1901 1052 1954 illam
1082 1897 1365 1952 immodice
1408 1893 1682 1958 extulerit,
1710 1901 1761 1946 et
1785 1892 1932 1960 quasi

362 1996 414 2048 iu
449 1993 695 2064 prazsenti
725 1990 1077 2046 necessariam
1107 1985 1558 2042 commendaverit
1579 2025 1592 2046 ,
1631 1981 1933 2037 .ludmorum

363 2101 455 2140 ora
482 2084 702 2154 aperiet.
756 2082 961 2136 Rursus
1004 2082 1094 2149 qui
1123 2093 1242 2132 cum
1293 2074 1525 2130 Sabellio
1567 2073 1854 2135 insaniunt,
1883 2079 1938 2124 et

363 2189 495 2243 quos
522 2173 631 2227 Arii
660 2171 832 2226 rabies
853 2169 1069 2232 invasit,
1097 2167 1254 2221 ambo
1284 2165 1416 2218 ultra
1446 2161 1659 2216 modum
1687 2174 1936 2231 progres-

363 2267 428 2324 si.
460 2281 488 2317 a
517 2279 641 2317 sana
675 2262 776 2314 fide
806 2260 936 2328 lapsi
965 2267 1116 2319 sunt;
1148 2273 1208 2310 ac
1235 2269 1426 2309 nomen
1449 2253 1658 2322 quidem
1679 2249 1935 2304 Christia-

369 2369 556 2408 norum
581 2352 787 2421 utrique
813 2350 1052 2402 obtinent
1080 2365 1092 2399 :
1124 2347 1167 2400 si
1197 2347 1315 2415 quis
1339 2359 1464 2399 vero
1491 2357 1671 2398 eorum
1695 2341 1940 2410 dogmata

367 2443 680 2512 expendi-rit
703 2484 718 2507 ,
751 2441 882 2495 alios
910 2438 1046 2492 haud
1079 2438 1268 2492 melius
1295 2450 1452 2506 quam
1481 2433 1693 2490 Iudaeos
1721 2432 1940 2486 affectos

367 2551 487 2591 esse
513 2533 913 2604 deprehendet,
949 2545 1055 2585 uno
1081 2539 1283 2583 tantum
1318 2537 1541 2596 excepto
1565 2525 1838 2579 nominum
1858 2522 1942 2576 di-

368 2626 648 2689 scriminc;
697 2625 831 2678 alios
856 2636 982 2675 vero
1010 2635 1251 2689 magnam
1297 2617 1604 2673 afﬁnitatem
1645 2629 1765 2669 cum
1796 2613 1942 2668 Pauli

369 2714 698 2770 Samosateni
755 2713 952 2768 hmresi
1002 2711 1200 2766 habere
1232 2727 1246 2762 :
1279 2709 1372 2764 sed
1402 2717 1652 2776 utrosque
1694 2705 1874 2775 procul
1912 2718 1942 2757 a

371 2809 595 2864 veritate
619 2821 757 2860 esse.
788 2804 1031 2874 Magnum
1079 2803 1238 2871 igitur
1263 2801 1350 2856 hic
1377 2799 1689 2869 periculum,
1719 2806 1862 2852 arcta
1891 2804 1946 2850 et

372 2907 593 2970 angusta
649 2897 729 2950 via
777 2904 879 2960 est,
933 2893 1236 2964 prwcipitiis
1286 2892 1553 2957 utrimque
1609 2888 1940 2956 intercepta:

373 2999 653 3057 metusque
675 2995 757 3042 est
781 3001 884 3041 non
911 2985 1172 3050 modicus,
1213 2998 1279 3038 ne
1305 2975 1422 3052 quis
1447 2981 1605 3034 alium
1641 2978 1799 3033 ferire
1825 2987 1939 3033 stu-

373 3081 506 3135 dens
533 3079 600 3134 ab
625 3077 731 3132 alio
757 3075 1106 3147 confodiatnr.
1130 3075 1260 3130 Nam
1283 3074 1326 3128 si
1349 3073 1468 3144 quis
1489 3087 1644 3126 unam
1671 3070 1811 3126 dicat
1833 3069 1947 3124 dei-

378 3182 562 3234 tatem,
594 3169 730 3224 bane
763 3169 939 3223 statim
961 3180 1142 3222 vocem
1171 3165 1430 3222 Sabellius
1453 3163 1520 3218 ad
1553 3177 1700 3218 suam
1742 3169 1947 3230 pertra-

377 3260 818 3325 hctinsaniam‘;
864 3259 944 3314 sin
975 3257 1293 3318 distinxerit,
1350 3264 1404 3310 ct
1447 3254 1607 3309 alium
1653 3253 1794 3306 dicat
1828 3266 1949 3306 esse

379 3355 608 3418 Patrem,
629 3351 790 3406 alium
814 3351 1024 3416 Filium,
1049 3349 1207 3404 alium
1229 3347 1480 3416 Spiritum
1507 3353 1766 3409 sanctum,
1793 3345 1953 3397 instat

379 3443 536 3498 Arius
565 3443 616 3496 in
658 3441 1016 3496 diversitatem
1047 3439 1353 3493 substantia:
1387 3451 1733 3507 personarum
1759 3424 1951 3489 distin-

377 3538 608 3590 ctionem
631 3536 870 3589 trahens.
897 3534 1115 3603 Oportet
1139 3543 1316 3588 autem
1342 3543 1395 3587 et
1423 3531 1634 3601 impiam
1662 3529 1801 3583 illius
1827 3544 1952 3582 con-

382 3627 642 3681 fusionem
683 3635 738 3680 et
767 3624 1019 3678 furiosam
1067 3625 1223 3693 hujus
1271 3623 1581 3677 divisionem
1633 3620 1863 3674 aversari
1901 3626 1956 3674 et

385 3717 588 3785 fugere,
634 3713 962 3769 divinitatem
1012 3714 1204 3777 Patris,
1257 3713 1377 3767 Filii
1424 3721 1478 3766 et
1516 3710 1742 3780 Spiritus
1786 3709 1954 3764 sancti

386 3824 542 3862 unam
571 3808 906 3872 confitentes,
937 3817 1043 3860 tres
1072 3815 1247 3860 autem
1271 3805 1579 3875 hypostases
1607 3801 1954 3871 adjicientes:

389 3901 485 3954 hac
509 3900 704 3969 quippe
733 3899 936 3952 ratione
963 3909 1303 3966 utrorumque
1332 3898 1572 3950 incursus
1599 3907 1784 3948 arcere
1803 3900 1956 3961 pote-

386 3992 574 4044 rimus.
603 3990 794 4044 Multos
815 3990 938 4044 item
961 3991 1094 4043 alios
1115 4001 1428 4057 congressus
1448 4001 1697 4042 enarrare
1721 3985 1812 4039 tibi
1835 3997 1958 4053 pos-

385 4098 600 4149 semus,
633 4083 683 4137 in
721 4083 932 4152 quibus.
973 4082 1073 4136 nisi
1105 4081 1312 4136 fortiter
1339 4080 1726 4150 diligenterque
1755 4092 1949 4148 pugna-

389 4177 548 4240 veris,
581 4175 802 4244 plurima
833 4191 898 4230 ex
920 4175 1208 4229 certamine
1231 4173 1446 4228 vulnera
1480 4171 1700 4227 referes.

454 4266 511 4319 ὅ.
546 4266 752 4334 Oportet
777 4265 923 4319 illum
948 4265 1159 4335 peritum
1181 4281 1286 4318 esse
1305 4263 1598 4317 dialecticae.
1620 4293 1687 4302 —
1704 4261 1821 4317 Jam
1841 4262 1960 4332 quis

389 4372 669 4413 recensere
698 4357 862 4426 possit
891 4355 1304 4411 domesticorum
1331 4354 1513 4409 rixas?
1541 4353 1826 4408 Non-enim
1857 4353 1962 4407 illa:

390 4448 624 4502 minores
648 4456 770 4500 sunt
791 4449 1027 4502 externis
1053 4447 1350 4510 insultibus,
1374 4445 1484 4500 imo
1501 4445 1729 4516 majores
1755 4446 1966 4516 pariunt

391 4539 602 4593 docenti
629 4537 870 4591 sudores.
901 4538 1000 4591 Alii
1033 4553 1258 4606 namque
1293 4553 1401 4606 pra:
1429 4537 1733 4592 curiositate
1763 4544 1964 4590 temere

393 4631 571 4686 omnia
601 4630 850 4698 indagare
879 4629 1099 4693 volunt,
1129 4644 1190 4682 ex
1219 4644 1443 4696 quorum
1471 4629 1654 4683 notitia
1682 4628 1812 4682 nihil
1837 4643 1964 4683 eve-

397 4724 509 4778 niat
550 4720 704 4786 lucri,
747 4720 853 4774 imo
888 4734 1006 4788 quas
1045 4719 1207 4773 edisci
1248 4721 1549 4788 neutiquam
1583 4728 1805 4788 possunt
1834 4737 1846 4771 :
1878 4719 1966 4773 alii

396 4831 580 4872 rursus
619 4813 714 4868 Dei
750 4811 1068 4881 judiciorum
1109 4812 1340 4865 rationes
1375 4811 1442 4865 ab
1481 4826 1547 4866 eo
1579 4811 1883 4882 postulant,
1915 4822 1970 4866 et

395 4908 644 4977 abyssum
693 4904 836 4957 illam
884 4903 1103 4956 multam
1146 4903 1387 4957 demetiri
1432 4913 1692 4958 conantur
1722 4921 1736 4958 :
1763 4903 1969 4958 Iudicia

399 5011 625 5066 namque
657 5005 764 5061 tua,
794 4994 960 5062 inquit
979 5034 994 5058 ,
1022 4993 1230 5064 abyssus
1256 4993 1413 5046 multa
1435 4995 1454 5064 (
1477 4993 1621 5048 Psal.
1653 4995 1741 5050 35.
1769 4996 1801 5050 7
1823 4995 1863 5068 ).
1894 4997 1970 5052 De

400 5091 502 5145 fide
531 5100 707 5144 autem
737 5086 881 5143 etde
910 5087 1032 5141 vita)
1065 5085 1397 5146 institutione
1429 5102 1622 5156 paucos
1657 5103 1844 5144 curare
1871 5089 1968 5145 de-

401 5180 695 5249 prehendas
720 5218 736 5245 ,
769 5178 863 5234 sed
897 5179 1062 5233 multo
1093 5177 1271 5247 plures
1301 5177 1414 5234 haec
1438 5180 1647 5236 curiose
1674 5191 1971 5237 scrutantes

402 5273 891 5344 perquirentesque,
913 5286 1030 5341 quae
1051 5285 1150 5324 nec
1170 5270 1392 5326 inveniri
1417 5272 1637 5340 possint,
1660 5288 1722 5328 ac
1741 5289 1970 5344 quorum

401 5363 684 5432 exquisitio
705 5363 867 5417 Deum
890 5363 1082 5417 irritet.
1105 5360 1234 5416 Nam
1257 5360 1344 5415 ubi
1365 5378 1424 5417 ea
1442 5363 1679 5418 ediscere
1694 5380 1968 5432 conamur,

403 5470 520 5524 qua:
550 5454 638 5507 ille
665 5469 763 5508 nos
795 5454 933 5508 scire
971 5468 1076 5507 non
1106 5453 1270 5518 velit,
1300 5468 1399 5508 nec
1424 5454 1656 5510 sciemus
1681 5471 1928 5526 umquam
1953 5497 1968 5522 ,

403 5549 419 5608 (
447 5545 537 5614 qui
564 5544 704 5598 enim
737 5544 952 5599 nolente
977 5543 1124 5599 Deo?
1150 5545 1168 5613 )
1195 5544 1247 5599 id
1274 5560 1433 5599 unum
1461 5547 1848 5614 reportabimus
1871 5588 1886 5614 ,
1915 5555 1975 5602 ut

408 5633 694 5707 quaerendo
720 5635 1096 5700 periclitemur.
1125 5636 1391 5702 Attamen,
1418 5635 1531 5691 haec
1555 5651 1676 5692 cum
1700 5638 1769 5695 ita
1795 5653 1853 5694 se
1879 5638 1975 5694 ha-

469 5726 485 5760 ⁸
521 5721 624 5782 Alii,
648 5721 959 5784 iniquitatem.

1055 320 1115 376 S.
1156 311 1434 374 JOANNIS
1471 302 1949 370 CHRYSOSTOMI
1987 301 2302 358 ARClllEP.
2345 304 2872 362 CONSTANTINOP.

3492 305 3596 366 868

2026 425 2221 490 beant,
2252 439 2372 479 cum
2416 428 2532 496 quis
2572 427 2886 482 auctoritate
2926 426 3230 497 interposita
3266 429 3596 490 curiosorum

2027 515 2298 569 hominum
2340 531 2432 570 ora
2481 509 2822 579 obstrinxerit.
2868 520 3183 588 arrogantia:
3224 530 3279 576 et
3324 522 3600 593 imperitiae

2027 618 2206 663 notam
2244 609 2342 664 sibi
2385 610 2564 664 inurit.
2596 610 2951 678 Quamobrem
2989 611 3074 667 hic
3112 613 3274 666 multa
3307 629 3442 683 opus
3467 618 3604 670 anti-

2028 702 2135 755 stiti
2168 702 2443 769 prudentia
2468 743 2482 763 ,
2511 712 2568 756 ut
2599 705 2763 772 possit
2787 718 2880 757 eos
2909 718 2936 756 a
2965 705 3341 774 quaestionibus
3373 717 3476 760 tam
3506 708 3602 762 ab-

2027 792 2203 846 surdis
2239 792 2536 854 abducere,
2563 801 2616 846 et
2653 807 2813 861 supra
2851 803 3168 848 memoratas
3207 795 3602 851 criminationes

2027 881 2314 937 declinare.
2342 883 2612 938 Adversus
2634 883 2746 937 hate
2767 884 2940 937 omnia
2964 883 3092 937 nihil
3114 885 3252 939 aliud
3276 901 3432 956 quam
3456 887 3600 942 verbi

2029 974 2287 1027 auxilium
2315 973 2494 1028 datmu
2524 983 2607 1029 est
2625 1013 2640 1040 ,
2666 989 2767 1043 qua
2801 973 3044 1030 facultate
3071 977 3114 1029 si
3145 979 3367 1032 antistes
3390 958 3602 1044 careat,

2031 1063 2358 1118 subditorum
2389 1065 2552 1118 animi
2590 1064 2758 1119 nihilo
2787 1065 2974 1120 melius
3000 1082 3156 1134 quam
3192 1067 3450 1124 navicula:
3476 1085 3602 1140 pro-

2029 1155 2178 1212 cellis
2206 1156 2417 1225 agitatae
2451 1155 2624 1211 affecti
2651 1164 2848 1210 erunt:
2875 1155 2940 1209 de
2978 1157 3041 1210 iis
3084 1157 3291 1227 loquor,
3327 1161 3415 1229 qui
3457 1160 3605 1215 inﬁr-

2033 1247 2228 1301 miores
2250 1257 2302 1301 ct
2326 1247 2642 1302 curiosiorcs
2665 1257 2806 1302 sunt.
2831 1248 3184 1313 Quamobrem
3212 1266 3308 1319 par
3331 1261 3412 1305 est
3432 1267 3606 1308 sacer-

2032 1339 2209 1394 dotem
2239 1339 2368 1392 nilnl
2396 1355 2498 1392 non
2524 1354 2714 1409 agere,
2746 1350 2801 1393 ut
2830 1340 2929 1394 sibi
2954 1339 3256 1396 facultatem
3291 1343 3425 1398 hanc
3453 1359 3602 1399 com-

2040 1440 2207 1501 paret.

2104 1522 2238 1576 Tum
2269 1522 2571 1577 BASILIUS
2599 1538 2612 1580 :
2642 1521 2751 1576 Cur
2777 1537 2875 1592 ego
2901 1523 3118 1590 Paulus,
3149 1525 3338 1593 inquit,
3372 1525 3508 1581 hanc
3536 1527 3608 1580 si-

2035 1614 2086 1668 bi
2109 1614 2410 1670 facultatem
2437 1630 2747 1682 comparare
2765 1615 2782 1646 ¹
2813 1630 2918 1669 non
2946 1617 3168 1682 curavit,
3203 1632 3374 1686 neque
3399 1617 3465 1671 de
3491 1618 3605 1671 elo—

2036 1707 2260 1775 quentiae
2292 1706 2463 1774 iunpia
2491 1706 2727 1768 erubuit,
2758 1705 2866 1759 imo
2893 1707 3062 1775 palam
3092 1707 3282 1761 fatetur
3308 1724 3364 1762 se
3391 1707 3606 1762 idiotam

2036 1798 2337 1866 esse,idque
2353 1797 2417 1850 ad
2435 1796 2733 1851 Corinthios
2746 1797 3004 1863 scribens,
3023 1797 3109 1867 qui
3127 1800 3440 1868 eloquentiae
3456 1800 3610 1854 laude

2041 1888 2317 1954 florebant,
2347 1887 2414 1941 de
2439 1902 2540 1957 qua
2568 1903 2771 1942 suntme
2797 1889 3156 1958 gloriabantur
3173 1890 3248 1960 (2.
3270 1887 3385 1944 Cor.
3412 1890 3496 1944 ll.
3520 1891 3614 1961 6)?

2135 1981 2185 2035 6.
2241 1980 2457 2033 Paulum
2513 1981 2566 2033 in
2616 1981 2712 2034 hoc
2760 1982 2976 2034 maxime
3022 1993 3269 2036 versatum
3317 1986 3490 2054 fuisse.
3542 2013 3602 2024 -

2039 2072 2406 2128 CHRYSOS'I‘.
2447 2073 2558 2127 Hoc
2583 2084 2683 2136 est,
2718 2074 2952 2141 inquam,
2985 2073 3086 2129 hoc
3112 2083 3213 2138 est,
3242 2077 3381 2145 quod
3415 2078 3613 2145 pleros—
3686 2078 3692 2084 ’

2040 2179 2143 2232 que
2173 2163 2432 2232 perdidit,
2471 2172 2524 2218 et
2549 2163 2686 2217 circa
2718 2179 2897 2218 veram
2923 2164 3216 2219 doctrinam
3243 2167 3514 2235 segniores
3537 2168 3616 2221 cf-

2042 2252 2180 2306 fecit.
2205 2252 2337 2307 Cum
2363 2253 2504 2307 enim
2529 2254 2830 2323 apostolica:
2858 2255 3050 2310 mentis
3077 2256 3404 2312 altitudinem
3429 2268 3617 2313 exacte

2042 2345 2264 2398 scrutari
2287 2360 2389 2399 non
2413 2356 2648 2414 possent,
2673 2362 2845 2416 neque
2865 2347 3144 2403 verborum
3167 2365 3379 2404 sensum
3401 2367 3608 2421 capere,

2041 2451 2200 2490 omne
2236 2446 2446 2506 tempus
2485 2439 2855 2494 somnolentia:
2894 2449 2949 2495 et
2985 2442 3277 2495 oscitantite
3309 2442 3614 2509 dederunt,

2045 2523 2304 2580 inscitiam
2332 2527 2474 2580 illam
2502 2527 2806 2596 amplcxati,
2831 2543 2935 2584 non
2961 2545 3062 2601 qua
3087 2530 3283 2586 Paulus
3305 2547 3362 2587 se
3389 2532 3612 2588 inscium

2044 2629 2163 2670 esse
2186 2616 2331 2679 dicit,
2354 2616 2446 2670 sed
2476 2631 2504 2670 a
2533 2632 2633 2686 qua
2662 2625 2806 2672 tanto
2828 2618 2918 2672 ille
2937 2618 3102 2688 abfuit
3122 2621 3420 2688 intervallo,
3442 2638 3614 2693 quan-

2046 2715 2099 2760 to
2125 2706 2300 2762 nullus
2329 2707 2624 2776 hominum,
2655 2709 2741 2778 qui
2771 2711 2870 2765 sub
2895 2711 3028 2765 caelo
3055 2720 3196 2766 sunt.
3229 2711 3490 2768 Czetermn
3519 2715 3619 2770 hoc

2046 2799 2466 2868 pertractandum
2500 2799 2640 2854 aliud
2678 2801 2729 2854 in
2765 2809 2973 2870 tempus
3001 2818 3334 2859 reservamus
3366 2824 3377 2858 :
3407 2806 3616 2860 interim

2049 2889 2175 2943 illud
2203 2889 2374 2944 dicam
2409 2907 2420 2941 :
2456 2890 2716 2947 Ponatnus
2745 2891 2965 2947 Paulum
2991 2908 3109 2950 esse
3133 2894 3348 2950 idiotam
3375 2898 3534 2952 etiam
3563 2898 3618 2953 in

2049 2981 2158 3048 illa,
2191 2997 2290 3050 qua
2322 2982 2420 3050 ipsi
2451 2982 2652 3048 volunt,
2683 2994 2833 3053 parte
2862 3001 2877 3038 :
2907 2984 3032 3054 quid
3055 2988 3158 3040 hoc
3179 2985 3246 3041 ad
3268 2996 3462 3042 nostrae
3489 2997 3620 3042 teta-

2050 3073 2118 3126 tis
2142 3071 2425 3126 homines?
2453 3073 2542 3128 Ille
2570 3073 2766 3144 quippe
2795 3075 2960 3129 multo
2986 3076 3242 3146 majorem
3267 3079 3436 3133 verbo
3458 3079 3621 3134 virtu-

2051 3171 2155 3217 tem
2196 3162 2405 3228 habuit,
2436 3179 2552 3232 qua:
2593 3164 2746 3234 longe
2783 3165 2931 3234 plura
2972 3176 3224 3234 praestare
3261 3179 3472 3237 posset;
3499 3186 3620 3224 nam

2051 3254 2334 3309 ostendens
2362 3269 2420 3308 se
2447 3263 2648 3309 tantum
2674 3270 2737 3310 ac
2762 3264 2939 3310 tacens
2965 3258 3292 3314 daemonibus
3316 3261 3619 3316 formidabi—

2052 3349 2121 3404 lis
2136 3357 2282 3403 erat:
2311 3349 2555 3403 hodierni
2577 3355 2755 3402 autem
2780 3348 3027 3404 homines
3045 3363 3235 3401 omnes
3253 3349 3414 3402 simul
3427 3350 3626 3409 coacti,

2009 3510 2015 3515 _
2052 3439 2283 3496 inﬁnitis
2307 3451 2419 3494 tum
2442 3440 2716 3510 precibus.
2744 3446 2857 3494 tum
2886 3440 3164 3511 lacrymis,
3197 3455 3476 3509 nunquam
3502 3449 3627 3494 tan-

2051 3541 2166 3586 tum
2185 3531 2416 3602 possint.
2442 3539 2703 3600 quantum
2725 3531 2852 3584 olim
2874 3529 3024 3584 Pauli
3045 3531 3382 3586 semicinctia
3402 3540 3629 3600 potuere

2053 3623 2196 3692 (Act.
2222 3613 2442 3684 19.“).
2474 3619 2674 3674 Paulus
2709 3620 2924 3690 quidem
2951 3622 3206 3690 precibus
3233 3630 3479 3677 mortuos
3505 3638 3631 3677 sus-

2053 3715 2276 3778 citabat,
2299 3714 2469 3766 etalia
2493 3712 2715 3782 insuper
2737 3711 2996 3766 miracula
3023 3713 3291 3781 ejusmodi
3319 3715 3534 3779 edebat,
3565 3722 3626 3766 ut

2054 3807 2123 3861 ab
2138 3805 2380 3860 externis
2397 3805 2531 3859 ιιι-ηε
2554 3821 2677 3859 esse
2699 3813 2981 3874 putaretur
2996 3803 3102 3875 (Ib.
3127 3805 3345 3872 14.11),
3364 3821 3446 3868 ac,
3478 3806 3629 3876 prius

2053 3912 2216 3967 quam
2244 3914 2308 3952 ex
2340 3897 2442 3950 hac
2479 3897 2589 3950 vita
2619 3896 3035 3960 transferretur,
3068 3896 3268 3967 dignus
3298 3899 3514 3952 habitus
3544 3907 3630 3953 est

2055 3992 2146 4060 qui
2170 3999 2454 4061 raperetur
2477 4005 2648 4060 usque
2668 3990 2735 4043 ad
2761 3989 2979 4044 tertium
2999 3991 3210 4052 caalum,
3229 3989 3631 4058 verborumque

2056 4084 2326 4154 particeps
2355 4083 2525 4143 fieret,
2553 4096 2672 4150 quae
2696 4081 2988 4134 humanam
3017 4079 3208 4134 audire
3237 4087 3490 4133 naturam
3521 4095 3628 4136 non

2059 4177 2182 4231 licet
2206 4175 2280 4240 (2.
2317 4174 2439 4229 Cor.
2475 4175 2563 4228 12.
2605 4174 2681 4244 2).
2719 4173 2784 4226 At
2813 4173 2904 4242 qui
2936 4187 3079 4226 nunc
3108 4172 3299 4225 vivunt
3331 4172 3503 4242 (nihil
3531 4187 3633 4242 ego

2055 4266 2237 4336 eloqui
2265 4277 2482 4335 possum
2511 4266 2532 4294 ⁸
2546 4264 2692 4333 quod
2715 4263 3000 4317 molestum
3017 4261 3101 4316 vel
3122 4276 3287 4331 grave
3307 4275 3429 4316 esse
3445 4259 3632 4314 videa-

2059 4369 2180 4414 tur:
2208 4357 2322 4411 haec
2341 4355 2541 4425 quippe
2556 4370 2663 4409 non
2690 4355 2963 4408 insultans
2985 4352 3065 4409 eis
3090 4351 3237 4417 dico,
3270 4349 3364 4406 sed
3391 4349 3633 4404 admira-

2059 4453 2208 4508 tione
2229 4450 2478 4521 captus),
2500 4449 2774 4520 quomodo
2804 4463 2908 4500 non
2937 4446 3384 4516 perhorrescunt,
3420 4443 3548 4497 dum
3575 4457 3635 4497 se

2059 4546 2153 4600 tali
2171 4546 2287 4599 viro
2299 4551 2615 4612 comparant
2636 4542 2649 4594 !
2667 4539 2800 4594 Nam
2818 4540 2886 4604 si,
2901 4537 3180 4592 miraculis
3193 4536 3434 4599 omissis,
3467 4534 3531 4588 ad
3553 4534 3632 4587 vi-

2060 4645 2171 4692 tam
2195 4637 2334 4691 beati
2359 4635 2505 4688 illius
2523 4631 2623 4686 viri
2648 4630 2997 4693 accedamus,
3017 4628 3248 4697 ejusque
3264 4641 3445 4680 mores
3469 4639 3627 4692 ange-

2064 4727 2198 4781 licos
2229 4723 2620 4793 disquiramus,
2650 4720 2704 4773 in
2729 4718 2832 4772 hac
2856 4733 2915 4772 re
2943 4717 3134 4786 magis,
3159 4729 3323 4784 quam
3352 4714 3407 4767 in
3433 4712 3633 4782 signis.

2061 4812 2266 4868 Christi
2284 4811 2540 4864 athletam
2555 4811 2575 4842 ³
2595 4815 2943 4877 superantem
2963 4802 3347 4870 videbis.Quid
3361 4804 3505 4857 enim
3526 4815 3637 4855 me-

2065 4921 2244 4960 mores
2261 4903 2521 4964 studium,
2541 4900 2888 4970 probitatem,
2904 4895 3206 4966 frequentia
3231 4894 3494 4963 pericula,
3513 4908 3640 4947 con-

2066 5000 2246 5053 tinuas
2257 4993 2674 5054 sollicitudines,
2700 4990 3096 5045 indesinentem
3119 5002 3216 5057 pro
3234 4985 3497 5040 Ecclesiis
3511 4998 3642 5038 mte-

2067 5077 2374 5158 rorem‘ub.
2401 5087 2490 5141 11.
2511 5085 2624 5155 26),
2647 5099 2775 5154 erga
2804 5083 3051 5138 infirmos
3071 5081 3634 5137 commiserationem.

2066 5185 2266 5240 multas
2284 5196 2578 5242 aarumnas,
2606 5194 2777 5234 novas
2793 5177 3270 5247 persequutioues,
3293 5172 3642 5242 quotidianas

2067 5285 2275 5334 mortes
2289 5276 2336 5347 (l
2350 5315 2362 5328 .
2381 5270 2683 5341 Cor.9.9.2)?
2698 5269 2830 5336 Quis
2851 5270 2998 5325 orbis
3018 5271 3318 5335 locus,quae
3330 5264 3640 5320 continens,

2073 5360 2215 5431 quod
2245 5374 2389 5414 mare
2413 5359 2540 5428 justi
2569 5357 2726 5426 hujus
2749 5355 3033 5411 certamina
3060 5354 3318 5424 ignoravit
3338 5354 3362 5409 ?
3382 5353 3532 5408 lllum
3558 5352 3642 5408 iu-

2142 5546 2159 5577 ί
2193 5541 2354 5608 savii.,
2376 5541 2512 5608 [tam
2554 5539 2647 5608 sibi
2677 5539 2950 5608 facultatem
2993 5550 3289 5608 comparare.
3324 5543 3516 5608 Magna
3538 5548 3649 5598 pars

2080 5616 2182 5658 Mss.
2192 5641 2206 5665 ,
2218 5599 2450 5669 Itanctt'bt'.
2460 5639 2490 5650 ..
2507 5599 2690 5669 Morel,
2701 5599 2824 5669 hanc
2838 5599 3137 5669 comparare.
3153 5600 3372 5651 savilitun
3380 5599 3647 5662 sequimur.

2147 5671 2164 5700 ²
2194 5662 2304 5724 λιϋ,
2327 5664 2446 5714 nihil
2466 5678 2552 5724 ego
2572 5662 2726 5724 eloqui
2750 5665 2866 5715 volo.

2146 5731 2167 5762 ³
2199 5729 2304 5790 alii,
2331 5727 2415 5777 L‘ei
2438 5724 2681 5776 athletam.
