4050 6160
206 305 306 364 667
1529 309 1619 367 DE
1659 311 2116 373 SACERDOTIO.
2160 317 2291 374 LIB.
2333 317 2422 376 IV.
3575 337 3676 394 663

200 421 299 495 λὴν
325 423 459 495 περὶ
481 423 664 479 ταῦτα
698 423 801 496 τὴν
828 423 1130 495 ἐμπειρίαν
1155 421 1316 494 ἔχων,
1343 425 1439 522 καὶ.
1465 429 1577 491 τοῖς
1609 427 1785 498 φίλοις
1807 430 1901 482 καὶ
2008 432 2154 503 ἡμᾶς
2177 435 2278 488 οὑκ
2316 435 2582 506 ἠθέλησεν
2619 437 2837 505 εἰδέναι,
2867 440 3041 496 ταῦτα
3099 443 3416 518 βιαζώμεθα
3469 456 3680 522 μανθακ

198 516 311 576 τοῖς
336 513 628 584 πολεμίοις
656 514 1064 583 καταγέλαστος
1090 515 1324 583 γίνεται.
1363 514 1490 569 Οίον
1523 517 1900 589 (πειράσομαι

197 600 310 671 γάρ
332 618 420 654 σοι
449 602 547 655 καὶ
571 602 666 655 ἐπὶ
690 602 1138 675 παραδείγματος
1163 602 1193 656 ὃ
1216 603 1360 672 λέγω
1391 605 1615 675 ποιῆσαι
1640 605 1896 676 φανερὸν)

195 687 288 740 τὸν
321 687 434 741 ὑπὸ
465 687 562 742 τοῦ
593 688 732 742 Θεοῦ
762 689 986 744 δοθέντα
1009 691 1088 762 τῷ
1113 692 1322 762 Μωῦσῇ
1357 692 1522 763 νόμον
1546 695 1597 746 οί
1629 692 1729 764 τὴν
1753 694 1898 747 Οὐα-

194 777 444 830 λεντίνου
496 778 592 830 καί
641 778 971 850 Μαρκίωνος
1025 777 1400 850 διαδεξάμενοι
1443 780 1894 852 φρενοϐλάϐειαν,

196 866 294 919 καὶ
320 866 442 920 ὅσοι
480 869 553 920 τά
585 867 727 920 αὑτὰ
758 867 1008 922 νοσοῦσιν
1036 869 1288 934 ἐκείνοις,
1321 869 1416 922 τοῦ
1450 869 1754 938 καταλόγου
1787 871 1897 925 τῶν

195 955 367 1009 θείων
397 956 726 1010 ἐκϐάλλουσι
761 956 995 1029 Γραφῶν
1016 974 1030 988 ο
1080 957 1324 1010 Ἰουδαῖοι
1353 957 1411 1011 δὲ
1443 958 1608 1012 αὑτὸν
1645 957 1790 1012 οὑτω
1813 976 1896 1012 τι-

199 1045 401 1115 μῶσιν,
431 1045 510 1109 ὡς
537 1047 636 1100 καὶ
665 1045 762 1100 τοῦ
788 1045 980 1117 καιροῦ
1002 1045 1304 1111 κωλύοντος
1333 1045 1655 1115 φιλονεικεῖν
1679 1047 1895 1101 ἅπαντα

197 1134 516 1202 φυλάττειν,
551 1134 707 1206 παρά
733 1135 794 1188 τὸ
826 1133 905 1205 τῷ
929 1133 1049 1206 Θεῷ
1073 1133 1283 1189 δοκοῦν.
1300 1135 1364 1188 Ἥ
1390 1135 1447 1188 δὲ
1474 1134 1771 1206 Ἐκκλησία
1797 1135 1891 1188 τοῦ

192 1223 360 1287 Θεοῦ,
396 1222 502 1294 τὴν
535 1222 867 1295 ἀμφοτέρων
895 1223 1162 1295 ἀμετρίαν
1188 1223 1526 1293 φεύγουσαα,
1562 1223 1734 1295 μέσην
1760 1224 1891 1278 ἐϐά-

192 1312 330 1374 δισε,
362 1314 458 1366 καὶ
482 1312 607 1366 οὔτε
638 1312 958 1366 ὑποκεῖσθαι
993 1310 1158 1366 αὑτοῦ
1183 1312 1262 1383 τῷ
1291 1311 1443 1384 ζυγῷ
1468 1313 1738 1376 πείθεται,
1765 1312 1891 1366 οὔτε

193 1399 510 1453 διαϐάλλειν
535 1401 702 1455 αὑτὸν
734 1401 1008 1471 ἀνέχεται,
1042 1400 1180 1455 ἀλλά
1222 1400 1317 1454 καὶ
1353 1401 1703 1472 πεπαυμένον
1732 1403 1891 1454 ἐπαι-

193 1491 292 1550 νεῖ,
319 1489 414 1544 διά
443 1489 506 1542 τὸ
527 1488 900 1560 χρησιμεῦσαί
927 1505 1060 1542 ποτε
1088 1491 1169 1552 εἰς
1202 1489 1412 1560 καιρόν.
1443 1491 1535 1542 Δεῖ
1558 1488 1622 1559 δὴ
1648 1490 1738 1542 τὸν
1764 1489 1890 1559 μέλ-

193 1577 354 1630 λοντα
381 1577 524 1648 πρὸς
544 1577 891 1648 ἀμφοτέρους
917 1577 1184 1649 μάχεσθαι
1206 1577 1304 1648 τὴν
1326 1579 1669 1649 συμμετρίαν
1691 1578 1888 1634 εἰδέναι

191 1665 535 1736 ταύτην.⁹Αν
565 1683 624 1719 τε
655 1665 1068 1738 γάρἸουδαίους
1092 1664 1302 1729 διδάξαι
1333 1664 1762 1735 βούλομενος,ώς
1789 1666 1888 1719 οὑκ

191 1755 248 1805 ἐν
274 1753 462 1825 καιρῷ
481 1755 584 1824 τῆς
606 1754 846 1816 παλαιᾶς
882 1752 1099 1823 ἔχονται
1129 1752 1471 1822 νομοθεσίας,
1496 1752 1728 1823 ἄρξηται
1757 1769 1889 1806 κατ-

188 1844 415 1913 ηγορεϊν
448 1841 621 1911 αὐτῆς
650 1840 904 1909 ἀφειδῶς,
923 1840 1090 1894 ἔδωκε
1115 1843 1225 1904 τοῖς
1249 1839 1526 1910 διασύρειν
1548 1839 1886 1910 βουλομένοις

189 1931 299 1984 τῶν
331 1929 630 2002 αίρετικῶν
654 1929 825 2002 λαϐὴν
853 1931 915 1983 οὑ
954 1929 1175 2001 μικράνο
1200 1928 1264 1982 ἄν
1280 1946 1340 1982 τε
1355 1928 1579 1992 τούτους
1601 1929 1887 1999 ἐπιστομί-

191 2037 285 2072 σαι
313 2019 814 2091 σπουδάζων,ἀμέτ
824 2036 933 2090 ρως
953 2019 1113 2073 αὑτὸν
1131 2019 1356 2091 ἐπαίρῃ,
1371 2019 1464 2072 καὶ
1490 2018 1565 2080 ὡς
1588 2019 1885 2086 ἀναγκαῖον

188 2110 249 2161 ἐν
299 2108 380 2178 τῷ
414 2109 648 2180 παρόντι
675 2107 1015 2178 τυγχάνοντα
1048 2107 1328 2178 θαυμάζῃ,
1365 2107 1434 2160 τά
1469 2105 1579 2160 τῶν
1613 2106 1883 2159 Ἰουδαίων

190 2197 401 2268 ἀνέῳξε
434 2197 700 2267 πόματα.
722 2196 893 2250 Πάλιν
928 2195 1093 2266 οἰτὴν
1111 2194 1406 2249 Σαϐελλίου
1435 2195 1755 2266 μαινόμενοι
1783 2211 1882 2265 μα-

187 2285 335 2348 νίαν,
371 2284 470 2336 καὶ
499 2287 550 2337 οἰ
577 2284 650 2338 τά
698 2283 910 2354 Ἀρείου
936 2283 1267 2346 λυττῶντες,
1299 2279 1360 2347 ἐξ
1403 2283 1674 2354 ἀμετρίας
1704 2283 1883 2353 ἀμφό-

188 2389 340 2441 τεροι
371 2373 479 2444 τῆς
511 2371 701 2441 ὑγιοῦς
730 2372 989 2439 ἐξέπεσον
1026 2373 1285 2434 πίστεως·
1323 2371 1418 2424 καὶ
1459 2371 1520 2424 τὸ
1553 2373 1650 2441 μὲν
1710 2370 1882 2442 ὄνομα

187 2461 551 2531 Χριστιανῶν
581 2461 919 2533 ἀμφοτέροις
941 2460 1236 2514 ἐπίκειται·
1266 2461 1316 2513 εἰ
1348 2460 1405 2513 δέ
1432 2478 1515 2524 τις
1539 2459 1608 2513 τά
1635 2459 1882 2529 δόγματα

186 2550 470 2616 ἐξετάσειε
495 2551 546 2614 ιι,
571 2552 697 2615 τοὺς
740 2551 840 2622 μὲν
890 2549 1044 2603 οὐδὲν
1086 2550 1313 2620 ἄμεινον
1364 2547 1633 2601 Ἰουδαίων
1671 2548 1882 2602 διακει-

191 2639 394 2708 μένους
435 2640 686 2710 εὑρήσει,
724 2639 866 2710 πλὴν
900 2639 1025 2692 ὅσον
1061 2637 1203 2708 ὑπὲρ
1227 2635 1511 2704 ὀνομάτων
1535 2634 1880 2706 διαφέρονται

191 2728 379 2795 μόνον,
408 2729 541 2790 τοὺς
585 2727 643 2780 δέ
669 2727 872 2799 πολλὴν
920 2726 1020 2796 τὴν
1054 2725 1358 2796 ἐμφέρειαν
1389 2723 1527 2796 πρὸς
1551 2724 1648 2794 τὴν
1669 2722 1882 2794 αἵρεσιν

187 2815 415 2869 Παύλου
455 2815 551 2869 τοῦ
601 2815 962 2886 Σαμοσατέως
1008 2814 1252 2884 ἔχοντας,
1299 2813 1643 2883 ἀμφοτέρους
1670 2811 1728 2864 δὲ
1779 2810 1882 2880 τῆς

189 2903 458 2976 ἀληθείας
501 2904 680 2967 ἐκτός.
710 2903 883 2966 Πολὺς
911 2898 1005 2957 οὗν
1045 2899 1326 2956 κάνταῦθα
1359 2911 1382 2939 ε
1414 2902 1442 2953 ό
1491 2898 1756 2962 κίνδυνος,
1786 2901 1881 2952 καὶ

190 2994 356 3062 στενὴ
389 2993 490 3046 καὶ
537 2991 873 3063 τεθλιμμένη
907 2992 940 3062 ή
974 2990 1092 3053 όδὸς
1135 2992 1168 3060 ή
1213 2989 1319 3042 ὑπὸ
1351 2988 1613 3060 κρημνῶν
1639 2988 1881 3058 ἀμφοτέ-

193 3081 370 3152 ρωθεν
401 3079 813 3152 ἀπειλημμένη·
849 3079 944 3133 καί¹
974 3077 1090 3142 δέος
1111 3079 1172 3130 οὑ
1216 3077 1433 3148 μικρὸν,
1464 3077 1538 3147 μὴ
1573 3075 1665 3130 τὸν
1694 3076 1880 3148 ἕτερόν

187 3189 280 3235 τις
315 3171 492 3224 θέλων
530 3169 736 3240 βαλεῖν,
772 3169 879 3221 ὑπὸ
903 3167 1132 3239 θατέρου
1164 3165 1368 3237 πληγῇ.
1400 3167 1502 3218 "Av
1530 3182 1589 3218 τε
1621 3164 1731 3236 γὰρ
1751 3166 1880 3235 μίαν

187 3278 277 3324 τις
301 3261 434 3332 εῖπῃ
469 3257 722 3328 θεότητα,
753 3256 892 3328 πρὸς
921 3256 1020 3327 τὴν
1048 3255 1245 3308 ἐαυτοῦ
1279 3254 1566 3325 παροινίαν
1594 3253 1620 3293 ά
1677 3253 1879 3316 εὐθέως

187 3349 418 3402 εἵλκυσε
440 3347 544 3419 τὴν
573 3347 759 3416 φωνήν
797 3347 826 3397 ό
864 3343 1020 3417 [MO]
1057 3343 1364 3405 Σαϐέλλιος’
1406 3341 1470 3394 ἀν
1497 3359 1556 3394 τε
1597 3341 1747 3413 διέλῃ
1775 3341 1879 3394 πά⁴

188 3439 294 3503 λιν,
325 3436 522 3508 ἕτερον
553 3435 651 3506 μὲν
688 3433 781 3486 τὸν
819 3433 1060 3503 Πατέρα,
1089 3430 1278 3501 ἕτερον
1303 3430 1360 3483 δέ
1391 3429 1480 3482 τὸν
1521 3430 1668 3493 Υίδν,
1701 3429 1879 3483 καὶτὸ

188 3525 424 3596 Πνεῦμα
477 3524 535 3577 δὲ
588 3523 650 3576 τὸ
696 3523 851 3592 ἅγιον
897 3522 1085 3592 ἕτερον
1136 3515 1278 3572 εἶναι
1338 3519 1533 3588 λέγων,
1577 3519 1879 3589 ἐφέστηκεν
1923 3528 1932 3534 ⁷

186 3617 438 3685 Ἀρειος,
461 3615 543 3676 εἰς
565 3611 918 3684 παραλλαγὴν
940 3610 1133 3673 οὐσίας
1159 3609 1333 3662 ἕλκων
1372 3609 1471 3677 τὴν
1499 3609 1557 3660 ἐν
1573 3610 1686 3670 τοῖς
1707 3624 1878 3677 προσ-

182 3703 367 3766 ώποις
420 3701 709 3772 διαφοράν.
729 3702 842 3752 ’Δεῖ
878 3701 935 3753 δὲ
979 3700 1076 3753 καὶ
1106 3697 1204 3770 τὴν
1233 3697 1406 3768 ἀσεϐῆ
1437 3696 1701 3766 σύγχυσιν
1733 3695 1878 3748 ἐκεί-

185 3808 306 3854 νου,
348 3790 449 3844 καὶ
475 3789 576 3860 τὴν
625 3787 870 3858 μανιώδη
898 3786 1093 3840 τούτου
1130 3784 1397 3856 διαίρεσιν
1435 3783 1878 3853 ἀποστρέφεσθαι

187 3880 284 3933 καὶ
305 3878 560 3948 φεύγειν,
589 3875 688 3948 τὴν
720 3877 818 3946 μὲν
836 3875 1066 3946 θεότητα
1090 3873 1302 3944 Πατρὸς
1326 3873 1421 3927 καί
1443 3872 1572 3925 Υἰοῦ
1596 3873 1690 3925 καὶ
1720 3873 1877 3940 ἁγίου

185 3968 519 4037 Πνεύματος
548 3965 677 4036 μίαν
709 3964 1128 4035 ὁμολογοῦντας,
1163 3960 1558 4034 προστιθέντας
1579 3960 1638 4014 δέ
1663 3961 1879 4026 καὶτὰς

185 4059 339 4127 τρεῖς
358 4054 714 4118 ὑποστάσεις·
745 4052 889 4105 οὑτω
913 4051 1021 4123 γὰρ
1049 4050 1394 4120 ἀποτειχίσαι
1417 4049 1759 4120 δυνησόμεθα
1779 4050 1878 4114 τάς

188 4144 527 4217 ἀμφοτέρων
563 4141 806 4212 ἐφόδους.
839 4140 1048 4202 Πολλὰς
1073 4139 1130 4192 δέ
1166 4140 1261 4193 καὶ
1288 4138 1483 4211 ἐτέρας
1514 4137 1639 4209 ἐνῆν
1674 4155 1758 4191 σοι
1784 4137 1878 4191 λέ-

187 4253 309 4304 γειν
345 4245 370 4272 ε
421 4229 770 4302 συμπλοκὰς,
810 4229 948 4300 πρὸς
1003 4228 1070 4291 ἀς
1126 4226 1193 4281 ἂν
1227 4226 1303 4298 μὴ
1350 4226 1618 4295 γενναίως
1651 4242 1735 4289 τις
1783 4227 1879 4280 καί

188 4322 437 4396 ἀκριϐῶς
469 4319 730 4391 μάχηται,
769 4319 939 4390 μυρία
967 4315 1146 4370 λαϐὼν
1175 4315 1360 4370 ἄπεισι
1387 4313 1700 4386 τραύματα.

259 4421 325 4469 ε’.
349 4416 417 4468 Τί
446 4415 510 4469 ἀν
534 4431 618 4478 τις
641 4413 792 4480 λέγοι
816 4411 913 4473 τὰς
935 4409 1045 4461 τῶν
1063 4405 1279 4460 οἰκείων
1311 4403 1653 4476 ἐρεσχελίας;
1678 4403 1750 4456 Οὐ
1769 4405 1878 4473 γάρ

192 4506 332 4558 εἰσιν
367 4503 630 4565 ἐλάττους
668 4493 830 4555 αῦται
866 4497 976 4551 τῶν
1008 4495 1208 4563 ἔξωθεν
1242 4492 1584 4565 προσϐολῶν,
1617 4490 1755 4546 ἀλλά
1782 4493 1878 4545 καὶ

194 4593 416 4646 πλείονα
440 4591 520 4662 τῷ
538 4590 842 4645 διδάσκοντι
864 4585 1164 4658 παρέχουσι
1187 4582 1278 4636 τὸν
1310 4581 1528 4653 ἱδρῶτα.
1559 4581 1620 4634 Οἰ
1647 4579 1745 4651 μέν
1768 4579 1877 4652 γὰρ

193 4681 300 4734 ὑπὸ
334 4676 878 4750 πολυπραγμοσύνης
915 4673 1101 4736 ἁπλῶς
1135 4671 1229 4725 καὶ
1255 4669 1379 4739 εἰκῆ
1415 4668 1877 4740 περιεργάζεσθαι

193 4769 465 4833 θέλουσιν,
492 4767 530 4821 ἀ
565 4768 706 4838 μήτε
737 4763 1011 4836 μαθόντας
1045 4761 1163 4814 ἐστι
1192 4759 1473 4830 κερδᾶναι,
1516 4759 1653 4830 μήτε
1683 4757 1876 4828 μαθεῖν

189 4858 438 4913 δυνατόν’
467 4857 649 4927 ἕτεροι
677 4854 841 4908 πάλιν
869 4851 979 4906 τῶν
1007 4849 1103 4904 τοῦ
1144 4848 1283 4902 Θεοῦ
1327 4849 1614 4919 χριμάτων
1645 4847 1878 4912 εὐθύνας

189 4948 356 5002 αὑτὸν
389 4945 742 5007 ἀπαιτοῦσιν,
777 4943 872 4996 καὶ
901 4941 1000 5012 τὴν
1029 4938 1268 4994 ἄϐυσσον
1299 4935 1400 5006 τὴν
1435 4934 1634 5006 πολλὴν
1664 4935 1874 5005 ἀναμε-

187 5041 340 5109 τρεῖν
370 5034 674 5108 βιάζονται’
704 5033 781 5088 Τὰ
812 5031 921 5104 γὰρ
949 5027 1204 5099 κρᾲιατά
1225 5042 1366 5089 σου,
1391 5025 1578 5109 φησὶν,
1602 5026 1875 5092 ἄϐυσσος

190 5107 420 5188 πολλή.
445 5119 559 5173 Καὶ
592 5119 832 5180 πίστεως
863 5115 963 5184 μὲν
999 5113 1129 5184 πέρι
1183 5111 1279 5164 καὶ
1335 5107 1611 5171 πολιτείας
1659 5109 1874 5178 ὀλίγους

189 5205 252 5258 ἀν
281 5204 472 5278 εὕροις
497 5199 930 5264 σπουδάζοντας
957 5197 1084 5260 τοὺς
1107 5195 1165 5247 δέ
1195 5193 1415 5256 πλείους
1440 5191 1615 5278 ταῦτα
1648 5209 1872 5278 περιερῖ-

190 5275 531 5359 γαζομένους
558 5285 656 5339 καὶ
680 5282 1002 5353 ζητοῦντας,
1040 5280 1074 5332 ἀ
1107 5278 1244 5349 μήτε
1267 5277 1452 5345 εὑρεῖν
1488 5275 1730 5341 δυνατὸν,
1779 5276 1873 5328 καὶ

190 5375 279 5427 τὸν
300 5372 438 5426 Θεὸν
469 5367 768 5441 παροξύνει
798 5365 1126 5437 ζητούμενα.
1175 5363 1345 5415 Ὅταν
1380 5361 1510 5432 γὰρ,
1542 5360 1684 5432 ἅπερ
1707 5360 1874 5424 αὐτὸς

251 5477 517 5541 {Aliquot
550 5473 870 5541 manuscripli
917 5468 1149 5534 φυγοῦσα,
1175 5473 1229 5517 el
1250 5466 1375 5517 infra
1409 5468 1706 5529 πεπαυμένον
1728 5469 1872 5518 αὐτὸν

189 5542 264 5590 ἐπ.
286 5537 511 5589 Mox-alii
549 5538 620 5588 δεῖ
642 5539 693 5586 δὲ
715 5537 814 5584 τόν.

251 5604 278 5642 b
299 5601 510 5652 Codices
537 5613 639 5650 non
660 5600 802 5661 pauci
825 5597 866 5644 εἰ
889 5597 939 5644 δέ
959 5611 1027 5650 τις
1064 5593 1219 5641 αὐτῶν
1238 5592 1298 5639 τά
1327 5592 1540 5653 δόγματα
1570 5592 1776 5654 ἀκριϐῶς
1799 5592 1870 5649 ἐξ·
1938 5607 1943 5612 ’

188 5665 393 5714 ετάσειε.

251 5730 276 5757 ⁴⁵
311 5727 412 5776 Alii
437 5725 585 5780 πολὺς
606 5725 659 5772 δὲ
682 5721 789 5770 κᾶν.

253 5786 740 5852 οὶΑἰὶί-παρανομίᾳν·
1083 5844 1094 5852 ,
1133 5850 1149 5852 ,_
1309 5842 1360 5852 .,
1502 5839 1542 5852 ..
1643 5842 1652 5852 .
1742 5848 1749 5852 .
1812 5843 1841 5852 ..

260 5854 281 5879 ⁸
308 5849 460 5897 διινΗ.
483 5839 536 5895 ὀὶ
561 5839 772 5896 minima
801 5858 912 5909 pars
936 5857 1048 5894 mss.
1077 5844 1180 5902 ἐνῆν
1204 5858 1280 5892 σοι
1309 5842 1476 5905 λέγειν,
1501 5839 1673 5892 Morel.
1706 5848 1759 5894 εἰ
1781 5843 1866 5893 ali-

194 5921 310 5974 quot
334 5915 399 5963 ἔνι
427 5911 688 5973 συλλέγειν.

2004 536 2135 613 νειν,
2157 519 2280 613 οὔτε
2297 523 2576 613 εἰσόμεθα,
2597 525 2740 595 (πῶς
2761 529 2892 600 γὰρ,
2917 530 3009 583 τοῦ
3034 531 3171 586 Θεοῦ
3203 535 3277 605 μὴ
3299 519 3621 610 βουλομένου
3637 542 3680 613 ;)

2212 609 2546 666 κινδυνεύειν
2574 615 2705 684 ήμῖν
2735 618 2798 670 ἐκ
2835 617 2929 671 τοῦ
2957 619 3141 691 ζητεῖῦ
3183 607 3472 695 περιέσται.
3497 607 3678 698 μόνονξ

2018 694 2158 787 ’ἀλλ’
2187 698 2336 787 ὅμως
2367 699 2460 752 καὶ
2489 701 2697 757 τούτων
2743 705 3002 760 τοιούτων
3048 708 3238 778 ὄντων,
3258 694 3400 768 ίόταν
3425 694 3509 779 τις
3542 717 3681 787 μετά

2003 783 2294 874 αὐθεντίας
2314 788 2642 862 ἐπιστομίζῃ
2671 794 2799 858 τοὺς
2824 793 2892 847 τὰ
2917 794 3101 868 ἄπορα
3124 799 3298 855 ταῦτα
3318 783 3678 874 ἐρευνῶντας,

2002 872 2263 961 ἀπονοίας
2298 891 2360 927 τε
2407 877 2503 930 καὶ
2550 878 2793 949 ἀμαθίας
2847 883 3027 955 ἐαυτῷ
3056 872 3460 961 προσετρίψατο
3495 891 3674 956 δόξαν.

2002 960 2094 1013 Διὸ
2111 961 2217 1033 χρὴ
2252 963 2531 1019 κάνταῦθα
2563 966 2731 1038 πολλῇ
2780 972 3088 1042 κεχρῆσθαι
3113 978 3180 1047 τῇ
3209 960 3442 1043 συνέσει,
3469 979 3546 1044 ὡς
3585 981 3679 1035 καὶ

2001 1047 2239 1118 ἀπάγειν
2268 1052 2466 1117 αὑτοὺς
2490 1053 2599 1106 τῶν
2626 1055 2843 1111 ἀτόπων
2875 1059 3197 1133 ἐρωτήσεων
3213 1065 3302 1118 τὸν
3332 1069 3675 1138 προεστῶτα,

2000 1137 2223 1202 καὶτὰς
2263 1142 2563 1213 εἰρημένας
2590 1145 2884 1216 ἐκφεύγειν
2928 1152 3128 1214 αἰτίας.
3169 1155 3315 1224 Πρὸς
3356 1137 3574 1211 ἅπαντα
3619 1158 3678 1212 δὲ

1997 1226 2174 1281 ταῦτα
2207 1228 2394 1302 ἕτερον
2417 1232 2516 1302 μὲν
2547 1233 2722 1300 οὐδὲν,
2765 1237 2875 1306 ήδέ
2910 1237 3004 1292 τοῦ
3025 1239 3184 1308 λόγου
3217 1241 3440 1312 βοήθεια
3467 1240 3677 1300 δέδοται

2002 1314 2162 1386 μόνη·
2193 1316 2296 1372 κάν
2326 1336 2410 1383 τις
2433 1320 2638 1393 ταύτης
2676 1324 3123 1398 ἀπεστερημένος
3238 1330 3338 1400 τῆς
3368 1331 3672 1402 δυνάμεως,

1998 1404 2150 1458 οὐδὲν
2183 1405 2409 1477 ἄμεινον
2460 1410 2570 1462 τῶν
2619 1413 3030 1485 χειμαζομένων
3065 1416 3267 1470 πλοίων
3321 1418 3585 1488 διηνεκῶς
3618 1423 3674 1474 αί

1996 1487 2170 1561 ψυχαὶ
2193 1491 2301 1545 τῶν
2331 1493 2424 1547 ὑπ’
2455 1495 2604 1568 αὐτῷ
2644 1500 2996 1569 τεταγμένων
3038 1503 3265 1576 ἀνδρῶν’
3285 1504 3672 1569 διακείσονται,

1995 1575 2105 1665 τῶν
2156 1578 2566 1654 ἀσθενεστέρων
2613 1587 2709 1639 καὶ
2746 1575 3185 1661 περιεργοτέρων
3234 1591 3399 1660 λέγω.
3441 1594 3532 1646 Διὸ
3568 1594 3674 1665 χρὴ

1994 1663 2088 1718 τὸν
2113 1667 2278 1739 ,ἰερέα
2308 1669 2486 1724 πάντα
2508 1676 2683 1727 ποιεῖν
2711 1675 2851 1746 ὑπὲρ
2873 1676 2968 1729 τοῦ
3001 1677 3206 1750 ταύτην
3245 1663 3674 1753 κτήσασθαι

1998 1753 2174 1823 ἰσχύν.

2065 1842 2178 1895 Καὶ
2227 1845 2256 1896 ό
2304 1844 2686 1915 ΒΑΣΙΛΕΙΟΣ,
2742 1849 2810 1903 Τί
2848 1847 2942 1904 οὖν
2973 1855 3000 1905 ὁ
3039 1852 3272 1919 Παῦλος,
3330 1857 3518 1926 φησὶν,
3572 1858 3674 1911 οὑκ

1993 1928 2296 1985 ἐσπούδασε
2326 1933 2533 2005 ταύτην
2559 1937 2708 2008 αὑτῷ
2727 1939 3134 2009 κατορθωθῆναι
3167 1941 3186 1980 ί
3207 1943 3306 2014 τὴν
3325 1943 3548 2015 ἀρετήν,
3577 1946 3672 1998 οὑ-

1991 2015 2048 2069 δὲ
2077 2017 2484 2086 ἐγκαλύπτεται
2511 2024 2603 2077 ἐπὶ
2620 2027 2684 2097 τῇ
2711 2025 2806 2079 τοῦ
2843 2026 3003 2095 λόγου
3033 2029 3213 2099 πενίᾳ,
3245 2029 3381 2084 ἀλλά
3409 2033 3499 2086 καὶ
3517 2032 3674 2105 διαρ-

1995 2106 2163 2178 ρήδην
2188 2109 2445 2179 ὁμολογεῖ
2480 2112 2698 2185 ἰδιώτην
2724 2115 2918 2168 ἐαυτὸν
2952 2111 3113 2180 εἶναι,
3144 2118 3239 2170 καὶ
3273 2117 3450 2173 ταῦτα
3472 2123 3673 2193 Κοριν-

1992 2193 2128 2260 θίοις
2155 2197 2509 2264 ἐπιστέλλων,
2535 2204 2652 2266 τοῖς
2703 2203 2810 2257 ἀπὸ
2852 2203 2947 2256 τοῦ
2989 2204 3170 2274 λέγειν
3210 2205 3668 2278 θαυμαζομένοις,

1991 2285 2085 2338 καὶ
2111 2286 2255 2357 μέγα
2301 2290 2395 2343 ἐπὶ
2421 2290 2580 2344 τοῦτο
2607 2291 2867 2363 φρονοῦσι
2889 2311 2904 2358 ;

2063 2381 2137 2438 ς’.
2168 2376 2504 2433 ΧΡΥΣΟΣΤ.
2538 2379 2714 2434 Τοῦτο
2745 2383 2876 2454 γὰρ,
2912 2384 3070 2457 ἔφην,
3107 2389 3264 2443 τοῦτό
3301 2393 3470 2458 ἐστιν,
3495 2393 3523 2446 δ
3543 2394 3672 2458 τοὺς

1990 2461 2219 2553 πολλοὺς
2239 2463 2490 2520 ἀπώλεσε
2520 2471 2564 2532 ε,
2589 2469 2682 2522 καὶ
2705 2470 3112 2544 ρᾳθυμοτέρους
3132 2478 3259 2547 περὶ
3277 2479 3376 2551 τὴν
3397 2481 3571 2553 ἀληθῆ
3595 2482 3672 2535 δι-

1988 2549 2286 2606 δασκαλίαν
2303 2554 2551 2626 ἐποίησε.
2576 2558 2666 2627 Μὴ
2687 2557 2795 2629 γὰρ
2816 2559 3136 2631 δυνηθέντες
3153 2549 3395 2635 ἀκριϐῶς
3418 2549 3670 2633 ἐξετάσαι

1987 2636 2096 2692 τῶν
2110 2639 2483 2696 ἀποστολικῶν
2507 2645 2718 2715 φρενῶν
2737 2647 2798 2699 τὸ
2820 2645 3001 2716 βάθος.
3026 2651 3159 2720 μηδέ
3179 2655 3422 2709 συνιέναι
3443 2659 3540 2728 τὴν
3561 2659 3670 2713 τῶν

1990 2727 2055 2813 ρη
2065 2727 2252 2796 μάτων
2273 2728 2531 2789 διάνοιαν.
2561 2731 2868 2788 διετέλεσαν
2898 2736 2990 2790 τὸν
3015 2739 3228 2794 ἅπαντα
3255 2743 3447 2813 χρόνον
3472 2727 3670 2802 νυστά-

1988 2812 2173 2879 ζοντες
2207 2818 2300 2870 καὶ
2325 2820 2680 2891 χασμώμενοι
2711 2824 2808 2876 καί
2845 2825 2946 2895 τὴν
2975 2827 3219 2898 ἀμαθίαν
3238 2812 3509 2901 τιμῶντες
3535 2835 3671 2890 ταύ⁹

1986 2919 2107 2992 την,
2121 2906 2219 2976 οὑχ
2235 2906 2302 2977 ἣν
2317 2910 2344 2960 ό
2361 2907 2570 2973 Παῦλός
2589 2927 2754 2980 φησιν
2775 2907 2915 2966 εἶναι
2941 2914 3182 2988 ἀμαθὴς.
3201 2919 3319 2972 ἀλλ’
3333 2917 3400 2992 ἦς
3416 2922 3670 2978 τοσοῦτον

1985 2991 2233 3062 ἀπεῖχεν,
2257 2995 2380 3049 ὅσον
2410 2998 2530 3050 οὐδὲ
2561 2998 2720 3061 ἄλλος
2739 3017 2822 3064 τις
2846 3003 2954 3056 τῶν
2985 3004 3090 3056 ὑπὸ
3121 3005 3212 3059 τὸν
3234 2991 3461 3077 οὐρανὸν
3479 3011 3669 3066 τοῦτον

1986 3079 2082 3170 ἀνθ
2091 3081 2308 3150 ρώπων.
2330 3083 2478 3157 [411]
2515 3086 2654 3139 Ἀλλ’
2673 3083 2827 3150 οὗτος
2851 3091 2947 3161 μὲν
2967 3094 3117 3162 ἡμᾶς
3139 3097 3219 3158 εἰς
3248 3098 3439 3169 καιρὸν
3459 3099 3486 3150 ό
3510 3099 3668 3170 λόγος

1987 3167 2322 3239 ἀναμενέτω,
2349 3173 2489 3236 τέως
2504 3173 2559 3226 δὲ
2575 3176 2753 3229 ἐκεῖνό
2775 3194 2937 3248 φημι·
2958 3177 3140 3250 θῶμεν
3163 3183 3325 3235 αὑτὸν
3350 3167 3490 3241 εἶναι
3523 3167 3668 3242 ἰδίὼ-

1985 3272 2086 3326 την
2113 3257 2270 3311 τοῦτο
2309 3259 2368 3312 τὸ
2399 3259 2588 3331 μέρος,
2623 3263 2763 3334 ὅπερ
2783 3265 2938 3318 αὑτοὶ
2966 3265 3267 3335 βούλονται·
3302 3270 3356 3324 τί
3389 3270 3483 3326 οὖν
3510 3275 3669 3328 τοῦτο

1986 3343 2277 3435 πρδςᾲτοὺς
2295 3347 2496 3435 ἀνδρας
2511 3353 2638 3414 τοὺς
2661 3351 2787 3417 νῦν;
2834 3353 3072 3421 Ἐκεῖνος
3095 3358 3196 3428 μὲν
3221 3360 3329 3431 γὰρ
3351 3357 3494 3433 εἶχεν
3513 3365 3667 3435 ἰσχὺν

1986 3431 2168 3525 πολλῷ
2194 3433 2290 3486 τοῦ
2309 3434 2468 3525 λόγου
2489 3439 2712 3509 μείζονα
2741 3441 2837 3494 καὶ
2870 3443 3094 3499 πλείονα
3130 3431 3436 3520 δυναμένην
3465 3431 3666 3525 κατορ-

1987 3517 2132 3610 θοῦις
2165 3524 2493 3594 φαινόμενος
2524 3527 2621 3597 μὲν
2651 3529 2760 3600 γάρ
2797 3531 2956 3600 μόνον
2980 3535 3073 3586 καὶ
3105 3517 3295 3604 σιγῶν,
3329 3517 3442 3602 τοῖς
3473 3517 3667 3610 δαίμο-
3723 3523 3730 3529 ’

1987 3623 2071 3660 σιν
2096 3603 2165 3680 ἦν
2196 3611 2448 3683 φοϐερόςο
2467 3615 2517 3666 οἱ
2545 3615 2603 3668 δὲ
2626 3615 2724 3669 νῦν
2757 3618 2960 3682 πάντες
2981 3620 3116 3691 ὁμοῦ
3153 3603 3498 3689 συνελθόντες
3529 3603 3667 3697 μετά

1990 3697 2201 3787 μυρίων
2222 3699 2397 3787 εύχῶν
2419 3703 2515 3756 καὶ
2545 3702 2798 3775 δακρύων
2828 3707 2928 3761 οὑκ
2956 3707 3022 3762 ἂν
3047 3709 3326 3782 δυνηθεῖεν
3354 3714 3453 3767 ὅσα
3479 3715 3666 3787 ἴσχυσε

1985 3783 2054 3836 τὰ
2076 3786 2379 3855 σιμικίνθια
2405 3788 2621 3844 Παύλου
2659 3793 2813 3847 ποτέ.
2855 3797 2967 3850 Καὶ
2997 3797 3211 3863 Παῦλος
3249 3801 3347 3871 μὲν
3373 3783 3666 3872 εὐχόμενος

1985 3875 2217 3943 νεκροὺς
2261 3877 2478 3948 ἀνίστη,
2508 3881 2603 3933 καὶ
2637 3881 2776 3936 ἀλλα
2818 3884 3260 3958 ἐθαυματούργει
3298 3889 3544 3956 τοιαῦτα,
3588 3893 3664 3955 ὼς

1987 3961 2081 4049 καὶ
2118 3961 2240 4026 θεὸς
2266 3967 2597 4038 νομισθῆναι
2636 3970 2788 4044 παρὰ
2814 3976 2929 4036 τοῖς
2975 3973 3195 4037 ἔξωθεν·
3231 3977 3327 4030 καὶ
3361 3979 3488 4049 πρὶν
3513 3979 3664 4049 ἢτοῦ

1987 4046 2105 4116 βίου
2129 4054 2462 4125 μεταστῆναι
2491 4056 2704 4121 τούτου,
2733 4060 3060 4132 κατηξιώθη
3081 4046 3664 4136 ἀρπαγῆναιέως-τρί-

1985 4153 2078 4189 του
2111 4139 2364 4208 ούρανοῦ,
2387 4145 2484 4197 καὶ
2522 4146 2785 4216 ῥημάτων
2829 4151 3139 4218 μετασχεῖν,
3165 4143 3240 4202 ὧν
3274 4151 3334 4202 οὐ
3369 4151 3528 4221 θέμις
3572 4155 3666 4206 ἀν-

1987 4223 2266 4296 θρωπείαν
2292 4230 2524 4285 ἀκοῦσαι
2570 4232 2753 4302 φύσιν.
2781 4235 2844 4287 Οί
2872 4236 2928 4288 δὲ
2947 4235 3041 4288 νῦν
3065 4237 3216 4301 ὄντες
3235 4239 3371 4308 (ἀλλ’
3397 4240 3547 4294 οὑδέν
3572 4241 3665 4294 δύ-

1983 4329 2152 4383 ναμαι
2185 4314 2440 4388 δυσχερὲς
2474 4319 2503 4359 h
2543 4322 2721 4376 εἰπεῖν
2762 4323 2885 4375 ούδέ
2911 4322 3071 4393 βαρύ·
3108 4325 3201 4377 καὶ
3233 4325 3342 4397 γὰρ
3371 4328 3463 4379 καὶ
3490 4328 3664 4383 ταῦτα

1984 4402 2085 4454 οὑκ
2123 4403 2473 4474 ἐπεμϐαίνων
2509 4409 2694 4472 αὐτοῖς
2721 4409 2866 4478 λέγω
2891 4412 3005 4475 νῦν,
3041 4411 3176 4465 ἀλλά
3197 4413 3513 4484 θαυμάζων)
3545 4418 3664 4482 πῶς

1983 4488 2044 4541 οὑ
2073 4491 2407 4562 φρίττουσιν,
2431 4495 2588 4568 ἀνδρί
2609 4497 2913 4570 τηλικούτῳ
2936 4500 3378 4571 παραϐάλλοντες
3399 4505 3656 4575 ἐαυτούς;

1984 4577 2049 4630 Εἰ
2076 4579 2186 4651 γὰρ
2217 4582 2312 4634 καί
2347 4583 2418 4637 τά
2459 4582 2712 4655 θαύματα
2753 4586 3004 4655 ἀφέντες,
3043 4591 3136 4641 ἐπὶ
3155 4590 3247 4643 τὸν
3274 4591 3386 4662 βίον
3413 4592 3660 4665 ἔλθοιμεν

1982 4666 2078 4719 τοῦ
2105 4670 2399 4742 μακαρίου,
2429 4674 2524 4726 καὶ
2551 4675 2650 4745 τὴν
2681 4673 2958 4731 πολιτείαν
2986 4677 3343 4750 ἐξετάσαιμεν
3369 4681 3531 4734 αὑτοῦ
3562 4683 3659 4754 τήν

1982 4754 2304 4830 ἀγγελικὴν,
2328 4761 2422 4815 καὶ
2452 4763 2510 4814 ἐν
2535 4761 2707 4834 ταύτῃ
2730 4764 2950 4834 μᾶλλον,
2976 4766 3008 4836 ἦ
3035 4767 3093 4819 ἐν
3120 4769 3234 4830 τοῖς
3257 4768 3658 4840 σημείοις,όψει

1982 4843 2219 4900 νικῶντα
2245 4847 2337 4902 τὸν
2365 4847 2604 4920 ἀθλητὴν
2630 4849 2725 4923 τοῦ
2754 4851 2992 4923 Χριστοῦ
3015 4854 3058 4905 ί.
3091 4852 3157 4905 Τί
3181 4852 3288 4925 γὰρ
3332 4857 3393 4912 ἀν
3413 4872 3494 4919 τις
3515 4856 3658 4908 εἴποι

1981 4932 2074 4987 τὸν
2103 4933 2286 5003 ζῆλον,
2317 4935 2418 5005 τὴν
2439 4937 2762 5002 ἐπιείκειαν,
2792 4940 2918 5004 τοὺς
2960 4943 3202 5012 συνεχεῖς
3228 4941 3525 5007 κινδύνους,
3559 4943 3658 5008 τὰς

1982 5021 2317 5095 ἐπαλλήλους
2341 5025 2647 5096 φροντίδας,
2683 5025 2782 5090 τάς
2811 5026 3190 5093 ἀδιαλείπτους
3211 5030 3349 5100 ὑπὲρ
3380 5029 3489 5083 τῶν
3534 5032 3657 5085 Ἐκ-

1981 5109 2220 5181 κλησιῶν
2244 5111 2504 5183 ἀθυμίας,
2531 5113 2593 5166 τὺ
2607 5113 2743 5185 πρὸς
2771 5115 2898 5178 τοὺς
2937 5114 3182 5180 ἀσθενεῖς
3222 5118 3526 5188 συμπαθὲς,
3556 5120 3656 5185 τάς

1982 5198 2184 5262 πολλὰς
2221 5199 2450 5270 θλίψεις,
2477 5201 2604 5264 τοὺς
2634 5202 2981 5274 καινοτέρους
3023 5202 3316 5273 διωγμοὺς,
3357 5206 3483 5270 τοὺς
3515 5208 3653 5261 καθ-

1980 5289 2275 5360 ημερινοὺς
2298 5287 2590 5352 θανάτους;
2613 5289 2708 5353 Τίς
2736 5289 2844 5359 γάρ
2867 5290 3030 5353 τόπος
3050 5291 3146 5360 τῆς
3166 5293 3508 5364 οἰκουμένης,
3524 5295 3654 5349 ποία

1980 5375 2228 5446 ἤπειρος,
2257 5375 2386 5428 ποία
2417 5375 2656 5428 θάλαττα
2685 5375 2779 5428 τοῦ
2811 5375 3020 5429 δικαίου
3053 5376 3244 5430 τούτου
3287 5380 3415 5442 τοὺς
3456 5379 3652 5446 ἄθλους

1980 5463 2281 5533 ὴγνόησενς
2318 5461 2554 5515 Ἐκεῖνον
2589 5462 2685 5515 καὶ
2722 5464 2756 5532 ή
2800 5463 3053 5534 ἀοίκητος
3083 5465 3246 5534 ἔγνω,
3277 5467 3652 5524 κινδυνεύοντα

1978 5550 2244 5622 δεξαμένη
2269 5549 2549 5614 πολλάκις.
2579 5552 2694 5606 Πᾶν
2720 5550 2830 5624 γὰρ
2845 5549 2986 5618 εἶδος
3018 5555 3310 5626 ὑπέμεινεν
3339 5559 3651 5632 ἐπιϐουλῆς,

2049 5654 2069 5728 ξ
2103 5657 2186 5706 Sic
2222 5653 2394 5728 Savil.,
2438 5669 2614 5718 magna
2652 5671 2764 5720 pars
2805 5672 2920 5708 mss.
2943 5658 3118 5720 ταύτην
3140 5678 3216 5711 σοι
3239 5666 3451 5728 κατορθ.,
3477 5664 3642 5717 Morel.

1981 5719 2152 5776 ταύτην
2168 5721 2356 5780 κατορθ.

2045 5784 2069 5818 κ
2094 5781 2188 5828 Alii
2213 5781 2505 5828 ἀπολώλεκε.

2043 5841 2070 5880 λ
2223 5843 2355 5908 οὑδέν
2378 5843 2604 5908 βούλομαι
2629 5845 2767 5908 δυσχ.

2049 5916 2066 5945 ι
2097 5904 2195 5958 Alii
2214 5905 2418 5964 ἀθλητήν
2441 5905 2523 5954 τοῦ
2544 5905 2689 5956 Θεοῦ.

3908 430 3922 466 ἱ
