4050 6160
405 348 508 402 669

399 465 537 514 culta
569 471 778 527 quoque
806 466 943 510 terra
976 461 1194 508 noverat
1217 495 1232 513 .
1259 450 1389 506 dum
1425 465 1546 507 eum
1586 467 1728 520 sarpe
1759 451 1972 521 pericli-

407 561 600 606 tantem
647 548 967 616 excipiebat.
1017 548 1186 602 Omne
1227 547 1422 616 quippe
1462 559 1632 614 genus
1669 543 1976 598 insidiarum

400 643 538 705 tulit,
567 651 621 696 et
644 655 858 694 onmem
888 640 1120 693 victorire
1145 637 1358 715 modum
1384 644 1632 705 expertus
1661 643 1766 700 est,
1792 648 1856 688 ac
1886 648 1979 688 ne-

396 750 503 802 que
525 732 875 788 certaminum
901 745 1072 800 neque
1099 743 1414 784 coronarum
1441 727 1599 780 linem
1629 726 1846 780 invenit.
1875 723 1978 779 Ve-

395 840 513 878 rum
557 823 738 878 nescio
779 837 884 891 quo
923 830 1076 890 pacto
1116 835 1182 874 eo
1217 819 1450 874 animum
1484 816 1691 885 appuli,
1719 827 1778 870 ut
1803 816 1974 870 virum

394 913 717 968 contumelia
745 911 1036 966 aflicerem:
1065 910 1225 967 Gesta
1251 910 1446 979 quippe
1476 909 1592 978 ejus
1621 922 1832 962 onmem
1862 922 1976 962 ser-

393 1020 610 1060 monem
641 1013 931 1074 superant,
956 1019 1132 1057 meum
1161 1018 1290 1057 vero
1317 1011 1521 1056 tantum
1547 1043 1564 1067 ,
1593 1013 1845 1072 quantum
1877 1016 1975 1056 nos

390 1104 647 1165 superant
673 1094 885 1150 dicendi
914 1094 1092 1163 periti.
1121 1094 1368 1148 Attamen
1401 1108 1468 1148 ne
1491 1092 1570 1148 sic
1593 1093 1809 1161 quidem
1838 1093 1974 1162 (ne-

386 1201 496 1253 que
535 1185 676 1240 enim
715 1185 782 1240 ab
808 1184 973 1249 exitu,
1005 1183 1098 1238 sed
1140 1197 1172 1238 a
1213 1183 1485 1236 voluntate
1526 1182 1710 1237 beatus
1751 1183 1840 1238 ille
1877 1196 1974 1236 nos

390 1274 682 1344 metitur),
715 1289 820 1329 non
860 1273 1083 1328 cessabo
1122 1272 1294 1327 donec
1332 1271 1433 1326 hoc
1467 1271 1759 1326 addiderim
1785 1312 1800 1336 ,
1831 1271 1972 1340 quod

391 1376 541 1420 tanto
570 1365 907 1434 praestantius
945 1372 1028 1419 est
1063 1377 1221 1432 supra
1251 1363 1410 1416 dictis
1432 1402 1447 1426 ,
1481 1370 1678 1431 quanto
1715 1362 1805 1416 ille
1834 1377 1974 1432 pra-

387 1458 620 1512 stantior
637 1458 882 1513 omnibus
902 1455 1224 1511 hominibus.
1252 1454 1386 1522 Quid
1414 1455 1540 1508 illud
1569 1454 1686 1510 est?
1712 1455 1839 1508 Post
1867 1465 1972 1509 tam

385 1549 558 1603 multa
597 1547 806 1618 egregia
837 1546 1068 1601 facinora
1095 1586 1110 1608 ,
1141 1554 1260 1615 post
1294 1545 1598 1600 innumeras
1627 1559 1851 1599 coronas
1871 1584 1890 1611 ,
1919 1546 1971 1599 in

384 1643 686 1708 gehennam
716 1639 880 1701 abire,
909 1646 965 1692 et
992 1648 1192 1691 aeterno
1222 1636 1355 1690 tradi
1383 1637 1642 1706 supplicio
1663 1637 1887 1705 Optavit,
1915 1645 1974 1691 ut

384 1731 582 1795 Judaei,
611 1732 700 1799 qui
727 1730 900 1798 ipsum
925 1742 1066 1796 stripe
1085 1727 1462 1796 lapidaverant,
1481 1727 1607 1791 imo,
1634 1736 1886 1796 quantum
1917 1727 1970 1781 in

385 1823 521 1891 ipsis
542 1832 675 1885 erat,
694 1820 1019 1886 occiderant,
1042 1819 1174 1872 salvi
1194 1827 1375 1874 essent
1393 1827 1446 1872 et
1463 1818 1528 1871 ad
1545 1818 1809 1873 Christum
1829 1833 1974 1873 acce-

384 1915 578 1970 derent
601 1913 774 1982 (Rom.
794 1913 850 1967 9.
867 1911 945 1982 5).
963 1911 1093 1979 Quis
1111 1910 1178 1964 ita
1199 1911 1466 1965 Christum
1490 1911 1715 1964 amavit?
1729 1911 1773 1965 si
1795 1918 1969 1964 tamen

385 2003 434 2056 id
454 2017 616 2056 amor
632 2002 912 2056 dicendum
930 2011 1030 2067 est,
1049 2009 1104 2056 et
1119 2016 1224 2054 non
1240 2002 1507 2071 quidpiam
1526 2016 1706 2055 amore
1723 2012 1972 2070 praestan-

383 2095 514 2148 tius.
551 2093 794 2148 Etiamne
828 2093 986 2162 igitur
1019 2107 1118 2148 nos
1151 2092 1294 2160 ipsos
1327 2107 1447 2147 cum
1474 2092 1566 2145 illo
1589 2092 1921 2147 conferemus
1951 2131 1968 2158 ,

383 2194 512 2253 post
541 2192 739 2238 tantam
763 2199 921 2254 quam
948 2184 1150 2239 ctelitus
1179 2184 1380 2253 accepit
1414 2183 1636 2252 gratiam
1661 2223 1675 2248 ,
1706 2192 1824 2252 post
1851 2192 1968 2237 tan-

382 2289 498 2330 tam
525 2276 773 2330 virtutem
797 2315 815 2342 ,
840 2289 997 2345 quam
1027 2290 1095 2330 ex
1123 2275 1298 2344 seipse
1323 2274 1608 2334 exhibuit?
1646 2275 1848 2349 Ecquid
1877 2274 1971 2334 illo

378 2367 680 2422 audacius?
715 2367 866 2434 Quod
896 2375 1076 2423 autem
1105 2380 1209 2426 non
1239 2371 1374 2426 adeo
1401 2371 1563 2426 idiota
1592 2370 1766 2435 fuerit,
1789 2381 1846 2425 ut
1871 2371 1968 2440 ipsi

379 2461 734 2531 arbitrantur,
761 2459 814 2519 id
831 2460 941 2534 jam
963 2473 1382 2520 commonstrare
1411 2464 1702 2535 aggrediar.
1734 2464 1797 2518 Hi
1825 2464 1968 2519 enim

380 2567 497 2610 non
515 2555 673 2611 modo
688 2556 904 2610 idiotam
923 2567 1276 2624 vocanteum,
1295 2557 1382 2628 qui
1404 2557 1455 2611 in
1475 2565 1814 2612 externarum
1845 2557 1968 2612 lite-

377 2663 568 2702 rarum
590 2648 870 2719 praestigiis
891 2663 994 2701 non
1019 2648 1338 2702 exercitatus
1359 2647 1534 2714 fuerit,
1558 2647 1651 2703 sed
1668 2649 1824 2702 etiam
1845 2663 1968 2703 eum

378 2737 476 2803 qui
522 2752 618 2805 pro
646 2739 790 2792 veris
827 2737 1163 2807 dogmatibus
1191 2753 1430 2808 pugnare
1459 2739 1662 2794 nesciat
1693 2756 1707 2791 :
1735 2753 1797 2794 ac
1823 2747 1967 2793 recte

374 2827 626 2896 quidem.
655 2829 720 2881 At
750 2828 944 2882 Paulus
972 2844 1076 2882 non
1107 2829 1384 2898 utrobique
1413 2844 1483 2884 se‘
1501 2829 1716 2884 idiotam
1745 2829 1964 2898 profite-

381 2927 499 2980 tur,
521 2917 614 2971 sed
639 2916 690 2970 in
718 2917 906 2972 borum
926 2918 1095 2972 altero
1116 2926 1338 2972 tantum.
1361 2918 1430 2972 Et
1448 2927 1505 2974 ut
1530 2919 1580 2972 id
1605 2920 1962 2984 confirmaret,

371 3007 780 3062 distinctionem
806 3018 1050 3063 accurate
1076 3007 1288 3077 posuit,
1318 3023 1438 3062 cum
1467 3007 1688 3074 diceret,
1716 3024 1965 3064 sermone

373 3116 434 3156 se
473 3100 689 3155 idiotam
710 3115 850 3165 esse,
880 3100 974 3154 sed
1005 3115 1108 3154 non
1136 3101 1438 3169 cognitione
1468 3101 1562 3170 (2.
1591 3099 1710 3155 Cor.
1741 3102 1827 3156 ll.
1857 3102 1892 3156 6
1921 3102 1960 3170 ).

373 3193 521 3246 Sane
549 3191 595 3246 si
621 3189 864 3246 Isocratis
887 3191 1123 3259 leporem
1154 3191 1171 3224 ⁸
1198 3192 1484 3262 exigerem,
1513 3192 1557 3246 si
1590 3192 1963 3248 Demosthenis

375 3297 634 3348 acumen,
665 3284 709 3336 si
735 3282 1058 3352 Thucydidis
1083 3284 1428 3351 gravitatem,
1457 3285 1502 3338 si
1531 3285 1762 3338 Platonis
1789 3284 1961 3339 subli-

376 3374 624 3428 mitatem
645 3413 661 3440 ,
691 3373 796 3427 hoc
829 3373 978 3428 Pauli
1006 3374 1363 3430 testimonium
1388 3376 1444 3430 in
1472 3376 1700 3431 medium
1731 3376 1960 3432 afferen-

372 3465 502 3518 dum
539 3471 705 3518 esset.
731 3463 883 3518 Nunc
905 3474 1082 3520 autem
1115 3465 1202 3519 illa
1230 3467 1409 3521 omnia
1438 3467 1597 3521 missa
1624 3466 1760 3521 facio
1787 3507 1801 3530 ,
1829 3483 1959 3523 nec-

375 3571 482 3610 non
531 3555 799 3610 curiosum
845 3555 991 3608 illum
1042 3566 1342 3611 exterorum
1390 3566 1673 3621 ornatum,
1723 3558 1960 3629 nihilque

373 3662 510 3701 curo
537 3645 824 3700 dictionem
851 3647 1368 3717 enuntiationemque
1383 3650 1423 3700 ⁸.
1445 3649 1550 3704 Sed
1574 3661 1692 3705 esto
1709 3651 1854 3705 illum
1873 3652 1959 3706 di-

374 3739 561 3792 ctione
585 3738 797 3808 inopem
825 3753 966 3806 esse,
992 3747 1046 3793 et
1069 3740 1502 3808 compositionem
1529 3743 1799 3796 nominum
1826 3742 1958 3797 sim-

374 3831 573 3900 plicem
600 3845 664 3886 ac
688 3831 989 3894 remissam,
1013 3831 1135 3886 dum
1160 3846 1228 3887 ne
1257 3833 1554 3902 cognitione
1578 3843 1633 3888 et
1649 3834 1956 3905 dogmatum

374 3923 718 3977 accuratione
738 3923 896 3977 idiota
915 3923 1014 3989 sit;
1035 3939 1100 3978 ne
1117 3924 1254 3990 ideo,
1274 3934 1332 3978 ut
1348 3926 1610 3995 ignaviam
1629 3936 1956 3999 tegatsuam,

375 4013 539 4068 beato
563 4014 636 4066 illi
658 4013 798 4083 quod
821 4014 1104 4069 maximum
1129 4015 1183 4070 in
1205 4015 1358 4071 bonis
1379 4027 1462 4072 est
1486 4018 1801 4089 laudemque
1821 4035 1958 4090 prte-

375 4105 591 4174 cipuam
621 4103 846 4158 auferat.

448 4195 507 4246 7.
548 4191 771 4246 Paulum
800 4209 900 4247 non
924 4193 1183 4250 miraculis
1203 4197 1368 4250 solum
1393 4198 1662 4267 claruisse,
1691 4202 1780 4255 sed
1804 4203 1956 4257 etiam

375 4291 488 4337 arte
508 4282 724 4338 dicendi.
742 4282 1122 4347 —Undenam,
1143 4285 1385 4352 obsecro,
1408 4288 1618 4345 Judaeos
1643 4292 1952 4349 Damascum

381 4366 692 4419 incolentes
717 4365 966 4419 confudit
991 4367 1051 4436 (Α
1063 4375 1130 4419 ct.
1149 4365 1202 4420 9.
1226 4365 1346 4436 22),
1375 4382 1498 4420 cum
1524 4368 1769 4420 nondum
1793 4368 1966 4421 mira-

381 4458 509 4511 cula
536 4456 1022 4526 ederepwpisset?
1049 4457 1196 4512 unde
1214 4455 1545 4513 Hellenistas
1568 4459 1699 4513 item
1720 4465 1967 4528 prostra-

378 4554 456 4607 vit
474 4553 501 4606 ἲ
520 4567 693 4622 quare
715 4550 950 4607 Tarsum
965 4551 1173 4606 missus
1192 4559 1276 4607 est
1298 4550 1408 4621 (Ib.
1432 4569 1480 4606 υ.
1507 4552 1597 4606 29.
1616 4553 1705 4622 50)
1728 4553 1752 4606 ἳ
1779 4568 1964 4609 nonne

378 4646 509 4715 quia
529 4645 580 4698 vi
600 4643 752 4699 verbi
774 4643 1091 4713 superabat,
1111 4651 1165 4698 et
1183 4645 1236 4697 in
1259 4651 1470 4697 tantum
1495 4643 1645 4714 ipsos
1659 4645 1960 4715 premebat,

381 4749 462 4800 ut,
498 4752 556 4791 se
583 4736 763 4790 victos
795 4751 920 4791 esse
947 4751 1060 4790 non
1096 4733 1355 4800 ferentes,
1391 4735 1456 4790 ad
1483 4737 1632 4792 illius
1661 4753 1849 4792 necem
1875 4738 1965 4792 in-

380 4826 992 4883 ﬂammarentur‘lTum
1025 4828 1172 4883 enim
1211 4828 1454 4882 nondum
1497 4829 1763 4883 miracula
1801 4829 1993 4885 edere'

380 4929 627 4989 coeperat
676 4937 690 4974 :
735 4934 913 4991 neque
955 4921 1134 4990 possit
1178 4920 1453 4990 quispiam
1501 4921 1708 4984 dicere,
1760 4922 1962 4978 multos

385 5013 566 5082 ipsum
609 5012 682 5067 ob
733 5013 1129 5067 miraculorum
1182 5013 1413 5082 gloriam
1450 5013 1832 5067 admirandum
1863 5013 1962 5067 ha-

385 5105 592 5170 buisse,
621 5105 938 5174 eosquequi
972 5120 1096 5160 cum
1131 5120 1200 5158 eo
1225 5105 1963 5175 pugnabantviriexistima-

385 5198 532 5251 tione
574 5196 745 5251 fuisse
774 5203 1088 5265 prostratos
1123 5213 1138 5250 :
1172 5211 1299 5249 nam
1332 5197 1397 5249 ad
1432 5196 1486 5250 id
1527 5211 1703 5266 usque
1740 5204 1960 5266 tempus

386 5288 655 5343 sermonis
686 5289 739 5342 vi
765 5289 1082 5358 superabat.
1107 5287 1385 5342 Adversus
1405 5303 1502 5343 eos
1522 5297 1704 5343 autem
1722 5288 1816 5357 qui
1848 5289 1961 5343 Au-

389 5377 600 5433 tiochia:
621 5378 905 5448 judaizare
926 5377 1406 5448 aggrediebantur,
1435 5381 1714 5450 quomodo
1733 5381 1961 5435 dimica-

390 5467 482 5521 bat
498 5468 924 5540 disputabatque
947 5467 1094 5540 (Gal.
1113 5469 1166 5522 2.
1194 5469 1322 5534 ll)?
1343 5471 1670 5540 Areopagita
1692 5487 1822 5526 vero
1843 5472 1953 5538 ille,

390 5560 949 5628 superstitiosissimze
985 5559 1135 5615 urbis
1163 5560 1313 5614 illius
1341 5560 1502 5624 civis,
1527 5575 1712 5614 nonne
1739 5578 1804 5615 ex
1835 5563 1949 5616 sola

388 5652 508 5719 ejus
523 5653 791 5708 concione
821 5669 944 5708 cum
963 5667 1136 5708 uxore
1153 5661 1418 5723 sequutus
1436 5669 1561 5709 eum
1583 5660 1666 5708 est
1698 5652 1839 5723 (Act.
1867 5653 1950 5708 l7.

457 5787 472 5817 '
503 5789 597 5836 Alii
636 5785 865 5838 Isocratis
884 5785 1195 5850 facundiam;
1219 5785 1322 5846 alit,
1345 5785 1548 5837 socratis
1569 5783 1865 5850 facundiam.

457 5850 475 5880 '
505 5849 620 5902 Alii.
648 5850 1031 5913 apulogiamque.

1581 303 1688 391 ὀε
1725 336 2170 394 SACERDO'TIO.
2217 341 2342 396 LIB.
2384 343 2470 397 tv.

3540 364 3642 418 δτι)

2067 448 2158 517 54)
2183 453 2205 502 ?
2234 451 2512 524 Eutychus
2535 464 2715 530 autem
2741 459 3015 527 quomodo
3041 460 3108 516 de
3126 461 3363 518 fenestra
3382 465 3638 536 delapsus

2066 545 2152 590 est
2189 541 2325 604 (Act.
2358 543 2448 597 ‘20.
2481 546 2578 614 9)?
2607 562 2787 601 nonne
2816 550 2945 616 quia
2977 565 3154 619 usque
3181 552 3249 605 ad
3285 553 3508 609 multam
3542 573 3638 608 no-

2065 635 2208 680 ctem
2244 629 2364 696 ejus
2408 631 2695 687 audiendze
2738 634 3002 690 doctrinae
3035 639 3300 692 vacabat?
3337 641 3478 706 Quid
3512 661 3641 696 vero

2066 711 2478 800 Thessalonicae
2515 727 2570 773 et
2601 719 2892 776 Corinthi?
2918 725 3048 794 quid
3099 723 3321 795 Ephesi,
3346 736 3403 783 et
3437 729 3490 784 in
3522 732 3640 800 ipsa

2064 798 2274 888 lioma?
2296 821 2477 863 nonne
2498 808 2614 865 dies
2637 821 2931 881 noctesque
2949 813 3260 870 insumebat
3277 817 3334 872 in
3361 798 3642 888 exponen-

2061 887 2149 942 dis
2174 891 2642 962 Scripturis?Jam
2668 899 2797 966 quid
2822 900 3029 956 dixeris
3047 902 3116 957 de
3135 904 3282 958 illius
3308 887 3638 976 disputatio-

2063 979 2227 1035 nibus
2255 997 2380 1038 cum
2419 983 2702 1051 Epicureis
2729 997 2785 1044 et
2834 989 3038 1046 Stoicis
3072 993 3180 1064 (Id.
3219 995 3304 1058 l7,
3342 997 3472 1066 £8)?
3501 998 3636 1052 Nam

2064 1070 2111 1122 si
2135 1070 2319 1126 omnia
2343 1088 2633 1130 recensere
2647 1078 2903 1138 velimus.
2925 1080 3142 1151 longius
3163 1093 3418 1139 excurret
3435 1088 3634 1140 oratio.

2063 1154 2198 1209 Cum
2231 1159 2416 1228 itaque
2443 1169 2498 1216 et
2529 1173 2655 1219 ante
2673 1165 2923 1235 signa.et
2947 1168 3001 1222 in
3030 1170 3224 1224 mediis
3260 1173 3433 1241 signis
3457 1174 3636 1242 ipsum

2067 1246 2237 1300 multa
2267 1249 2484 1305 dicendi
2511 1254 2560 1306 vi
2593 1271 2753 1308 usum
2779 1271 2902 1310 esse
2929 1258 3106 1326 palam
3127 1259 3221 1324 sit,
3245 1262 3525 1328 quomodo
3544 1263 3640 1317 ad-

2067 1332 2174 1388 huc
2191 1337 2429 1394 audeant
2449 1343 2671 1397 idiotam
2691 1343 2876 1399 dicere
2896 1361 3044 1410 eum,
3060 1348 3151 1415 qui
3170 1349 3640 1418 disputationibus

2065 1428 2119 1473 et
2143 1425 2503 1482 coneionibus
2531 1445 2781 1499 magnam
2807 1433 2910 1487 sibi
2936 1435 3078 1503 apud
3103 1450 3296 1491 omnes
3322 1437 3640 1497 admiratio-

2065 1523 2186 1562 nem
2209 1513 2548 1569 conciliavit?
2560 1515 2668 1570 Cur
2680 1516 2959 1588 Lycaones
2973 1521 3149 1589 ipsum
3171 1521 3498 1580 Mercurium
3517 1543 3640 1583 esse

2065 1597 2332 1664 suspicati
2364 1609 2495 1656 sunt
2523 1601 2902 1676 (ActJLll)?
2928 1607 3060 1664 Nam
3084 1611 3230 1679 quod
3245 1613 3319 1665 dii
3340 1629 3463 1669 esse
3479 1626 3639 1684 puta-

2063 1697 2276 1752 rentur,
2302 1687 2351 1742 id
2380 1704 2446 1744 ex
2475 1691 2652 1759 signis
2674 1693 3044 1763 efﬁciebatur;
3075 1698 3222 1764 quod
3249 1715 3378 1755 vero
3405 1701 3637 1756 Paulum

2063 1770 2388 1828 Mercurium
2413 1792 2536 1834 esse
2557 1788 2833 1848 putarent,
2857 1783 2906 1836 id
2932 1800 3043 1838 non
3076 1786 3381 1856 signorum,
3401 1789 3495 1844 scd
3519 1791 3634 1844 elo-

2058 1862 2298 1927 quentiae
2317 1877 2482 1917 causa
2507 1868 2709 1924 evenit.
2732 1868 2913 1934 Quare
2934 1871 3129 1926 beatus
3150 1873 3239 1926 ille
3262 1873 3346 1926 vir
3363 1889 3636 1946 praeroga-

2061 1949 2225 2005 tivam
2249 1952 2392 2006 inter
2403 1961 2632 2010 caeteros
2652 1960 2933 2026 apostolos
2960 1961 3330 2017 habuit?unde
3348 1972 3631 2032 pertotum

2056 2035 2245 2090 orbem
2275 2040 2479 2095 multus
2505 2041 2558 2094 in
2595 2045 2839 2097 omnium
2866 2061 2962 2101 ore
2987 2049 3284 2102 versatur?
3311 2048 3492 2116 Quare
3516 2066 3626 2106 non

2055 2126 2197 2193 apud
2228 2142 2330 2181 nos
2364 2129 2548 2190 modo.
2580 2132 2674 2186 sed
2704 2141 2759 2187 et
2784 2134 3160 2203 apudJudaaos
3189 2147 3243 2193 et
3267 2139 3490 2196 Gl‘lBCOS
3523 2159 3632 2195 ma-

2055 2213 2200 2267 xime
2229 2217 2473 2270 omnium
2507 2219 2856 2275 admirationi
2891 2222 3162 2279 habetur?
3194 2242 3379 2281 nonne
3407 2245 3470 2283 ex
3500 2229 3631 2300 Epi-

2054 2301 2318 2356 stolarum
2335 2305 2560 2366 virtute.
2580 2323 2686 2377 qua
2705 2326 2814 2364 non
2837 2310 2905 2366 iis
2923 2313 3126 2377 solum,
3155 2316 3249 2384 qui
3277 2332 3422 2370 nunc
3447 2329 3626 2378 erant,

2053 2386 2328 2455 fidelibus,
2361 2391 2634 2448 sedetiam
2665 2397 2756 2460 iis,
2785 2397 2877 2466 qui
2909 2398 2978 2452 ab
3013 2399 3106 2454 illo
3141 2409 3386 2471 tempore
3409 2403 3463 2457 in
3488 2403 3634 2458 hunc

2053 2492 2229 2548 usque
2250 2479 2392 2535 diem
2412 2481 2585 2547 fuere,
2611 2491 2665 2538 et
2683 2484 2751 2540 iis
2775 2487 2865 2556 qui
2884 2494 3008 2554 post
3032 2487 3200 2542 futuri
3225 2498 3353 2542 sunt
3378 2493 3633 2561 usquead

2049 2566 2411 2623 novissimum
2427 2569 2633 2626 Christi
2652 2573 2964 2636 adventum,
2983 2575 3188 2644 profuit
3203 2577 3634 2649 profuturusque

2051 2659 2155 2718 est,
2173 2655 2510 2725 necjuvandi
2530 2658 2692 2714 finem
2721 2660 2908 2726 faciet,
2931 2661 3108 2718 donec
3136 2663 3438 2719 humanum
3460 2682 3633 2736 genus

2050 2746 2460 2811 permanserit?
2491 2746 2964 2813 Quemadmodum
3003 2752 3150 2805 enim
3183 2767 3378 2808 murus
3410 2769 3473 2808 ex
3502 2754 3633 2808 ada-

2051 2842 2237 2889 mante
2263 2843 2640 2901 constructus,
2667 2835 2748 2892 sic
2783 2839 2991 2909 scripta
3015 2838 3135 2908 ejus
3158 2840 3448 2896 universas
3481 2843 3630 2898 orbis

2050 2920 2327 2978 Ecclesias
2354 2924 3100 2997 circummuniuntzipseque
3129 2928 3308 2984 instar
3338 2929 3628 2985 fortissimi

2052 3009 2274 3064 athletae
2297 3016 2406 3064 stat
2422 3011 2723 3065 etiamnum
2746 3013 2980 3075 medius.
2997 3015 3270 3085 captivam
3297 3016 3507 3072 ducens
3523 3033 3633 3071 om-

2051 3111 2177 3150 nem
2233 3099 2626 3168 cogitationem
2660 3099 2715 3152 in
2748 3100 3120 3156 obedientiam
3154 3102 3382 3168 Christi,
3435 3113 3491 3158 et
3532 3104 3628 3159 de-

2052 3193 2278 3242 struens
2308 3200 2527 3240 omnem
2559 3187 2940 3241 celsitudinem
2974 3190 3278 3244 elevantem
3329 3206 3390 3246 se
3439 3198 3632 3245 contra

2052 3273 2424 3342 cognitionem
2461 3273 2556 3329 Dei
2587 3275 2664 3339 (2.
2700 3274 2827 3330 Cor.
2857 3275 2948 3331 10.
2978 3277 3058 3345 5).
3088 3275 3215 3331 Haec
3247 3292 3414 3347 porro
3445 3279 3630 3333 omnia

2049 3369 2315 3429 operatur
2345 3377 2442 3431 per
2470 3362 2822 3419 admirandas
2852 3364 2975 3418 illas
3003 3362 3277 3433 Epistolas
3306 3364 3490 3420 divina
3517 3366 3635 3436 ple.

2051 3463 2153 3503 nas
2183 3449 2477 3519 sapientia,
2506 3465 2648 3520 quas
2677 3451 2900 3519 reliquit
2926 3451 3107 3507 nobis.
3137 3449 3325 3522 Neque
3349 3453 3528 3508 solum
3554 3453 3622 3507 ad

2052 3537 2307 3606 dogmata
2359 3537 2548 3606 spuria
2599 3537 2936 3594 confutanda
2985 3553 3358 3609 germanaque
3406 3539 3634 3595 tutanda

2054 3623 2250 3679 idonea
2275 3634 2404 3680 sunt
2431 3626 2554 3696 ejus
2583 3629 2812 3696 seripta,
2837 3628 2931 3682 sed
2958 3628 3123 3682 etiam
3147 3628 3214 3682 ad
3244 3628 3443 3682 bonam
3466 3629 3635 3682 vitam

2056 3712 2452 3768 instituendam
2469 3729 2579 3769 non
2594 3715 2835 3770 minima:
2850 3716 3101 3770 utilitatis
3114 3715 3475 3771 sunt.Horum
3491 3717 3636 3771 enim

2054 3800 2306 3855 subsidio
2329 3801 2598 3874 hodieque
2622 3801 2991 3858 Ecclesiarum
3019 3802 3264 3872 praefecti
3295 3809 3511 3859 utentes
3529 3802 3638 3857 vir-

2053 3889 2234 3959 ginem
2262 3900 2494 3957 castam,
2527 3907 2692 3962 quam
2728 3893 2819 3946 ille
2845 3893 3068 3946 Christo
3092 3892 3371 3961 adaptavit
3395 3891 3469 3960 (2.
3495 3890 3622 3945 Cor.

2056 3989 2144 4042 il.
2173 3987 2252 4059 2),
2286 3987 2623 4044 concinnant
2651 3984 3070 4054 ell‘ormantque,
3103 3993 3158 4038 et
3185 3984 3250 4037 ad
3286 3983 3629 4054 spiritualem

2059 4080 2529 4152 pulchritudinem
2557 4078 2855 4135 deducunt.
2898 4077 2996 4132 llis
3024 4078 3150 4131 item
3182 4077 3455 4130 irruentes
3481 4075 3539 4127 in
3571 4073 3637 4128 il-

2056 4173 2159 4227 lam
2179 4175 2400 4228 morbos
2425 4171 2719 4241 depellunt,
2745 4181 3068 4240 partemque
3090 4169 3376 4223 sanitatem
3403 4179 3631 4221 conser-

2055 4276 2211 4321 vant.
2244 4265 2399 4320 Talia
2427 4264 2587 4319 nobis
2617 4264 2786 4318 idiota
2820 4263 2911 4317 ille
2939 4262 3178 4317 remedia
3204 4259 3449 4330 reliquit,
3479 4265 3630 4311 tanta

2053 4361 2260 4414 virtute
2290 4359 2542 4430 praedita,
2560 4373 2793 4428 quorum
2818 4355 3210 4426 experientiam
3234 4354 3433 4409 habent
3451 4351 3545 4423 qui
3573 4351 3638 4406 il-

2055 4454 2125 4508 lis
2149 4451 2464 4522 frequenter
2483 4459 2736 4508 utuntur.
2764 4450 2921 4516 Quod
2939 4460 3117 4504 autem
3145 4449 3237 4503 ille
3264 4447 3368 4502 hac
3401 4445 3456 4500 in
3482 4452 3640 4515 parte

2056 4560 2310 4616 magnam
2340 4544 2769 4601 sollicitudinem
2795 4544 3064 4615 posuerit,
3089 4542 3215 4598 hinc
3236 4541 3414 4612 palam
3436 4546 3545 4596 est.

2142 4744 2196 4800 8.
2238 4743 2458 4798 Paulum
2477 4745 2531 4797 id
2558 4761 2588 4797 α
2618 4745 2757 4798 nobis
2783 4762 2978 4816 quoque
3005 4745 3130 4800 velle
3156 4748 3388 4801 exerceri.
3411 4777 3482 4787 —-
3502 4740 3638 4801 Audi

2073 4852 2200 4890 vero
2227 4837 2349 4905 quid
2378 4837 2427 4888 in
2459 4836 2690 4904 Epistula
2722 4853 2812 4889 sua
2841 4837 3098 4905 discipulo
3122 4836 3261 4890 dicat
3288 4854 3300 4889 :
3326 4836 3539 4894 Attende
3565 4836 3639 4889 le-

2072 4926 2244 4990 ctioni,
2263 4927 2614 4989 exhortationi,
2639 4927 2912 4991 doctrinae;
2928 4927 3078 4995 cujus
3098 4927 3170 4982 rei
3193 4927 3420 4981 fructum
3435 4927 3638 4994 adjicit,

2071 5020 2254 5074 dicens
2285 5036 2298 5071 :
2335 5019 2445 5071 Hoc
2469 5021 2599 5071 enim
2629 5020 2836 5090 faciens,
2865 5029 2912 5072 et
2939 5024 3151 5088 teipsttm
3175 5020 3368 5072 salvum
3393 5019 3565 5089 facies,
3596 5029 3642 5071 et

2073 5127 2154 5165 eos
2176 5111 2261 5180 qui
2288 5119 2334 5164 te
2356 5111 2565 5163 audiunt
2594 5110 2665 5182 (l.
2692 5110 2820 5163 Tim.
2845 5115 2898 5164 4.
2934 5111 3040 5180 16).
3068 5113 3147 5164 Ac
3176 5125 3408 5174 rursum,
3431 5109 3641 5163 Servum

2073 5196 2278 5249 Domini
2317 5213 2418 5248 non
2461 5207 2654 5264 Oportet
2692 5197 2914 5266 litigare,
2945 5197 3032 5249 sed
3073 5205 3383 5247 mansuetum
3427 5212 3533 5248 esse
3575 5197 3643 5247 ad

2074 5305 2244 5342 omnes
2263 5329 2278 5354 ,
2306 5288 2598 5352 docibilem,
2628 5289 2891 5356 patientem
2914 5287 2987 5358 (2.
3023 5286 3152 5339 Tim.
3183 5285 3238 5339 2.
3266 5286 3380 5356 24).
3411 5288 3488 5341 Ac
3517 5301 3639 5356 pro-

2071 5395 2288 5449 gressus
2316 5378 2390 5433 ait
2421 5395 2434 5432 :
2471 5377 2546 5432 Tu
2583 5394 2698 5432 vero
2735 5395 2971 5448 permane
2996 5379 3050 5431 in
3073 5378 3136 5431 iis
3159 5419 3174 5441 ,
3202 5395 3315 5448 quae
3341 5379 3560 5431 didicisti
3597 5391 3644 5431 et

2072 5473 2262 5525 credita
2289 5481 2404 5524 sunt
2433 5471 2520 5522 tibi
2540 5510 2554 5533 ,
2585 5470 2743 5524 sciens
2768 5487 2798 5522 a
2826 5486 2922 5540 quo
2949 5471 3182 5524 didiceris
3201 5512 3214 5530 .
3249 5480 3294 5523 et
3322 5470 3440 5538 quia
3471 5471 3534 5523 ab
3559 5470 3641 5523 iit--

2076 5564 2235 5634 fantia
2271 5577 2442 5615 sacras
2482 5561 2651 5613 literas
2688 5562 2841 5626 nosti,
2865 5578 2974 5631 qua:
3007 5572 3054 5616 te
3088 5564 3276 5632 possint
3309 5563 3555 5616 instruere
3577 5561 3645 5615 ad

2073 5655 2287 5708 salutent
2337 5650 2465 5722 (Id.
2503 5652 2554 5704 5.
2596 5651 2680 5704 14.
2727 5651 2854 5720 15).
2898 5655 2975 5707 Ac
3026 5669 3238 5721 rursus,
3293 5653 3470 5707 Omnis
3517 5653 3643 5706 scri-

2077 5755 2224 5813 ptura
2249 5743 2486 5796 divinitus
2506 5741 2770 5808 inspirata,
2796 5741 2979 5809 inquit.
3011 5746 3144 5798 utilis
3167 5753 3237 5798 est
3257 5744 3326 5796 ad
3345 5743 3640 5801 docendum,

2077 5839 2142 5890 atl
2184 5833 2532 5905 urguendum,
2565 5833 2631 5887 ad
2673 5835 3083 5902 corripiendum,
3117 5839 3184 5890 ad
3229 5834 3552 5889 erudiendum
3595 5839 3645 5889 in
