4050 6160
197 290 304 344 675

193 401 458 472 λεγόντων
493 403 657 476 μέρος
699 421 753 457 τι
797 403 906 456 τῶν
955 405 1162 476 ἑτέροις
1213 404 1558 476 πονηθέντων
1604 407 1869 476 ἐνυφῆναι

194 493 308 554 ταῖς
359 491 536 558 λόγοις
570 489 758 553 αὑτοῦ,
799 491 1024 544 πλείονα
1061 492 1169 543 τῶν
1201 491 1270 544 τὰ
1313 493 1572 563 χρήματα
1610 493 1871 548 κλεπτόν-

195 598 303 632 των
351 580 642 650 ὑφίσταται
687 580 895 651 ὀνείδη⁸
945 579 1207 643 πολλάκις
1250 580 1306 633 δέ
1355 581 1477 634 οὑδέ
1515 581 1701 636 λαϐὼν
1733 586 1864 656 παρ’

194 668 406 730 οὑδενδς
433 669 604 731 οὐδὲν,
641 669 754 721 ἀλλ’
785 667 1145 732 ὑποπτευθεὶς
1178 670 1360 738 μόνον,
1390 669 1459 724 τά
1487 671 1596 726 τῶν
1636 672 1872 727 ἐαλωκό-

195 774 303 809 των
342 755 513 810 ἔπαθε
565 769 614 809 α.
643 760 754 812 Καὶ
785 756 836 809 τί
863 757 1006 824 λέγω
1042 757 1152 809 τῶν
1185 759 1396 830 ἑτέροις
1437 761 1868 830 πεπονημένων;

195 845 357 898 αὑτὸν
402 848 512 909 τοῖς
561 847 838 917 εὑρήμασι
874 849 989 909 τοῖς
1038 846 1232 902 ἐαυτοῦ
1284 848 1523 918 συνεχῶς
1561 850 1872 920 χρήσασθαι

195 933 297 986 οὐκ
353 932 452 988 ένι.
501 934 575 987 Οὑ
624 936 731 1005 γὰρ
775 935 911 1004 πρὸς
956 936 1245 1004 ὠφέλειαν,
1299 937 1438 990 ἀλλά
1487 938 1623 1009 πρὸς
1677 938 1871 1009 τέρψιν

195 1021 414 1074 ἀκούειν
472 1021 786 1092 εἰθίσθησαν
826 1026 874 1076 οί
929 1024 1146 1084 πολλοὶ.
1195 1026 1448 1098 καθάπερ
1499 1029 1794 1099 τραγῳδῶν
1837 1029 1871 1100 ἢ

197 1108 513 1180 κιθαρῳδῶν
555 1110 856 1181 καθήμενοι
896 1111 1166 1167 δικασταί.
1198 1114 1310 1167 Καὶ
1354 1115 1386 1185 ή
1427 1114 1523 1168 τοῦ
1571 1115 1733 1183 λόγου
1779 1115 1872 1169 δύ-

197 1213 381 1267 ναμις,
423 1196 489 1268 ἢν
529 1196 857 1270 ἐξεϐάλομεν
895 1201 1008 1262 νῦν,
1048 1201 1223 1266 οὕτως
1254 1204 1486 1256 ἐνταῦθα
1517 1203 1728 1271 γίνεται
1768 1223 1868 1257 πο-

197 1283 382 1354 θεινὴ,
432 1286 509 1347 ὡς
551 1286 672 1340 οὐδὲ
719 1291 830 1350 τοῖς
871 1293 1192 1357 σοφισταῖς,
1241 1292 1370 1344 ὅταν
1417 1292 1552 1364 πρὸς
1610 1293 1870 1363 ἀλλήλους

197 1373 558 1441 ἀγωνίζεσθαι
588 1375 1031 1444 ἀναγκάζωνται.

269 1533 336 1602 β’.
376 1535 632 1597 Γενναίας
661 1530 754 1588 οὖν
784 1535 866 1590 δεῖ
897 1536 1174 1592 κάνταῦθα
1214 1539 1415 1610 ψυχῆς,
1467 1543 1561 1595 καὶ
1606 1543 1741 1596 πολὺ
1775 1543 1874 1616 τὴν

197 1621 473 1692 ἡμετέραν
508 1623 943 1696 ὑπερϐαινούσης
991 1626 1350 1698 σμικρότητα,
1384 1628 1467 1682 ἵνα
1503 1631 1602 1701 τὴν
1642 1633 1874 1686 ἄτακτον

197 1710 292 1762 καὶ
334 1709 581 1782 ἀνωφελῆ
637 1711 731 1764 τοῦ
769 1713 1006 1782 πλήθους
1057 1713 1246 1786 ἡδονὴν
1298 1715 1521 1789 κολάζῃ.
1580 1717 1726 1792 [416]
1780 1721 1874 1774 καὶ

199 1797 334 1867 πρὸς
371 1798 432 1851 τὸ
486 1798 907 1870 ὠφελιμώτερον
946 1800 1205 1870 μετάγειν
1242 1803 1465 1873 δύνηται
1521 1806 1620 1874 τὴν
1668 1808 1872 1878 ἀκρόα-

200 1902 302 1947 σιν,
358 1885 434 1949 ὡς
481 1885 630 1957 αὑτῴ
661 1887 753 1939 τὸν
791 1887 918 1941 λαὸν
964 1889 1190 1943 ἕπεσθαι
1241 1893 1334 1944 καὶ
1377 1893 1566 1956 είκειν,
1615 1893 1750 1947 άλλά
1799 1897 1874 1968 μὴ

195 1978 358 2032 αὑτὸν
395 1981 514 2042 ταῖς
547 1979 770 2032 ἐκείνων
805 1979 1033 2048 ἄγεσθαι
1075 1981 1414 2052 ἐπιθυμίαις.
1447 1983 1650 2037 Τούτου
1684 1984 1741 2037 δέ
1780 1987 1873 2039 οὑ-

195 2066 381 2137 δκμῶς
413 2066 560 2120 ἐστιν
602 2068 898 2138 ἐπιτυχεῖν,
937 2069 1051 2121 ἀλλ’
1099 2070 1132 2140 ἢ
1175 2069 1263 2124 διά
1295 2071 1504 2124 τούτοιν
1552 2075 1667 2125 τοῖν
1708 2073 1872 2138 δυοῖν,

195 2155 295 2226 τῆς
332 2172 390 2208 τε
445 2154 556 2207 τῶν
611 2157 849 2208 ἐπαίνων
907 2157 1229 2226 ὑπεροψίας,
1287 2159 1382 2210 καὶ
1415 2161 1514 2229 τῆς
1561 2163 1619 2213 ἐν
1663 2161 1744 2230 τῷ
1785 2161 1876 2214 λέ-

195 2262 312 2311 γειν
348 2243 650 2313 δυνάμεως.
691 2245 811 2297 Κάν
844 2243 952 2315 γὰρ
987 2245 1048 2296 τὸ
1085 2245 1270 2315 ἕτερον
1319 2247 1469 2317 ἀπῇ,
1519 2247 1580 2301 τὸ
1619 2247 1875 2320 λειπόμε-

195 2349 285 2385 νον
328 2331 601 2402 ἄχρηστον
649 2331 858 2398 γίνεται
909 2334 974 2402 τῇ
1032 2331 1300 2398 διαζεύξει
1349 2333 1599 2406 θατέρου.
1665 2337 1764 2388 "Av
1815 2355 1875 2390 τε

195 2420 304 2489 γὰρ
363 2419 601 2470 ἐπαίνων
645 2417 930 2489 ὑπερορῶν
978 2419 1005 2458 h
1053 2418 1126 2489 μὴ
1183 2421 1467 2491 προσφέρῃ
1529 2421 1875 2478 διδασκαλίαν

192 2507 291 2576 τὴν
322 2509 379 2559 ἐν
407 2507 588 2576 χάριτι
612 2507 706 2560 καὶ
733 2505 888 2560 ἅλατι
921 2506 1256 2577 ἡρτυμένην,
1280 2509 1749 2580 εὐκαταφρόνητος
1771 2513 1876 2566 ὑπὸ

193 2595 302 2647 τῶν
343 2594 551 2648 πολλῶν
580 2595 808 2663 γίνεται,
849 2595 1001 2647 οὑδέν
1035 2596 1144 2648 ἀπδ
1172 2598 1271 2667 τῆς
1301 2599 1708 2670 μεγαλοψυχίας
1742 2619 1875 2673 κερ-

193 2683 356 2746 δάνας
402 2683 646 2753 ἐκείνης·
678 2683 743 2736 ἄν
772 2699 832 2736 τε
867 2683 1023 2736 τοῦτο
1056 2684 1238 2747 καλῶς
1271 2686 1625 2756 κατορθώσας
1670 2689 1730 2742 τὸ
1772 2691 1874 2762 μέ.

199 2788 311 2839 ρος,
342 2770 442 2840 τῆς
486 2771 594 2823 ἀπὸ
639 2770 748 2823 τῶν
791 2770 1000 2840 κρότων
1044 2771 1204 2842 δόξης
1235 2772 1550 2844 ἡττώμενος
1577 2775 1750 2847 τύχῃ,
1794 2781 1874 2842 είς

192 2858 390 2911 ταύτὸν
434 2858 594 2911 πάλιν
635 2856 981 2928 περιίσταται
1022 2857 1090 2911 τὰ
1130 2861 1230 2930 τῆς
1263 2862 1467 2931 ζημίας
1502 2863 1650 2934 αὑτῷ
1681 2882 1739 2917 τε
1779 2868 1874 2920 καὶ

195 2948 307 3009 τοῖς
357 2947 606 3010 πολλοῖς,
661 2947 799 3016 πρὸς
849 2947 1008 3017 χάριν
1058 2948 1167 3001 τῶν
1215 2950 1526 3005 ἀκουόντων
1571 2953 1793 3022 μᾶλλον,
1837 2957 1870 3026 ἢ

195 3033 332 3103 πρὸς
370 3033 634 3102 ὠφέλειαν
673 3035 854 3102 λέγειν
888 3035 1180 3106 μελετῶντι
1210 3037 1298 3090 δια
1337 3039 1437 3109 τὴν
1483 3040 1595 3093 τῶν
1634 3043 1874 3097 ἐπαίνων

195 3121 508 3191 ἐπιθυμίαν.
555 3121 661 3175 Καὶ
711 3123 961 3194 καθάπερ
1000 3126 1028 3176 6
1073 3125 1211 3194 μήτε
1257 3127 1486 3197 πάσχων
1521 3146 1573 3181 τι
1603 3131 1742 3202 πρὸς
1774 3132 1876 3196 τὰς

193 3209 489 3280 εὐφημίας.
524 3212 660 3280 μήτε
691 3211 870 3279 λέγειν
909 3211 1066 3276 εἰδὼς
1095 3212 1218 3266 οὑτε
1249 3214 1386 3267 εἴκει
1417 3227 1438 3254 ο
1475 3219 1596 3281 ταῖς
1623 3218 1716 3271 τοῦ
1744 3220 1877 3291 πλή-

195 3298 320 3360 θους
345 3297 580 3367 ἡδοναῖς,
611 3297 733 3351 οὔτε
760 3299 991 3368 ὠφελεῖν
1031 3300 1310 3368 ἀξιόλογόν
1335 3320 1456 3355 τινα
1483 3304 1707 3358 δύναται
1736 3307 1875 3375 ώφέ-

193 3385 342 3438 λειαν
369 3383 447 3454 τῷ
481 3384 643 3454 μηδὲν
673 3385 816 3454 ἔχειν
847 3386 1052 3438 εἰπεῖν·
1086 3386 1228 3440 οὕτω
1270 3390 1366 3441 καὶ
1399 3391 1428 3441 6
1457 3390 1534 3459 τῷ
1578 3393 1727 3463 πόθῳ
1764 3395 1874 3447 τῶν

195 3472 486 3541 ἐγκωμίων
519 3471 827 3540 ἑλκόμενος.
856 3471 994 3541 ἔχων
1023 3472 1115 3540 ἀφ’
1147 3467 1221 3525 ὧν
1252 3475 1508 3544 ἀμείνους
1537 3479 1874 3546 ἐργάσασθαι

194 3561 479 3631 δυνήσεται
512 3560 637 3620 τοὺς
675 3558 921 3622 πολλοὺς,
960 3560 1082 3612 ἀντὶ⁸
1127 3559 1334 3615 τούτων
1377 3566 1706 3635 παρέχειτά
1752 3569 1876 3640 τέρ-

194 3647 294 3715 ψαι
335 3647 612 3716 δυνάμενα
649 3645 870 3716 μᾶλλον,
897 3646 986 3698 διὰ
1026 3645 1233 3701 τούτων
1260 3651 1387 3714 τοὺς
1411 3654 1470 3704 ἐν
1504 3654 1617 3716 τοῖς
1659 3655 1875 3726 κρότοις

196 3734 459 3806 θορύὸους
475 3732 615 3786 ὼνού
623 3750 804 3803 μενος.

265 3896 333 3957 γ’.
370 3887 789 3958 Ἀμφοτέρωθεν
830 3883 922 3942 οὖν
963 3889 1185 3959 ἰσχυρὸν
1221 3886 1361 3945 εἶναι
1399 3895 1488 3948 τὸν
1521 3897 1742 3968 ἄριστον
1771 3900 1873 3972 ἀρ-

195 3995 358 4049 χοντα
401 3978 498 4040 δεῖ,
537 3978 624 4031 ἵνα
660 3977 732 4048 μὴ
767 3975 981 4049 θατέρῳ
1011 3978 1237 4049 θάτερον
1267 3981 1661 4055 ἀνατρέπηται.
1702 3988 1872 4044 Ὅταν

193 4067 302 4137 γὰρ
329 4067 568 4129 ἀναστὰς
598 4068 656 4118 ἐν
697 4065 774 4136 τῷ
809 4067 977 4137 μέσῳ,
1007 4067 1144 4140 λέγῃ
1170 4067 1237 4121 τὰ
1274 4072 1400 4135 τοὺς
1437 4074 1696 4144 ῥαθύμως
1739 4077 1873 4142 ζῶν-

192 4173 291 4219 τας
333 4156 624 4225 ἐπιστύψαι
648 4155 945 4225 δυνάμενα,
975 4149 1094 4208 εἶτα
1127 4160 1434 4231 προσπταίῃ
1469 4162 1561 4214 καὶ
1586 4164 1872 4238 διακόπτη-

192 4261 302 4304 ται,
322 4244 415 4296 καὶ
437 4244 541 4297 ὑπὸ
562 4243 662 4313 τῆς
682 4243 892 4308 ἐνδείας
921 4243 1184 4316 ἐρυθριᾷν
1207 4246 1607 4319 ἀναγκάζηται,
1643 4252 1869 4324 διερρύη

190 4328 252 4381 τὸ
293 4329 482 4399 κέρδος
513 4329 618 4384 τῶν
640 4330 944 4401 λεχθέντων
970 4333 1191 4398 εὐθέως.
1229 4337 1294 4388 Οί
1326 4336 1436 4407 γάρ
1452 4339 1870 4412 ἐπιτιμηθέντες

191 4415 484 4484 ἀλγοῦντες
509 4421 623 4480 τοῖς
648 4420 1089 4489 είρημένοις,κα“ι
1112 4422 1212 4476 οὑκ
1239 4423 1456 4493 ἔχοντες
1480 4427 1640 4480 αὑτὸν
1666 4429 1870 4501 ἑτέρως

190 4504 522 4576 ἀμύνασθαι.
546 4508 660 4569 τοῖς
689 4507 789 4575 τῆς
813 4509 1055 4578 ἀμαθίας
1081 4511 1244 4564 αὑτὸν
1267 4512 1519 4580 βάλλουσι
1545 4515 1866 4588 σκώμμασι,

189 4597 399 4658 τούτοις
430 4595 668 4664 οἰόμενοι
701 4595 771 4648 τά
806 4597 1014 4650 ἑαυτῶν
1048 4599 1364 4663 συσκιάζειν
1393 4602 1592 4672 ὀνείδη.
1615 4605 1709 4658 Διὸ
1735 4608 1866 4678 χρὴ,

190 4681 440 4754 καθάπερ
469 4683 595 4735 τινὰ
639 4682 856 4753 ἡνίοχον
908 4683 1152 4754 ἄριστον,
1183 4689 1264 4750 είς
1308 4688 1597 4758 ἀκρίϐειαν
1636 4692 1864 4758 τούτων,

189 4770 519 4842 ἀμφοτέρων
553 4771 708 4840 ἥκειν
737 4771 846 4823 τῶν
893 4771 1072 4825 καλῶν
1103 4771 1153 4835 ἀ,
1200 4774 1286 4826 ἵνα
1324 4776 1615 4848 ἀμφότερα
1649 4780 1788 4851 πρὸς
1805 4781 1868 4836 τὸ

189 4861 305 4915 δέον
328 4860 476 4931 αὑτῷ
506 4861 902 4932 μεταχειρίζειν
926 4861 1041 4932 ἐξῇ.
1070 4865 1178 4917 Καὶ
1199 4864 1309 4934 γὰρ
1335 4867 1463 4918 ὅταν
1488 4868 1651 4934 αὑτὸς
1674 4871 1865 4926 ἀνεπί-

188 4948 394 5017 ληπτος
427 4950 598 5003 ἅπασι
627 4949 875 5019 γένηται,
895 4950 1019 5002 τότε
1043 4951 1335 5022 δυνήσεται
1363 4953 1483 5022 μεθ’
1510 4957 1646 5027 ὅσης
1681 4959 1867 5029 βούλε-

188 5056 279 5091 ται
313 5037 564 5105 ἐξουσίας
608 5039 704 5092 καὶ
741 5038 993 5102 κολάζειν
1033 5041 1130 5094 καὶ⁵
1168 5041 1377 5096 ἀνιέναι
1415 5045 1546 5109 τοὺς
1586 5047 1679 5100 ὑπ’
1714 5052 1866 5123 αὐτῷ

189 5130 549 5199 ταττομένους
575 5129 823 5190 ἅπαντας
844 5147 857 5159 ’
892 5131 998 5202 πρὸ
1031 5130 1087 5184 δὲ
1115 5131 1306 5186 τούτου
1341 5136 1441 5188 οὑκ
1469 5138 1714 5209 εὐμαρὲς
1737 5141 1866 5195 ταῦ-

190 5235 257 5270 τα
280 5220 474 5272 ποιεῖν.
505 5217 618 5290 Τὴν
638 5219 698 5272 δέ
724 5218 1137 5291 μεγαλοψυχίαν
1159 5221 1219 5276 οὐ
1253 5221 1416 5294 μέχρι
1437 5225 1541 5296 τῆς
1566 5225 1679 5280 τῶν
1707 5229 1866 5284 ἐπαί-

252 5447 277 5473 ⁸
301 5442 441 5494 Alius
471 5448 688 5496 πέπονθε.

249 5506 278 5576 δ
307 5507 442 5578 Uu_us
480 5509 708 5578 _€_1t_a_ivw_v_
725 5509 982 5578 ὑπεροψίας
1008 5513 1213 5578 καὶᾼςι-ἤς
1253 5513 1300 5561 ἐν
1332 5514 1401 5576 τῷ
1430 5517 1580 5578 λέγειν
1622 5519 1861 5578 δυνάμεως

187 5571 446 5686 ἓξτεῧρῶν.
479 5568 600 5618 Ibid.
629 5570 712 5620 alii
751 5568 1015 5636 προσφέρῃ,
1057 5572 1140 5624 alii
1178 5568 1406 5640 προφέρῄ.
1455 5568 1584 5631 hirra
1613 5583 1695 5630 aui
1724 5568 1860 5642 δόξηξ

251 5695 275 5724 °
300 5693 394 5741 Alii
418 5693 525 5740 οὔτε
550 5693 707 5740 εἴκειν.

249 5753 274 5794 ἀ
295 5754 443 5804 Savil.
471 5763 522 5804 et
556 5754 742 5814 aliquot
788 5766 899 5804 mss.
938 5756 1214 5821 ἀμφοτέρων
1243 5759 1520 5818 ἐληλακέναι
1548 5766 1643 5812 τῶν
1673 5767 1851 5818 καλῶν.

993 286 1052 341 S.
1087 286 1374 342 JOANNIS
1406 287 1904 344 CHRYSOSTOMI
1939 286 2262 345 ARCHIEP.
2305 287 2863 346 CONSTANTINOP.

3545 284 3652 342 επι

1977 422 2084 457 νων
2116 405 2416 476 ὑπεροψίας
2445 405 2752 460 δείκνυσθαι
2785 416 2809 444 ε
2854 402 2960 474 χρὴ
3009 401 3171 473 μόνον
3240 401 3376 454 ἀλλά
3420 399 3515 455 καὶ
3556 418 3656 454 πε-

1978 493 2212 565 ραιτέρω
2255 493 2540 564 προάγειν,
2575 493 2662 547 ἵνα
2694 492 2770 564 μὴ
2801 492 2965 544 πάλιν
2999 483 3242 561 ἀτελέςῇ
3272 489 3335 541 τὸ
3368 487 3578 558 κέρδος.

2045 632 2108 686 δ’.
2127 633 2283 697 Τίνος
2298 627 2389 688 οὖν
2411 633 2580 686 δεῖται
2597 634 2693 687 καὶ
2716 632 2908 704 ἐτέρου
2927 631 3290 700 καταφρονεῖν
3312 645 3326 693 ;
3345 628 3657 690 Βασκανίας

1974 722 2070 776 καὶ
2100 721 2318 790 φθόνου.
2336 723 2449 786 Τάς
2476 723 2532 776 δὲ
2559 722 2825 792 ἀκαίρους
2851 721 3194 791 κατηγορίας
3210 719 3325 788 (καὶ
3349 719 3458 788 γάρ
3483 718 3660 782 ἀνάγ-

1975 827 2046 881 κη
2097 809 2190 863 τὸν
2241 809 2560 881 προεστῶτα
2621 809 2857 880 μέμψεις
2906 807 3201 877 ὑπομένειν
3243 805 3494 875 ἀλόγους)
3529 801 3655 856 οὑτε

1975 903 2232 975 ἀμέτρως
2270 901 2564 956 δεδοικέναι
2609 901 2704 954 καὶ
2739 900 2985 969 τρέμειν,
3018 896 3142 951 οὕτε
3181 897 3368 960 ἁπλῶς
3401 895 3654 966 παρορᾷν

1977 992 2139 1046 καλόν
2160 1010 2173 1023 ο
2204 992 2340 1044 ἀλλά
2371 990 2476 1061 χρὴ
2495 1030 2510 1054 ,
2541 989 2643 1043 κάν
2687 989 2905 1058 ψευδεῖς
2944 987 3292 1058 τυγχάνωσιν
3325 981 3484 1039 οὖσαι
3503 1024 3519 1049 ,
3550 984 3658 1037 κᾶν

1977 1079 2129 1150 παρά
2154 1079 2263 1132 τῶν
2296 1079 2567 1150 τυχόντων
2607 1079 2737 1148 ἡμῖν
2784 1077 3098 1144 ἐπάγωνται
3122 1118 3135 1140 ,
3164 1073 3460 1146 πειρᾶσθαι
3501 1071 3660 1124 σϐεν-

1977 1167 2130 1219 νύναι
2170 1165 2380 1236 ταχέως
2427 1166 2615 1227 αὑτάς.
2665 1163 2831 1218 Οὑδέν
2887 1163 2996 1233 γὰρ
3045 1161 3220 1225 οὑτως
3265 1161 3418 1225 αὑξει
3464 1161 3656 1230 φήμην

1976 1255 2220 1326 πονηράν
2245 1271 2302 1307 τε
2330 1255 2426 1306 καὶ
2452 1254 2686 1324 ἀγαθὴν,
2708 1253 2783 1316 ὡς
2815 1254 2875 1306 τὸ
2909 1252 3113 1318 πλῆθος
3141 1251 3200 1304 τὸ
3231 1251 3493 1304 ἄτακτον·
3515 1248 3652 1300 ἀϐα-

1979 1344 2245 1407 σανίστως
2271 1344 2380 1414 γὰρ
2405 1343 2498 1396 καὶ
2521 1343 2744 1396 ἀκούειν
2774 1343 2867 1395 καὶ
2897 1341 3146 1394 ἐκλαλεῖν
3173 1348 3188 1377 ι
3219 1340 3433 1401 είωθος,
3464 1335 3654 1398 απλῶς

1975 1432 2036 1485 τὸ
2059 1431 2284 1485 ἐπελθὸν
2313 1431 2460 1485 ἀπαν
2497 1431 2818 1500 φθέγγεται,
2841 1431 2942 1500 τῆς
2975 1427 3235 1497 ἀληθείας
3258 1425 3448 1478 οὑδένα
3476 1423 3657 1477 ποιού-

1982 1537 2141 1590 μενον
2170 1519 2344 1588 λόγον.
2369 1519 2469 1571 Διά
2491 1518 2665 1572 ταῦτα
2691 1518 2753 1570 οὑ
2787 1517 2868 1570 δεῖ
2890 1515 2998 1569 τῶν
3023 1514 3234 1568 πολλῶν
3271 1527 3657 1582 καταφρονειν,

1979 1607 2114 1661 ἀλλά
2147 1608 2454 1678 ἀρχομένας
2485 1605 2686 1668 εὑθέως
2711 1606 3000 1659 ἐκκόπτειν
3031 1604 3130 1667 τάς
3157 1601 3394 1670 ὑποψίας
3427 1600 3524 1664 τὰς
3555 1615 3657 1651 πο-

1978 1696 2168 1765 νηρὰς,
2207 1695 2356 1767 [M7]
2387 1695 2640 1748 πείθοντα
2669 1696 2796 1756 τοὺς
2825 1692 3218 1762 ἐγκαλοῦντας,
3249 1689 3355 1743 κᾶν
3378 1687 3659 1756 ἀλογώτα-

1979 1802 2060 1838 τοι
2087 1785 2305 1836 πάντων
2331 1779 2458 1846 εἷεν,
2479 1785 2573 1836 καὶ
2598 1781 2766 1852 μηδὲν
2788 1781 2926 1844 ὅλως
2954 1781 3222 1834 ἐλλείπειν
3251 1778 3361 1832 τῶν
3391 1777 3658 1845 ἀφανίσαι

1978 1873 2288 1942 δυναμένων
2316 1870 2472 1936 δόξαν
2506 1871 2606 1925 οὐκ
2629 1871 2842 1942 ἀγαθήν
2868 1873 2893 1911 ε
2913 1886 2924 1898 ·
2949 1870 3015 1941 ἢν
3046 1870 3125 1934 δὲ,
3148 1869 3329 1922 πάντα
3359 1865 3659 1920 ποιούντων

1978 1963 2012 2032 ή
2021 1961 2159 2031 μῶν,
2177 1959 2250 2031 μὴ
2277 1958 2502 2012 θέλωσιν
2518 1961 2566 2011 οἱ
2587 1958 2926 2030 μεμφόμενοι
2951 1957 3256 2018 πείθεσθαι,
3275 1956 3334 2010 τὸ
3359 1952 3660 2025 τηνικαῦτα

1980 2051 2363 2120 καταφρονεῖν.
2413 2049 2500 2110 Ὦς
2521 2047 2615 2100 ἐὰν
2643 2046 2823 2116 φθάσῃ
2846 2063 2929 2110 τις
2958 2044 3350 2104 ταπεινοῦσθαι
3383 2045 3501 2106 τοῖς
3525 2059 3663 2110 συμ-

1979 2135 2235 2206 πτώμασι
2281 2135 2521 2199 τούτοις,
2556 2136 2617 2188 οὑ
2663 2133 2952 2206 δυνήσεταί
2997 2151 3128 2187 ποτε
3178 2132 3426 2201 γενναῖόν
3457 2148 3511 2182 τι
3562 2131 3659 2182 καὶ

1980 2223 2294 2294 θαυμαστὸν
2326 2224 2614 2277 ἀποτεκεῖν
2648 2223 2724 2293 ’ἡ
2771 2220 2881 2291 γὰρ
2924 2220 3133 2292 ἀθυμία
3174 2222 3268 2274 καὶ
3315 2221 3371 2274 αί
3419 2220 3662 2287 συνεχεῖς

1980 2312 2261 2383 φροντίδες
2299 2311 2471 2365 δειναὶ
2522 2310 2848 2364 καταϐαλεῖν
2896 2310 3078 2381 ψυχῆς
3125 2308 3389 2379 δύναμιν,
3437 2307 3533 2361 καὶ
3580 2308 3661 2369 είς

1979 2400 2264 2454 ἀσθένειαν
2297 2401 2632 2468 καταγαγεῖν
2651 2397 2749 2470 τὴν
2790 2397 3046 2468 ἐσχάτην.
3085 2397 3273 2458 Οὕτως
3299 2392 3394 2450 οὖν
3425 2394 3531 2466 χρὴ
3568 2395 3661 2447 τὸν

1981 2489 2132 2561 ἱερέα
2181 2487 2486 2542 διακεῖσθαι
2533 2486 2668 2558 πρὸς
2703 2487 2830 2548 τοὺς
2870 2486 3238 2556 ἀρχομένους,
3274 2484 3466 2556 ὥσπερ
3514 2482 3579 2536 ἂν
3612 2481 3665 2534 εῖ

1977 2594 2063 2640 τις
2092 2575 2274 2647 πατὴρ
2301 2575 2437 2646 πρὸς
2457 2575 2654 2634 παῖδας
2678 2574 2817 2642 ἀγαν
2841 2574 3070 2642 νηπίους
3100 2573 3373 2626 διακέοιτο
3393 2588 3405 2599 ·
3431 2571 3526 2624 καὶ
3559 2589 3660 2623 κα-

1979 2665 2156 2736 θάπερ
2194 2664 2417 2717 ἐκείνων
2443 2662 2564 2715 οὕτε
2595 2661 2951 2734 ὑϐριζόντων,
2975 2659 3099 2714 οὑτε
3145 2659 3514 2732 πληττόντων,
3532 2657 3660 2711 οὑτε

1977 2753 2316 2825 ὀδυρομένων
2352 2751 2817 2821 ἐπιστρεφόμεθα,
2857 2751 2972 2803 ἀλλ’
3009 2749 3134 2803 οὑδέ
3162 2749 3326 2820 ἡνίκα
3355 2749 3422 2801 ἂν
3455 2747 3660 2816 γελῶσι

1978 2841 2072 2895 καὶ
2095 2840 2497 2911 προσχαίρωσιν
2525 2841 2676 2909 ἡμῖν,
2699 2838 2840 2908 μέγα
2862 2840 2954 2892 ἐπὶ
2983 2838 3142 2892 τοῦτο
3165 2836 3473 2908 φρονοῦμέν
3502 2853 3658 2898 ποτε,

1977 2927 2120 2981 οὑτω
2150 2928 2242 2980 καὶ
2269 2927 2472 2980 τούτων
2512 2928 2648 2997 μήτε
2687 2929 2802 2988 τοῖς
2829 2927 3072 2990 ἐπαίνοις
3105 2925 3486 2994 ἐξογκοῦσθαι,
3519 2927 3659 2994 μήτε

1978 3017 2342 3072 καταπίπτειν
2374 3019 2488 3078 τοῖς
2524 3014 2714 3083 ψόγοις
2732 3012 2760 3051 h
2778 3055 2792 3074 ,
2818 3016 2945 3068 ὅταν
2967 3014 3214 3085 ἀκαίρως
3245 3014 3505 3082 γίνωνται
3531 3012 3661 3083 παρ’

1979 3105 2179 3158 αὑτῶν.
2202 3103 2450 3157 Χαλεπὸν
2479 3104 2536 3157 δὲ
2568 3103 2746 3168 τοῦτο,
2769 3098 2814 3156 ὧ
2847 3104 3107 3176 μακάριε.
3125 3103 3265 3172 τάχα
3296 3102 3353 3154 δὲ
3384 3097 3558 3170 οἶμαι,
3576 3101 3660 3153 ὅτι

1980 3193 2076 3247 καὶ
2115 3191 2394 3247 ἀδύνατον.
2434 3191 2508 3244 Τὸ
2554 3191 2662 3262 γὰρ
2710 3191 2785 3262 μὴ
2825 3191 3036 3262 χαίρειν
3077 3189 3472 3258 ἐπαινούμενον
3497 3229 3512 3251 ,
3556 3187 3659 3240 οὑκ

1977 3277 2094 3334 οἶδα
2122 3280 2175 3332 εἴ
2192 3297 2296 3332 τινι
2319 3279 2415 3332 ἀνθ
2427 3280 2624 3350 ρώπων
2645 3279 2775 3332 ποτέ
2796 3277 3185 3348 κατώρθωται·
3211 3277 3303 3329 τὸν
3319 3277 3376 3329 δέ
3399 3275 3659 3345 χαίροντα

1977 3370 2123 3432 εἰκὸς
2149 3368 2244 3422 καὶ
2280 3367 2568 3437 ἐπιθυμεῖν
2598 3365 2894 3420 ἀπολαύειν
2915 3365 3094 3418 αὑτῶν
3113 3382 3125 3395 ο
3152 3364 3243 3418 τὸν
3273 3364 3331 3417 δὲ
3362 3361 3660 3416 ἀπολαύειν

1977 3457 2347 3528 ἐπιθυμοῦντα
2388 3457 2610 3519 πάντως
2660 3456 2754 3508 καὶ
2788 3457 2845 3508 ἐν
2900 3458 3022 3518 ταῖς
3065 3453 3274 3507 τούτων
3323 3452 3653 3520 ἀποτυχίαις

1977 3545 2266 3598 λυπεῖσθαι
2292 3544 2387 3597 καὶ
2412 3543 2680 3597 ἐκκλίνειν
2713 3544 2804 3596 καὶ
2827 3540 3082 3596 ἀνιᾶσθαι
3111 3543 3205 3594 καὶ
3236 3541 3458 3609 ἀλγεῖνὶ
3487 3539 3656 3607 ἀνάγ-

1977 3650 2068 3702 κη.
2100 3631 2314 3702 Ὢσπερ
2357 3630 2466 3701 γάρ
2497 3632 2546 3684 οἱ
2583 3631 2908 3701 γαννύμενοι
2955 3627 3036 3700 τῷ
3076 3630 3327 3683 πλουτεῖν
3348 3671 3362 3693 ,
3392 3628 3556 3699 ἡνίκα
3588 3625 3656 3680 ἀν

1977 3720 2362 3772 καταπέσωσιν
2389 3718 2470 3781 είς
2505 3719 2714 3780 πενίαν,
2733 3718 3012 3788 ἄχθονται.
3037 3719 3130 3770 καὶ
3157 3718 3207 3770 οἱ
3230 3717 3440 3788 τρυφᾷν
3468 3715 3656 3768 εἰωθό-

1975 3824 2066 3870 τες
2108 3807 2208 3859 οὑκ
2241 3806 2305 3860 ἂν
2339 3805 2659 3877 ἀνάσχοιντο
2705 3805 2805 3878 ζῇν
2849 3805 3084 3871 εὐτελῶς
3111 3822 3124 3836 ο
3151 3804 3294 3859 οὑτω
3329 3804 3423 3859 καὶ
3466 3807 3514 3857 οί
3547 3802 3656 3854 τῶν

1975 3895 2267 3964 ἐγκωμίων
2290 3895 2544 3964 ἐρῶντες,
2577 3895 2674 3964 οὑχ
2692 3895 2820 3946 ὃταν
2849 3894 3126 3963 ψέγωνται
3158 3894 3318 3962 μόνον
3352 3893 3494 3961 εἰκῆ,
3520 3889 3654 3943 ἀλλά

1975 3984 2071 4034 καὶ
2119 3984 2245 4034 ὅταν
2284 3981 2358 4053 μὴ
2408 3981 2738 4035 ἐπαινῶνται
2776 3982 3038 4051 συνεχῶς,
3072 3981 3326 4051 καθάπερ
3371 3978 3516 4049 λιμῷ
3543 3995 3653 4030 τινι

1973 4067 2373 4138 διαφθείρονται
2395 4068 2492 4139 τὴν
2515 4067 2712 4138 ψυχὴν,
2733 4068 2828 4121 καὶ
2852 4069 3085 4139 μάλιστα
3105 4069 3233 4120 ὅταν
3257 4069 3441 4129 αὑτοῖς
3461 4069 3653 4137 ἐντρα-

1975 4156 2167 4224 φέντες
2192 4156 2449 4226 τύχωσιν,
2485 4156 2517 4225 ἢ
2547 4157 2640 4208 καὶ
2667 4157 2886 4224 ἐτέρους
2924 4155 3354 4224 ἐπαινουμένους
3380 4153 3644 4208 ἀκούωσι.

1973 4240 2076 4295 Τὸν
2103 4243 2158 4295 δὲ
2183 4244 2320 4312 μετά
2354 4243 2559 4313 ταύτης
2588 4244 2687 4312 τῆς
2712 4243 3009 4313 ἐπιθυμίας
3031 4245 3110 4306 είς
3139 4243 3230 4296 τὸν
3254 4243 3356 4314 τῆς
3390 4242 3649 4295 διδασκα-

1973 4331 2088 4395 λίας
2111 4331 2298 4399 ἀγῶνα
2320 4332 2659 4403 παρελθόντα
2684 4332 2827 4385 πόσα
2851 4331 3157 4403 πράγματα
3184 4331 3279 4384 καὶ
3308 4331 3478 4394 πόσας
3499 4331 3587 4400 ἔχε
3597 4347 3644 4381 ιν

1973 4418 2074 4471 οἴει
2105 4419 2204 4481 τὰς
2241 4421 2570 4491 ἀλγηδόναςς
2603 4420 2740 4474 Οὔτε
2786 4420 2884 4492 τὴν
2923 4421 3192 4474 θάλατταν
3227 4420 3342 4473 ἐστι
3387 4418 3650 4490 κυμάτων

1973 4507 2126 4567 ἐκτὸς
2154 4503 2293 4563 εἷναί
2313 4526 2464 4575 ποτε,
2497 4509 2623 4562 οὔτε
2653 4510 2754 4582 τὴν
2779 4509 2989 4563 ἐκείνου
3015 4510 3196 4581 ψυχὴν
3227 4509 3526 4581 φροντίδων
3550 4507 3648 4562 καὶ

1971 4593 2164 4666 λύπης.

2041 4741 2101 4788 ε’.
2138 4735 2248 4786 Καὶ
2298 4734 2405 4803 γὰρ
2438 4737 2566 4788 ὅταν
2611 4736 2815 4807 πολλὴν
2853 4739 2910 4791 ἐν
2949 4737 3027 4808 τῷ
3067 4738 3248 4806 λέγειν
3280 4739 3509 4809 δύναμιν
3547 4738 3648 4810 ἔχῃ

1973 4821 2152 4890 (τοῦτο
2171 4822 2225 4875 δέ
2251 4825 2306 4876 ἐν
2324 4823 2523 4891 ὀλίγοις
2545 4823 2695 4896 εὖροι
2715 4839 2798 4887 τις
2816 4827 2926 4894 ἂν),
2943 4827 3064 4879 οὑδέ
3085 4825 3228 4880 οὑτω
3248 4827 3344 4880 τοῦ
3367 4827 3648 4881 πονεῖσθαι

1970 4910 2231 4980 διηνεκῶς
2280 4911 2647 4982 ἀπήλλακται.
2705 4912 2924 4984 Ἐπειδὴ
2969 4915 3077 4986 γάρ
3124 4916 3185 4968 οὑ
3236 4915 3474 4984 φύσεως,
3509 4915 3646 4969 ἀλλά

1973 5001 2260 5072 μαθήσεως
2283 5001 2344 5054 τὸ
2369 5001 2568 5070 λέγειν,
2598 5001 2698 5055 κᾶν
2731 5004 2811 5065 είς
2837 5003 3007 5076 ἀκρον
3040 5004 3205 5058 αὑτοῦ
3239 5021 3323 5068 τις
3355 5006 3645 5076 ἀφίκηται.

1968 5088 2089 5142 τότε
2127 5089 2290 5142 αὑτὸν
2323 5088 2547 5159 ἀφίησιν
2587 5089 2826 5161 ἔρημον,
2858 5090 2923 5144 ἂν
2957 5091 3032 5163 μὴ
3057 5094 3280 5164 συνεχεῖ
3313 5093 3517 5163 σπουδῇ
3553 5095 3646 5147 καὶ

1967 5178 2246 5248 γυμνασίᾳ
2271 5178 2476 5247 ταύτην
2507 5177 2784 5250 θεραπεύῃ
2823 5180 2922 5250 τὴν
2950 5179 3201 5250 δύναμιν.
3228 5181 3390 5234 Ὥστε
3417 5185 3529 5244 τοῖς
3553 5199 3645 5234 σοο

1967 5267 2231 5338 φωτέροις
2266 5265 2548 5339 μᾶλλον,ἢ
2581 5268 2690 5331 τοῖς
2731 5267 3130 5338 ἁμαθεστέροις
3165 5267 3366 5340 μείζων
3391 5271 3420 5323 6
3461 5269 3643 5336 πόνος.

2033 5458 2176 5533 "Alii
2203 5458 2563 5533 ἐπιδείκνυσθαι.
2590 5459 2716 5510 Infra
2742 5459 2824 5511 alii
2849 5463 2918 5533 δεῖ
2937 5463 3017 5512 καὶ
3041 5465 3218 5530 ἐτέρου.
3244 5465 3400 5520 Pauio
3419 5473 3527 5533 past
3557 5468 3642 5521 aii}

1965 5521 2190 5584 ἀκαίρους
2209 5523 2510 5582 κακηγορίας,
2541 5535 2669 5571 unus
2687 5525 2990 5587 κακουργίας.

2031 5581 2051 5620 ί
2079 5584 2176 5631 Alii
2199 5585 2429 5644 ἐγκαλεῖν.

2029 5647 2053 5704 β
2076 5622 2176 5692 Χὶἰί
2194 5622 2464 5704 ἇὸἐέἷῆὀῆ.

1930 5749 1932 5751 .
2025 5703 2055 5744 h
2085 5705 2200 5768 Post
2222 5708 2385 5768 ψόγοις
2407 5703 2490 5757 alii
2511 5707 2688 5756 addunt
2715 5706 2800 5756 δεῖ.

2031 5769 2047 5807 ί
2074 5767 2175 5816 Alii
2201 5767 2374 5819 ἀλύειν.
