4050 6160
282 347 398 402 U73

282 477 410 530 qua:
451 459 520 514 ab
555 457 674 512 aliis
707 455 974 512 elaborata
1004 464 1147 522 sunt,
1179 454 1423 510 concioni
1464 469 1574 508 sua:
1599 455 1862 520 intexere,

280 551 547 622 pluribus,
578 562 734 620 quam
771 548 860 618 qui
898 547 1148 616 pecunias
1190 545 1534 612 soli'urantur,
1566 543 1864 615 opprobriis

283 654 559 699 oneratur.
598 643 753 711 Stepe
788 657 918 696 vero
946 640 1075 695 nihil
1105 642 1173 695 ab
1199 641 1316 694 aliis
1343 648 1630 702 mutuatus,
1673 637 1768 692 sed
1811 638 1863 690 in

283 734 401 803 ejus
417 735 497 788 rei
524 743 728 787 tantum
753 731 1110 800 suspicionem
1133 730 1373 796 veniens,
1406 729 1550 799 paria
1582 730 1777 799 patitur
1799 742 1862 782 ac

282 827 326 880 si
357 825 729 893 deprehensus
776 823 979 879 fuisset.
1023 822 1224 890 Ecquid
1267 822 1388 877 dico
1422 837 1628 887 eorum,
1652 837 1768 889 qua:
1795 819 1864 874 ab

283 916 405 970 aliis
424 915 695 971 elaborata
735 915 966 969 fuerint?
994 925 1140 968 certe
1176 928 1244 968 ne
1282 913 1356 966 illi
1387 912 1598 982 quidem
1635 912 1754 965 licet
1785 911 1866 964 iu-

281 1011 471 1062 ventis-
496 1009 609 1062 suis
633 1007 847 1062 assidue
873 1006 946 1061 uti
981 1025 995 1061 :
1022 1021 1124 1060 non
1171 1005 1313 1060 enim
1341 1005 1406 1059 ad
1437 1004 1738 1066 utilitatem,
1769 1002 1864 1057 sed

280 1098 346 1152 ad
370 1099 698 1167 voluptatem
727 1098 937 1167 plurimi
966 1097 1150 1151 audire
1177 1096 1352 1150 solent
1379 1113 1392 1149 :
1419 1094 1863 1165 quemadmodum

280 1189 370 1256 qui
404 1189 474 1244 de
499 1189 754 1259 tragcedis
779 1189 862 1243 vel
904 1188 972 1243 de
1008 1187 1316 1242 citharoedis
1334 1185 1617 1256 judicaturi
1654 1185 1860 1238 sedent.

282 1283 459 1349 Atque
491 1281 628 1335 adeo
653 1280 863 1335 dicendi
900 1281 980 1334 vis
1009 1280 1118 1342 illa,
1151 1295 1308 1349 quam
1351 1294 1519 1348 nuper
1548 1277 1866 1346 cxplodeha-

278 1385 422 1433 mus,
456 1371 528 1423 ita
553 1369 962 1425 desiderabilem
993 1385 1134 1423 nunc
1161 1384 1220 1422 se
1246 1367 1468 1438 praebet,
1503 1376 1557 1421 ut
1598 1382 1663 1420 ne
1694 1368 1742 1420 in
1773 1381 1863 1418 so-

277 1461 472 1532 phistis
497 1463 736 1532 quidem,
768 1478 889 1517 cum
922 1472 1109 1516 mutuo
1138 1462 1385 1516 altercari
1410 1471 1694 1529 coguntur,
1719 1467 1861 1512 tanta

275 1553 601 1622 requiratur.

345 1643 404 1696 2.
447 1641 698 1697 Doctrina
727 1643 968 1712 praeditus
1001 1643 1086 1708 sit,
1127 1651 1174 1695 et
1213 1642 1388 1696 laudes
1429 1650 1632 1710 spernat
1669 1647 1865 1708 Oportet

273 1735 623 1788 concionetor.
651 1732 1010 1788 -—Generoso
1043 1734 1220 1803 itaque
1263 1732 1349 1786 hic
1387 1747 1521 1801 Opus
1551 1740 1632 1786 est
1664 1731 1861 1795 animo,

276 1826 365 1894 qui
399 1834 645 1879 nostram
673 1825 1018 1894 exiguitatem
1048 1825 1206 1895 longe
1244 1833 1478 1892 superet,
1508 1834 1568 1877 ut
1593 1823 1864 1876 inordina-

276 1927 384 1971 tam
429 1916 574 1970 illam
603 1915 1086 1985 infructuosamque
1113 1915 1249 1984 vulgi
1282 1914 1600 1982 voluptatem
1645 1926 1864 1980 compe-

275 2017 412 2072 scat,
443 2015 500 2062 et
538 2006 774 2061 auditum
806 2021 988 2061 eorum
1018 2007 1084 2060 ad
1114 2006 1323 2060 utiliora
1352 2002 1637 2058 transferat
1667 2019 1680 2054 :
1713 2001 1783 2055 ita
1812 2010 1867 2055 ut

274 2099 509 2169 populus
543 2098 716 2166 ipsum
747 2106 1016 2167 sequatur,
1060 2097 1266 2166 ipsique
1304 2110 1507 2150 morem
1553 2100 1720 2163 gerat,
1772 2091 1864 2146 sed

275 2204 380 2244 non
419 2190 510 2243 ille
551 2189 843 2244 secundum
874 2189 1014 2258 vulgi
1050 2188 1350 2258 cupidinem
1393 2187 1611 2241 feratur.
1652 2185 1709 2239 id
1738 2198 1866 2239 vero

276 2279 431 2332 nullo
473 2278 636 2332 modo
660 2279 912 2348 consequi
943 2279 1132 2348 possis,
1182 2277 1283 2332 nisi
1326 2277 1426 2332 hoc
1464 2285 1745 2346 utrumque
1775 2274 1868 2328 ad-

275 2369 458 2435 fuerit,
486 2369 704 2423 laudum
733 2380 1092 2440 contemptus,
1118 2376 1172 2423 et
1198 2369 1278 2422 vis
1303 2368 1532 2422 dicendi.
1558 2366 1689 2420 Nam
1719 2367 1764 2420 si
1791 2366 1867 2420 al-

279 2468 454 2514 terum
487 2459 650 2522 absit,
676 2459 819 2514 aliud
849 2459 915 2514 ab
944 2460 1112 2514 altero
1140 2459 1461 2528 disjunctum
1491 2457 1676 2513 inutile
1699 2457 1865 2511 effici-

278 2562 382 2607 tur.
419 2551 637 2606 Etenim
676 2551 720 2605 si
749 2549 934 2606 iandes
973 2565 1266 2620 aspernans
1308 2551 1324 2580 ί
1356 2565 1459 2604 non
1515 2547 1866 2618 proieratdo-

274 2645 508 2700 ctrinatn
527 2643 696 2713 gratia
717 2653 766 2697 et
791 2642 901 2696 sale
921 2643 1188 2696 conditam
1208 2639 1341 2712 (Col.
1361 2642 1413 2695 4.
1434 2640 1511 2708 6),
1533 2639 1865 2708 despicabilis

273 2735 415 2806 apud
444 2736 645 2790 multos
674 2735 870 2800 evadit,
899 2735 1029 2789 nihil
1059 2734 1191 2789 lucri
1235 2749 1300 2788 ex
1330 2734 1417 2788 illa
1458 2733 1620 2788 animi
1664 2732 1867 2802 magni-

279 2828 470 2881 tudine
515 2825 791 2890 rcferens;
821 2827 901 2879 siu
946 2825 1046 2880 hac
1072 2834 1218 2894 parte
1262 2834 1477 2878 strenue
1521 2839 1580 2878 se
1617 2839 1808 2893 gerens
1835 2839 1864 2878 a

277 2919 524 2989 populari
569 2933 695 2972 aura
746 2920 1006 2982 vincatur,
1057 2929 1166 2972 tum
1208 2915 1329 2984 ipsi,
1376 2926 1486 2969 tum
1540 2916 1736 2985 pepulo
1784 2913 1865 2968 id-

278 3014 456 3083 ipsum
489 3013 683 3076 accidit
701 3011 1029 3076 detrimenti,
1051 3026 1170 3065 cum
1197 3026 1260 3065 cx
1289 3009 1503 3064 laudum
1529 3008 1776 3078 cupidine
1800 3022 1866 3061 eo

276 3106 533 3171 ducatur,
565 3119 686 3158 cum
729 3103 794 3157 ad
821 3105 1044 3174 gratiam
1089 3103 1257 3172 magis
1292 3118 1447 3172 quam
1491 3102 1556 3155 ad
1588 3102 1864 3155 utilitatem

274 3199 589 3252 auditorum
638 3196 944 3251 concionari
988 3196 1215 3250 studeat.
1264 3197 1342 3250 Ac
1395 3195 1862 3266 quemadmodum,

273 3290 360 3358 qui
399 3303 509 3342 nec
546 3287 791 3341 laudibus
840 3295 1102 3354 movetur,
1146 3301 1244 3341 nec
1280 3286 1490 3340 dicendi
1533 3286 1584 3339 vi
1618 3285 1867 3354 praeditus

273 3387 376 3443 est,
409 3380 462 3433 is
507 3393 679 3448 neque
701 3379 842 3448 vulgi
874 3379 1226 3445 voluptatibus
1269 3379 1479 3440 cedere,
1524 3393 1698 3446 neque
1747 3385 1865 3430 tan-

276 3472 454 3524 tillam
498 3472 778 3525 utilitatem
821 3471 891 3526 ob
920 3471 1235 3542 imperitiam
1269 3469 1513 3540 loquendi
1552 3468 1741 3522 afferre
1768 3483 1866 3538 po-

275 3572 379 3617 test
409 3577 426 3614 :
454 3564 525 3617 ita
553 3563 642 3633 qui
683 3563 897 3617 laudum
935 3579 1118 3616 amore
1158 3562 1385 3630 capitur,
1435 3565 1618 3615 nactus
1644 3575 1760 3614 eam
1793 3558 1870 3613 fa-

274 3657 567 3717 cultatem,
596 3668 698 3722 qua
730 3655 923 3707 multos
961 3653 1029 3708 ad
1070 3653 1344 3707 meliorem
1377 3651 1580 3721 frugem
1611 3650 1868 3705 reducere

276 3744 480 3815 possit,
519 3744 720 3797 mavult
755 3754 931 3798 tamen
956 3743 1285 3798 delectabilia
1331 3743 1586 3813 proferre,
1618 3741 1745 3795 dum
1775 3755 1868 3810 po-

278 3835 583 3904 pnlares'iu
611 3833 910 3902 plaudenda
938 3835 1194 3889 tumultus
1225 3835 1476 3889 lucretur.

351 3930 414 3983 5.
477 3926 722 3981 Utrolibet
761 3927 1038 3995 deﬁciente,
1087 3927 1278 3980 inutilis
1322 3925 1510 3995 populo
1556 3926 1666 3979 erit.
1710 3952 1782 3964 -—-
1821 3923 1868 3976 Is

277 4020 470 4089 itaque
496 4019 584 4088 qui
614 4019 848 4088 Optimus
877 4020 1050 4086 populi
1084 4018 1270 4073 ductor
1297 4018 1501 4084 futurus
1550 4019 1636 4086 sit,
1664 4027 1870 4073 utrum-

277 4124 388 4177 que
424 4107 632 4161 fortiter
651 4118 825 4162 teneat
849 4117 1077 4177 oportet,
1109 4117 1166 4164 ut
1191 4125 1255 4162 ne
1275 4109 1499 4165 alterum
1521 4111 1687 4166 altero
1715 4129 1872 4168 ever.

280 4210 454 4254 tatur.
496 4198 629 4252 Cum
668 4199 899 4254 enim‘in
948 4201 1119 4254 medio
1161 4217 1382 4270 surgens
1424 4218 1484 4256 ea
1511 4201 1723 4268 dixerit,
1754 4221 1873 4274 qua:

283 4289 514 4358 ignavos
566 4290 922 4359 perstringere
969 4290 1188 4359 possint,
1236 4290 1281 4346 si
1332 4291 1522 4346 deinde
1565 4292 1770 4348 labatur
1819 4303 1874 4348 et

283 4389 523 4452 decidat,
568 4404 631 4443 ac
671 4405 781 4458 pra:
819 4388 1024 4443 dicendi
1065 4387 1236 4457 inopia
1278 4387 1591 4442 erubescere
1633 4397 1870 4458 cogatur,

282 4484 398 4552 jam
436 4481 696 4535 dictorum
745 4479 948 4534 lucrum
991 4481 1168 4534 statim
1196 4478 1384 4534 emuit.
1423 4478 1552 4534 Nam
1583 4480 1670 4548 qui
1710 4481 1874 4533 corri-

290 4576 535 4643 piuntur,
572 4572 697 4626 dum
727 4571 796 4626 de
820 4571 976 4626 dictis
1000 4571 1199 4636 dolent,
1231 4585 1329 4625 nec
1370 4586 1429 4625 se
1472 4571 1576 4625 alio
1601 4572 1760 4626 modo
1789 4572 1874 4626 ul-

289 4664 423 4718 cisci
461 4671 704 4733 possunt,
743 4663 1090 4732 ignorantiam
1135 4662 1234 4730 ipsi
1264 4661 1604 4730 exprobrant,
1650 4664 1748 4716 hac
1784 4679 1879 4731 pu—

293 4764 472 4810 tantes
500 4769 560 4810 se
600 4756 804 4808 ratione
841 4756 1122 4823 approbria
1166 4763 1342 4821 tegere
1375 4768 1489 4807 sua.
1521 4755 1874 4822 Quamobrem

293 4854 515 4914 oportet
556 4859 678 4900 eum
702 4861 800 4900 ceu
839 4847 1075 4913 aurigam
1119 4844 1375 4913 optimum
1407 4845 1542 4898 inter
1578 4845 1711 4898 duas
1759 4845 1878 4900 illas

295 4939 524 4992 virtutes
543 4945 791 4991 accurate
819 4936 1127 5004 procedere,
1154 4945 1209 4990 ut
1232 4944 1509 5004 utramque
1529 4935 1631 4989 rite
1653 4943 1879 4989 tractare

296 5030 486 5099 possit.
534 5027 744 5082 Etenim
779 5039 900 5082 cum
943 5027 1030 5081 ille
1071 5042 1129 5080 se
1157 5027 1293 5094 apud
1334 5041 1521 5080 omnes
1558 5027 1877 5094 inculpatum

296 5120 630 5190 praestiterit,
671 5130 796 5175 tunc
833 5129 1026 5189 quanta
1066 5127 1325 5188 potestate
1367 5118 1608 5184 voluerit,
1647 5118 1882 5173 subditos

299 5227 429 5267 suos
465 5226 657 5267 omnes
696 5227 794 5282 pro
835 5212 1002 5267 lubito
1030 5211 1114 5266 vel
1156 5210 1437 5280 castigare,
1477 5211 1561 5265 vel
1608 5211 1883 5266 remissius

306 5312 537 5357 tractare
563 5305 774 5372 poterit.
814 5302 928 5358 lloc
964 5303 1064 5357 nisi
1094 5303 1239 5371 prius
1262 5310 1466 5372 agatur,
1497 5301 1637 5356 haud
1665 5300 1802 5355 factu
1832 5300 1883 5354 id

307 5394 466 5450 facile
491 5394 670 5449 fuerit.
698 5396 872 5451 Animi
902 5410 1058 5466 porro
1088 5395 1498 5466 magnitudinem
1545 5410 1650 5450 non
1692 5394 1744 5449 in
1774 5394 1886 5448 lau-

308 5485 436 5541 duut
459 5496 764 5558 contemptu
791 5496 995 5542 tantum
1015 5487 1266 5543 exhibere
1291 5503 1386 5557 par
1407 5494 1513 5553 est,
1543 5487 1637 5542 sed
1665 5486 1885 5541 ulterius

362 5707 397 5774 f
427 5711 554 5755 votis
575 5705 746 5762 habet.
771 5705 950 5756 Etenim
973 5704 1032 5764 si,
1056 5703 1249 5756 landum
1271 5700 1508 5767 superbia
1528 5705 1573 5751 ct
1596 5697 1815 5762 potentiw
1838 5698 1886 5748 in

319 5763 519 5819 dicendo
543 5778 746 5833 spretor.

1495 334 1585 392 DE
1623 331 2069 391 SACERDOTIO.
2112 332 2239 388 LIB.
2281 331 2346 388 V.

3439 342 3544 396 67!.

1972 447 2438 517 progrediendum,
2472 463 2538 502 ne
2564 447 2924 518 imperfectum
2951 447 3152 504 lucrum
3183 449 3413 505 accedat.

2041 539 2092 592 4.
2135 536 2390 591 Invidiam
2417 548 2698 593 contemnat
2741 547 2953 608 oportet.
2982 571 3050 579 —
3074 537 3350 606 Quodnam
3386 541 3544 603 igitur

1969 627 2112 681 aliud
2139 628 2583 682 contemnendum
2613 629 2732 683 cst?
2763 629 2920 682 Livor
2947 637 3000 684 et
3030 628 3245 683 invidia.
3286 630 3547 699 Intempe-

1968 719 2130 772 stivas
2151 728 2324 772 autem
2356 718 2716 772 accusationes
2747 719 2762 750 ¹
2793 719 3033 790 (necesse
3083 720 3276 790 quippe
3325 732 3408 774 est
3451 736 3547 773 an-

1970 809 2189 862 tistitem
2245 808 2501 864 absurdas
2555 810 2712 863 etiam
2765 809 3207 878 reprehensiones
3255 809 3544 877 sustinere)

1968 916 2142 969 neque
2167 899 2449 954 admodum
2483 899 2668 955 timere
2697 899 3105 970 formidareque,
3130 916 3298 970 neque
3330 916 3548 970 prorsus

1969 989 2237 1058 negligere
2292 990 2538 1043 convenit
2581 1006 2594 1041 :
2635 989 2728 1044 sed
2778 989 2985 1044 etiamsi
3047 990 3150 1044 illa:
3203 989 3348 1044 falsae
3403 990 3540 1052 sint,

1968 1081 2172 1136 etiamsi
2204 1096 2232 1134 a
2261 1081 2479 1150 plebeiis
2520 1079 2828 1140 offerantur.
2867 1082 3045 1135 statim
3084 1096 3176 1136 eas
3210 1081 3548 1152 exstinguere

1968 1169 2264 1224 conandum
2293 1180 2393 1225 est.
2422 1169 2558 1223 Nihil
2594 1171 2734 1224 enim
2766 1171 2835 1224 ita
2861 1168 3054 1224 famam
3085 1183 3178 1225 seu
3203 1170 3418 1236 bonam,
3451 1186 3546 1224 seu

1969 1261 2159 1313 malam
2205 1270 2380 1330 auget,
2430 1269 2486 1314 ut
2533 1261 2934 1330 incompositum
2976 1261 3166 1329 vulgus
3193 1275 3349 1315 :cum
3403 1259 3543 1314 enim

1967 1354 2086 1407 sine
2113 1353 2360 1407 examine
2400 1361 2455 1407 ct
2493 1353 2677 1407 audire
2727 1363 2782 1406 et
2833 1351 3037 1421 garrire
3061 1353 3083 1383 ⁸
3108 1351 3298 1417 soleat,
3348 1361 3547 1405 temere

1969 1442 2222 1512 quidquid
2249 1443 2480 1496 occurrit
2515 1442 2766 1511 loquitor,
2794 1442 2934 1495 nulla
2966 1455 3184 1510 prorsus
3205 1441 3314 1494 veri
3343 1440 3548 1494 ratione

1972 1531 2168 1584 habita.
2197 1531 2554 1596 Quamobrem
2599 1546 2705 1584 non
2730 1539 2938 1600 oportet
2961 1531 3148 1599 vulgus
3181 1538 3542 1594 contemnere,

1968 1623 2060 1677 Sed
2097 1638 2282 1692 pravas
2319 1623 2645 1691 suspiciones
2689 1623 2865 1676 statim
2906 1620 2973 1674 ab
3020 1621 3170 1674 initio
3209 1619 3541 1682 exscindere,

1968 1722 2306 1767 accusatores
2334 1712 2400 1766 de
2440 1712 2707 1766 contrario
2734 1709 3116 1779 persuadendo,
3162 1709 3368 1763 etiamsi
3414 1708 3485 1762 illi
3517 1724 3546 1762 a

1969 1804 2173 1856 ratione
2193 1801 2502 1856 alienissimi
2526 1803 2630 1856 sint
2653 1801 2894 1855 :demum
2921 1800 3050 1854 nihil
3074 1809 3220 1854 retro
3246 1800 3544 1866 relinquere

1969 1895 2238 1959 Convenit,
2294 1893 2436 1962 quod
2475 1907 2688 1961 pravam
2730 1892 2750 1922 ³
2791 1892 3093 1960 Opinionem
3136 1890 3315 1945 delere
3342 1889 3543 1957 possit:

1970 1987 2050 2039 sin
2081 2000 2228 2046 vero,
2257 1992 2537 2053 postquam
2583 1983 2758 2037 omnia
2784 1983 3208 2050 prtestiterimus,
3249 1981 3417 2033 nolint
3456 1995 3544 2033 ac-

1970 2086 2244 2132 Cusatorcs
2268 2064 2487 2129 Vmorem
2532 2089 2736 2143 gerere,
2783 2082 2907 2127 tunc
2934 2081 3242 2140 contemptu
3265 2085 3398 2139 opus
3426 2072 3542 2124 erit.

1969 2165 2408 2235 Quandoquidem
2439 2165 2483 2218 si
2513 2165 2630 2234 quis
2667 2163 2877 2217 casibus
2904 2159 3205 2230 huiusmodi
3244 2160 3420 2212 animo
3448 2157 3546 2212 de-

1965 2258 2197 2328 jiciatur,
2241 2257 2286 2309 is
2327 2271 2608 2325 numquam
2644 2254 2837 2322 poterit
2875 2252 3142 2322 quidpiam
3189 2251 3432 2320 generosi
3461 2249 3544 2303 vel

1969 2347 2264 2402 admirandi
2295 2354 2568 2416 praestare.
2596 2343 2728 2399 Nam
2775 2357 2972 2398 maeror
3007 2341 3169 2394 animi
3217 2340 3546 2409 assiduaeque

1969 2437 2354 2494 sollicitudines
2399 2435 2564 2491 animi
2607 2437 2713 2490 vim
2747 2435 3082 2504 prosternere
3111 2441 3353 2503 possunt,
3398 2441 3452 2488 et
3490 2432 3542 2486 in
3583 2484 3586 2486 γ

1970 2539 2261 2584 extremam
2295 2526 2710 2581 imbecillitatem
2731 2525 3012 2578 deducere.
3043 2522 3129 2578 Sic
3151 2523 3308 2591 igitur
3334 2530 3546 2589 oportet

1970 2619 2300 2674 sacerdotem
2327 2633 2450 2687 erga
2475 2615 2716 2670 subditos
2751 2611 2995 2669 affectum
3038 2628 3179 2676 esse,
3209 2622 3262 2666 ut
3291 2621 3441 2681 pater
3466 2623 3547 2665 est

1969 2726 2091 2780 erga
2137 2710 2452 2764 tenerrimos
2496 2708 2761 2760 filioszac
2806 2702 3249 2774 quemadmodum
3296 2702 3398 2755 illis
3448 2715 3546 2754 nec

1971 2799 2449 2864 insolescentibus,
2504 2811 2602 2850 nec
2649 2795 3101 2864 percutientibns.
3150 2807 3249 2847 nec
3301 2791 3548 2846 flentibus

1969 2904 2388 2952 commovemur,
2435 2887 2528 2941 sed
2558 2901 2727 2954 neque
2755 2901 2874 2940 cum
2920 2899 3016 2938 nos
3059 2881 3240 2937 effusis
3277 2881 3547 2936 cachinnis

1970 2980 2257 3043 irriserint,
2289 2977 2571 3032 admodum
2602 2989 2867 3040 curamus,
2895 2974 2966 3027 ita
2992 2987 3089 3027 nec
3111 2973 3297 3027 horum
3325 2971 3406 3025 vel
3436 2973 3546 3023 lan-

1969 3070 2126 3126 dibus
2154 3069 2525 3130 intumescere.
2562 3067 2646 3121 vel
2685 3064 2958 3133 vituperiis
2985 3063 3140 3132 dejici
3167 3069 3394 3130 oportet,
3427 3077 3544 3114 cum

1971 3165 2086 3220 hazc
2121 3165 2195 3220 illi
2238 3161 2606 3231 intempestive
2636 3157 2850 3212 faciunt.
2893 3153 3066 3211 Grave
3099 3153 3225 3208 illud
3267 3161 3368 3218 est,
3406 3167 3440 3206 ο
3467 3154 3548 3205 vir

1969 3257 2144 3319 beate,
2174 3256 2280 3308 imo
2306 3253 2409 3306 tale
2441 3254 2666 3306 fortasse
2692 3257 2838 3318 puto,
2861 3245 3002 3317 quod
3034 3243 3267 3314 prazstari
3290 3258 3392 3296 non
3421 3256 3548 3310 pos—

1971 3350 2057 3403 sit.
2100 3346 2370 3416 Siquidem
2401 3343 2668 3397 laudatum
2713 3340 2980 3393 hominem
3020 3352 3123 3390 non
3163 3333 3411 3404 gaudere,
3455 3348 3547 3385 ne-

1971 3442 2083 3496 scio
2111 3435 2176 3494 an
2205 3438 2431 3508 cuipiam
2455 3435 2534 3490 vel
2567 3449 2755 3504 magna
2794 3433 2987 3485 virtute
3025 3428 3246 3498 prtcdito
3273 3424 3543 3480 acciderit.
3601 3487 3620 3498 _

1971 3532 2301 3588 Gaudentem
2337 3543 2468 3583 vero
2508 3539 2730 3581 necesse
2753 3523 2961 3577 videtur
2987 3520 3037 3574 id
3072 3519 3372 3573 desiderem
3407 3513 3548 3568 unde

1971 3625 2160 3695 gaudio
2187 3623 2398 3690 fruitur,
2425 3619 2811 3675 desiderantem
2841 3629 3001 3684 porro
3033 3611 3222 3682 gaudio
3248 3609 3370 3672 frui,
3399 3621 3548 3677 pror-

1973 3732 2064 3772 sus
2111 3729 2328 3772 necesse
2357 3722 2459 3781 est,
2497 3713 2540 3767 si
2570 3711 2621 3766 id
2653 3724 2757 3764 non
2800 3714 3168 3775 consequatur,
3202 3702 3402 3765 dolere,
3434 3709 3545 3754 tor-

1971 3810 2143 3880 queri,
2199 3807 2443 3872 cruciari,
2499 3821 2562 3859 ac
2611 3816 2841 3858 maerore
2882 3799 3041 3852 afﬁci.
3093 3792 3544 3862 Quemadmodum

1973 3901 2112 3955 enim
2137 3900 2194 3966 ii,
2223 3899 2309 3967 qui
2339 3897 2390 3950 in
2421 3895 2616 3949 divitiis
2641 3893 2906 3953 lzetantur,
2935 3889 2978 3942 si
3004 3887 3214 3958 quando
3241 3885 3290 3937 in
3320 3898 3547 3950 pauper-

1975 3998 2136 4043 tatem
2180 3987 2448 4051 decidant,
2494 3997 2632 4054 mgrc
2662 3979 2839 4036 ferunt
2867 3997 2879 4033 ε
2906 3987 2961 4032 et
3008 3977 3094 4044 qui
3138 3971 3375 4027 delicatis
3411 3972 3549 4024 cibis

1975 4086 2342 4139 assueverunt,
2381 4090 2662 4144 numquam
2694 4072 2960 4142 patiantur
2988 4065 3130 4122 tenui
3163 4065 3234 4118 uti
3266 4064 3432 4116 victus
3459 4076 3546 4113 ra-

1977 4171 2122 4225 tione
2152 4187 2164 4224 :
2193 4169 2272 4223 sic
2295 4179 2348 4223 et
2375 4167 2542 4220 laudis
2569 4173 2853 4224 amatores,
2885 4175 2989 4213 non
3015 4157 3170 4210 modo
3199 4169 3318 4209 cum
3348 4160 3548 4206 temere

1978 4263 2362 4330 vituperantur,
2392 4256 2483 4312 scd
2513 4257 2670 4310 etiam
2699 4269 2818 4306 cum
2859 4266 2962 4304 non
3000 4246 3210 4303 assidue
3252 4242 3549 4305 laudantur,

1980 4344 2074 4408 ceu
2108 4355 2244 4406 fame
2275 4350 2498 4420 quadam
2539 4345 2948 4406 contabescunt;
2979 4339 3205 4392 maxime
3249 4337 3293 4390 si
3335 4335 3386 4388 in
3423 4334 3552 4402 ipsis

1980 4443 2222 4498 laudibus
2243 4439 2448 4494 educati
2471 4436 2683 4498 fuerint,
2715 4442 2804 4487 aut
2824 4432 2867 4486 si
2888 4431 3019 4484 alios
3043 4427 3238 4482 laudari
3263 4425 3545 4480 audierint.

1980 4536 2078 4602 Qui
2105 4549 2229 4588 vero
2254 4547 2372 4586 cum
2404 4530 2492 4583 tali
2521 4527 2766 4596 cupidine
2791 4525 2844 4578 in
2871 4523 3122 4577 doctrinae
3158 4529 3422 4574 certamen
3461 4515 3554 4568 de-

1985 4623 2268 4685 scenderit,
2299 4633 2453 4690 quam
2499 4617 2675 4672 multis
2705 4615 2848 4670 illum
2897 4610 3144 4681 negotiis,
3175 4624 3332 4678 quam
3377 4607 3554 4660 multis

1982 4713 2252 4769 doloribus
2273 4711 2555 4766 obnoxium
2583 4708 2694 4762 fore
2723 4704 2909 4775 putas?
2935 4703 3113 4771 Neque
3137 4714 3281 4754 mare
3309 4711 3554 4766 umquam

1985 4815 2158 4879 potest
2185 4805 2427 4859 ﬂuctibus
2455 4815 2657 4867 carere,
2686 4812 2857 4868 neque
2895 4797 3033 4850 illius
3060 4792 3270 4847 animus
3295 4789 3553 4844 sollicitu-

1984 4899 2108 4954 dine
2134 4908 2188 4953 ct
2215 4894 2482 4949 mmstitia.

2057 4989 2113 5045 5.
2149 4987 2362 5041 lCrudito
2387 4985 2499 5055 plus
2529 4980 2680 5035 studii
2717 4987 2762 5033 et
2790 4976 3064 5047 diligentia!
3099 4981 3224 5044 opus
3256 4986 3382 5035 esse,
3410 4983 3559 5038 quam

1984 5079 2254 5136 inerudito.
2281 5105 2354 5118 —
2378 5075 2508 5129 Nam
2536 5073 2578 5127 si
2605 5071 2652 5124 is
2675 5071 2831 5124 fuerit
2857 5081 3040 5137 magna
3065 5061 3270 5118 dicendi
3296 5060 3349 5114 vi
3373 5058 3560 5128 praedi-

1987 5177 2071 5227 tus
2097 5167 2222 5244 (hoc
2245 5177 2420 5221 autem
2449 5165 2501 5218 in
2529 5161 2708 5232 paucis
2735 5155 3038 5227 invenitur),
3069 5169 3134 5208 ne
3156 5154 3230 5206 sic
3257 5151 3465 5219 quidem
3487 5147 3561 5244 ab

1992 5237 2205 5317 assiduo
2227 5258 2387 5312 animi
2419 5268 2646 5309 maerore
2678 5264 2872 5304 vacuus
2915 5246 3034 5302 erit.
3067 5242 3274 5298 Etenim
3309 5253 3428 5294 cum
3455 5237 3566 5291 elo-

1973 5349 2262 5423 quentiam
2302 5359 2405 5400 non
2435 5353 2639 5407 natura,
2671 5339 2765 5394 sed
2807 5334 3081 5404 disciplina
3122 5329 3312 5400 pariat,
3340 5328 3463 5383 licet
3500 5327 3564 5380 ad

1992 5455 2259 5498 summum
2299 5439 2416 5508 ejus
2455 5436 2658 5506 apicem
2684 5431 2800 5502 quis
2825 5425 3145 5498 pervenerit,
3195 5424 3262 5478 ab
3300 5423 3389 5477 illa
3426 5430 3571 5479 certe

2055 5637 2070 5668 ί
2111 5631 2216 5691 Alii,
2241 5629 2587 5691 intempestum
2604 5624 2836 5689 injurias;
2861 5635 3000 5681 unus,
3026 5620 3248 5670 malitias.

2053 5699 2072 5728 ⁸
2109 5694 2209 5750 Alii,
2234 5691 2520 5752 vituperare.

2057 5759 2078 5790 ³
2111 5755 2213 5818 Alii,
2236 5767 2328 5804 non
2351 5765 2529 5801 rerum.
