4050 6160
452 277 557 332 675

449 387 784 453 dcstituctnr,
813 389 914 446 msi
943 391 1156 448 assiduo
1180 393 1354 448 Stille
1381 402 1436 446 et
1475 393 1852 448 exercitatione
1880 393 2020 448 illam

451 481 743 534 excoluerit
772 499 784 531 :
817 482 884 536 ita
916 493 973 537 ut
1004 485 1171 554 magis
1209 484 1565 554 peritioribus,
1609 499 1764 553 quam
1809 484 2025 554 imperi-

453 569 678 623 tioribus
721 571 790 624 sit
842 572 1210 628 laborandum.
1256 573 1439 643 Neque
1481 574 1622 628 enim
1674 589 1769 643 par
1818 572 2024 643 jactura

455 666 724 729 utrosque,
751 662 793 716 si
809 662 1130 733 negligentes
1160 663 1371 730 fuerint,
1404 675 1613 729 manet;
1636 665 1728 720 sed
1751 674 1896 719 tanto
1919 681 2027 718 ma-

449 746 534 816 jor
569 749 702 815 haec,
748 763 999 820 quantum
1039 763 1122 808 est
1162 755 1298 809 inter
1327 753 1572 824 peritiam
1619 763 1670 809 et
1710 753 2024 822 imperitiam

453 843 804 898 intervallum.
837 848 1009 915 Atque
1050 847 1169 901 illos
1195 848 1408 916 quidem
1441 861 1598 901 nemo
1629 847 1941 917 culpaverit,
1982 845 2028 900 si

453 933 583 987 nihil
611 935 859 988 eximium
887 936 1188 1003 attulerint;
1214 939 1298 992 hic
1324 953 1452 993 vero
1481 938 1581 992 nisi
1616 937 1881 1007 quidpiam
1912 951 2026 989 ma-

449 1021 539 1092 jus
584 1025 994 1092 existimatione,
1041 1043 1141 1096 qua
1190 1030 1327 1083 valet
1371 1031 1508 1099 apud
1557 1043 1763 1095 omnes,
1816 1042 2028 1098 semper

453 1114 758 1181 protulerit,
793 1116 844 1170 in
891 1119 1128 1172 onmium
1169 1120 1638 1190 reprehensionem
1678 1121 1916 1174 incurrit.
1947 1119 2028 1173 Ad

453 1202 569 1258 haec
613 1204 688 1258 illi
736 1221 834 1275 pro
883 1208 1105 1262 modicis
1155 1210 1497 1264 COIIClOIIlbllS
1552 1225 1793 1278 magnam
1837 1225 2030 1264 conse-

453 1305 686 1363 quuntur
715 1297 962 1364 laudem;
995 1299 1046 1352 hi
1081 1315 1228 1364 vero,
1260 1301 1362 1355 nisi
1403 1301 1660 1356 mirabilia
1695 1312 1746 1356 et
1773 1302 2029 1370 stupenda

455 1386 743 1455 proferant,
768 1405 870 1444 non
902 1393 1060 1445 modo
1083 1394 1322 1447 laudibus
1349 1384 1640 1462 privantur,
1680 1396 1772 1449 sed
1808 1396 1967 1450 etiam
1997 1411 2026 1448 a

457 1479 641 1533 multis
681 1481 1089 1552 redarguuntur.
1138 1485 1421 1540 Auditores
1451 1485 1642 1554 quippe
1681 1501 1784 1538 non
1827 1495 1930 1538 tam
1961 1485 2028 1539 de

455 1570 735 1635 concione,
767 1587 921 1640 quam
951 1573 1016 1626 de
1051 1575 1411 1629 concionantis
1432 1576 1818 1629 existimatione
1844 1575 2030 1629 sedent

450 1657 678 1726 judices.
727 1661 1057 1732 Quapropter
1102 1665 1191 1718 ubi
1230 1666 1488 1734 quispiam
1534 1666 1810 1722 universos
1851 1666 1899 1719 vi
1946 1665 2028 1719 di-

453 1748 607 1802 cendi
633 1761 867 1818 superat,
892 1761 999 1806 tum
1032 1753 1105 1807 illi
1136 1755 1274 1824 plus,
1304 1771 1459 1824 quam
1499 1758 1725 1822 caeteris,
1748 1757 1921 1810 studio
1949 1755 2026 1809 la-

453 1837 687 1908 boreque
723 1857 856 1910 opus
900 1853 1000 1897 est.
1049 1843 1229 1913 Neque
1269 1847 1410 1900 enim
1450 1847 1573 1900 licet
1611 1846 1682 1900 illi
1721 1848 1772 1901 id
1802 1847 2025 1916 perpeti,

453 1928 594 1997 quod
627 1931 717 1983 toti
761 1934 1003 1986 humanae
1049 1943 1250 1988 naturae
1292 1950 1572 1990 commune
1599 1945 1702 2003 est,
1736 1946 1791 1990 ut
1829 1936 2029 1990 scilicet

456 2035 561 2074 non
591 2036 801 2091 semper
827 2023 877 2076 in
904 2024 1149 2079 omnibus
1181 2026 1345 2093 probe
1375 2042 1484 2080 rem
1506 2036 1656 2097 gerat
1684 2044 1698 2081 :
1729 2026 1820 2080 sed
1843 2027 1886 2080 si
1913 2026 2022 2090 illa,

453 2127 571 2182 quae
609 2115 972 2169 concionando
998 2117 1142 2180 dicit,
1174 2134 1292 2172 cum
1334 2118 1487 2172 fama:
1526 2119 1883 2188 magnitudine
1921 2133 2025 2171 non

455 2204 808 2276 consentiant,
837 2217 1125 2260 scommata
1156 2208 1479 2276 dicteriaque
1518 2224 1546 2262 a
1579 2208 1912 2263 multitudine
1936 2223 2026 2261 re-

455 2292 580 2347 fert.
607 2273 776 2348 Nemo
806 2311 984 2351 secum
1016 2307 1225 2368 reputat
1251 2309 1342 2352 aut
1369 2299 1686 2353 incidentem
1716 2313 2023 2363 mcerorem,

453 2397 545 2440 aut
571 2389 864 2456 angustiam
893 2390 1078 2456 animi,
1117 2391 1197 2445 vel
1228 2390 1650 2458 sollicitudinem,
1677 2391 1761 2446 vel
1790 2404 2027 2461 persmpe

456 2478 588 2532 iram
618 2482 807 2536 mentis
848 2482 1016 2537 aciem
1046 2484 1276 2538 tenebris
1319 2482 1589 2550 oï¬‚udisse,
1629 2499 1801 2554 neque
1841 2484 2027 2539 sivisse

454 2583 610 2624 sensa
633 2570 746 2640 ejus
772 2586 900 2641 pura
932 2574 1242 2643 sinceraque
1266 2575 1478 2643 prodire
1506 2585 1700 2644 :atque
1724 2576 1880 2629 homo
1905 2589 2026 2630 cum

454 2662 548 2728 sit,
594 2677 697 2716 non
727 2677 882 2732 posse
925 2679 1140 2735 semper
1185 2680 1307 2719 eum
1355 2667 1524 2734 ipsum
1572 2681 1709 2732 esse,
1761 2681 1933 2736 neque
1974 2667 2026 2720 in

456 2755 698 2810 omnibus
729 2771 980 2827 prospere
1022 2773 1198 2828 agere,
1240 2758 1332 2812 sed
1362 2759 1502 2829 quod
1550 2760 1661 2814 iieri
1706 2758 1862 2826 solet,
1890 2760 2029 2812 acci-

456 2845 588 2900 dere
627 2855 684 2900 ut
725 2863 1118 2918 nonnumquam
1148 2849 1369 2912 labatur,
1411 2865 1472 2903 ac
1515 2851 1718 2904 minora
1747 2864 1904 2920 quam
1933 2865 2027 2918 pro

456 2934 609 2989 solita
635 2936 828 2994 virtute
855 2939 1120 2994 exhibeat.
1150 2939 1288 2994 Nlllll
1315 2939 1522 3004 horum,
1553 2949 1610 2994 ut
1631 2940 1761 3008 dixi,
1797 2941 2027 3010 cogitare

457 3025 680 3080 volunt:
707 3027 820 3094 sed,
854 3043 916 3082 ac
965 3030 1008 3084 si
1056 3031 1123 3084 de
1162 3031 1352 3100 angelo
1386 3030 1642 3100 judicium
1683 3029 1902 3094 ferrent,
1955 3031 2024 3083 ita

454 3116 625 3184 ipsum
669 3116 1008 3186 redarguunt.
1054 3119 1300 3189 Alioquin
1339 3135 1466 3174 vero
1504 3120 1642 3174 solet
1690 3121 1850 3174 homo
1892 3135 2027 3189 prteo

454 3205 596 3259 clara
625 3208 852 3276 proximi
875 3210 954 3263 sui
985 3219 1151 3279 gesta,
1183 3214 1518 3278 quantumvis
1549 3211 1712 3265 multa
1735 3220 1789 3265 et
1815 3225 2020 3281 magna,

454 3299 758 3367 despicere;
805 3302 853 3355 si
891 3310 1068 3356 autem
1102 3303 1213 3356 vitii
1253 3303 1519 3372 quidpiam
1553 3311 1825 3372 appareat,
1854 3318 2024 3373 quan-

457 3389 650 3443 tumvis
695 3389 811 3444 leve
857 3390 945 3456 sit,
986 3392 1226 3460 quamvis
1273 3392 1475 3460 jamdiu
1518 3394 1785 3460 acciderit,
1845 3395 2022 3448 statim

453 3478 805 3548 dignoscitur,
833 3482 1108 3536 confestim
1147 3483 1413 3553 arripitur,
1445 3495 1499 3539 et
1536 3501 1818 3556 numquam
1851 3502 1880 3542 e
1915 3503 2026 3543 me-

454 3571 624 3624 moria
663 3571 860 3626 excidit
883 3590 896 3626 :
920 3583 1077 3642 atque
1104 3574 1231 3627 illud
1272 3590 1524 3644 perquam
1563 3589 1718 3632 tenue
1747 3579 2024 3646 exiguum-

455 3677 574 3729 quc,
613 3663 898 3718 multorum
936 3681 1349 3738 magnorumque
1381 3669 1614 3723 virorum
1654 3684 1796 3739 saepe
1828 3669 2022 3725 famam

458 3757 741 3809 imminuit.

527 3847 580 3901 6.
619 3845 876 3901 Judicium
924 3849 1256 3905 multitudinis
1298 3852 1542 3922 inaperin
1583 3870 1681 3906 non
1721 3870 1824 3907 esse
1854 3863 2024 3907 conte-

456 3939 999 4003 mttendum.â€”Vidcs,
1030 3956 1064 3994 Î¿
1093 3943 1174 3995 vir
1193 3957 1470 4012 generose,
1496 3960 1614 3996 eum
1644 3945 1730 4014 qui
1753 3945 2023 3998 vidicendi

457 4026 712 4096 prrca'itus
755 4029 841 4094 sit,
891 4031 1093 4100 majore
1133 4033 1483 4087 sollicitudine
1522 4048 1657 4102 opus
1697 4034 1934 4088 habere:
1964 4049 2026 4090 ac

459 4129 652 4187 praeter
676 4121 904 4175 studium
939 4133 1080 4176 tanta
1112 4125 1386 4192 tolerantia
1415 4126 1669 4196 indigene,
1696 4134 1889 4194 quanta
1920 4141 2023 4180 non

457 4224 664 4275 omnes,
695 4227 917 4280 quorum
964 4214 1107 4281 prius
1147 4217 1384 4279 memini,
1435 4230 1568 4283 opus
1613 4216 1860 4270 habuere.
1893 4215 2023 4269 Nam

455 4299 606 4352 multi
645 4315 785 4368 saepe
832 4303 978 4356 illum
1029 4313 1228 4357 temere
1265 4304 1593 4368 adoriuntur,
1642 4314 1693 4358 ct
1735 4319 1857 4358 cum
1896 4305 2025 4359 nihil

454 4391 690 4444 criminis
711 4391 887 4446 offerri
916 4396 1099 4462 possit,
1133 4409 1235 4447 non
1259 4395 1412 4448 aliam
1439 4394 1544 4448 odii
1573 4409 1784 4449 causam
1807 4395 2021 4460 habent,

456 4495 612 4548 quam
636 4482 755 4548 quia
786 4482 924 4548 apud
963 4498 1149 4536 omnes
1181 4485 1312 4540 bene
1349 4485 1515 4539 audit.
1549 4485 1746 4540 Horum
1774 4486 2024 4540 invidiam

455 4569 662 4622 fortiter
697 4569 834 4624 ferre
875 4585 967 4638 par
1002 4580 1085 4626 est
1113 4589 1126 4625 :
1150 4587 1270 4626 nam
1300 4574 1680 4629 exsecrandum
1725 4573 2022 4643 hujusmodi

454 4659 655 4727 odium,
699 4661 838 4730 quod
883 4669 1081 4716 temere
1118 4675 1494 4732 conccperunt,
1537 4680 1656 4718 cum
1699 4673 1874 4733 tegere
1917 4681 2022 4720 non

454 4749 683 4815 valeant,
711 4751 844 4805 clam
880 4753 1264 4820 conviciantur,
1311 4755 1571 4820 incusant,
1613 4755 2021 4824 calumniantur,

453 4840 735 4909 palamque
770 4841 1021 4895 malitiam
1050 4851 1324 4896 exercent.
1362 4845 1584 4900 Animus
1619 4856 1793 4899 autem
1822 4847 1912 4917 qui
1956 4848 2020 4901 ad

454 4930 546 4984 illa
582 4931 786 4998 singula
825 4932 1007 4987 dolere
1043 4943 1201 5002 atque
1228 4934 1423 4989 irritari
1469 4935 1710 5004 coeperit,
1755 4953 1857 4992 non
1889 4939 2023 4994 ultra

455 5023 702 5092 progredi
743 5033 935 5093 potest,
977 5025 1070 5080 sed
1099 5025 1283 5081 dolore
1308 5028 1650 5084 contabescit.
1680 5029 1889 5086 Etenim
1916 5047 2022 5086 non

454 5129 550 5182 per
574 5128 632 5168 se
654 5122 854 5168 tantum
890 5131 948 5170 se
979 5118 1075 5185 ipsi
1110 5117 1450 5182 ulciscuntur,
1487 5117 1579 5173 sed
1615 5120 1771 5174 etiam
1797 5121 2021 5178 aliorum

453 5212 672 5258 utuntur
697 5220 854 5275 Opera
879 5223 974 5262 :ac
1000 5223 1142 5277 saepe
1178 5222 1339 5262 unum
1366 5211 1664 5279 quempiam
1691 5211 1895 5267 dicendi
1925 5214 2024 5269 im-

453 5297 680 5364 peritum
701 5307 1030 5368 coeptantes,
1060 5301 1302 5355 laudibus
1333 5302 1601 5357 celebrant
1636 5319 1698 5358 ac
1722 5320 1879 5374 supra
1905 5323 2020 5362 mc-

455 5389 618 5442 ritutn
667 5390 1016 5458 admirantur,
1070 5392 1157 5447 alii
1203 5392 1380 5448 furore
1409 5394 1571 5459 ducti,
1618 5395 1708 5450 alii
1761 5397 2022 5466 imperitia

457 5478 612 5532 simul
639 5489 694 5533 et
729 5481 894 5537 livore
933 5483 1181 5553 impulsi;
1209 5497 1312 5538 non
1335 5492 1391 5536 ut
1415 5484 1704 5540 mirabilem
1739 5489 2022 5545 exhibeant

455 5582 600 5633 eum,
657 5571 746 5638 qui
803 5572 921 5626 talis
968 5587 1074 5627 non
1113 5585 1215 5637 est,
1254 5571 1350 5628 sed
1395 5586 1451 5627 ut
1491 5573 1647 5644 hujus
1697 5578 1916 5646 gloriam
1955 5580 2021 5634 de

456 5658 632 5714 medio
667 5663 870 5718 tollant.
899 5665 1077 5735 Neque
1115 5665 1369 5724 adversus
1411 5664 1540 5723 istos
1579 5676 1777 5724 tantum
1807 5669 2018 5727 athleta:

1147 280 1205 337 S.
1245 281 1519 337 JOANNIS
1553 281 2028 337 CllliYSOSTOMl
2067 279 2383 336 ARCHIEP.
2425 277 2952 334 CONSTANTINOP.

3593 272 3696 327 676

2133 392 2204 445 illi
2235 401 2506 446 certamen
2535 400 2634 457 est,
2665 389 2759 445 sed
2789 389 3096 457 plerumque
3119 385 3370 440 adversus
3410 383 3572 440 totius
3600 400 3696 455 po-

2127 481 2235 551 puli
2267 481 2601 549 imperitiam.
2629 480 2758 547 Quia
2787 481 2927 534 enim
2960 478 3072 532 fieri
3101 477 3300 546 nequit,
3326 486 3384 529 ut
3423 483 3566 530 totus
3591 491 3699 530 cae-

2131 582 2212 625 tus
2248 587 2314 626 ex
2357 571 2573 625 literatis
2599 570 2724 623 viris
2767 568 3044 631 coaluerit,
3089 566 3182 621 sed
3220 581 3408 635 magna
3448 565 3700 619 Ecclesiae

2129 677 2253 731 pars
2305 677 2369 715 ex
2411 660 2585 715 idiotis
2609 668 2848 724 constat;
2890 657 3078 727 reliqui
3111 671 3238 711 vero
3271 656 3373 710 illis
3403 655 3702 724 sagaciores

2130 751 2341 822 quidem
2384 760 2524 817 sunt,
2570 750 2665 806 sed
2710 750 2777 803 ab
2829 750 2911 815 iis,
2963 748 3050 818 qui
3099 747 3165 801 de
3208 745 3416 800 dicendi
3458 744 3703 798 facultate

2126 844 2382 914 judicium
2409 843 2549 898 ferre
2574 842 2767 907 valent,
2801 850 3002 895 tantum
3031 854 3252 892 numero
3277 837 3498 902 distant,
3529 851 3699 905 quan-

2131 947 2241 991 tttm
2267 936 2424 990 iidem
2451 951 2481 989 a
2507 933 2725 1004 reliquis
2755 932 3000 987 omnibus
3031 949 3044 986 :
3069 946 3202 984 unus
3227 929 3429 984 scilicet
3458 928 3538 982 vel
3567 929 3702 980 alter

2129 1027 2280 1083 sedet
2310 1029 2407 1080 hac
2442 1027 2694 1097 praeditus
2721 1025 2984 1087 facultate,
3029 1035 3352 1090 necesseque
3395 1029 3476 1074 est
3519 1026 3574 1073 ut
3611 1020 3700 1088 qui

2132 1117 2464 1186 eloquentius
2491 1115 2702 1178 dixerit,
2731 1115 2987 1167 minorem
3018 1111 3118 1165 sibi
3161 1111 3402 1179 plausum
3431 1109 3697 1171 conciliet,

2132 1218 2184 1264 et
2213 1208 2496 1279 aliquando
2523 1208 2636 1261 sine
2666 1205 2819 1259 laude
2860 1203 3116 1258 discedat.
3146 1201 3286 1257 Sane
3311 1210 3493 1258 contra
3523 1199 3706 1268 hujus-

2131 1299 2275 1352 modi
2318 1296 2782 1366 inaequabilitatem
2831 1295 3065 1347 animum
3111 1305 3368 1361 generose
3404 1305 3702 1359 przeparare

2131 1389 2302 1452 decet,
2334 1389 2503 1458 iisque
2529 1401 2746 1456 parcere
2765 1385 2854 1454 qui
2887 1400 2980 1453 per
3000 1383 3346 1453 ignorantiam
3370 1380 3496 1436 illud
3515 1390 3698 1450 agunt,

2134 1495 2228 1535 eos
2253 1489 2450 1543 autem,
2486 1479 2574 1548 qui
2599 1493 2694 1545 per
2717 1475 2984 1540 invidiam,
3016 1483 3076 1528 ut
3115 1473 3341 1528 miseros
3363 1473 3702 1541 infelicesque

2131 1572 2426 1641 deplorare,
2451 1586 2480 1624 a
2509 1579 2799 1638 neutroque
2833 1569 3020 1622 horum
3047 1566 3312 1637 quidpiam
3343 1576 3526 1634 putare
3549 1579 3579 1617 a
3603 1579 3714 1618 sua.

2129 1663 2180 1716 vi
2221 1660 2426 1716 dicendi
2468 1675 2587 1715 esse
2625 1660 2936 1714 detractum.
2976 1657 3155 1727 Neque
3199 1657 3339 1711 enim
3387 1656 3431 1710 si
3472 1655 3700 1725 optimus

2131 1751 2322 1820 pictor,
2352 1749 2439 1819 qui
2464 1763 2647 1803 omnes
2674 1749 2724 1801 in
2750 1748 2848 1802 hac
2870 1755 2984 1800 arte
3019 1746 3302 1815 praecellat,
3333 1759 3580 1815 perquam
3608 1744 3694 1798 di-

2129 1843 2353 1912 ligenter
2380 1857 2409 1894 a
2439 1856 2497 1895 se
2510 1842 2769 1910 depictam
2787 1839 3068 1910 imaginem
3093 1838 3160 1892 ab
3186 1834 3442 1906 imperitis
3472 1836 3697 1890 derideri

2129 1935 2324 2001 videat,
2354 1934 2473 1988 ideo
2495 1933 2655 1988 debet
2680 1931 2857 1987 animo
2883 1930 3185 1997 concidere,
3213 1943 3311 1983 nec
3337 1927 3695 1998 imperitorum

2124 2026 2325 2097 judicio
2349 2028 2604 2096 picturam
2634 2026 2780 2095 parvi
2809 2025 3032 2088 ducere;
3057 2021 3500 2094 quemadmodum
3527 2035 3695 2090 neque

2130 2120 2384 2187 picturam
2415 2132 2533 2186 qua:
2561 2116 2708 2170 nihili
2737 2117 2823 2182 sit,
2863 2131 2928 2170 ex
2955 2113 3318 2185 imperitorum
3355 2111 3701 2166 admiratione

2128 2211 2303 2280 magni
2335 2209 2527 2264 facere.

2200 2302 2253 2354 7.
2294 2301 2563 2354 Sermones
2587 2316 2756 2353 omnes
2785 2315 2842 2353 eo
2884 2307 3080 2352 tantum
3113 2308 3168 2350 ut
3203 2295 3314 2350 Deo
3340 2297 3594 2368 placentur
3619 2294 3701 2346 di-

2129 2391 2362 2462 rigenda:
2406 2389 2769 2445 esse.â€”Nam
2816 2390 3046 2459 optimus
3082 2388 3271 2442 artifex
3323 2389 3440 2458 ipse
3481 2401 3698 2440 suorum

2131 2483 2457 2554 Opiï¬ciorum
2483 2484 2647 2554 judex
2676 2493 2812 2551 esto,
2842 2493 2894 2538 et
2923 2485 3136 2553 pulchra
3163 2482 3370 2537 fmdave
3397 2482 3484 2536 illa
3510 2480 3696 2535 existi-

2129 2585 2258 2640 met,
2281 2591 2402 2630 cum
2432 2592 2584 2631 mens
2621 2577 2825 2643 eadem,
2866 2592 2984 2647 quae
3012 2576 3096 2630 illa
3135 2575 3317 2641 edidit,
3343 2575 3485 2628 hunc
3524 2574 3701 2628 calcu-

2132 2667 2240 2720 lum
2284 2666 2458 2720 feret:
2487 2667 2712 2722 aliorum
2757 2675 2935 2721 autem
2975 2667 3280 2736 Opinionem
3324 2680 3600 2720 erroneam
3644 2674 3701 2718 ct

2129 2757 2259 2811 artis
2304 2757 2600 2826 imperitam
2649 2772 2716 2812 ne
2759 2756 2814 2811 in
2857 2766 3034 2812 mente
3071 2757 3283 2826 quidem
3331 2763 3570 2824 reponat.
3621 2754 3701 2810 Ne

2130 2848 2307 2917 itaque
2335 2850 2378 2901 is
2398 2847 2486 2916 qui
2515 2847 2770 2903 doctrina:
2789 2847 3025 2902 laborem
3055 2846 3306 2916 suscepit,
3329 2847 3552 2901 aliorum
3581 2845 3697 2899 lau-

2130 2939 2224 2994 des
2262 2939 2516 3003 attendat,
2573 2953 2746 3008 neque
2793 2939 2874 2994 his
2913 2938 3278 2993 deficientibus
3321 2939 3553 2991 animum
3605 2936 3701 2992 de-

2129 3030 2408 3098 spondeat.
2444 3029 2634 3084 Verum
2674 3045 2977 3084 sermonem
3019 3045 3172 3084 suum
3210 3029 3278 3084 ad
3323 3029 3417 3084 Dei
3448 3028 3698 3099 placitqu

2128 3121 2454 3176 concinnans
2477 3119 2616 3190 (haec
2655 3121 2795 3174 enim
2821 3120 2936 3188 ejus
2967 3133 3168 3184 norma,
3202 3119 3290 3174 hic
3329 3119 3583 3174 terminus
3607 3134 3697 3172 ar-

2131 3211 2277 3265 tificii
2300 3210 2458 3265 debet
2493 3226 2631 3275 esse,
2663 3226 2767 3265 non
2799 3211 3012 3279 plausus
3040 3210 3122 3263 vel
3151 3208 3379 3280 laudes),
3410 3209 3454 3262 si
3483 3208 3697 3278 quidem

2128 3303 2195 3357 ab
2220 3301 2521 3356 hominibus
2548 3303 2705 3356 etiam
2749 3303 3009 3368 laudetur,
3040 3301 3220 3356 laudes
3244 3316 3310 3356 ne
3346 3300 3581 3370 rejiciat;
3614 3301 3697 3352 sin

2128 3392 2312 3448 laudes
2346 3392 2413 3445 ab
2455 3393 2780 3447 auditoribus
2823 3407 2926 3446 non
2970 3391 3186 3456 referat,
3226 3406 3292 3445 ne
3317 3398 3520 3460 quaerat
3558 3390 3696 3453 illas,

2129 3500 2228 3540 nec
2257 3485 2375 3540 ideo
2409 3485 2602 3539 doleat.
2633 3484 2895 3538 Lahorum
2919 3484 3114 3553 quippe
3133 3482 3381 3536 solatium
3410 3481 3540 3535 illud
3567 3482 3697 3534 satis

2127 3576 2232 3631 erit
2255 3575 2594 3644 omniumque
2618 3575 2925 3639 maximum,
2958 3574 3003 3627 si
3036 3575 3280 3629 conscius
3304 3574 3404 3628 sibi
3433 3573 3608 3637 fuerit,
3637 3587 3700 3626 se

2127 3667 2192 3721 ad
2220 3667 2310 3721 Dei
2341 3668 2585 3736 placitum
2613 3666 2903 3720 doctrinam
2925 3667 3268 3720 concinnasse
3298 3679 3468 3718 suam.

2198 3755 2252 3810 8.
2297 3757 2396 3820 Qui
2435 3773 2534 3809 non
2571 3756 2634 3809 sit
2661 3756 2868 3809 laudum
2905 3766 3231 3824 contemptor,
3263 3756 3305 3807 ei
3343 3753 3502 3807 multa
3525 3754 3698 3824 gravia

2127 3847 2372 3902 accidere.
2405 3877 2475 3887 â€”â€”
2506 3846 2637 3900 Nam
2681 3847 2724 3900 si
2774 3847 3042 3916 contingat
3078 3861 3197 3900 eum
3242 3845 3409 3899 laudis
3450 3842 3698 3913 cupidine

2129 3938 2329 4006 abripi,
2376 3938 2504 3991 nihil
2549 3938 2805 4004 juvabunt
2858 3937 3097 4006 ingentes
3147 3936 3218 3990 illi
3272 3935 3516 4002 labores,
3567 3935 3697 3987 nihil

2128 4029 2336 4084 dicendi
2391 4031 2628 4082 facultas.
2680 4028 2899 4083 Animus
2941 4028 3102 4091 enim,
3134 4027 3221 4096 qui
3265 4027 3454 4081 stultas
3496 4025 3694 4079 multo-

2129 4136 2245 4174 rum
2286 4121 2725 4190 reprehensioncs
2763 4122 2897 4175 ferre
2939 4121 3136 4190 nequit,
3164 4119 3488 4182 dissolvitur,
3525 4132 3587 4171 ac
3609 4116 3696 4170 di-

2129 4211 2282 4265 cendi
2325 4210 2556 4266 studium
2593 4211 2789 4280 abjicit.
2819 4209 3171 4278 Quamobrem
3217 4208 3315 4262 hac
3352 4209 3578 4278 primum
3607 4207 3693 4260 di-

2127 4302 2349 4370 sciplina
2401 4301 2563 4365 imbui
2604 4316 2699 4370 par
2732 4309 2832 4363 est,
2879 4315 3068 4369 nempe
3107 4300 3522 4354 contemnendas
3571 4311 3692 4351 esse

2128 4391 2332 4447 laudes.
2377 4391 2560 4461 Neque
2603 4392 2743 4444 enim
2786 4393 2915 4444 satis
2956 4398 3039 4445 est
3079 4388 3286 4443 dicendi
3328 4388 3376 4441 vi
3418 4386 3691 4457 pra-alitum

2129 4501 2246 4540 esse
2267 4485 2332 4538 ad
2358 4499 2474 4539 eam
2507 4484 2804 4538 facultatem
2828 4482 3264 4545 conservandam,
3297 4482 3394 4534 nisi
3417 4479 3518 4534 hoc
3536 4480 3694 4534 etiam

2128 4575 2285 4629 adsit.
2317 4574 2468 4642 Quod
2507 4575 2552 4628 si
2599 4575 2717 4642 quis
2757 4589 2878 4628 eum
2916 4583 3162 4627 accurate
3199 4573 3504 4626 examinare
3546 4570 3693 4631 velit,

2128 4666 2216 4734 qui
2245 4665 2490 4719 facultate
2525 4665 2620 4718 ista
2647 4672 2811 4729 caret,
2839 4664 3130 4733 comperiet
3173 4677 3276 4716 non
3307 4661 3480 4715 minus
3517 4659 3692 4723 illum,

2126 4771 2282 4828 quam
2311 4758 2450 4813 hunc
2469 4756 2678 4812 laudum
2704 4764 3011 4824 contemptu
3033 4769 3210 4824 egere.
3238 4753 3368 4808 Nam
3395 4751 3440 4807 si
3465 4766 3494 4804 a
3525 4765 3687 4820 popu-

2127 4852 2255 4905 laris
2282 4866 2427 4905 aurae
2447 4850 2694 4920 cupidine
2719 4849 2859 4903 vinci
2897 4863 2957 4904 se
2984 4848 3228 4918 patiatur,
3256 4847 3437 4900 multis
3461 4845 3514 4900 in
3535 4845 3692 4901 rebus

2127 4942 2427 4997 necessario
2446 4941 2734 5007 delinquet.
2752 4940 2883 4994 Cum
2903 4938 3044 4994 enim
3063 4952 3130 4992 eo
3148 4937 3420 5006 pervenire
3445 4944 3695 5004 nequeat,

2127 5043 2186 5089 ut
2207 5033 2416 5089 dicendi
2447 5032 2600 5087 laude
2627 5031 2934 5086 florentibus
2958 5029 3174 5100 :equalis
3198 5029 3288 5094 sit,
3321 5028 3448 5098 ipsis
3475 5036 3585 5080 tum
3608 5027 3690 5079 in-

2128 5125 2331 5191 sidiari,
2363 5133 2477 5179 tum
2521 5123 2777 5190 invidere,
2811 5131 2920 5176 tum
2946 5124 3149 5177 crimen
3185 5116 3395 5184 offerre,
3425 5129 3533 5174 tum
3563 5119 3696 5172 alias

2127 5219 2351 5286 turpiter
2390 5214 2609 5284 injurias
2633 5213 2826 5268 inferre
2859 5228 2965 5268 non
2993 5211 3272 5279 dubitabit,
3314 5210 3406 5265 sed
3433 5209 3562 5263 ttibil
3591 5223 3695 5263 non

2127 5309 2359 5374 audebit,
2403 5307 2609 5363 etiamsi
2648 5307 2876 5360 animam
2916 5305 3136 5374 perdere
3178 5318 3313 5375 Opus
3353 5303 3442 5367 sit,
3485 5311 3542 5355 ut
3583 5301 3699 5370 ejus

2125 5401 2348 5471 gloriam
2388 5402 2440 5456 in
2489 5415 2598 5455 sua
2629 5399 2895 5455 tenuitatis
2931 5397 3288 5453 conditionem
3327 5395 3570 5450 deducat.
3613 5393 3693 5448 Ad

2127 5494 2245 5550 haec
2283 5507 2312 5545 a
2349 5491 2632 5546 sudoribus
2669 5489 3039 5559 laboribusque
3080 5486 3382 5551 abstinebit,
3426 5501 3524 5542 ceu
3561 5501 3690 5554 qua-

2129 5582 2248 5636 dam
2273 5581 2548 5651 torpedine
2573 5582 2690 5649 ejus
2728 5580 2906 5634 animo
2942 5577 3279 5637 circumfusa.
3309 5575 3439 5630 Nam
3470 5576 3689 5629 multum

2131 5671 2458 5729 laborantem
2485 5669 2744 5726 modicam
2781 5669 2979 5726 referre
3005 5667 3234 5734 laudem,
3272 5665 3322 5722 id
3361 5678 3488 5721 sane
3525 5664 3576 5718 in
3614 5665 3691 5716 al-
