4050 6160
273 182 382 240 675

268 297 408 353 θεοδέ
458 298 571 371 γάρ
610 298 754 372 ὑπὲρ
793 298 901 354 τῶν
944 299 1125 354 αὐτῶν
1162 300 1196 378 ή
1232 298 1431 373 ζημία,
1448 301 1715 374 ἀμελοῦσι
1746 304 1960 371 τούτοις

268 387 578 453 κάκείνοις,
629 387 767 443 ἀλλά
808 387 1063 442 τοσοῦτον
1101 388 1242 460 αῦτη
1289 388 1522 453 πλείων,
1554 391 1681 446 ὅσον
1725 394 1820 448 καὶ
1862 394 1965 466 τῆς

268 477 530 547 κτήσεως
553 475 823 547 ἑκατέρας
856 476 916 528 τὸ
945 475 1127 545 μέσον.
1150 477 1443 541 Κάκείνοις
1462 477 1560 548 μὲν
1574 479 1682 533 οὐδ’
1699 480 1767 535 ἀν
1797 482 1993 549 ἐγκα-(

269 564 455 618 λέσειέ
486 582 596 628 τις,
633 564 802 635 μηδὲν
834 563 987 631 ἄξιον
1036 563 1195 633 λόγου
1236 564 1570 637 παρέχουσιν
1592 582 1608 598 θ
1638 562 1783 622 οὗτοι
1808 568 1887 631 δὲ,
1917 569 1966 621 εἰ

273 652 354 724 μὴ
392 651 621 723 μείζονα
647 653 748 722 τῆς
777 649 937 723 δόξης
957 691 973 715 ,
1011 647 1080 724 ἧς
1106 652 1347 717 ἅπαντες
1386 653 1570 725 έχουσι
1604 656 1734 727 περί
1760 654 1964 721 αὐτῶν,

271 740 365 793 ἀεὶ
390 740 742 812 προφέροιεν,
773 740 946 794 πολλὰ
975 741 1127 812 παρά
1162 741 1382 796 πάντων
1426 742 1621 797 ἕπεται
1657 743 1728 797 τά
1773 742 1968 812 ἐγκλή-

278 844 450 897 ματα.
485 828 631 899 Πρὸς
660 827 718 882 δὲ
754 826 967 892 τούτοις
999 829 1198 881 ἐκεῖνοι
1237 829 1335 900 μὲν
1370 830 1464 884 καὶ
1495 830 1588 883 ἐπὶ
1621 832 1840 901 μικροῖς
1870 846 1966 901 με·

275 915 465 983 γάλων
501 914 571 968 ἀν
609 914 830 985 τύχοιεν
861 916 971 969 τῶν
1005 915 1274 980 ἐπαίνων,
1306 916 1377 970 τά
1424 916 1483 969 δὲ
1521 915 1752 981 τούτων,
1787 916 1856 971 ἀν
1891 916 1966 989 μὴ

274 1001 401 1057 λίαν
521 1001 816 1073 θαυμαστά
861 1004 957 1056 καὶ
1004 1001 1311 1073 ἐκπληκτα,
1353 1002 1415 1057 οὐ
1454 1003 1617 1074 μόνον
1670 1004 1968 1074 ἐγκωμίων

277 1089 592 1162 ἐστέρηται,
619 1089 761 1144 ἀλλά
806 1090 902 1144 καὶ
947 1092 1076 1154 τοὺς
1122 1090 1511 1162 μεμφομένους
1553 1090 1669 1162 ἔχει
1713 1090 1965 1155 πολλούς.

278 1179 355 1231 ού
385 1177 498 1251 γάρ
542 1180 658 1242 τοῖς
699 1179 1017 1251 λεγομένοις
1035 1219 1050 1245 ,
1081 1179 1158 1243 ώς
1191 1177 1370 1252 [418]
1398 1181 1519 1242 ταῖς
1548 1179 1658 1233 τῶν
1699 1178 1969 1249 λεγόντων

276 1264 484 1331 δόξαις,
534 1266 804 1337 κάθηνται
849 1266 1166 1332 δικάζοντες
1213 1266 1264 1320 οἰ
1312 1266 1603 1338 ἀκροαταί.
1632 1267 1796 1321 Ὥστε
1839 1267 1968 1322 ὅταν

279 1358 464 1425 κρατῇ
490 1372 574 1416 τις
606 1351 861 1410 ἀπάντων
898 1354 957 1408 ἐν
984 1353 1061 1425 τῷ
1089 1352 1292 1423 λέγειν,
1326 1354 1450 1408 τότε
1472 1354 1711 1427 μάλιστα
1748 1354 1969 1408 πάντων

278 1440 434 1512 αὐτῷ
457 1441 539 1494 δεῖ
552 1441 934 1516 πεπονημένης
955 1441 1222 1513 σπουδῆςο
1238 1442 1362 1497 οὐδὲ
1381 1441 1488 1517 7&9
1524 1442 1684 1496 τοῦτο
1699 1482 1714 1507 ,
1731 1441 1761 1496 δ
1790 1443 1969 1497 κοινὸν

278 1528 380 1598 τῆς
412 1528 763 1600 ἀνθρωπείας
783 1530 998 1601 φύσεώς
1022 1533 1162 1596 ἐστι,
1186 1530 1248 1585 τὸ
1284 1531 1359 1602 μή
1380 1531 1558 1584 πάντα
1589 1530 1970 1601 ἐπιτυγχάνειν

279 1615 497 1682 ἔξεστιν
525 1616 721 1688 ἐκείνῳ
767 1617 963 1672 παθεῖν
989 1633 1003 1649 ·
1039 1617 1177 1682 ἀλλ’,
1206 1618 1271 1673 ἂν
1302 1617 1378 1690 μὴ
1420 1616 1486 1670 δι’
1526 1617 1648 1672 ὅλου
1698 1619 1968 1690 συμφωνῇ

278 1703 360 1773 τῷ
403 1703 629 1775 μεγέθει
676 1706 778 1777 τῆς
813 1706 1139 1778 ὑπολήψεως
1174 1705 1341 1760 αὐτοῦ
1366 1706 1437 1761 τά
1462 1706 1757 1778 λεγόμενα,
1783 1704 1971 1776 σκώμ-

284 1809 437 1861 ματα
469 1792 642 1864 μυρία
670 1794 765 1847 καὶ
797 1793 1037 1867 μέμψεις
1077 1793 1256 1848 λαϐὼν
1292 1794 1480 1850 ἄπεισι
1515 1794 1667 1865 παρά
1695 1793 1807 1848 τῶν
1840 1793 1972 1847 πολ-

280 1878 416 1933 λῶν.
459 1881 572 1934 Καὶ
608 1881 788 1946 οὐδεὶς
832 1882 1009 1936 ἐκεῖνο
1041 1880 1316 1952 λογίζεται
1347 1882 1483 1954 πρὸς
1514 1882 1729 1946 ἐαυτὸν,
1754 1882 1838 1935 ὃτι
1873 1880 1971 1935 καὶ

283 1967 496 2039 ἀθυμία
519 1962 935 2041 προσπεσοῦσα,
963 1973 1060 2026 καὶ
1093 1971 1323 2041 ἀγωνία.
1367 1972 1462 2025 καὶ
1492 1971 1736 2043 φροντὶς,
1768 1968 1972 2023 πολλά·

283 2073 375 2119 κις
391 2056 449 2111 δὲ
478 2059 574 2111 καί
607 2058 779 2130 θυμδς
805 2060 1141 2133 ἐπεσκότησε
1161 2072 1190 2102 ι
1218 2059 1298 2131 τῷ
1325 2060 1425 2131 τῆς
1454 2060 1696 2122 διανοίας
1718 2056 1970 2130 καθαρῷ.

285 2145 383 2197 καὶ
408 2145 477 2199 τά
514 2145 815 2217 τικτόμενα
841 2148 942 2201 ούκ
973 2148 1183 2221 ἀφῆκεν
1218 2147 1504 2221 προελθεῖν
1539 2146 1804 2218 εἰλικρινῆ
1837 2160 1852 2175 ⁸
1879 2147 1974 2201 καὶ

285 2233 367 2286 ὅτι
405 2233 547 2298 ὅλως
588 2235 876 2306 ἄνθρωπον
908 2236 1038 2291 ὄντα
1073 2239 1173 2292 οὐκ
1201 2237 1317 2292 ἐστι
1349 2235 1437 2290 διὰ
1480 2236 1678 2300 παντὸς
1708 2232 1850 2290 εἶναι
1881 2235 1973 2290 τὸν

287 2320 488 2384 αὑτὸν,
521 2320 645 2375 οὐδὲ
683 2325 742 2375 ἐν
782 2322 989 2381 ἀπασιν
1030 2325 1345 2397 εὐημερεῖν,
1378 2325 1493 2379 ἀλλ’
1524 2324 1673 2388 εἰκός
1716 2339 1849 2377 ποτε
1878 2323 1975 2377 καὶ

285 2406 637 2481 διαμαρτεῖν,
670 2411 767 2464 καὶ
803 2412 1065 2467 ἐλάττονα
1106 2413 1206 2484 τῆς
1239 2410 1448 2476 οἰκείας
1495 2410 1772 2483 δειχθῆναι
1807 2408 1979 2488 ’δυνά-

292 2514 460 2567 μεως.
510 2499 731 2555 Τούτων
766 2502 952 2565 οὐδὲν,
982 2503 1120 2574 ὅπερ
1152 2502 1325 2575 ἔφην,
1371 2501 1622 2574 ἐννοῆσαι
1673 2499 1974 2570 βούλονται,

290 2587 410 2640 ἀλλ’
442 2587 639 2660 ὥσπερ
688 2590 908 2663 ἀγγέλῳ
940 2591 1261 2656 δικάζοντες
1305 2590 1573 2660 ἐπάγουσι
1622 2589 1723 2654 τὰς
1774 2588 1975 2652 αἰτίας.

292 2676 402 2730 Καὶ
426 2676 608 2741 ἄλλως
631 2677 690 2731 δὲ
723 2679 971 2750 πέφυκεν
1006 2679 1295 2753 ἄνθρωπος
1328 2681 1398 2735 τά
1440 2679 1539 2751 μέν
1571 2676 1979 2751 κατορθώματα

293 2763 387 2818 τοῦ
414 2764 649 2837 πλησίον
687 2767 783 2821 καὶ
826 2768 998 2823 πολλά
1042 2769 1171 2822 ὄντα
1209 2771 1304 2823 καὶ
1339 2768 1555 2839 μεγάλα
1598 2769 1847 2840 παρορᾷν
1880 2767 1979 2839 ’ῆν

291 2851 350 2905 δὲ
374 2852 672 2925 ἐλάττωμά
697 2872 800 2909 που
830 2858 996 2928 φανῇ,
1028 2854 1132 2910 κᾶν
1166 2856 1239 2909 τὸ·
1255 2856 1418 2928 τυχὸν
1440 2852 1496 2929 ᾗ,
1527 2855 1630 2911 κᾶν
1659 2854 1749 2909 διά
1780 2853 1980 2908 πολλοῦ

297 2941 675 3015 συμϐεϐηκὸς,
712 2944 808 2998 καὶ
851 2942 1246 2998 ἐπαισθάνεται
1273 2945 1507 3016 ταχέως,
1539 2944 1636 2998 καὶ
1673 2943 1982 3014 ἐπιλαμϐά-

296 3047 452 3085 νεται
496 3030 806 3102 προχείρως
841 3032 938 3086 καὶ
980 3031 1258 3104 μέμνηται
1288 3032 1585 3096 διαπαντός
1609 3048 1624 3063 ν
1662 3032 1757 3085 καὶ
1792 3032 1852 3085 τδ
1889 3048 1981 3100 μι-

298 3119 432 3190 κρὸν
472 3118 633 3172 τοῦτο
673 3121 768 3173 καὶ
814 3120 1053 3186 εὐτελὲς,
1083 3120 1182 3193 τὴν
1216 3122 1326 3175 τῶν
1364 3119 1577 3175 πολλῶν
1606 3120 1702 3175 καὶ
1731 3118 1985 3192 μεγάλων

296 3209 584 3278 ἠλάττωσε
619 3210 777 3275 δόξαν
809 3212 1091 3277 πολλάκις.

370 3304 449 3362 ς’.
484 3298 671 3369 Ὁρᾷς,
692 3292 736 3352 ῶ
758 3302 996 3368 γενναῖε,
1019 3301 1102 3354 ὅτι
1133 3299 1369 3372 μάλιστα
1394 3299 1473 3372 τῷ
1499 3297 1679 3369 λέγειν
1705 3297 1989 3369 δυναμένῳ

300 3385 548 3454 πλείονος
562 3387 643 3440 δεῖ
661 3388 761 3458 τῆς
782 3388 810 3427 δ
835 3389 1091 3461 σπουδῆς,
1110 3390 1246 3461 πρὸς
1276 3389 1333 3443 δὲ
1364 3393 1430 3462 τῇ
1457 3389 1660 3461 σπουδῇ
1690 3390 1786 3441 καὶ
1813 3386 1991 3452 ἀνεξι-

300 3474 502 3538 κακίας
529 3474 820 3547 τοσαύτης,
840 3476 973 3547 ὅσης
1001 3478 1123 3530 ούδέ
1145 3479 1404 3543 ἅπαντες,
1426 3478 1585 3540 ὅσους
1611 3474 1878 3548 πρότερόν
1907 3490 1990 3526 σοι

299 3561 542 3632 διῆλθον,
574 3563 805 3618 ἐδέοντο.
847 3565 1039 3618 Πολλοὶ
1073 3564 1181 3635 γὰρ
1217 3565 1367 3636 αὐτῷ
1398 3563 1637 3635 συνεχῶς
1668 3561 1992 3633 ἐπιφύονται

307 3650 489 3721 μάτην
512 3651 607 3703 καὶ
632 3650 779 3721 εἰκῆ,
809 3654 906 3706 καὶ
935 3653 1085 3706 οὐδὲν
1119 3652 1334 3723 ἔχοντες
1356 3653 1633 3721 ἐγκαλεῖν,
1665 3651 1806 3724 πλὴν
1838 3649 1993 3722 παρά

306 3739 477 3792 πᾶσιν
501 3739 833 3811 εὐδοκιμεῖν,
861 3741 1278 3813 ἀπεχθάνονται.
1332 3742 1445 3795 Καὶ
1487 3740 1570 3794 δεῖ
1595 3740 1862 3809 γενναίως
1898 3739 1995 3808 φέ-

309 3843 424 3897 ρειν
453 3826 555 3898 τὴν
590 3828 794 3900 πικράν
828 3829 1034 3882 τούτων
1083 3828 1400 3899 βασκανίαν.
1457 3828 1531 3882 Τὸ
1570 3828 1681 3899 γάρ
1721 3827 1995 3898 ἐπάρατον

305 3915 470 3969 τοῦτο
501 3918 678 3987 μῖσος,
711 3918 850 3989 ὅπερ
880 3918 1005 3990 εἰκῆ
1038 3917 1410 3986 συλλέγουσιν,
1446 3919 1507 3970 οὐ
1537 3916 1822 3985 στέγοντες
1856 3914 1995 3986 κρύ-

308 4022 488 4070 πτειν,
540 4007 635 4060 καὶ
675 4005 1038 4079 λοιδοροῦνται
1081 4007 1174 4060 καὶ
1209 4005 1518 4077 μέμφονται
1551 4015 1600 4069 ο,
1638 4005 1734 4058 καὶ
1773 4002 1996 4057 διαϐάλ-

308 4093 465 4147 λουσι
486 4093 684 4165 λάθρα,
712 4093 811 4148 καὶ
843 4094 1239 4165 πονηρεύονται
1266 4093 1536 4164 φανερῶς.
1565 4093 1729 4165 Ψυχὴ
1751 4093 1807 4146 δὲ
1829 4092 1999 4164 ἀρξα-

316 4182 453 4253 μένη
481 4182 603 4236 καθ’
625 4180 855 4236 ἕκαστον
876 4182 1083 4236 τούτων
1114 4181 1300 4251 ἀλγεῖν
1327 4183 1422 4236 καὶ
1451 4180 1871 4252 παροξύνεσθαι,
1899 4183 1999 4235 οὐκ

314 4273 383 4328 ἂν
415 4272 643 4341 φθάσειε
661 4272 1028 4343 διαφθαρεῖσα
1054 4275 1121 4341 τῇ
1138 4270 1306 4343 λύπῃ.
1344 4271 1457 4326 Καὶ
1476 4272 1584 4344 γὰρ
1613 4271 1674 4324 οὐ
1703 4270 1771 4324 δι’
1791 4271 1999 4326 ἑαυτῶν

316 4361 480 4415 αὐτὸν
511 4361 808 4431 ἀμύνονται
841 4361 1023 4432 μόνον,
1069 4359 1203 4414 ἀλλά
1233 4360 1327 4414 καὶ
1362 4359 1430 4413 δι’
1456 4359 1662 4428 ἐτέρων
1691 4357 1850 4411 τοῦτο
1883 4376 2002 4412 ποι-

315 4456 395 4507 εῖν
437 4452 805 4525 ἐπιχειροῦσι·
846 4452 943 4505 καὶ
980 4451 1240 4514 πολλάκις
1271 4450 1394 4504 τινὰ
1437 4449 1547 4504 τῶν
1584 4448 1738 4502 οὐδὲν
1768 4448 1999 4518 δυναμέ-

318 4559 422 4596 νων
465 4543 642 4595 εἰπεῖν
677 4539 1047 4612 ἐκλεξάμενοι,
1083 4541 1196 4603 τοῖς
1242 4539 1487 4601 ἐπαίνοις
1534 4536 1848 4609 ἐπαίρουσι,
1904 4538 1998 4588 καὶ

319 4629 691 4702 θαυμάζουσιν
716 4630 859 4700 ὑπὲρ
886 4631 985 4701 τὴν
1017 4628 1175 4695 ἀξίαν
1193 4642 1207 4657 ⁸
1236 4629 1284 4682 οἰ
1318 4627 1417 4699 μὲν
1454 4626 1620 4698 μανίᾳ.
1648 4627 1830 4697 μόνον,
1865 4626 1915 4678 οἱ
1944 4625 2002 4679 δὲ

321 4720 414 4772 καὶ
443 4719 659 4790 ἀμαθίᾳ
691 4719 789 4773 καὶ
826 4718 1007 4789 φθόνῳ
1037 4716 1196 4771 τοῦτο
1241 4716 1542 4780 ποιοῦντες,
1581 4716 1668 4769 ἵνα
1706 4713 1805 4787 τὴν
1843 4712 2002 4778 δόξαν

321 4806 510 4863 τούτου
544 4807 871 4871 καθέλωσιν,
925 4808 1025 4878 οὐχ
1066 4805 1154 4860 ἵνα
1184 4804 1400 4872 δείξωσι
1443 4804 1757 4875 θαυμαστὸν
1782 4803 1874 4857 τὸν
1903 4804 2003 4858 οὐκ

322 4897 446 4953 ὅντα
466 4897 729 4952 τοιοῦτον.
761 4896 837 4950 Οὐ
870 4895 1004 4965 πρὸς
1031 4893 1252 4956 τούτους
1274 4893 1332 4946 δέ
1361 4894 1519 4963 μόνον
1547 4892 1743 4964 ἐκείνῳ
1770 4892 1849 4963 τῷ
1876 4909 2003 4961 γεν-

322 4986 458 5059 ναίῳ
481 4987 512 5040 ό
538 4985 709 5054 ἀγὼν,
745 4982 883 5038 ἀλλά
924 4985 1019 5037 καὶ
1051 4982 1186 5054 πρὸς
1214 4982 1472 5053 ἀπειρίαν
1501 4981 1626 5035 ὅλου
1666 4981 1843 5052 δήμου
1874 4981 2004 5035 πολ-

322 5074 501 5138 λάκις.
563 5072 783 5144 Ἐπειδὴ
825 5071 934 5143 7&9
976 5071 1076 5125 οὐκ
1106 5070 1315 5123 ἔνεστιν
1349 5069 1409 5134 ἐξ
1455 5069 1752 5140 ἐλλογίμων
1792 5069 2003 5140 ἀνδρῶν

323 5160 678 5230 συλλέγεσθαι
699 5159 828 5223 τοὺς
846 5159 1275 5229 συνερχομένους
1297 5159 1565 5222 ἅπαντας.
1584 5157 1720 5211 ἀλλά
1746 5157 1808 5211 τὸ
1839 5157 2003 5211 πλέον

320 5251 420 5322 τῆς
462 5248 792 5319 Ἐκκλησίας
837 5247 1001 5318 μέρος
1026 5247 1084 5314 ἐξ
1136 5246 1362 5301 ἰδιωτῶν
1395 5245 1660 5318 συνῆχθαι
1690 5246 2001 5316 συμϐαίνει,

320 5340 449 5403 τοὺς
478 5338 536 5392 δέ
580 5337 805 5400 λοιποὺς
842 5336 937 5389 καὶ
965 5335 1163 5400 αὐτοὺς
1194 5336 1421 5389 ἐκείνων
1466 5337 1566 5406 μὲν
1593 5331 1733 5389 εἶναι
1769 5352 2006 5389 συνετω-

387 5481 416 5512 ⁸
435 5482 532 5532 Alii
559 5488 612 5528 Pl.
634 5481 784 5530 Savil.
814 5481 1109 5530 ἐπεσκότισε.

386 5544 417 5583 ιι
438 5546 536 5593 Alii
560 5544 728 5593 δεῖται.
763 5542 916 5592 Paulo
934 5547 1043 5604 post
1069 5542 1151 5590 alii
1172 5542 1399 5604 σπουδῆς,
1429 5540 1502 5588 ἐπὶ
1537 5540 1586 5589 δέ
1605 5545 1662 5603 τῇ
1684 5541 1888 5603 σπουδῇ.

388 5609 413 5638 ε
438 5585 550 5668 liii,
564 5585 1151 5668 ζιὲἐᾶξλέίιῷὸᾶαἵξϊὶιέἅ
1166 5585 1399 5652 ἑᾶίὴῗέί
1415 5585 1624 5664 ᾀέέίιιςῖἱιι
1637 5585 1751 5651 ἦιέέζ
1762 5585 1771 5589 ⁷
1784 5585 2007 5665 ᾆιᾶἒῖφηά-
2043 5585 2064 5594 λ’

325 5686 419 5720 om
447 5669 511 5719 διε
526 5667 777 5729 ἀῆρῆναι.

753 5734 1014 5797 Ρλταοι..
1061 5735 1176 5796 Gn.
1224 5737 1502 5799 XLVIII.

1592 173 1683 236 DE
1719 182 2176 249 SACERDOTIO.
2220 189 2349 247 LIB.
2391 188 2457 247 ν.

3638 192 3741 250 6Ἰϐ

2062 307 2275 382 τέρους,
2302 310 2412 368 τῶν
2439 309 2499 366 δὲ
2533 308 2725 380 λόγους
2751 312 2934 384 κρῖναι
2964 309 3279 381 δυναμένων
3301 306 3588 367 λείπεσθαι
3613 310 3746 365 πολ-

2062 396 2141 469 λῷ
2178 397 2363 462 πλέον,
2392 397 2427 469 ἢ
2453 398 2577 453 ὅσον
2608 398 2832 452 ἐκείνων
2855 399 2905 451 οἰ
2932 397 3110 452 λοιποὶ
3133 398 3356 466 πάντες,
3376 399 3476 454 ἕνα
3497 399 3554 453 δὲ
3589 398 3744 469 μόλις

2062 483 2096 556 ἢ
2127 484 2382 557 δεύτερον
2405 485 2675 559 καθῆσθαι
2699 485 2792 540 τὸν
2816 485 3019 556 ταύτην
3038 503 3208 559 κεκτη
3218 487 3376 558 μένον
3399 486 3497 559 τὴν
3518 485 3743 559 ἀρετὴν,

2063 572 2278 645 ἀνάγκη
2317 572 2411 628 τὸν
2449 574 2672 646 ἄμεινον
2711 574 2935 629 εἰπόντα
2980 573 3272 639 ἐλάττονας
3329 573 3744 643 ἀπενέγκασθαι

2063 659 2323 728 κρότους,
2352 661 2467 716 ἔστι
2490 663 2548 716 δέ
2575 663 2664 717 ὅτε
2697 662 2833 734 μηδὲ
2861 662 3218 718 ἐπαινεθέντα
3244 662 3503 718 ἀπελθεῖν
3520 661 3546 702 ἀ
3593 660 3744 735 [419]

2063 747 2177 803 Καὶ
2205 748 2289 802 δεῖ
2316 749 2455 821 πρὸς
2480 749 2684 814 ταύτας
2703 749 2971 819 γενναίως
2998 751 3445 824 παρεσκευάσθαι
3475 748 3574 814 τάς
3609 751 3750 804 ἀνω-

2068 834 2289 906 μαλίας,
2321 837 2416 890 καὶ
2444 839 2559 901 τοῖς
2593 837 2692 909 μὲν
2720 837 2801 891 δι’
2831 838 3075 907 ἀμαθίαν
3100 839 3276 894 ταῦτα
3307 839 3579 911 πάσχουσι
3616 853 3751 908 συγ·

2063 924 2375 993 γινώσκειν,
2424 924 2552 989 τοὺς
2599 925 2658 980 δὲ
2704 925 2795 980 διὰ
2835 926 3029 996 φθόνον
3053 927 3211 982 τοῦτο
3253 928 3622 999 ὑπομένοντας
3660 926 3753 980 δα·

2064 1012 2254 1084 κρύειν
2280 1012 2355 1073 ὡς
2376 1011 2598 1077 ἀθλίους
2621 1013 2781 1078 ὄντας
2807 1014 2903 1068 καὶ
2925 1014 3210 1081 ἐλεεινοὺς,
3238 1015 3518 1088 μηδετέρῳ
3545 1013 3603 1067 δὲ
3629 1011 3755 1067 τού-

2064 1116 2172 1152 των
2216 1098 2427 1155 ἐλάττω
2462 1099 2564 1171 τὴν
2608 1100 2776 1155 αὐτοῦ
2827 1100 3072 1173 νομίζειν
3125 1102 3455 1174 γεγενῆσθαι
3497 1100 3749 1172 δύναμιν.

2066 1186 2202 1240 Οῦδέ
2250 1188 2359 1259 γὰρ
2401 1189 2449 1242 εἰ
2477 1186 2770 1260 ζωγράφος
2807 1188 2883 1244 ὣν
2917 1189 3163 1261 ἄριστος.
3213 1191 3310 1245 καὶ
3343 1191 3564 1245 πάντων
3611 1188 3755 1243 κατά

2065 1273 2167 1346 τὴν
2189 1275 2385 1347 τέχνην
2400 1276 2640 1347 κρατῶν,
2665 1276 2764 1348 τὴν
2796 1277 2936 1349 μετά
2957 1278 3160 1351 πολλῆς
3179 1278 3280 1350 τῆς
3307 1278 3597 1351 ἀκριϐείας
3622 1278 3757 1332 ἀνα-

2065 1365 2459 1435 γεγραμμένην
2491 1365 2676 1420 εἰκόνα
2707 1365 2812 1420 ύπδ
2837 1367 2944 1420 τῶν
2976 1367 3076 1439 τῆς
3103 1366 3303 1439 τέχνης
3335 1366 3581 1438 ἀπείρων
3613 1381 3756 1418 σκω-

2069 1452 2343 1525 πτομένην
2374 1452 2542 1526 ἐώρα,
2569 1454 2679 1509 ἔδει
2703 1456 3056 1520 καταπεσεῖν,
3093 1455 3191 1509 καὶ
3213 1458 3282 1527 τῇ
3307 1455 3488 1526 κρίσει
3516 1452 3625 1507 τῶν
3654 1454 3757 1506 οὐκ

2068 1537 2286 1592 εἰδότων
2321 1539 2534 1610 φαύλην
2580 1541 2831 1614 ἡγεῖσθαι
2862 1542 2962 1614 τὴν
2995 1541 3238 1616 γραφὴν,
3285 1540 3476 1614 ὥσπερ
3508 1539 3630 1594 οὐδὲ
3657 1540 3757 1610 τὴν

2066 1622 2235 1690 δντως
2268 1626 2481 1699 φαύλην
2521 1627 2843 1702 θαυμαστήν
2872 1646 2995 1683 τινα
3045 1629 3141 1683 καὶ
3172 1628 3474 1701 ἐπέραστον
3507 1627 3616 1682 ἀπὸ
3657 1627 3758 1700 τῆς

2067 1714 2176 1770 τῶν
2214 1716 2456 1789 ἀτέχνων
2496 1720 2832 1792 ἐκπλήξεως.

2140 1808 2206 1872 ξ’-
2257 1808 2319 1861 Ὀ
2357 1808 2468 1880 γὰρ
2509 1811 2731 1883 ἀριστος
2780 1812 3113 1885 δημιουργὸς
3147 1812 3309 1877 αὐτὸς
3337 1810 3479 1867 ἔστω
3508 1810 3604 1866 καὶ
3635 1827 3758 1883 κρι-

2068 1893 2167 1967 τής
2195 1896 2304 1950 τῶν
2334 1899 2500 1953 αὑτοῦ
2535 1901 2916 1973 τεχνημάτων,
2955 1903 3050 1957 καὶ
3088 1902 3229 1957 καλά
3256 1903 3352 1958 καὶ
3395 1900 3578 1970 φαῦλα
3624 1901 3757 1955 ταύ-

2071 1998 2140 2056 τῃ
2179 1985 2416 2040 τιθέσθω
2460 1988 2530 2041 τά
2573 1990 2859 2061 γινόμενα,
2909 1990 3038 2045 ὅταν
3082 1993 3111 2045 ό
3163 1990 3567 2063 τεχνησάμενος
3618 1988 3759 2043 αύτά

2072 2072 2199 2137 νοῦς
2230 2073 2434 2139 ταύτας
2461 2076 2601 2149 φέρῃ
2630 2077 2730 2142 τὰς
2774 2077 3024 2150 ψήφους·
3073 2078 3175 2150 τὴν
3213 2078 3270 2132 δὲ
3306 2079 3417 2133 τῶν
3449 2077 3648 2145 ἔξωθεν
3672 2077 3761 2130 δό-

2073 2158 2192 2226 ξαν,
2249 2161 2350 2233 τὴν
2399 2163 2828 2237 πεπλανημένην
2876 2164 2974 2221 καὶ
3027 2165 3272 2239 ἄτεχνον,
3325 2165 3461 2238 μηδὲ
3511 2166 3589 2230 εἰς
3635 2163 3761 2218 νοῦν

2076 2246 2352 2317 βαλλέσθω
2388 2250 2540 2306 ποτέ.
2584 2252 2676 2325 Μὴ
2701 2250 2883 2306 τοίνυν
2919 2253 3058 2325 μήτε
3090 2255 3119 2308 ό
3144 2253 3243 2325 τῆς
3281 2248 3759 2315 διδαπαλίαςάναο

2073 2332 2362 2405 δεξάμενος
2460 2338 2552 2392 τὸν
2615 2338 2844 2409 ἀγῶνα,
2893 2342 3013 2404 ταῖς
3065 2340 3175 2393 τῶν
3224 2337 3422 2404 ἔξωθεν
3462 2336 3763 2408 εὐφημίαις

2076 2422 2413 2493 προσεχέτω,
2453 2425 2588 2499 μηδέ
2625 2427 2735 2481 ἀπὸ
2766 2425 2972 2482 τούτων
3015 2426 3113 2500 τὴν
3149 2427 3344 2482 ἐαυτοῦ
3371 2423 3763 2481 καταϐαλλέτω

2074 2507 2279 2582 ψυχήν·
2330 2510 2445 2566 ἀλλ’
2486 2512 2854 2587 ἐργαζόμενος
2900 2515 3028 2580 τοὺς
3071 2515 3288 2586 λόγους,
3331 2514 3408 2579 ώς
3444 2514 3510 2569 ἂν
3544 2512 3762 2585 ἀρέσειε

2075 2596 2154 2668 τῷ
2179 2597 2300 2671 Θεῷ
2333 2595 2507 2671 (οὗτος
2546 2602 2657 2674 7&9
2707 2602 2856 2675 αύτῷ
2902 2602 3085 2659 κανὼν
3118 2605 3215 2659 καὶ
3253 2605 3379 2675 ὅρος
3425 2602 3567 2656 ἐστω
3601 2599 3763 2673 μόνος

2076 2685 2176 2756 τῆς
2213 2687 2440 2760 ἀρίστης
2474 2689 2839 2764 δημιουργίας
2865 2691 3110 2756 ἐκείνων,
3152 2690 3227 2764 μὴ
3256 2691 3463 2763 κρότοι,
3507 2689 3641 2760 μηδέ
3670 2687 3762 2740 εὐ-

2079 2775 2324 2847 φημίαι),
2375 2779 2425 2831 εἰ
2472 2778 2570 2849 μὲν
2616 2779 2889 2833 ἐπαινοῖτο
2915 2791 2939 2820 ο
2975 2780 3070 2834 καὶ
3111 2779 3264 2852 παρὰ
3299 2778 3410 2831 τῶν
3435 2773 3763 2849 ἀνθρώπιον.

2084 2858 2160 2929 μὴ
2184 2859 2557 2929 διακρουέσθω
2597 2862 2668 2917 τά
2714 2862 2990 2934 ἐγκώμια,
3045 2863 3121 2936 μὴ
3165 2863 3517 2936 παρεχόντων
3541 2860 3600 2915 δὲ
3629 2859 3767 2915 αὐτὰ

2080 2943 2189 2999 τῶν
2227 2946 2532 3019 ἀκροατῶν.
2563 2948 2638 3022 μὴ
2686 2948 2941 3022 ζητείτω,
2988 2952 3123 3024 μηδὲ
3166 2950 3436 3021 ἀλγείτωο
3469 2949 3627 3018 ἰκανὴ
3659 2946 3769 3020 γὰρ

2084 3032 2232 3104 αύτῷ
2262 3036 2584 3107 παραμυθία
2613 3037 2721 3092 τῶν
2755 3040 2954 3103 πόνων,
2989 3040 3086 3093 καὶ
3118 3039 3337 3093 πάντων
3374 3037 3599 3111 μείζων,
3635 3038 3765 3090 ὅταν

2084 3118 2261 3192 ἐαυτῷ
2285 3124 2582 3179 συνειδέναι
2606 3122 2853 3198 δύνηται,
2888 3126 3025 3198 πρὸς
3044 3127 3336 3198 ἀρέσκειαν
3350 3126 3446 3181 τοῦ
3470 3125 3606 3180 Θεοῦ
3639 3141 3767 3179 συν-

2085 3210 2254 3276 τιθεὶς
2285 3213 2379 3265 καὶ
2408 3212 2689 3284 ῥυθμίζων
2722 3215 2819 3286 τὴν
2846 3202 3216 3271 διδασκαλίαν.

2157 3304 2228 3370 η’.
2248 3300 2357 3354 Καὶ
2374 3301 2562 3373 γάρᾶν
2577 3302 2757 3377 φθάσῃ
2778 3307 2845 3376 τῇ
2873 3304 2981 3359 τῶν
3004 3304 3213 3374 ἀλόγων
3234 3303 3474 3358 ἐπαίνων
3500 3301 3771 3374 ἐπιθυμίᾳ

2090 3386 2315 3455 ἁλῶναι,
2340 3389 2489 3443 οὐδὲν
2504 3389 2654 3462 αὐτῷ
2669 3391 2777 3446 τῶν
2797 3392 3008 3447 πολλῶν
3024 3392 3202 3447 πόνων
3218 3390 3434 3463 δφελος,
3455 3389 3579 3445 ούδέ
3598 3391 3697 3462 τῆς
3713 3390 3771 3443 ἐν

2088 3474 2166 3546 τῷ
2184 3475 2361 3544 λέγειν
2377 3477 2680 3549 δυνάμεως.
2699 3480 2811 3543 Τὰς
2835 3480 2944 3552 γὰρ
2960 3481 3222 3552 ἀνοήτους
3244 3479 3354 3534 τῶν
3382 3478 3593 3533 πολλῶν
3613 3495 3772 3533 καταο

2090 3562 2319 3632 γνώσεις
2351 3565 2425 3637 μὴ
2449 3566 2722 3639 δυναμένη
2748 3567 2934 3641 φέρειν
2954 3567 3100 3641 ψυχὴ
3119 3566 3392 3629 ἐκλύεται.
3415 3567 3512 3623 καὶ
3528 3566 3626 3639 τὴν
3646 3566 3771 3639 περὶ

2090 3650 2151 3705 τὸ
2173 3651 2351 3722 λέγειν
2379 3653 2558 3727 ῥίπτει
2581 3657 2841 3727 σπουδήν.
2873 3657 2972 3712 Διά
2990 3656 3148 3712 τοῦτο
3173 3657 3281 3731 χρὴ
3304 3656 3541 3729 μάλιστα
3556 3654 3774 3710 πάντων

2094 3742 2488 3798 πεπαιδεῦσθαι
2516 3744 2753 3799 ἐπαίνων
2780 3745 3076 3819 ὑπερορᾷν·
3099 3746 3161 3800 οὐ
3187 3746 3296 3819 γὰρ
3324 3747 3487 3819 ἀρκεῖ
3513 3743 3576 3800 τὸ
3594 3743 3775 3814 λέγειν

2095 3824 2294 3886 εἰδέναι
2329 3833 2467 3905 πρὸς
2491 3835 2590 3906 τὴν
2621 3836 2824 3906 ταύτης
2852 3836 2953 3906 τῆς
2984 3835 3266 3905 δυνάμεως
3296 3834 3564 3906 φυλακὴν,
3605 3832 3672 3888 ἂν
3699 3832 3774 3904 μὴ

2096 3921 2191 3974 καὶ
2217 3920 2372 3974 τοῦτο
2411 3925 2609 3994 προσῇ.
2647 3924 2709 3976 Εἰ
2737 3923 2794 3976 δέ
2817 3939 2900 3987 τις
2927 3923 3171 3995 ἀκριϐῶς
3204 3923 3478 3989 ἐξετάζειν
3493 3920 3664 3976 ἐθέλοι
3682 3920 3776 3975 καὶ

2096 4006 2188 4061 τὸν
2230 4008 2290 4060 ἐν
2342 4008 2517 4081 ἐνδείᾳ
2568 4010 2886 4064 καθεστῶτα
2918 4011 3120 4081 ταύτης
3151 4011 3252 4081 τῆς
3291 4010 3514 4080 ἀρετῆς,
3553 4010 3778 4081 εὑρήσει

2096 4094 2348 4167 δεόμενον
2377 4096 2470 4150 τοῦ
2497 4097 2607 4150 τῶν
2632 4097 2873 4151 ἐπαίνων
2901 4101 3265 4169 καταφρονεῖν
3289 4097 3388 4168 οὐχ
3407 4092 3569 4169 ἦττον
3593 4096 3627 4168 ἢ
3656 4096 3774 4150 τοῦ-

2096 4200 2208 4238 τον.
2254 4185 2366 4239 Καὶ
2402 4185 2513 4256 γάρ
2552 4184 2722 4239 πολλὰ
2762 4186 3100 4259 ἁμαρτάνειν
3148 4184 3646 4255 ἀναγκασθήσεται,
3681 4185 3778 4255 τῆς

2095 4272 2205 4325 τῶν
2228 4272 2441 4326 πολλῶν
2456 4272 2616 4344 δόξης
2638 4274 2818 4344 ἥττων
2848 4273 3160 4344 γενόμενος.
3185 4271 3418 4326 Ἀτονῶν
3446 4272 3557 4345 γάρ
3585 4271 3779 4337 ἐξισω-

2099 4362 2256 4433 θῆναι
2291 4364 2404 4426 τοῖς
2449 4362 2800 4433 εὐδοκιμοῦσι
2839 4362 2982 4416 κατά
3027 4360 3127 4432 τὴν
3175 4360 3270 4416 τοῦ
3316 4361 3499 4431 λέγειν
3552 4361 3779 4433 ἀρετὴν,

2099 4451 2470 4507 ξπιϐουλεύειν
2510 4469 2569 4506 τε
2605 4451 2701 4506 καὶ
2742 4449 3145 4521 διαφθονεῖσθαι
3180 4451 3386 4518 αὐτοῖς,
3440 4449 3535 4504 καὶ
3565 4449 3781 4522 μέμφε-

2100 4539 2221 4591 σθαι
2254 4539 2451 4611 μάτην,
2477 4539 2572 4594 καὶ
2602 4538 2770 4593 πολλά
2799 4537 3022 4593 τοιαῦτα
3050 4539 3384 4611 ἀσχημονεῖν
3412 4538 3473 4592 ού
3503 4538 3780 4611 παραιτή-

2102 4643 2272 4691 σεται,
2310 4627 2445 4682 ἀλλά
2482 4628 2660 4682 πάντα
2699 4627 2982 4699 τολμήσει,
3030 4626 3135 4683 κᾶν
3165 4626 3264 4698 τὴν
3294 4625 3474 4698 ψυχὴν
3505 4624 3778 4680 ἀπολέσαι

2099 4717 2214 4789 δέῃ.
2243 4716 2383 4789 ὑπὲρ
2413 4716 2508 4770 τοῦ
2533 4717 2633 4787 τὴν
2664 4715 2888 4771 ἐκείνων
2914 4715 3072 4781 δόξαν
3098 4716 3180 4778 εἰς
3211 4714 3310 4786 τὴν
3334 4715 3434 4785 τῆς
3471 4714 3605 4778 ίδίας
3632 4714 3783 4767 εὐτει-

2102 4800 2253 4869 λείας
2279 4807 2615 4876 καταγαγεῖν
2636 4804 3022 4876 ταπεινότητα.
3053 4803 3199 4874 Πρὸς
3215 4803 3274 4857 δὲ
3304 4802 3518 4867 τούτοις
3548 4804 3644 4857 καὶ
3666 4800 3777 4855 τῶν

2104 4894 2343 4966 ἱδρώτων
2368 4894 2738 4965 ἀποστήσεται
2760 4891 2868 4947 τῶν
2900 4893 3029 4964 περὶ
3053 4892 3114 4945 τὸ
3142 4891 3571 4963 πονεῖν,νάρκης
3589 4889 3782 4960 ῶσπερ

2097 4983 2244 5047 τινὸς
2271 4982 2807 5052 κατασκεδασθείσης
2838 4980 3003 5035 αὐτοῦ
3036 4982 3100 5050 τῇ
3134 4978 3303 5052 ψυχῇ.
3361 4979 3435 5032 Τὸ
3468 4978 3578 5051 7&9
3608 4973 3777 5032 πολλὰ

2105 5069 2407 5142 μοχθοῦντα
2430 5070 2691 5125 ἐλάττονα
2715 5067 3059 5140 καρποῦσθαι
3083 5068 3359 5137 ἐγκώμια,
3393 5066 3579 5121 ίκανδν
3608 5084 3780 5121 κατα-

2102 5156 2286 5210 ϐαλεῖν
2307 5156 2401 5210 καί
2428 5155 2628 5228 τρέψαι
2675 5154 2812 5226 πρὸς
2856 5152 3023 5206 ῦπνον
3058 5152 3226 5222 βαθὺν
3263 5150 3354 5204 τὸν
3387 5151 3448 5204 ού
3481 5150 3781 5220 δυνάμενον

2102 5243 2395 5314 ἐγκωμίων
2420 5245 2802 5314 καταφρονεῖν.
2856 5240 3008 5293 Ἐπεὶ
3035 5239 3131 5292 καὶ
3177 5240 3206 5292 ό
3237 5237 3505 5310 γεωργὸς,
3540 5238 3670 5292 ὅταν
3697 5239 3783 5302 εἰς

2102 5330 2461 5402 λεπτόγεωνΐ
2505 5331 2691 5404 κάμνῃ
2725 5328 2955 5400 χωρίον,
3006 5327 3102 5383 καὶ
3148 5324 3356 5398 πέτρας
3400 5324 3782 5397 ἀναγκάζηται

2166 5471 2195 5511 ά
2223 5472 2320 5521 Alii
2346 5468 2626 5519 ἐπανελθεῖν.

2171 5537 2195 5564 °
2216 5535 2317 5583 Alii
2340 5530 2614 5590 ἐπαινεῖται,
2638 5531 2721 5579 alii
2748 5526 3002 5577 ἐπαινοῖτο.
3045 5526 3170 5577 Infra
3213 5527 3295 5577 alii
3320 5525 3441 5575 αὐτὰ
3463 5526 3558 5575 τῶν
3584 5522 3784 5577 ἀκουόν-

2104 5613 2201 5657 των
2226 5592 2580 5657 μήῖεκζητεξτω-

2177 5655 2197 5698 ί
2227 5653 2326 5707 Ἀίἱί
2348 5653 2641 5715 λεπτόγαιον.

3284 5721 3361 5787 10
