4050 6160
389 270 490 328 C77

378 384 489 430 tum
513 388 765 430 somnum
791 373 1041 446 conjiciat
1065 382 1120 431 et
1143 382 1315 431 vertat
1343 387 1486 439 cum,
1509 373 1597 442 qui
1624 372 1810 429 laudes
1835 388 1966 428 cor.-

375 478 621 523 temnere
660 467 863 539 nequit.
898 466 1338 538 Quandoquidem
1374 477 1429 523 et
1464 467 1718 538 agricola,
1760 482 1883 522 eum
1915 466 1968 522 in

375 560 546 614 sterili
572 573 704 629 agro
729 559 957 625 laborat,
988 567 1040 615 et
1060 567 1275 631 petrosa
1305 575 1458 614 arare
1483 560 1711 628 cogitur,
1738 559 1845 613 cito
1868 559 1966 614 ab-

373 644 517 698 sistit
560 644 630 698 ab
681 657 866 713 opere,
909 643 1009 698 nisi
1057 659 1249 714 magna
1298 643 1573 699 laborandi
1630 643 1878 698 alacritas
1914 653 1969 699 et

372 734 533 789 famis
563 734 724 789 timor
744 743 947 805 urgeat.
986 734 1197 791 Etenim
1226 736 1271 790 si
1308 734 1363 801 ii,
1393 734 1584 805 quibus
1610 749 1799 805 magna
1828 733 1966 790 inest

370 824 590 881 dicendi
622 824 868 891 facultas,
910 834 1054 881 tanta
1084 826 1468 882 exercitatione
1507 842 1644 897 opus
1686 826 1883 881 habent
1911 835 1963 883 ut

373 912 519 970 illam
541 925 865 973 consonent
890 934 904 971 :
931 919 1022 988 qui
1047 918 1178 973 nihil
1202 919 1422 973 omnino
1455 917 1684 989 collegit,
1727 918 1822 973 sed
1851 920 1966 987 ipso

371 1009 683 1063 certaminis
714 1018 956 1080 tempore
987 1009 1236 1065 meditari
1273 1010 1499 1088 cogitur,
1528 1018 1782 1080 quantam
1823 1009 1964 1065 difﬁ-

370 1100 650 1165 cultatem,
693 1112 951 1172 quantum
989 1103 1292 1168 tumultum,
1319 1110 1572 1173 quantam
1606 1101 1963 1172 perturbatio-

371 1207 500 1248 nem
551 1193 806 1264 patietur,
851 1201 913 1249 ut
954 1196 1125 1249 multo
1169 1195 1351 1251 labore
1385 1195 1646 1249 tantillum
1691 1194 1961 1265 quidpiam

368 1300 700 1356 congregare
730 1287 935 1356 possit?
974 1287 1030 1343 Si
1059 1288 1179 1359 quis
1218 1302 1347 1343 vero
1391 1286 1658 1343 inferioris
1692 1287 1964 1358 dignitatis

368 1385 429 1432 et
476 1379 681 1432 ordinis
710 1378 811 1434 hac
843 1379 896 1433 in
947 1389 1097 1450 parte
1142 1380 1280 1449 plus,
1310 1396 1471 1451 quam
1513 1380 1619 1445 ille,
1664 1380 1963 1435 clarescere

367 1470 564 1539 possit,
594 1470 778 1525 divino
805 1471 1037 1541 quodam
1082 1472 1169 1528 hic
1195 1487 1328 1539 epus
1359 1480 1441 1527 est
1478 1471 1678 1538 animo,
1712 1480 1771 1526 ut
1799 1486 1867 1525 ne
1895 1469 1951 1524 li.

366 1574 502 1616 rore
540 1560 800 1630 capiatur,
850 1577 953 1617 neu
1004 1563 1056 1617 in
1110 1576 1395 1618 maerorem
1445 1560 1674 1617 decidat.
1720 1562 1851 1617 Nam
1893 1561 1961 1617 ab

365 1651 715 1707 inferioribus
742 1654 986 1723 superari
1015 1671 1161 1721 eum,
1188 1655 1278 1726 qui
1316 1656 1533 1726 majoris
1571 1657 1640 1711 sit
1665 1655 1957 1727 dignitatis,

368 1743 614 1814 illudque
654 1744 863 1799 fortiter
894 1745 1057 1813 ferre,
1095 1761 1202 1801 non
1242 1747 1445 1817 exigui,
1486 1762 1585 1802 nec
1631 1748 1817 1814 nostri,
1864 1747 1959 1802 sed

366 1836 699 1891 adatnantini
743 1835 904 1892 fuerit
939 1839 1123 1893 animi.
1156 1840 1232 1893 Ac
1262 1840 1305 1894 si
1346 1838 1559 1909 quidem
1602 1838 1667 1906 is,
1700 1838 1788 1909 qui
1820 1853 1958 1907 pra:-

365 1930 535 1989 cellit,
575 1931 775 2000 probus
810 1931 1204 2003 admodumque
1242 1932 1522 1987 modestus
1551 1932 1730 1997 fuerit,
1758 1931 1958 1986 malum

365 2029 663 2084 utcumque
716 2022 931 2077 tolerari
972 2033 1180 2092 potest;
1229 2024 1310 2078 sin
1356 2024 1550 2088 audax,
1601 2038 1856 2094 arrogans
1906 2030 1960 2079 et

364 2127 520 2165 value
543 2114 729 2182 gloria:
753 2113 999 2183 cupidus,
1028 2130 1175 2170 mors
1207 2116 1281 2170 illi
1313 2115 1551 2185 quotidie
1577 2115 1807 2184 Optanda
1835 2123 1918 2169 est
1942 2131 1956 2169 :

365 2207 439 2259 ita
465 2220 662 2275 nempe
689 2206 790 2276 ipsi
821 2208 981 2261 vitam
1013 2223 1247 2264 amaram
1281 2208 1486 2273 reddet,
1515 2208 1640 2262 dum
1673 2207 1845 2278 palam
1878 2206 1961 2261 in-

365 2297 751 2363 sultat',clam
785 2298 989 2364 irridet,
1032 2314 1094 2354 ac
1134 2299 1371 2369 quotidie
1416 2298 1688 2371 quidpiam
1735 2314 1799 2353 ex
1844 2297 1960 2367 ejus

362 2390 685 2444 auctoritate
713 2389 937 2456 divellit,
966 2392 1252 2462 omniaque
1287 2392 1403 2462 ipse
1432 2406 1550 2447 esse
1577 2393 1745 2461 cupit.
1779 2389 1956 2446 Maxi-

363 2497 624 2552 mutnque
668 2484 719 2537 in
751 2483 833 2538 bis
861 2484 1109 2539 omnibus
1137 2485 1440 2554 praesidium
1473 2484 1631 2539 habet
1659 2484 1955 2539 libertatem

361 2574 417 2628 in
450 2575 698 2641 dicendo,
744 2584 800 2631 et
832 2577 1189 2632 multitudinis
1223 2577 1275 2632 in
1320 2592 1378 2633 se
1423 2577 1678 2644 studium,
1714 2572 1957 2631 subdito-

364 2680 592 2733 rumque
621 2683 857 2723 omnmm
889 2684 1011 2738 erga
1043 2683 1373 2725 seamorem.
1393 2669 1469 2723 An
1487 2669 1695 2738 ignoras
1709 2677 1962 2739 quantum

428 2757 449 2788 ί
482 2758 558 2807 sic
578 2756 798 2807 nonnulli
819 2766 926 2810 Mss.
955 2765 1002 2808 In
1027 2765 1097 2820 8.,
1120 2758 1396 2810 antecellit:
1420 2760 1579 2809 minus
1601 2759 1751 2809 bene.

1590 257 1676 313 DE
1714 255 2164 314 SACERDOTIO.
2208 256 2336 313 LIB.
2382 256 2467 313 Vi.

3544 252 3652 307 0‘78

2076 371 2283 427 animos
2302 370 2723 429 Christianorum
2742 372 2937 428 invasit
2957 388 3097 429 nunc
3113 350 3425 429 concionem
3448 374 3657 433 deside-

2075 465 2234 533 rium,
2266 474 2427 536 atque
2450 480 2546 522 eos
2573 465 2662 536 qui
2691 466 2835 520 illam
2876 478 3130 521 exercent
3155 475 3346 531 artem,
3379 482 3484 521 non
3519 468 3659 536 apud

2072 563 2293 612 exteros
2322 556 2502 624 modo,
2531 556 2626 613 sed
2657 556 2815 612 etiam
2835 557 2971 628 apud
3002 573 3185 613 servos
3217 558 3339 613 fidei
3370 559 3423 613 in
3456 559 3661 616 honore

2073 645 2444 716 haberi?Quis
2475 648 2633 719 igitur
2660 658 2862 704 tantum
2889 649 3120 705 dedecus
3142 649 3294 716 ferat,
3321 666 3443 706 cum
3468 667 3659 722 nempe

2073 739 2189 810 ipso
2219 739 2468 808 lnquente
2493 747 2701 795 taceant
2722 754 2909 795 omnes
2938 748 2992 794 et
3018 740 3444 795 mulestiam‘sibi
3475 740 3658 796 inferri

2072 840 2276 901 putent,
2304 831 2668 902 orationisque
2695 830 2852 886 finem
2881 831 3032 902 quasi
3056 848 3085 887 a
3119 832 3391 889 laboribus
3422 833 3660 903 requiem

2068 930 2397 991 exSpectent,
2438 922 2609 978 altero
2650 932 2826 978 autem
2860 924 3115 993 prolixius
3157 934 3363 990 orante,
3410 925 3660 981 alacriter

2067 1012 2384 1076 anscultent,
2418 1028 2482 1069 ac
2518 1013 2677 1068 finem
2702 1013 2911 1069 dicendi
2944 1013 3171 1082 facturo,
3200 1032 3344 1088 :egre
3370 1016 3563 1081 ferant,
3608 1026 3662 1073 et

2069 1106 2244 1157 tacere
2271 1101 2503 1168 volente,
2531 1104 2984 1160 cxacerbescant?
3010 1105 3134 1160 llaec
3163 1106 3283 1162 licet
3322 1121 3463 1162 nunc
3500 1121 3662 1178 parva

2069 1192 2159 1247 tibi
2180 1191 2455 1248 videantur
2479 1208 2542 1249 ac
2561 1190 2923 1265 despicabilis,
2951 1203 3133 1266 utpote
3152 1197 3460 1267 inexperto:
3484 1207 3660 1253 tamen

2066 1283 2197 1337 satis
2225 1293 2350 1339 sunt
2380 1292 2437 1338 ut
2465 1292 2519 1340 et
2546 1284 2707 1339 animi
2738 1285 2971 1341 studium
2993 1287 3331 1356 exstingnaut
3355 1288 3663 1358 mentisque

2066 1375 2174 1429 vim
2202 1385 2481 1443 enerrent,
2524 1376 2624 1432 nisi
2652 1378 2771 1448 quis
2811 1377 3058 1435 humanis
3086 1380 3336 1436 omnibus
3364 1395 3424 1437 se
3456 1381 3658 1437 morbis

2065 1467 2327 1535 cximens,
2359 1468 2578 1539 perinde
2626 1478 2783 1541 atque
2826 1469 3155 1541 incorporea:
3197 1479 3487 1541 potestates
3527 1472 3660 1535 affe-

2064 1566 2183 1613 ctus
2223 1573 2344 1613 esse
2394 1556 2624 1626 studeat,
2674 1575 2793 1630 quae
2842 1574 2943 1616 nec
2981 1560 3201 1627 invidia,
3254 1575 3427 1632 neque
3475 1560 3661 1632 gloria:

2063 1664 2270 1715 amore,
2303 1665 2478 1720 neque
2504 1649 2611 1705 alio
2645 1650 2895 1721 quapiam
2947 1650 3104 1706 simili
3145 1650 3334 1707 morbo
3362 1653 3660 1722 rapiuntur.

2063 1740 2120 1795 Si
2148 1743 2269 1812 quis
2295 1732 2454 1813 igitur
2482 1741 2754 1797 hominum
2776 1741 2896 1797 talis
2922 1750 3022 1809 est,
3058 1750 3116 1796 ut
3144 1741 3312 1812 possit
3341 1740 3479 1797 hanc
3503 1750 3661 1812 captu

2063 1832 2359 1897 diflieilem,
2393 1832 2860 1904 inexpugnabilem
2897 1841 2953 1888 et
2978 1832 3290 1888 indomitam
3336 1830 3523 1896 feram,
3568 1847 3662 1901 po-

2066 1924 2304 1993 pularem
2348 1923 2552 1978 scilicet
2592 1937 2799 1990 auram,
2845 1923 3182 1989 conculcare,
3227 1936 3291 1977 ac
3338 1921 3654 1991 multiplicia

2066 2015 2207 2071 illius
2240 2014 2410 2085 capita
2441 2013 2753 2085 praecidere,
2797 2015 2903 2070 imo
2932 2030 3000 2069 ne
3029 2014 3175 2069 nasci
3203 2013 3417 2085 quidem
3453 2013 3652 2080 sinere,

2065 2110 2109 2164 is
2138 2108 2292 2164 facile
2323 2110 2516 2179 poterit
2547 2109 2840 2180 permultos
2878 2108 2996 2165 illos
3023 2108 3250 2165 insultus
3277 2108 3567 2181 depellere,
3595 2123 3660 2163 ac

2065 2201 2350 2272 tranquillo
2380 2201 2608 2271 quodam
2638 2210 2793 2272 portu
2829 2201 2951 2256 frui.
2984 2203 3053 2256 At
3094 2202 3138 2256 si
3168 2201 3235 2256 ab
3262 2201 3351 2256 illa
3383 2200 3519 2257 liber
3547 2215 3657 2257 non

2064 2289 2248 2360 fuerit,
2275 2308 2404 2349 sane
2427 2293 2708 2365 multiplex
2729 2293 3313 2364 bellum,.frequentem
3341 2295 3649 2363 tumultum,

2062 2386 2225 2440 animi
2250 2385 2579 2450 maestitiam,
2612 2394 3031 2457 caeterarumque
3045 2386 3413 2458 aegritudinum
3442 2386 3652 2443 turbam

2062 2485 2247 2531 contra
2275 2478 2506 2532 animam
2532 2477 2645 2548 ipse
2669 2490 2819 2532 suam
2851 2477 3189 2548 praeparabit.
3223 2477 3487 2546 Quorsum
3526 2486 3654 2534 atti-

2064 2576 2156 2623 net
2197 2568 2433 2639 reliqnas
2477 2583 2795 2624 enumerare
2838 2567 3200 2638 difficultates,
3247 2585 3379 2640 quas
3422 2584 3522 2625 nec
3560 2567 3658 2625 doc-

2061 2652 2208 2725 eere,
2241 2675 2413 2729 neque
2438 2659 2679 2717 ediscere
2718 2659 2997 2733 quisquam
3038 2660 3227 2731 possit,
3254 2659 3354 2716 nisi
3397 2659 3453 2716 in
3495 2658 3655 2718 rebus

2064 2748 2196 2823 ipsis
2227 2750 2424 2807 fuerit?

1378 2930 1852 3065 LIBER
1964 2953 2625 3065 SEXTUS.

819 3267 925 3301 11.Εο
944 3266 1117 3301 ιιιδυκτ
1141 3264 1277 3303 ΗΒιο
1300 3265 1450 3303 SEXTO
1478 3264 1496 3303 ἔ

367 3363 400 3411 l.
433 3368 605 3413 rimas
626 3356 745 3410 dare
776 3356 1061 3410 sacerdotes
1084 3357 1231 3406 etiam
1254 3369 1343 3419 pro
1365 3355 1528 3419 populi
1550 3355 1760 3406 delictis.

367 3429 412 3471 ll.
451 3424 622 3485 majore
658 3435 804 3487 quam
836 3423 968 3485 ipsos
988 3419 1250 3471 monachos
1287 3418 1399 3468 vitm
1434 3418 1689 3482 diligentia
1709 3430 1832 3481 opus
1868 3418 1954 3468 ha-

427 3488 569 3533 here.

366 3552 432 3594 tu.
468 3545 697 3654 t-‘agilipre
751 3547 863 3597 vitae
886 3545 1075 3594 ratione
1097 3542 1190 3594 frui
1213 3541 1520 3602 monachum,
1561 3553 1707 3605 quam
1731 3540 1955 3592 Ecclesiae

427 3620 527 3654 ιη’ῖὲ
550 3621 607 3654 ee.
630 3621 727 3654 um.

459 3614 727 3657 ηεῑρριιιιη.

367 3621 779 3718 tvrrsﬁcteﬁlggm
816 3674 1055 3717 terrarum
1100 3668 1207 3717 orbi
1242 3665 1450 3730 aliisque
1488 3666 1641 3716 rebus
1685 3665 1955 3716 tremendis

428 3731 737 3792 [repositum
761 3743 890 3792 esse.

367 3789 758 3841 v.'sacerdotem
778 3791 836 3840 ad
853 3791 1012 3840 omnia
1035 3803 1076 3852 ιιι
1086 3797 1199 3840 tum
1223 3803 1335 3840 esse
1358 3789 1564 3841 debere.

368 3859 439 3899 VI.
478 3854 627 3901 \itam
650 3854 959 3903 monasticam
980 3865 1074 3899 non
1108 3859 1294 3903 tantum
1329 3853 1573 3913 patientiae
1611 3857 1953 3914 argumentum

430 3926 563 3971 esse,
585 3921 818 3976 quantum
841 3913 1159 3963 multitudinis
1175 3915 1509 3976 przel'ecturam
1535 3913 1779 3962 eximiam.

367 3981 458 4024 \‘tt.
507 3973 620 4048 Enni
642 3976 725 4038 qui
764 3977 968 4025 seorsim
984 3976 1130 4048 .vivpt,
1169 3973 1380 4048 eumque
1403 3977 1486 4048 qui
1518 3977 1567 4024 in
1589 3987 1754 4024 rerum
1791 3973 1953 4023 medio

430 4036 675 4099 versetur;
696 4049 792 4086 non
811 4049 959 4099 super
982 4036 1152 4099 iisdem
1178 4050 1237 4086 ex
1246 4036 1454 4086 ercitari.

365 4104 476 4146 VIII.
507 4098 709 4148 Facilius
731 4111 819 4148 eos
838 4096 920 4161 qui
943 4097 1160 4161 solitarie
1183 4100 1367 4156 vivunt,
1387 4111 1532 4161 quam
1556 4110 1643 4148 eos
1662 4099 1745 4160 qui
1778 4096 1953 4147 multo-

429 4172 538 4207 rum
559 4171 723 4208 curam
745 4159 943 4222 gerunt,
968 4159 1194 4209 virtutem
1218 4159 1476 4222 exercere.

365 4227 574 4329 mihi:
611 4221 991 4271 contemnendas
1049 4234 1162 4271 eme
1201 4221 1329 4285 vulgi
1352 4223 1652 4285 suspiciones
1675 4258 1689 4283 ,
1733 4221 1952 4284 quamvis

365 4350 424 4392 x.
458 4350 557 4392 non
579 4345 736 4407 magni
762 4341 873 4409 esse
894 4345 1081 4409 negotii
1101 4356 1315 4407 seipsum
1330 4357 1547 4394 servare.

365 4411 442 4453 x1.
474 4409 638 4467 Longe
660 4407 936 4466 graviorem
960 4406 1150 4468 [umnam
1173 4406 1374 4457 manere
1407 4406 1711 4456 sacerdotum
1734 4412 1949 4468 peccata,

429 4478 575 4516 uuam
598 4466 871 4516 idiotarum.
1388 4501 1400 4510 -

429 4478 575 4528 quam
598 4473 871 4528 idiotarum.
1174 4527 1183 4528 ί
1388 4501 1400 4510 .

368 4527 463 4575 XII;
498 4527 743 4592 Exemplis
765 4529 995 4592 probatur
1027 4534 1090 4592 et
1110 4527 1327 4579 dolorem
1350 4535 1550 4592 promer
1571 4527 1827 4578 sacerdotii
1860 4541 1950 4578 ex-

427 4590 779 4647 spectationem
796 4590 906 4639 oriri
933 4595 984 4639 et
1004 4590 1242 4641 timorem.

368 4654 479 4699 xui.
513 4651 650 4700 Omni
672 4649 808 4700 bello
828 4649 1163 4702 molestiorem
1181 4664 1296 4703 esse
1319 4653 1641 4703 tentationem
1660 4650 1857 4702 diaboli.

439 4868 490 4922 Ι.
538 4864 724 4923 Pontos
760 4868 881 4924 dare
920 4871 1199 4926 sacerdotes
1221 4872 1370 4926 etiam
1401 4889 1492 4942 pro
1519 4874 1697 4944 populi
1733 4873 1945 4928 delictis.

366 4986 438 4999 --
466 4958 574 5014 Res
598 4960 808 5030 quidem
840 4961 995 5031 hujus
1023 4962 1203 5017 mundi
1234 4963 1365 5018 tales
1393 4973 1549 5029 sunt,
1588 4965 1769 5034 quales
1798 4964 1949 5019 audi-

364 5051 433 5105 sti
463 5068 478 5108 :
505 5051 648 5107 illius
675 5062 851 5108 autem
876 5056 998 5108 vita:
1031 5055 1267 5127 (fulurm)
1295 5071 1380 5111 res
1404 5056 1669 5124 quomodo
1696 5055 1947 5123 feremus,

367 5158 489 5198 cum
519 5150 585 5199 de
611 5142 832 5215 singulis
857 5146 1010 5201 nobis
1034 5148 1333 5203 commissis
1360 5148 1661 5203 hominibus
1688 5150 1947 5203 rationem

366 5234 589 5290 reddere
603 5236 888 5306 cogemur?
914 5236 1027 5292 Non
1053 5238 1193 5292 enim
1216 5238 1269 5292 in
1295 5239 1494 5309 pudore
1517 5238 1655 5294 sisit
1674 5240 1946 5304 damnum,

368 5325 457 5380 sed
506 5336 764 5383 teternum
811 5340 1147 5398 exspectatur
1194 5329 1530 5400 supplicium.
1584 5328 1716 5385 lllud
1763 5331 1946 5397 enim,

370 5415 576 5474 Obedite
600 5421 883 5491 praepositis
898 5422 1090 5486 uestris,
1108 5433 1154 5476 et
1178 5423 1429 5492 subjacete
1446 5423 1538 5489 eis,
1560 5423 1680 5492 quia
1703 5424 1801 5493 ipsi
1822 5424 1948 5492 viai-

367 5508 471 5562 lant
495 5526 587 5577 pro
608 5510 875 5565 animabus
898 5510 1072 5566 vestris
1088 5554 1103 5569 .
1136 5524 1189 5567 ut
1217 5515 1460 5567 rationem
1486 5516 1731 5569 reddituri
1756 5514 1942 5588 (Hebr.

370 5603 453 5658 15.
486 5601 594 5673 i7),
638 5603 847 5658 etiamsi
890 5604 1033 5673 prius
1075 5605 1329 5673 dixeram,
1362 5617 1535 5661 tamen
1566 5622 1634 5663 ne
1660 5624 1800 5664 nunc
1823 5608 1944 5679 qui-

366 5690 485 5747 dem
506 5695 735 5751 tacebo:
768 5710 889 5749 nam
920 5703 1078 5752 tantm
1107 5698 1531 5757 comminationis
1579 5706 1752 5754 metus
1827 5700 1938 5756 fre-

1966 3322 1975 3323 ,
2060 3255 2289 3320 quenter
2324 3248 2557 3302 animum
2595 3246 2831 3304 concutit
2859 3260 3055 3301 meum.
3100 3244 3157 3301 Si
3182 3246 3325 3302 enim
3353 3247 3423 3314 ei,
3454 3247 3543 3316 qui
3570 3247 3651 3305 vel

2066 3341 2342 3396 minimum
2371 3354 2534 3394 unum
2555 3337 2991 3394 scandalizaverit
3016 3337 3226 3411 (Matth.
3261 3338 3346 3395 18.
3377 3338 3456 3408 6),
3488 3352 3651 3408 expc-

2062 3430 2142 3487 dit
2169 3440 2226 3486 ttt
2255 3431 2395 3486 mola
2419 3430 2649 3486 asinaria
2675 3428 3026 3500 suspendatur
3054 3429 3107 3483 in
3131 3428 3271 3484 collo
3293 3429 3440 3500 ejus,
3473 3438 3528 3485 et
3550 3428 3649 3484 ded

2059 3532 2327 3595 mergatur
2356 3525 2407 3579 in
2435 3538 2602 3588 mare,
2620 3529 2674 3578 et
2696 3536 2884 3577 omnes
2905 3520 2993 3592 qui
3014 3521 3393 3576 conscientiam
3422 3519 3647 3576 fratrum

2061 3623 2285 3664 suorum
2322 3605 2660 3677 percutiunt,
2700 3606 2755 3661 in
2801 3607 2980 3677 ipsum
3009 3606 3286 3663 Christum
3312 3616 3540 3679 peccant
3569 3606 3645 3679 (l.

2061 3702 2184 3757 Cor.
2210 3701 2264 3756 8.
2292 3700 2381 3771 12)
2408 3716 2422 3754 :
2447 3701 2539 3770 qui
2565 3715 2675 3754 non
2702 3715 2871 3754 unum
2886 3702 3072 3765 modo,
3095 3700 3336 3756 velduos
3365 3699 3449 3755 vel
3475 3701 3645 3766 trts',

2061 3794 2157 3851 sed
2223 3799 2432 3847 tantam
2475 3790 2883 3848 multitudinem
2944 3794 3208 3863 perdant,
3248 3791 3381 3863 quid
3431 3793 3644 3862 passuri

2060 3894 2211 3949 sunt,
2247 3894 2303 3941 et
2339 3901 2478 3956 quas
2512 3900 2703 3956 pmnas
2730 3885 2954 3941 daturi?
2982 3885 3167 3955 Neque
3195 3886 3340 3940 enim
3371 3883 3641 3954 imperitia

2057 3980 2108 4035 in
2135 3992 2353 4033 causam
2382 3972 2650 4032 afferenda
2674 3985 2777 4044 est,
2808 3989 2979 4046 neque
3022 3975 3089 4030 ad
3136 3975 3483 4047 ignorantiam
3511 3989 3644 4030 con-

2054 4068 2383 4141 fugiendum,
2417 4082 2589 4138 ueque
2616 4066 2907 4122 necessitas
2947 4075 3038 4120 aut
3067 4065 3149 4120 vis
3190 4064 3403 4121 obtendi
3436 4073 3608 4135 potest
3625 4068 3645 4132 ;'

2057 4162 2151 4218 scd
2182 4162 2355 4233 potius
2379 4160 2640 4225 subditus,
2663 4160 2707 4216 si
2735 4158 2947 4230 quidem
2975 4158 3177 4221 liceret,
3209 4158 3309 4213 hoc
3335 4157 3387 4212 in
3415 4158 3645 4228 propriis

2058 4253 2289 4324 peccatis
2313 4250 2508 4323 effugio
2532 4249 2609 4306 uti
2638 4258 2838 4321 posset,
2867 4263 3024 4319 quam
3067 4249 3118 4302 in
3161 4248 3387 4302 aliorum
3431 4246 3645 4304 delictis

2055 4344 2341 4401 antistites.
2388 4341 2600 4410 Quare?
2647 4342 2778 4410 Quia
2811 4343 2855 4396 is
2883 4341 2973 4412 qui
2999 4341 3063 4396 ad
3089 4340 3189 4395 hoc
3213 4340 3493 4410 deputatus
3530 4351 3641 4406 est,

2056 4444 2116 4493 ut
2138 4436 2362 4491 aliorum
2391 4434 2738 4506 ignorantiam
2768 4433 3048 4499 emendet,
3077 4441 3132 4488 et
3169 4432 3490 4488 diabolicum
3524 4432 3642 4489 bel-

2056 4531 2164 4585 lum
2202 4528 2404 4584 instans
2450 4527 2790 4598 prmuunliet,
2819 4525 3004 4596 nequit
3051 4526 3398 4596 ignorantiam
3441 4523 3635 4579 obten—

2055 4622 2204 4689 dere,
2234 4635 2334 4677 nec
2361 4620 2559 4687 dicere,
2580 4619 2695 4674 Non
2717 4619 2892 4674 audivi
2921 4619 3123 4685 tubam,
3147 4619 3344 4674 bellum
3375 4633 3479 4674 non
3513 4632 3645 4688 pra:-

2053 4714 2182 4769 vidi.
2208 4714 2288 4769 Ad
2319 4714 2419 4768 hoc
2441 4712 2635 4783 quippe
2662 4711 2903 4776 sedebat,
2935 4721 2994 4766 ut
3034 4711 3280 4767 Ezechiel
3306 4713 3399 4777 ait,
3433 4718 3492 4764 ut
3527 4710 3644 4767 aliis

2054 4804 2180 4860 tuba
2226 4811 2444 4859 caneret
2468 4843 2484 4870 ,
2546 4810 2604 4858 et
2670 4801 2873 4857 futuras
2935 4816 3205 4857 aerumnas
3262 4801 3643 4871 prtenuntiaret

2055 4897 2266 4968 (Ezech.
2299 4897 2390 4953 55.
2417 4896 2494 4968 3).
2526 4895 2755 4966 Ideoque
2781 4895 3098 4965 supplicium
3128 4895 3267 4949 nulla
3297 4893 3644 4949 excusatione

2054 4991 2205 5046 vitari
2246 4998 2457 5061 potest,
2497 4991 2704 5046 etiamsi
2732 5004 2866 5044 unus
2894 4998 3099 5044 tantum
3130 4988 3393 5059 periisset.
3432 4980 3565 5042 Nam
3596 4987 3640 5042 si

2053 5084 2338 5141 accedente
2364 5083 2562 5139 framea
2584 5084 2781 5154 populo
2806 5097 2909 5137 non
2937 5083 3059 5137 tuba
3082 5080 3366 5147 cecinerit,
3404 5080 3511 5146 ait,
3543 5092 3640 5137 nec

2053 5176 2350 5246 speculator
2380 5178 2588 5246 signum
2614 5174 2838 5240 dederit,
2871 5174 3265 5244 adveniensque
3289 5170 3489 5227 framea
3519 5170 3636 5225 ani-

2052 5282 2193 5323 mam
2224 5268 2493 5333 invaserit,
2522 5267 2634 5336 ipsa
2654 5265 2867 5337 quidem
2894 5274 3111 5334 propter
3135 5261 3460 5333 iniquitatem
3486 5276 3636 5316 suam

2053 5369 2204 5430 capta
2234 5368 2336 5426 est,
2367 5359 2676 5429 sanguinem
2703 5372 2829 5413 vero
2852 5356 2967 5426 ejus
2996 5356 3063 5411 de
3099 5371 3256 5409 manu
3292 5355 3637 5426 speculatoris

2051 5448 2340 5519 requiram.
2373 5447 2564 5503 Desine
2588 5461 2717 5517 ergo
2736 5460 2834 5501 nos
2856 5447 2907 5500 in
2930 5456 3034 5500 tam
3061 5445 3633 5517 inevitabilejudicium

2053 5537 2325 5609 impellere
2356 5554 2370 5591 :
2399 5552 2571 5608 neque
2617 5537 2760 5592 enim
2802 5535 2870 5592 de
2910 5534 3154 5592 ducendo
3182 5536 3436 5605 exercitu,
3464 5550 3635 5609 neque

2115 5715 2133 5750 ι
2167 5713 2307 5767 savii.
2333 5721 2384 5767 et
2414 5714 2594 5777 aliquot
2622 5719 2751 5779 νει,
2773 5726 2925 5780 neque
2957 5714 3078 5767 duos
3096 5727 3247 5782 neque
3268 5721 3384 5767 tres.
