4050 6160
368 206 473 264 679

365 337 430 390 tle
468 348 629 406 regno
674 351 970 392 sermonem
1000 336 1278 402 habemus.
1309 338 1400 395 sed
1431 339 1498 396 de
1535 344 1767 413 negotio,
1798 343 1937 415 quod

363 424 599 495 angelica
631 426 819 480 virtute
847 442 978 497 opus
1007 427 1215 484 habeat.

433 513 489 569 ἰ.
525 513 694 587 Major
714 519 950 589 perfectio
978 518 1030 573 in
1051 519 1304 592 epist-apo,
1334 537 1482 592 quam
1504 524 1554 578 in
1578 525 1834 581 monachis
1864 542 1942 581 re-

365 604 598 673 quiritur.
639 634 711 647 --
758 609 962 664 Etenim
1008 611 1268 667 solaribus
1318 614 1478 669 radiis
1517 616 1783 685 puriorem
1824 632 1943 674 esse

366 704 574 764 oportet
593 698 881 753 sacerdotis
903 701 1154 769 animam,
1182 704 1461 774 nequando
1482 705 1709 776 Spiritus
1729 717 1943 764 sanctus

359 785 514 841 illum
538 788 804 843 desertum
827 790 1113 861 relinquat;
1133 803 1183 846 ut
1206 796 1370 864 possit
1390 795 1566 852 dicere
1593 814 1607 852 :
1634 797 1756 853 Vivo
1779 808 1944 855 autem

360 877 475 946 iam
502 894 599 931 non
625 895 715 950 ego
736 895 755 933 :
779 880 892 934 vivit
915 896 1026 935 vero
1051 883 1101 937 in
1129 900 1207 939 me
1230 882 1458 941 Christus
1498 887 1702 962 (Galat.
1727 889 1781 943 2.
1809 890 1881 946 20
1900 893 1941 960 ).

370 965 499 1020 Nam
529 968 573 1022 si
600 968 655 1034 ii,
690 971 778 1039 qui
823 986 1060 1028 eremum
1103 974 1357 1044 incolunt,
1399 986 1454 1033 et
1492 978 1622 1033 urbe
1663 987 1717 1034 et
1754 980 1868 1036 foro
1893 989 1947 1035 et

363 1059 681 1114 tumultibus
719 1062 921 1131 procul,
962 1077 1175 1136 semper
1216 1076 1368 1135 portu
1407 1076 1460 1122 et
1501 1069 1781 1139 tranquillo
1809 1070 1945 1125 cmlo

360 1147 623 1216 'frncntes,
649 1151 835 1206 nolunt
872 1162 1046 1209 tamen
1073 1153 1331 1224 ejusmodi
1358 1157 1476 1212 vitae
1507 1158 1744 1213 instituto
1776 1160 1936 1214 conﬁ-

371 1242 520 1309 dere,
541 1258 721 1297 rerum
749 1252 1027 1302 scxccntas
1046 1247 1176 1302 alias
1195 1248 1462 1304 custodias
1490 1250 1761 1318 adhibent,
1795 1252 1948 1307 undi-

370 1345 475 1399 que
499 1346 558 1387 se
579 1332 1096 1403 circummunientes,
1123 1347 1176 1394 et
1214 1354 1333 1394 eum
1378 1356 1565 1412 magna
1614 1343 1949 1401 accuratioue

373 1424 550 1478 omnia
579 1433 632 1479 et
659 1425 838 1483 dicere
860 1437 911 1483 et
939 1427 1113 1485 facere
1139 1440 1460 1502 satagcntes,
1504 1440 1561 1488 ut
1598 1449 1720 1490 cum
1762 1435 1947 1491 ﬁducia

364 1523 428 1568 ‘ct
453 1515 678 1584 puritate
706 1518 935 1585 sincera,
960 1528 1213 1590 quantum
1236 1521 1477 1577 humana:
1501 1523 1637 1579 vires
1660 1526 1945 1595 patiuntur,

366 1605 627 1661 accedere
671 1606 738 1661 ad
787 1608 948 1663 Deum
1001 1610 1202 1679 possint
1230 1627 1244 1664 :
1272 1615 1468 1681 quanta
1518 1623 1670 1683 putas
1705 1623 1950 1685 oportere

374 1697 704 1752 sacerdotem
734 1698 807 1752 uti
838 1699 888 1754 vi
916 1708 1073 1770 atque
1094 1701 1338 1757 violentia
1359 1741 1376 1770 ,
1418 1715 1475 1758 ιιι
1518 1710 1684 1775 possit
1719 1707 1949 1761 animam

375 1787 443 1839 ab
467 1787 608 1841 omni
635 1787 1032 1858 inquinamento
1052 1793 1279 1863 eripere,
1301 1806 1355 1850 et
1375 1796 1699 1864 spiritualem
1722 1795 1952 1868 pulchri-

377 1879 612 1934 tudinem
664 1881 884 1938 i’llmsam
940 1885 1189 1940 servare?
1243 1887 1446 1942 Etenim
1496 1890 1661 1944 multo
1715 1890 1948 1960 majore,

374 1982 531 2036 quam
563 1971 656 2037 illi,
698 1981 819 2043 eget
848 1975 1075 2044 puritate
1104 1996 1118 2030 :
1150 1992 1211 2031 ac
1237 1978 1325 2048 qui
1357 1980 1554 2049 majore
1595 1981 1827 2052 indiget,
1864 1981 1953 2037 ille

373 2059 612 2130 pluribus
653 2065 1056 2121 necessitatibus
1092 2066 1359 2136 subjacet,
1401 2085 1519 2139 qum
1564 2072 1765 2139 possint
1808 2072 1951 2126 illum

378 2153 688 2222 inquinare,
732 2154 830 2207 nisi
873 2155 1086 2209 assidua
1117 2158 1390 2226 _vigilantia
1415 2200 1432 2225 ,
1478 2159 1747 2230 multaque
1790 2160 1950 2215 animi

374 2243 667 2299 attentione
682 2260 828 2309 usus,
844 2245 1169 2302 inaccessum
1191 2248 1292 2302 illis
1312 2250 1543 2304 animum
1567 2250 1752 2305 reddat
1776 2266 1952 2306 suum.

378 2332 508 2388 Nam
539 2344 594 2390 et
621 2336 730 2390 oris
752 2346 1021 2405 venustas,
1047 2349 1097 2394 et
1128 2350 1362 2394 motumn
1391 2342 1661 2406 mollities,
1692 2353 1746 2397 et
1772 2344 1945 2399 inces-

373 2443 468 2482 sus
506 2428 743 2485 aifectata
788 2431 942 2496 ratio,
988 2440 1041 2486 et
1073 2431 1224 2487 vocis
1252 2432 1563 2497 contractio,
1595 2434 1869 2490 oculorum
1900 2444 1955 2491 et

379 2519 634 2574 malarum
664 2521 965 2592 stigmata‘,
1005 2522 1364 2577 ciucinnorum
1390 2526 1827 2594 Compositiones,
1863 2541 1955 2580 ca-

378 2610 549 2680 pillitii
590 2612 860 2677 tinctura,
905 2614 1127 2667 vestium
1167 2616 1541 2683 sumptuositas
1569 2657 1585 2684 ,
1630 2616 1741 2671 auri
1780 2616 1956 2673 varius

374 2712 598 2765 ornatus
629 2742 644 2767 ,
694 2717 1022 2773 gemmarum
1083 2703 1416 2772 pulchritudo
1461 2707 1518 2771 ',
1569 2717 1955 2777 unguentorum

380 2790 684 2861 fragrantia,
711 2793 917 2863 aliaque
950 2793 1146 2859 omnia,
1178 2810 1298 2865 quae
1332 2795 1589 2850 muliebre
1625 2811 1792 2867 genus
1829 2796 1957 2852 affe-

375 2890 524 2936 ctare
544 2882 698 2949 solet,
721 2886 953 2937 animum
976 2885 1187 2940 turbare
1208 2895 1447 2955 possunt,
1472 2887 1569 2941 nisi
1593 2887 1956 2956 temperantis

362 2974 691 3030 austeritate
718 2990 777 3030 se
801 2976 1065 3031 munierit.
1095 2976 1198 3031 Sed
1233 2977 1301 3032 ab
1327 2978 1388 3032 iis
1416 2977 1612 3033 turbari
1634 2979 1824 3034 mirum
1850 2994 1954 3036 non

359 3075 490 3132 vest;
533 3074 586 3120 at
626 3083 721 3137 per
740 3082 832 3123 res
864 3068 928 3122 iis
954 3068 1246 3124 contrarias
1287 3084 1444 3139 posse
1475 3068 1739 3126 diabolum
1770 3070 1956 3126 huma-

360 3169 476 3209 νηῦς
500 3157 704 3211 animas
727 3157 1013 3213 confodere
1031 3197 1047 3224 ,
1079 3158 1127 3212 id
1154 3173 1282 3214 sane
1310 3167 1526 3228 stupore
1553 3168 1606 3214 et
1631 3159 1956 3216 dubitatione

380 3246 612 3315 plenum.
657 3246 774 3302 Ja-m
798 3247 939 3303 enim
967 3248 1238 3312 nonnulli,
1265 3250 1354 3319 qui
1387 3248 1502 3304 haec
1535 3249 1790 3304 venabula
1818 3249 1955 3305 effu-

378 3346 602 3408 gerant,
643 3353 672 3393 a
719 3338 875 3409 longe
897 3339 1124 3394 diversis
1144 3340 1282 3409 capti
1303 3348 1447 3395 sunt.
1482 3340 1685 3395 Etenim
1713 3341 1952 3410 neglecta

383 3429 565 3496 facies,
596 3430 832 3498 squalida
856 3445 1029 3495 coma,
1059 3430 1269 3485 sordida
1301 3430 1483 3496 vestis,
1510 3429 1724 3486 habitus
1749 3432 1951 3486 incom-

380 3518 606 3587 positus,
654 3533 861 3575 morum
909 3519 1296 3590 verborumque
1339 3520 1671 3590 simplicitas,
1717 3521 1957 3577 incessus

383 3622 485 3659 non
509 3606 803 3671 aﬁ'ectatus,
821 3624 919 3663 vox
948 3610 1280 3676 inconcinna,
1307 3610 1476 3667 victus
1501 3620 1803 3681 paupertas,
1827 3626 1957 3666 con-

384 3705 613 3766 temptus
636 3711 699 3751 ac
726 3698 952 3766 praesidii
983 3699 1221 3768 penuria,
1246 3699 1475 3770 itemque
1500 3699 1728 3754 solitudo
1749 3711 1955 3772 specta-

385 3796 551 3840 torem
596 3788 827 3857 primum
867 3789 931 3844 ad
973 3789 1412 3858 miscricordiam,
1441 3789 1632 3846 deinde
1671 3792 1727 3847 in
1773 3801 1951 3848 extre.

384 3894 521 3933 mam
557 3880 841 3950 perniciem
874 3890 1255 3952 pertraxerunt.

451 3971 505 4026 5.
538 3970 841 4027 Faciliorem
865 3988 970 4027 esse
993 3973 1105 4027 vita
1132 3973 1372 4028 rationem
1392 3974 1776 4043 monachorum,
1800 3992 1953 4047 quam

383 4063 674 4134 prwsulum.
698 4092 771 4103 —
813 4062 1064 4134 Multique
1103 4079 1170 4119 ex
1212 4063 1474 4134 prioribus
1515 4066 1680 4135 elapsi
1728 4067 1950 4135 retibus,

383 4171 571 4226 nempe
600 4155 774 4210 aureis
810 4156 1083 4212 ornatibus
1101 4195 1118 4223 ,
1150 4159 1450 4228 unguentis,
1473 4158 1822 4225 vestimentis,
1850 4174 1955 4214 ea:-

383 4250 613 4319 torisque
637 4264 795 4319 supra
817 4249 1140 4317 memoratis,
1163 4250 1214 4304 iu
1238 4249 1350 4305 hare
1375 4250 1509 4306 adeo
1528 4250 1597 4307 ab
1620 4252 1721 4306 illis
1744 4251 1951 4307 diversa

367 4339 685 4394 oeeridcrunt
713 4340 1107 4410 pericruntquc.
1153 4341 1285 4395 Cum
1313 4356 1440 4410 ergo
1466 4356 1562 4410 per
1591 4350 1951 4412 paupertatem

364 4440 436 4483 -et
461 4429 699 4498 divitias,
733 4446 831 4500 per
865 4441 1111 4487 ornatum
1153 4444 1210 4488 et
1255 4433 1461 4488 habitus
1503 4433 1815 4504 neglectum,
1859 4450 1954 4504 per

364 4522 707 4592 'compositos
733 4538 911 4580 mores
947 4533 1002 4580 et
1044 4525 1442 4596 incompositos,
1473 4534 1634 4597 atque
1660 4541 1765 4582 uno
1793 4526 1953 4582 verbo

384 4630 478 4685 per
500 4615 679 4672 omnia
703 4614 807 4670 alia
833 4632 989 4687 supra
1018 4627 1343 4684 enumerata,
1364 4618 1559 4674 bellum
1586 4619 1637 4674 in
1667 4618 1954 4689 spectantis

381 4710 560 4765 animo
595 4708 935 4774 accendatur,
977 4720 1030 4766 et
1073 4709 1494 4766 machinamenta
1532 4710 1680 4765 ilium
1717 4710 1954 4778 undique

380 4801 792 4869 eircumsistant,
823 4801 1083 4856 undenam
1102 4802 1371 4870 respirare
1403 4800 1597 4871 poterit
1628 4807 1712 4856 tot
1749 4800 1821 4855 illi
1849 4801 1954 4856 eir-

381 4896 692 4967 compositis
714 4895 951 4967 laqueis?
982 4908 1115 4962 quas
1142 4894 1373 4949 inveniat
1409 4894 1657 4961 latebras,
1678 4909 1787 4948 non
1809 4893 1949 4961 dico,

380 5005 447 5046 ne
471 4990 522 5045 vi
546 4990 785 5059 capiatur
812 4988 888 5058 (id
914 4986 1109 5058 quippe
1134 5002 1237 5041 non
1263 4985 1546 5042 admodum
1573 4984 1784 5040 difﬁcile
1807 4986 1914 5056 est.)
1934 5027 1949 5050 ,

380 5081 473 5137 sed
499 5092 549 5134 ut
577 5080 812 5135 animum
839 5094 992 5133 suum
1018 5093 1046 5131 a
1074 5076 1230 5133 foedis
1247 5076 1652 5148 cogitationibus
1679 5078 1955 5147 impertur-

382 5174 559 5233 batum
589 5170 878 5227 custodiat?
918 5170 1066 5225 Mitto
1104 5169 1356 5235 honores,
1389 5168 1786 5223 innumerorum
1821 5183 1952 5223 cau-

377 5274 466 5315 sas
509 5261 788 5317 malorum.
839 5261 1044 5317 Etenim
1073 5259 1161 5329 qui
1198 5275 1229 5314 a
1270 5259 1577 5315 mulieribus
1619 5258 1949 5325 deferuntur,

434 5440 460 5470 "
495 5437 631 5507 sat-tl.
660 5447 711 5490 et
741 5438 920 5507 atiquct
957 5447 1083 5507 Mss,
1125 5445 1171 5491 et
1204 5435 1451 5507 acutorum
1470 5436 1708 5507 stigmqta,
1730 5443 1776 5507 et
1798 5434 1950 5487 mata-

380 5513 489 5549 rum
510 5501 731 5563 picturis;
754 5499 852 5557 alii,
876 5506 922 5550 et
942 5503 1245 5563 malarumiet
1264 5499 1587 5551 cirwt'unorum
1611 5499 1886 5560 mentiones.

369 5563 452 5674 α’
474 5556 979 5673 ξέἓίδςηὶιὼιιιῆοιιιοι
1004 5573 1137 5625 \Iss.;
1161 5562 1257 5622 eiii,
1296 5563 1406 5613 auri
1443 5569 1488 5613 ct
1518 5556 1820 5624 gemmarum
1842 5556 1951 5624 pul-

419 5637 479 5671 ΗἹ
504 5666 505 5669 η
577 5637 617 5671 ο.

1099 222 1154 280 S.
1195 223 1472 281 JOANNIS
1508 226 1981 289 CllRYSOSTOIIl
2023 227 2335 287 ARCHIEP.
2378 230 2909 290 CONSTANTINOP.

3514 238 3617 295 680

2046 349 2405 416 temperantia:
2474 347 2781 405 assiduitate
2822 351 2837 381 ¹
2883 360 3235 413 enarrantur;
3294 363 3527 408 attamen
3584 355 3619 409 ii

2040 452 2188 508 smpe
2212 438 2459 509 dejiciunt
2486 456 2629 508 eum,
2653 441 2739 512 qui
2765 450 2950 497 contra
2974 442 3106 498 tales
3130 443 3348 499 insidias
3365 456 3623 513 perpetuo

2046 529 2262 602 vigilare
2289 531 2475 586 nescit.
2503 528 2742 587 [latiores
2764 543 2940 588 autem
2961 549 2990 588 a
3015 526 3138 589 viris
3160 534 3363 590 delatos
3383 535 3482 590 nisi
3503 536 3622 606 quis

2046 638 2235 693 magna
2284 638 2404 678 eum
2458 624 2618 679 animi
2652 626 2950 680 constantia
2990 627 3294 696 exceperit,
3342 643 3374 682 a
3412 627 3622 683 duobus

2047 712 2326 768 contrariis
2356 713 2553 768 morbis
2575 713 2876 784 corripitur,
2911 730 2941 769 a
2976 716 3227 772 servitute
3265 716 3465 771 scilicet
3502 732 3622 787 qua:

2047 818 2110 859 ex
2138 804 2437 860 adulatione
2461 806 2716 873 nascitur,
2738 814 2793 861 et
2817 806 2883 860 ab
2908 807 3224 876 arrogantia:
3251 808 3475 873 insania,
3493 807 3620 861 dum

2047 894 2407 951 adulatoribus
2428 897 2537 951 suis
2559 912 2617 952 se
2641 897 2901 967 subjicere
2919 897 3143 968 cogitur,
3165 907 3220 952 et
3239 913 3304 952 ex
3333 898 3624 954 honoribus

2049 1004 2145 1058 per
2189 1004 2283 1044 eos
2324 989 2514 1044 delatis
2564 989 2821 1046 adversus
2871 992 3137 1047 tenuiores
3186 990 3416 1057 inﬂatur,
3465 1001 3521 1046 et
3569 993 3622 1047 in

2048 1083 2294 1137 amentia:
2332 1082 2636 1139 barathrum
2674 1084 2937 1153 dejicitur.
2986 1085 3108 1140 llaec
3152 1085 3362 1155 quidem
3404 1100 3434 1138 a
3471 1085 3625 1140 nobis

2048 1174 2186 1229 dicta
2216 1182 2341 1228 sunt
2369 1192 2384 1229 :
2408 1189 2566 1242 quam
2593 1188 2720 1229 vero
2756 1175 3011 1230 damnosa
3040 1176 3162 1241 sint,
3195 1175 3403 1229 nonnisi
3430 1190 3624 1245 experc

2051 1273 2135 1319 tus
2162 1265 2326 1335 probe
2359 1266 2567 1323 discere
2596 1276 2789 1336 potest.
2830 1266 3013 1337 Neque
3053 1268 3193 1321 enim
3235 1266 3348 1322 haec
3388 1277 3621 1327 tantum.

2028 1355 2144 1425 .sed
2173 1357 2331 1426 longe
2354 1356 2438 1413 his
2458 1358 2611 1427 plura
2634 1368 2688 1414 et
2714 1359 3087 1428 perieulosiora
3114 1360 3169 1414 in
3195 1359 3370 1415 medio
3393 1361 3624 1414 versanti
3658 1430 3661 1433 ν

2051 1447 2294 1504 accidere
2338 1464 2558 1505 necesse
2604 1451 2780 1506 fuerit.
2830 1450 2929 1519 Qui
2957 1465 3084 1506 vero
3109 1450 3444 1506 solitudinem
3474 1452 3621 1516 colit,

2055 1539 2242 1595 horum
2271 1542 2507 1597 omnium
2537 1541 2921 1598 immunitatem
2947 1543 3290 1614 consequitur
3313 1559 3327 1597 :
3347 1543 3392 1598 si
3417 1543 3627 1613 quando

2052 1630 2278 1688 absurda
2321 1634 2571 1703 cogitatio
2617 1635 2741 1704 quid
2783 1634 2957 1689 simile
3004 1635 3100 1704 ipsi
3146 1635 3626 1704 reprtesenmverit,

2055 1726 2312 1782 imbecilla
2345 1734 2519 1781 tamen
2550 1736 2630 1781 est
2655 1728 2952 1796 phantasia,
2975 1741 3092 1796 quae
3109 1725 3225 1781 cito
3251 1725 3417 1795 possit
3436 1740 3517 1779 ex-
3535 1725 3630 1779 tino

2052 1817 2160 1889 gui,
2191 1818 2308 1887 quia
2336 1816 2480 1873 nulla
2505 1818 2832 1872 extrinsecus
2856 1816 3085 1871 ﬂamma:
3110 1817 3330 1872 materia
3353 1832 3417 1870 ex
3443 1815 3629 1871 oculo-

2054 1923 2170 1963 rum
2201 1918 2417 1977 aspeetu
2457 1907 2844 1978 suppeditatur.
2877 1908 2953 1961 Ac
2979 1906 3268 1962 monachus
3291 1906 3503 1978 quidem
3528 1907 3628 1961 sibi

2054 1998 2154 2054 soli
2183 1999 2360 2064 timet;
2390 2001 2433 2054 si
2456 2014 2582 2055 vero
2607 1999 2674 2055 de
2700 1999 2817 2053 aliis
2842 1999 3157 2068 quandoque
3185 2011 3373 2053 curare
3391 2007 3626 2069 cogatur,

2055 2100 2200 2147 certe
2231 2091 2531 2161 paucissimi
2555 2091 2625 2145 illi
2655 2099 2812 2154 sunt;
2842 2091 2922 2145 sin
2946 2090 3124 2161 plures
3149 2089 3365 2157 fuerint,
3387 2098 3439 2144 at
3461 2089 3632 2144 multo

2057 2186 2292 2240 minores
2320 2200 2545 2239 numero
2574 2199 2729 2254 quam
2762 2183 2797 2237 ii
2827 2185 2915 2253 qui
2946 2183 2996 2237 in
3034 2182 3290 2237 Eeclesiis
3316 2191 3629 2246 versantur,

2056 2284 2214 2346 atque
2258 2276 2292 2330 ii
2337 2275 2503 2330 multo
2538 2275 2787 2330 leviorem
2822 2275 3069 2344 prati-clo
3095 2289 3194 2329 suo
3219 2273 3627 2329 sollicitudinem

2056 2366 2326 2431 exhibent,
2375 2382 2478 2420 non
2516 2364 2585 2419 ob
2625 2365 2942 2435 paucitatem
2991 2373 3213 2428 tantum,
3248 2362 3344 2420 sed
3385 2364 3634 2434 quoniam

2057 2473 2244 2515 omnes
2267 2473 2295 2511 a
2320 2457 2657 2513 saecularibus
2685 2457 2842 2510 rebus
2867 2456 3015 2509 vacui
3043 2455 3258 2524 degunt,
3290 2469 3390 2509 nec
3416 2455 3631 2519 liberos,

2057 2565 2157 2607 nec
2178 2564 2420 2617 uxorem,
2450 2564 2619 2619 neque
2655 2548 2810 2601 ullam
2842 2545 3206 2614 hujuscemodi
3237 2560 3417 2600 curam
3456 2558 3637 2600 susce-

2060 2649 2265 2710 perunt.
2312 2639 2366 2694 ld
2404 2655 2560 2709 porro
2586 2639 2705 2694 illos
2729 2637 3013 2692 admodum
3045 2635 3311 2707 praefectis
3341 2635 3636 2706 morigeros

2057 2733 2236 2797 efﬁcit,
2265 2742 2319 2787 et
2338 2732 2477 2803 quod
2504 2732 2768 2787 communi
2792 2730 3061 2786 domicilio
3085 2739 3319 2795 utantur,
3338 2726 3490 2783 facile
3508 2741 3637 2797 pos-

2058 2832 2181 2880 sunt
2217 2839 2399 2880 eorum
2439 2822 2628 2878 delicta
2669 2831 2724 2877 et
2760 2822 3007 2893 cognosci
3048 2830 3102 2875 et
3144 2817 3415 2875 emendari
3445 2837 3458 2872 :
3489 2817 3634 2890 quod

2057 2932 2164 2973 non
2193 2915 2460 2970 modicum
2483 2913 2692 2970 confert
2726 2913 2791 2968 ad
2833 2912 3039 2971 virtutis
3080 2913 3485 2976 incrementum,
3506 2923 3636 2965 cum

2055 3005 2261 3062 scilicet
2287 3005 2536 3073 magister
2561 3015 2868 3073 perpetuam
2894 3010 3044 3073 gerat
3070 3001 3500 3057 sollicitudinem.

2126 3099 2180 3155 6.
2224 3096 2547 3151 Sacerdotem
2594 3097 2701 3151 orbi
2744 3105 2989 3149 terrarum
3041 3111 3147 3149 esse
3197 3094 3540 3164 praepositum.
3563 3120 3638 3134 --

2057 3192 2254 3248 Eorum
2284 3206 2432 3254 vero,
2462 3191 2550 3261 qui
2580 3189 2839 3245 sacerdoti
2863 3189 3107 3254 subsunt,
3135 3188 3362 3241 maxima
3381 3200 3508 3257 pars
3535 3199 3637 3240 saa-

2056 3286 2323 3342 cularibus
2356 3284 2497 3339 euris
2537 3294 2659 3338 sunt
2695 3281 2888 3337 addicti
2929 3280 3067 3351 quod
3102 3280 3220 3334 illos
3248 3278 3314 3332 ad
3340 3275 3635 3348 spiritualia

2057 3394 2215 3450 Opera
2248 3376 2541 3448 peragenda
2570 3375 2842 3445 segniores
2872 3373 3065 3427 reddit.
3104 3369 3259 3426 Unde
3282 3376 3338 3425 et
3361 3369 3633 3424 doctorem

2058 3483 2275 3525 necesse
2312 3477 2392 3523 est
2428 3466 2675 3537 singulis,
2709 3474 2764 3519 ut
2789 3464 2858 3518 ita
2889 3463 3095 3527 dicam,
3129 3460 3316 3516 diebus
3339 3467 3633 3515 sementem

2052 3559 2259 3629 jacere,
2290 3566 2348 3613 ut
2386 3557 2691 3612 assiduitate
2721 3557 2740 3587 ²
2776 3555 2862 3609 ilia
2903 3554 3069 3624 possit
3111 3551 3363 3607 docti-inre
3415 3548 3634 3605 verbum

2055 3651 2124 3707 ab
2147 3649 2474 3704 auditoribus
2501 3646 2737 3703 retineri.
2762 3645 2975 3699 Etenim
3006 3643 3201 3698 divitia:
3228 3643 3467 3711 ingentes
3484 3680 3503 3707 ,
3535 3652 3634 3708 po-

2055 3740 2235 3795 tentia.-
2263 3738 2584 3808 magnitudo,
2618 3736 2866 3806 segnities
2891 3750 2955 3789 ex
2978 3734 3250 3802 voluptate
3278 3739 3418 3796 nata,
3444 3731 3635 3784 multa-

2054 3846 2160 3900 que
2196 3828 2297 3883 alia
2332 3829 2531 3899 jactum
2572 3842 2754 3883 semen
2797 3825 3054 3880 sutfocant
3085 3840 3101 3878 :
3129 3838 3272 3891 szepe
3300 3836 3427 3876 vero
3454 3822 3636 3891 spina-

2055 3938 2172 3977 rum
2209 3920 2521 3991 frequentia,
2555 3935 2621 3973 ne
2656 3918 2720 3972 ad
2760 3916 3092 3986 superﬁciem
3123 3913 3335 3985 quidem
3368 3924 3523 3967 terra:
3549 3927 3635 3966 se-

1977 4048 1990 4059 -
2057 4030 2178 4070 men
2205 4013 2397 4068 cadere
2421 4013 2562 4067 sinit.
2608 4011 2741 4065 Hinc
2766 4024 2895 4062 vero
2924 4020 3279 4061 :erumnarum
3305 4003 3629 4074 magnitudo,

2055 4109 2137 4164 vis
2162 4106 2503 4178 paupertatis,
2526 4102 2782 4157 molestire
2806 4097 3055 4166 assiduae,
3072 4098 3278 4166 aliaque
3307 4094 3631 4165 hujusmodi,

2057 4200 2319 4269 prioribus
2355 4197 2650 4260 contraria,
2694 4209 2724 4248 a
2774 4193 3072 4247 divinorum
3121 4190 3296 4245 studio
3343 4187 3630 4243 abducunt.

2056 4292 2399 4348 Peccatorum
2437 4297 2613 4343 autem
2645 4301 2711 4341 ne
2741 4283 2940 4339 tantilla
2975 4282 3188 4353 quidem
3225 4296 3349 4355 pars
3378 4288 3553 4350 potest
3578 4280 3632 4334 in

2055 4396 2239 4439 eorum
2279 4379 2515 4435 notitiam
2544 4376 2725 4432 venire
2756 4391 2769 4427 :
2803 4371 3069 4444 quomodo
3110 4371 3273 4437 enim,
3296 4382 3415 4425 eum
3460 4368 3634 4423 maxi-

2056 4488 2195 4528 mam
2234 4485 2415 4527 eorum
2465 4478 2667 4538 partem
2705 4480 2772 4519 ne
2810 4464 2876 4519 de
2914 4462 3048 4517 facie
3087 4456 3299 4531 quidem
3340 4459 3514 4514 norit?
3557 4460 3634 4514 Ac

2055 4578 2172 4634 qum
2211 4561 2276 4614 ad
2314 4559 2563 4630 populum
2602 4556 2814 4627 quidem
2840 4561 3080 4623 spectant
3104 4552 3190 4605 his
3218 4562 3341 4605 sunt
3380 4550 3634 4621 perplexa

2055 4656 2467 4712 difﬁcultatibus.
2498 4653 2648 4722 Quod
2676 4653 2718 4708 si
2748 4653 2867 4723 quis
2891 4665 2954 4705 ea
3007 4665 3125 4720 quae
3166 4650 3232 4703 ad
3272 4649 3436 4704 Deum
3466 4650 3634 4720 perti-

2057 4756 2204 4816 nent,
2234 4745 2609 4816 exploraverit,
2644 4743 2817 4813 priora
2843 4741 2972 4797 nihil
3001 4753 3217 4811 prorsus
3238 4755 3360 4795 esse
3381 4739 3639 4795 videbun-

2058 4850 2143 4896 tur
2169 4858 2182 4895 ε
2215 4841 2286 4895 ita
2312 4838 2565 4908 majorem
2588 4835 2705 4890 htec
2722 4833 3218 4904 diligentioremque
3247 4844 3429 4886 curam
3462 4840 3637 4900 postn-

2056 4935 2187 4989 lant.
2216 4932 2345 4987 Nam
2370 4930 2457 5002 qui
2486 4944 2581 5000 pro
2610 4937 2716 4983 tota
2746 4927 2975 4988 civitate,
3011 4933 3064 4979 et
3090 4922 3214 4994 quid
3240 4922 3359 4977 dico
3389 4921 3638 4977 civitate?

2057 5028 2163 5082 imo
2193 5038 2289 5093 pro
2315 5022 2558 5075 universa
2586 5028 2726 5074 terra
2748 5026 3015 5071 oratorem
3043 5016 3169 5084 agit,
3195 5014 3408 5083 Deoque
3435 5011 3635 5081 suppli-

2059 5132 2180 5172 cans
2203 5123 2261 5168 ut
2299 5112 2534 5168 omnium
2567 5110 2793 5181 peccatis
2832 5108 2899 5163 sit
2932 5106 3208 5178 propitius,
3249 5118 3355 5159 non
3393 5104 3630 5157 vivorum

2057 5217 2288 5273 tantum,
2342 5203 2435 5259 sed
2486 5203 2645 5259 etiam
2690 5217 2875 5257 eorum
2927 5200 3014 5271 qui
3061 5199 3344 5263 obierunt,
3384 5193 3631 5267 qualem,

2055 5313 2256 5370 quzeso,
2286 5303 2496 5367 oportet
2524 5292 2686 5350 esse?

2106 5436 2134 5504 ,ι
2172 5440 2277 5492 reo,
2299 5426 2627 5493 temperanter
2655 5423 2958 5487 assiduitate;
2978 5437 3118 5484 unus,
3144 5419 3471 5487 tanperantite
3487 5419 3635 5471 mete-

2054 5507 2310 5604 “?Savil.
2327 5560 2390 5616 et
2411 5551 2602 5616 plurimi
2626 5557 2753 5613 Mss,
2771 5546 3063 5601 assiduitate.
3093 5544 3254 5597 Morel.
3276 5550 3327 5596 et
3350 5542 3485 5607 pauci
3507 5546 3633 5602 uss,

2056 5613 2412 5670 consuetudine.
