  <div class='ocr_page' id='page_1' title='image "/cluster/home/n/w/nwhite01/storage/ocr_20150623/48/mdp.39015032114640/160.png"; bbox 0 0 4050 6160; ppageno 0'>
   <div class='ocr_carea' id='block_1_1' title="bbox 243 365 347 421">
    <p class='ocr_par' dir='ltr' id='par_1_1' title="bbox 243 365 347 421">
     <span class='ocr_line' id='line_1_1' title="bbox 243 365 347 421; baseline 0.01 -1"><span class='ocrx_word' id='word_1_1' title='bbox 243 365 347 421; x_wconf 71' lang='grc'>679</span> 
     </span>
    </p>
   </div>
   <div class='ocr_carea' id='block_1_2' title="bbox 243 472 1916 548">
    <p class='ocr_par' dir='ltr' id='par_1_2' title="bbox 243 472 1916 548">
     <span class='ocr_line' id='line_1_2' title="bbox 243 472 1916 548; baseline -0.004 -17"><span class='ocrx_word' id='word_1_2' title='bbox 243 480 385 548; x_wconf 71' lang='grc' dir='ltr'>ὑπὲρ</span> <span class='ocrx_word' id='word_1_3' title='bbox 414 476 695 547; x_wconf 80' lang='grc' dir='ltr'>βασιλείας</span> <span class='ocrx_word' id='word_1_4' title='bbox 725 475 855 545; x_wconf 78' lang='grc' dir='ltr'>ἡμῖν</span> <span class='ocrx_word' id='word_1_5' title='bbox 879 475 906 526; x_wconf 99' lang='lat'>6</span> <span class='ocrx_word' id='word_1_6' title='bbox 934 474 1108 540; x_wconf 80' lang='grc' dir='ltr'><strong>λόγος,</strong></span> <span class='ocrx_word' id='word_1_7' title='bbox 1145 472 1260 527; x_wconf 71' lang='grc' dir='ltr'>ἀλλ’</span> <span class='ocrx_word' id='word_1_8' title='bbox 1295 473 1434 544; x_wconf 86' lang='grc' dir='ltr'>ὑπὲρ</span> <span class='ocrx_word' id='word_1_9' title='bbox 1467 474 1788 544; x_wconf 87' lang='grc' dir='ltr'>πράγματος</span> <span class='ocrx_word' id='word_1_10' title='bbox 1817 473 1916 541; x_wconf 88' lang='grc' dir='ltr'>ἀγ-</span> 
     </span>
    </p>
   </div>
   <div class='ocr_carea' id='block_1_3' title="bbox 243 562 1010 635">
    <p class='ocr_par' dir='ltr' id='par_1_3' title="bbox 243 562 1010 635">
     <span class='ocr_line' id='line_1_3' title="bbox 243 562 1010 635; baseline -0.005 -17"><span class='ocrx_word' id='word_1_11' title='bbox 243 566 473 634; x_wconf 78' lang='grc' dir='ltr'>γελικῆς</span> <span class='ocrx_word' id='word_1_12' title='bbox 502 564 704 635; x_wconf 85' lang='grc' dir='ltr'>ἀρετῆς</span> <span class='ocrx_word' id='word_1_13' title='bbox 733 562 1010 632; x_wconf 80' lang='grc' dir='ltr'>δεομένου.</span> 
     </span>
    </p>
   </div>
   <div class='ocr_carea' id='block_1_4' title="bbox 318 645 1920 722">
    <p class='ocr_par' dir='ltr' id='par_1_4' title="bbox 318 645 1920 722">
     <span class='ocr_line' id='line_1_4' title="bbox 318 645 1920 722; baseline -0.004 -16"><span class='ocrx_word' id='word_1_14' title='bbox 318 653 385 722; x_wconf 84' lang='grc' dir='ltr'>β’.</span> <span class='ocrx_word' id='word_1_15' title='bbox 431 651 544 704; x_wconf 76' lang='grc' dir='ltr'>Καὶ</span> <span class='ocrx_word' id='word_1_16' title='bbox 582 651 692 721; x_wconf 85' lang='grc' dir='ltr'>γὰρ</span> <span class='ocrx_word' id='word_1_17' title='bbox 740 649 849 702; x_wconf 87' lang='grc' dir='ltr'>τῶν</span> <span class='ocrx_word' id='word_1_18' title='bbox 898 648 1129 702; x_wconf 82' lang='grc' dir='ltr'>ἀκτίνων</span> <span class='ocrx_word' id='word_1_19' title='bbox 1178 647 1358 702; x_wconf 83' lang='grc' dir='ltr'>αὐτῶν</span> <span class='ocrx_word' id='word_1_20' title='bbox 1405 646 1805 717; x_wconf 72' lang='grc' dir='ltr'>καθαρωτέραν</span> <span class='ocrx_word' id='word_1_21' title='bbox 1842 645 1920 717; x_wconf 83' lang='grc' dir='ltr'>τῷ</span> 
     </span>
    </p>
   </div>
   <div class='ocr_carea' id='block_1_5' title="bbox 248 733 1922 812">
    <p class='ocr_par' dir='ltr' id='par_1_5' title="bbox 248 733 1922 812">
     <span class='ocr_line' id='line_1_5' title="bbox 248 733 1922 812; baseline -0.003 -19"><span class='ocrx_word' id='word_1_22' title='bbox 248 742 384 812; x_wconf 81' lang='grc' dir='ltr'>ἱερεῖ</span> <span class='ocrx_word' id='word_1_23' title='bbox 413 739 517 811; x_wconf 79' lang='grc' dir='ltr'>τὴν</span> <span class='ocrx_word' id='word_1_24' title='bbox 551 738 731 808; x_wconf 77' lang='grc' dir='ltr'>ψυχὴν</span> <span class='ocrx_word' id='word_1_25' title='bbox 756 733 896 790; x_wconf 79' lang='grc' dir='ltr'>εἶναι</span> <span class='ocrx_word' id='word_1_26' title='bbox 921 737 1020 800; x_wconf 85' lang='grc' dir='ltr'>δεῖ,</span> <span class='ocrx_word' id='word_1_27' title='bbox 1079 737 1167 790; x_wconf 75' lang='grc' dir='ltr'>ἵνα</span> <span class='ocrx_word' id='word_1_28' title='bbox 1223 735 1489 808; x_wconf 85' lang='grc' dir='ltr'>μηδέποτε</span> <span class='ocrx_word' id='word_1_29' title='bbox 1523 734 1726 806; x_wconf 80' lang='grc' dir='ltr'>ἔρημον</span> <span class='ocrx_word' id='word_1_30' title='bbox 1758 735 1922 788; x_wconf 77' lang='grc' dir='ltr'>αὑτὸν</span> 
     </span>
    </p>
   </div>
   <div class='ocr_carea' id='block_1_6' title="bbox 245 822 1922 895">
    <p class='ocr_par' dir='ltr' id='par_1_6' title="bbox 245 822 1922 895">
     <span class='ocr_line' id='line_1_6' title="bbox 245 822 1922 895; baseline -0.005 -13"><span class='ocrx_word' id='word_1_31' title='bbox 245 826 636 895; x_wconf 79' lang='grc' dir='ltr'>καταλιμπάνη</span> <span class='ocrx_word' id='word_1_32' title='bbox 670 836 695 863; x_wconf 75' lang='grc' dir='ltr'>α</span> <span class='ocrx_word' id='word_1_33' title='bbox 746 825 806 876; x_wconf 77' lang='grc' dir='ltr'>τὸ</span> <span class='ocrx_word' id='word_1_34' title='bbox 849 823 1072 893; x_wconf 87' lang='grc' dir='ltr'>Πνεῦμα</span> <span class='ocrx_word' id='word_1_35' title='bbox 1122 824 1182 877; x_wconf 87' lang='grc' dir='ltr'>τὺ</span> <span class='ocrx_word' id='word_1_36' title='bbox 1226 823 1404 891; x_wconf 82' lang='grc' dir='ltr'>ἀγιον,</span> <span class='ocrx_word' id='word_1_37' title='bbox 1449 823 1535 876; x_wconf 90' lang='grc' dir='ltr'>ῖνα</span> <span class='ocrx_word' id='word_1_38' title='bbox 1569 822 1796 892; x_wconf 86' lang='grc' dir='ltr'>δύνηται</span> <span class='ocrx_word' id='word_1_39' title='bbox 1833 822 1922 875; x_wconf 86' lang='grc' dir='ltr'>λέ-</span> 
     </span>
    </p>
   </div>
   <div class='ocr_carea' id='block_1_7' title="bbox 245 911 1902 984">
    <p class='ocr_par' dir='ltr' id='par_1_7' title="bbox 245 911 1902 984">
     <span class='ocr_line' id='line_1_7' title="bbox 245 911 1902 984; baseline -0.003 -15"><span class='ocrx_word' id='word_1_40' title='bbox 245 935 388 984; x_wconf 88' lang='grc' dir='ltr'>γειν,</span> <span class='ocrx_word' id='word_1_41' title='bbox 425 913 518 968; x_wconf 89' lang='grc' dir='ltr'>Ζῶ</span> <span class='ocrx_word' id='word_1_42' title='bbox 552 913 622 966; x_wconf 85' lang='grc' dir='ltr'>δὲ</span> <span class='ocrx_word' id='word_1_43' title='bbox 664 915 778 966; x_wconf 81' lang='grc' dir='ltr'>οὐκ</span> <span class='ocrx_word' id='word_1_44' title='bbox 823 914 910 966; x_wconf 79' lang='grc' dir='ltr'>ἔτι</span> <span class='ocrx_word' id='word_1_45' title='bbox 941 911 1077 981; x_wconf 81' lang='grc' dir='ltr'>ἐγὼ,</span> <span class='ocrx_word' id='word_1_46' title='bbox 1137 911 1204 980; x_wconf 77' lang='grc' dir='ltr'><em>ζῇ</em></span> <span class='ocrx_word' id='word_1_47' title='bbox 1257 911 1325 964; x_wconf 86' lang='grc' dir='ltr'>δὲ</span> <span class='ocrx_word' id='word_1_48' title='bbox 1371 912 1441 965; x_wconf 77' lang='grc' dir='ltr'>ἐν</span> <span class='ocrx_word' id='word_1_49' title='bbox 1475 912 1604 980; x_wconf 69' lang='grc' dir='ltr'>ἐμοὶ</span> <span class='ocrx_word' id='word_1_50' title='bbox 1647 913 1902 979; x_wconf 71' lang='grc' dir='ltr'>Χριστόρ</span> 
     </span>
    </p>
   </div>
   <div class='ocr_carea' id='block_1_8' title="bbox 247 998 1926 1073">
    <p class='ocr_par' dir='ltr' id='par_1_8' title="bbox 247 998 1926 1073">
     <span class='ocr_line' id='line_1_8' title="bbox 247 998 1926 1073; baseline -0.004 -15"><span class='ocrx_word' id='word_1_51' title='bbox 247 1004 311 1058; x_wconf 78' lang='lat' dir='ltr'><strong>El</strong></span> <span class='ocrx_word' id='word_1_52' title='bbox 338 1003 448 1073; x_wconf 81' lang='grc' dir='ltr'>γάρ</span> <span class='ocrx_word' id='word_1_53' title='bbox 483 1004 530 1055; x_wconf 87' lang='grc' dir='ltr'>οἱ</span> <span class='ocrx_word' id='word_1_54' title='bbox 577 1001 676 1071; x_wconf 79' lang='grc' dir='ltr'>τὴν</span> <span class='ocrx_word' id='word_1_55' title='bbox 711 1000 916 1072; x_wconf 74' lang='grc' dir='ltr'>ἔρημον</span> <span class='ocrx_word' id='word_1_56' title='bbox 941 998 1240 1063; x_wconf 81' lang='grc' dir='ltr'>οἰκοῦντες,</span> <span class='ocrx_word' id='word_1_57' title='bbox 1291 1000 1388 1054; x_wconf 73' lang='grc' dir='ltr'>καὶ</span> <span class='ocrx_word' id='word_1_58' title='bbox 1434 999 1641 1062; x_wconf 82' lang='grc' dir='ltr'>πόλεως</span> <span class='ocrx_word' id='word_1_59' title='bbox 1671 999 1766 1052; x_wconf 76' lang='grc' dir='ltr'>καὶ</span> <span class='ocrx_word' id='word_1_60' title='bbox 1794 999 1926 1066; x_wconf 82' lang='grc' dir='ltr'>ἀγο-</span> 
     </span>
    </p>
   </div>
   <div class='ocr_carea' id='block_1_9' title="bbox 249 1084 1926 1163">
    <p class='ocr_par' dir='ltr' id='par_1_9' title="bbox 249 1084 1926 1163">
     <span class='ocr_line' id='line_1_9' title="bbox 249 1084 1926 1163; baseline -0.005 -18"><span class='ocrx_word' id='word_1_61' title='bbox 249 1093 351 1163; x_wconf 67' lang='grc' dir='ltr'>ρᾶς</span> <span class='ocrx_word' id='word_1_62' title='bbox 381 1091 478 1143; x_wconf 75' lang='grc' dir='ltr'>καὶ</span> <span class='ocrx_word' id='word_1_63' title='bbox 513 1089 622 1141; x_wconf 86' lang='grc' dir='ltr'>τῶν</span> <span class='ocrx_word' id='word_1_64' title='bbox 666 1087 875 1140; x_wconf 89' lang='grc' dir='ltr'>ἐκεῖθεν</span> <span class='ocrx_word' id='word_1_65' title='bbox 912 1087 1323 1157; x_wconf 79' lang='grc' dir='ltr'>ἀπηλλαγμένοι</span> <span class='ocrx_word' id='word_1_66' title='bbox 1369 1085 1633 1159; x_wconf 88' lang='grc' dir='ltr'>θορύϐων,</span> <span class='ocrx_word' id='word_1_67' title='bbox 1683 1086 1777 1139; x_wconf 75' lang='grc' dir='ltr'>καὶ</span> <span class='ocrx_word' id='word_1_68' title='bbox 1811 1084 1926 1138; x_wconf 86' lang='grc' dir='ltr'>δια-</span> 
     </span>
    </p>
   </div>
   <div class='ocr_carea' id='block_1_10' title="bbox 246 1173 1924 1246">
    <p class='ocr_par' dir='ltr' id='par_1_10' title="bbox 246 1173 1924 1246">
     <span class='ocr_line' id='line_1_10' title="bbox 246 1173 1924 1246; baseline -0.003 -14"><span class='ocrx_word' id='word_1_69' title='bbox 246 1179 454 1240; x_wconf 72' lang='grc' dir='ltr'>παντὸς</span> <span class='ocrx_word' id='word_1_70' title='bbox 510 1176 747 1246; x_wconf 80' lang='grc' dir='ltr'>λιμένων</span> <span class='ocrx_word' id='word_1_71' title='bbox 801 1175 896 1228; x_wconf 79' lang='grc' dir='ltr'>καὶ</span> <span class='ocrx_word' id='word_1_72' title='bbox 943 1175 1186 1245; x_wconf 84' lang='grc' dir='ltr'>γαλήνης</span> <span class='ocrx_word' id='word_1_73' title='bbox 1234 1175 1599 1239; x_wconf 83' lang='grc' dir='ltr'>ἀπολαύοντες</span> <span class='ocrx_word' id='word_1_74' title='bbox 1648 1176 1750 1228; x_wconf 82' lang='grc' dir='ltr'>οὑκ</span> <span class='ocrx_word' id='word_1_75' title='bbox 1799 1173 1924 1227; x_wconf 87' lang='grc' dir='ltr'>ἐθέ-</span> 
     </span>
    </p>
   </div>
   <div class='ocr_carea' id='block_1_11' title="bbox 245 1261 1923 1335">
    <p class='ocr_par' dir='ltr' id='par_1_11' title="bbox 245 1261 1923 1335">
     <span class='ocr_line' id='line_1_11' title="bbox 245 1261 1923 1335; baseline -0.002 -15"><span class='ocrx_word' id='word_1_76' title='bbox 245 1268 400 1320; x_wconf 88' lang='grc' dir='ltr'>λουσι</span> <span class='ocrx_word' id='word_1_77' title='bbox 428 1265 652 1335; x_wconf 72' lang='grc' dir='ltr'>θαρρεῖν</span> <span class='ocrx_word' id='word_1_78' title='bbox 683 1264 731 1328; x_wconf 65' lang='grc' dir='ltr'>δ,</span> <span class='ocrx_word' id='word_1_79' title='bbox 759 1264 825 1334; x_wconf 79' lang='grc' dir='ltr'>τῇ</span> <span class='ocrx_word' id='word_1_80' title='bbox 852 1263 950 1332; x_wconf 83' lang='grc' dir='ltr'>τῆς</span> <span class='ocrx_word' id='word_1_81' title='bbox 980 1261 1190 1333; x_wconf 80' lang='grc' dir='ltr'>διαίτης</span> <span class='ocrx_word' id='word_1_82' title='bbox 1215 1263 1432 1333; x_wconf 78' lang='grc' dir='ltr'>ἐκείνης</span> <span class='ocrx_word' id='word_1_83' title='bbox 1460 1263 1753 1333; x_wconf 66' lang='grc' dir='ltr'>ἀσφαλείᾳ,</span> <span class='ocrx_word' id='word_1_84' title='bbox 1785 1262 1923 1316; x_wconf 89' lang='grc' dir='ltr'>ἀλλά</span> 
     </span>
    </p>
   </div>
   <div class='ocr_carea' id='block_1_12' title="bbox 247 1348 1925 1424">
    <p class='ocr_par' dir='ltr' id='par_1_12' title="bbox 247 1348 1925 1424">
     <span class='ocr_line' id='line_1_12' title="bbox 247 1348 1925 1424; baseline -0.003 -18"><span class='ocrx_word' id='word_1_85' title='bbox 247 1355 345 1406; x_wconf 75' lang='grc' dir='ltr'>καὶ</span> <span class='ocrx_word' id='word_1_86' title='bbox 382 1352 583 1424; x_wconf 86' lang='grc' dir='ltr'>μυρίας</span> <span class='ocrx_word' id='word_1_87' title='bbox 606 1350 799 1422; x_wconf 87' lang='grc' dir='ltr'>ἐτέρας</span> <span class='ocrx_word' id='word_1_88' title='bbox 820 1349 1175 1420; x_wconf 74' lang='grc' dir='ltr'>προστιθέασι</span> <span class='ocrx_word' id='word_1_89' title='bbox 1201 1348 1468 1418; x_wconf 72' lang='grc' dir='ltr'>φυλακὰς,</span> <span class='ocrx_word' id='word_1_90' title='bbox 1502 1349 1769 1404; x_wconf 78' lang='grc' dir='ltr'>πάντοθεν</span> <span class='ocrx_word' id='word_1_91' title='bbox 1799 1350 1925 1401; x_wconf 85' lang='grc' dir='ltr'>ἐαυ·</span> 
     </span>
    </p>
   </div>
   <div class='ocr_carea' id='block_1_13' title="bbox 245 1436 1925 1509">
    <p class='ocr_par' dir='ltr' id='par_1_13' title="bbox 245 1436 1925 1509">
     <span class='ocr_line' id='line_1_13' title="bbox 245 1436 1925 1509; baseline -0.002 -16"><span class='ocrx_word' id='word_1_92' title='bbox 245 1442 375 1502; x_wconf 72' lang='grc' dir='ltr'>τοὺς</span> <span class='ocrx_word' id='word_1_93' title='bbox 419 1437 900 1509; x_wconf 87' lang='grc' dir='ltr'>περιφράττοντες,</span> <span class='ocrx_word' id='word_1_94' title='bbox 939 1437 1034 1490; x_wconf 78' lang='grc' dir='ltr'>καὶ</span> <span class='ocrx_word' id='word_1_95' title='bbox 1080 1437 1221 1506; x_wconf 84' lang='grc' dir='ltr'>μετά</span> <span class='ocrx_word' id='word_1_96' title='bbox 1256 1436 1448 1507; x_wconf 83' lang='grc' dir='ltr'>πολλῆς</span> <span class='ocrx_word' id='word_1_97' title='bbox 1485 1437 1586 1506; x_wconf 81' lang='grc' dir='ltr'>τῆς</span> <span class='ocrx_word' id='word_1_98' title='bbox 1631 1437 1925 1508; x_wconf 83' lang='grc' dir='ltr'>ἀκριϐείας</span> 
     </span>
    </p>
   </div>
   <div class='ocr_carea' id='block_1_14' title="bbox 246 1524 1926 1595">
    <p class='ocr_par' dir='ltr' id='par_1_14' title="bbox 246 1524 1926 1595">
     <span class='ocr_line' id='line_1_14' title="bbox 246 1524 1926 1595; baseline -0.003 -13"><span class='ocrx_word' id='word_1_99' title='bbox 246 1528 346 1582; x_wconf 76' lang='grc' dir='ltr'>καὶ</span> <span class='ocrx_word' id='word_1_100' title='bbox 372 1527 550 1595; x_wconf 87' lang='grc' dir='ltr'>λέγειν</span> <span class='ocrx_word' id='word_1_101' title='bbox 573 1526 786 1579; x_wconf 74' lang='grc' dir='ltr'>ἅπαντα</span> <span class='ocrx_word' id='word_1_102' title='bbox 815 1526 906 1577; x_wconf 69' lang='grc' dir='ltr'>καὶ</span> <span class='ocrx_word' id='word_1_103' title='bbox 935 1524 1194 1595; x_wconf 87' lang='grc' dir='ltr'>πράττειν</span> <span class='ocrx_word' id='word_1_104' title='bbox 1222 1524 1631 1590; x_wconf 79' lang='grc' dir='ltr'>σπουδάζοντες,</span> <span class='ocrx_word' id='word_1_105' title='bbox 1661 1525 1748 1576; x_wconf 79' lang='grc' dir='ltr'>ἵνα</span> <span class='ocrx_word' id='word_1_106' title='bbox 1786 1524 1926 1594; x_wconf 83' lang='grc' dir='ltr'>μετά</span> 
     </span>
    </p>
   </div>
   <div class='ocr_carea' id='block_1_15' title="bbox 248 1610 1926 1687">
    <p class='ocr_par' dir='ltr' id='par_1_15' title="bbox 248 1610 1926 1687">
     <span class='ocr_line' id='line_1_15' title="bbox 248 1610 1926 1687; baseline -0.004 -19"><span class='ocrx_word' id='word_1_107' title='bbox 248 1613 570 1687; x_wconf 76' lang='grc' dir='ltr'>παρρησίας</span> <span class='ocrx_word' id='word_1_108' title='bbox 614 1613 709 1666; x_wconf 70' lang='grc' dir='ltr'>καὶ</span> <span class='ocrx_word' id='word_1_109' title='bbox 740 1611 1113 1683; x_wconf 88' lang='grc' dir='ltr'>καθαρότητος</span> <span class='ocrx_word' id='word_1_110' title='bbox 1147 1610 1496 1682; x_wconf 74' lang='grc' dir='ltr'>εἰλικρινοῦς,</span> <span class='ocrx_word' id='word_1_111' title='bbox 1532 1611 1654 1663; x_wconf 85' lang='grc' dir='ltr'>ὅσον</span> <span class='ocrx_word' id='word_1_112' title='bbox 1711 1613 1790 1674; x_wconf 86' lang='grc' dir='ltr'>εἱς</span> <span class='ocrx_word' id='word_1_113' title='bbox 1832 1612 1926 1662; x_wconf 84' lang='grc' dir='ltr'>ἀν-</span> 
     </span>
    </p>
   </div>
   <div class='ocr_carea' id='block_1_16' title="bbox 247 1695 1924 1774">
    <p class='ocr_par' dir='ltr' id='par_1_16' title="bbox 247 1695 1924 1774">
     <span class='ocr_line' id='line_1_16' title="bbox 247 1695 1924 1774; baseline -0.004 -18"><span class='ocrx_word' id='word_1_114' title='bbox 247 1702 530 1774; x_wconf 77' lang='grc' dir='ltr'>θρωπείαν</span> <span class='ocrx_word' id='word_1_115' title='bbox 569 1695 670 1772; x_wconf 82' lang='grc' dir='ltr'>ἧκε</span> <span class='ocrx_word' id='word_1_116' title='bbox 712 1699 963 1770; x_wconf 86' lang='grc' dir='ltr'>δύναμιν,</span> <span class='ocrx_word' id='word_1_117' title='bbox 1011 1699 1302 1772; x_wconf 75' lang='grc' dir='ltr'>προσιέναι</span> <span class='ocrx_word' id='word_1_118' title='bbox 1331 1697 1408 1768; x_wconf 83' lang='grc' dir='ltr'>τῷ</span> <span class='ocrx_word' id='word_1_119' title='bbox 1457 1697 1576 1768; x_wconf 85' lang='grc' dir='ltr'>Θεῷ</span> <span class='ocrx_word' id='word_1_120' title='bbox 1625 1698 1924 1751; x_wconf 77' lang='grc' dir='ltr'>δύνωνται·</span> 
     </span>
    </p>
   </div>
   <div class='ocr_carea' id='block_1_17' title="bbox 247 1783 1925 1860">
    <p class='ocr_par' dir='ltr' id='par_1_17' title="bbox 247 1783 1925 1860">
     <span class='ocr_line' id='line_1_17' title="bbox 247 1783 1925 1860; baseline -0.004 -18"><span class='ocrx_word' id='word_1_121' title='bbox 247 1790 426 1860; x_wconf 80' lang='grc' dir='ltr'>πόσης</span> <span class='ocrx_word' id='word_1_122' title='bbox 468 1787 569 1840; x_wconf 80' lang='grc' dir='ltr'>οἴει</span> <span class='ocrx_word' id='word_1_123' title='bbox 603 1786 713 1838; x_wconf 83' lang='grc' dir='ltr'>δεῖν</span> <span class='ocrx_word' id='word_1_124' title='bbox 747 1784 824 1854; x_wconf 82' lang='grc' dir='ltr'>τῷ</span> <span class='ocrx_word' id='word_1_125' title='bbox 871 1784 1150 1853; x_wconf 78' lang='grc' dir='ltr'>ἱερωμένῳ</span> <span class='ocrx_word' id='word_1_126' title='bbox 1193 1783 1288 1836; x_wconf 74' lang='grc' dir='ltr'>καὶ</span> <span class='ocrx_word' id='word_1_127' title='bbox 1320 1783 1604 1854; x_wconf 86' lang='grc' dir='ltr'>δυνάμεως</span> <span class='ocrx_word' id='word_1_128' title='bbox 1633 1786 1727 1836; x_wconf 75' lang='grc' dir='ltr'>καὶ</span> <span class='ocrx_word' id='word_1_129' title='bbox 1780 1783 1925 1850; x_wconf 85' lang='grc' dir='ltr'>βίας,</span> 
     </span>
    </p>
   </div>
   <div class='ocr_carea' id='block_1_18' title="bbox 246 1869 1924 1944">
    <p class='ocr_par' dir='ltr' id='par_1_18' title="bbox 246 1869 1924 1944">
     <span class='ocr_line' id='line_1_18' title="bbox 246 1869 1924 1944; baseline -0.004 -15"><span class='ocrx_word' id='word_1_130' title='bbox 246 1876 391 1929; x_wconf 84' lang='grc' dir='ltr'>ὥστε</span> <span class='ocrx_word' id='word_1_131' title='bbox 412 1873 703 1944; x_wconf 84' lang='grc' dir='ltr'>δυνηθῆναι</span> <span class='ocrx_word' id='word_1_132' title='bbox 731 1871 929 1935; x_wconf 82' lang='grc' dir='ltr'>παντὸς</span> <span class='ocrx_word' id='word_1_133' title='bbox 953 1869 1260 1942; x_wconf 70' lang='grc' dir='ltr'>ἐξαρπάσαι</span> <span class='ocrx_word' id='word_1_134' title='bbox 1287 1869 1565 1940; x_wconf 75' lang='grc' dir='ltr'>μολυσμοῦ</span> <span class='ocrx_word' id='word_1_135' title='bbox 1595 1870 1694 1942; x_wconf 77' lang='grc' dir='ltr'>τὴν</span> <span class='ocrx_word' id='word_1_136' title='bbox 1717 1869 1924 1941; x_wconf 80' lang='grc' dir='ltr'>ψυχὴν,</span> 
     </span>
    </p>
   </div>
   <div class='ocr_carea' id='block_1_19' title="bbox 249 1957 1927 2028">
    <p class='ocr_par' dir='ltr' id='par_1_19' title="bbox 249 1957 1927 2028">
     <span class='ocr_line' id='line_1_19' title="bbox 249 1957 1927 2028; baseline -0.004 -14"><span class='ocrx_word' id='word_1_137' title='bbox 249 1964 347 2014; x_wconf 79' lang='grc' dir='ltr'>καὶ</span> <span class='ocrx_word' id='word_1_138' title='bbox 377 1960 562 2024; x_wconf 77' lang='grc' dir='ltr'>ἀσινὲς</span> <span class='ocrx_word' id='word_1_139' title='bbox 582 1959 672 2013; x_wconf 80' lang='grc' dir='ltr'>τὸν</span> <span class='ocrx_word' id='word_1_140' title='bbox 697 1958 1067 2028; x_wconf 77' lang='grc' dir='ltr'>πνευματικὸν</span> <span class='ocrx_word' id='word_1_141' title='bbox 1091 1959 1230 2028; x_wconf 89' lang='grc' dir='ltr'>τηρῆ</span> <span class='ocrx_word' id='word_1_142' title='bbox 1241 1974 1328 2009; x_wconf 90' lang='grc' dir='ltr'>σαι</span> <span class='ocrx_word' id='word_1_143' title='bbox 1353 1968 1374 1996; x_wconf 65' lang='grc' dir='ltr'>ε</span> <span class='ocrx_word' id='word_1_144' title='bbox 1412 1957 1608 2020; x_wconf 89' lang='grc' dir='ltr'>κάλλος</span> <span class='ocrx_word' id='word_1_145' title='bbox 1631 1975 1644 2018; x_wconf 85' lang='lat'><strong>;</strong></span> <span class='ocrx_word' id='word_1_146' title='bbox 1681 1958 1791 2009; x_wconf 75' lang='grc' dir='ltr'>Καὶ</span> <span class='ocrx_word' id='word_1_147' title='bbox 1819 1957 1927 2028; x_wconf 89' lang='grc' dir='ltr'>γάρ</span> 
     </span>
    </p>
   </div>
   <div class='ocr_carea' id='block_1_20' title="bbox 251 2043 1928 2119">
    <p class='ocr_par' dir='ltr' id='par_1_20' title="bbox 251 2043 1928 2119">
     <span class='ocr_line' id='line_1_20' title="bbox 251 2043 1928 2119; baseline -0.003 -17"><span class='ocrx_word' id='word_1_148' title='bbox 251 2048 432 2119; x_wconf 83' lang='grc' dir='ltr'>πολλῷ</span> <span class='ocrx_word' id='word_1_149' title='bbox 485 2047 728 2117; x_wconf 75' lang='grc' dir='ltr'>μείζονος</span> <span class='ocrx_word' id='word_1_150' title='bbox 760 2045 909 2116; x_wconf 82' lang='grc' dir='ltr'>αύτῷ</span> <span class='ocrx_word' id='word_1_151' title='bbox 929 2045 1009 2098; x_wconf 83' lang='grc' dir='ltr'>δεῖ</span> <span class='ocrx_word' id='word_1_152' title='bbox 1043 2043 1440 2115; x_wconf 89' lang='grc' dir='ltr'>καθαρότητος,</span> <span class='ocrx_word' id='word_1_153' title='bbox 1470 2044 1502 2114; x_wconf 82' lang='grc' dir='ltr'>ἢ</span> <span class='ocrx_word' id='word_1_154' title='bbox 1528 2044 1786 2108; x_wconf 77' lang='grc' dir='ltr'>ἐκείνοις·</span> <span class='ocrx_word' id='word_1_155' title='bbox 1832 2044 1928 2097; x_wconf 78' lang='grc' dir='ltr'>καὶ</span> 
     </span>
    </p>
   </div>
   <div class='ocr_carea' id='block_1_21' title="bbox 251 2128 1921 2206">
    <p class='ocr_par' dir='ltr' id='par_1_21' title="bbox 251 2128 1921 2206">
     <span class='ocr_line' id='line_1_21' title="bbox 251 2128 1921 2206; baseline -0.003 -17"><span class='ocrx_word' id='word_1_156' title='bbox 251 2131 296 2205; x_wconf 76' lang='grc' dir='ltr'><strong>ᾧ</strong></span> <span class='ocrx_word' id='word_1_157' title='bbox 342 2135 589 2206; x_wconf 79' lang='grc' dir='ltr'>μείζονος</span> <span class='ocrx_word' id='word_1_158' title='bbox 613 2133 713 2196; x_wconf 86' lang='grc' dir='ltr'>δεῖ,</span> <span class='ocrx_word' id='word_1_159' title='bbox 749 2128 903 2196; x_wconf 73' lang='grc' dir='ltr'>οὗτος</span> <span class='ocrx_word' id='word_1_160' title='bbox 929 2131 1171 2185; x_wconf 83' lang='grc' dir='ltr'>πλείοσιν</span> <span class='ocrx_word' id='word_1_161' title='bbox 1207 2132 1476 2198; x_wconf 81' lang='grc' dir='ltr'>ἀνάγκαις</span> <span class='ocrx_word' id='word_1_162' title='bbox 1515 2130 1742 2184; x_wconf 81' lang='grc' dir='ltr'>ἐκείνων</span> <span class='ocrx_word' id='word_1_163' title='bbox 1781 2131 1921 2184; x_wconf 87' lang='grc' dir='ltr'>ὑπό-</span> 
     </span>
    </p>
   </div>
   <div class='ocr_carea' id='block_1_22' title="bbox 252 2218 1926 2291">
    <p class='ocr_par' dir='ltr' id='par_1_22' title="bbox 252 2218 1926 2291">
     <span class='ocr_line' id='line_1_22' title="bbox 252 2218 1926 2291; baseline -0.004 -14"><span class='ocrx_word' id='word_1_164' title='bbox 252 2241 432 2277; x_wconf 83' lang='grc' dir='ltr'>κειται</span> <span class='ocrx_word' id='word_1_165' title='bbox 467 2225 588 2284; x_wconf 86' lang='grc' dir='ltr'>ταῖς</span> <span class='ocrx_word' id='word_1_166' title='bbox 615 2221 946 2291; x_wconf 83' lang='grc' dir='ltr'>δυναμέναις</span> <span class='ocrx_word' id='word_1_167' title='bbox 991 2219 1155 2272; x_wconf 81' lang='grc' dir='ltr'>αὑτὸν</span> <span class='ocrx_word' id='word_1_168' title='bbox 1184 2219 1410 2290; x_wconf 83' lang='grc' dir='ltr'>ρυποῦν,</span> <span class='ocrx_word' id='word_1_169' title='bbox 1441 2218 1507 2288; x_wconf 78' lang='grc' dir='ltr'>ἢν</span> <span class='ocrx_word' id='word_1_170' title='bbox 1540 2218 1614 2290; x_wconf 84' lang='grc' dir='ltr'>μὴ</span> <span class='ocrx_word' id='word_1_171' title='bbox 1648 2221 1713 2289; x_wconf 84' lang='grc' dir='ltr'>τῇ</span> <span class='ocrx_word' id='word_1_172' title='bbox 1745 2219 1926 2289; x_wconf 87' lang='grc' dir='ltr'>διηνε-</span> 
     </span>
    </p>
   </div>
   <div class='ocr_carea' id='block_1_23' title="bbox 250 2305 1929 2381">
    <p class='ocr_par' dir='ltr' id='par_1_23' title="bbox 250 2305 1929 2381">
     <span class='ocr_line' id='line_1_23' title="bbox 250 2305 1929 2381; baseline -0.002 -17"><span class='ocrx_word' id='word_1_173' title='bbox 250 2314 340 2364; x_wconf 88' lang='grc' dir='ltr'>κεῖ</span> <span class='ocrx_word' id='word_1_174' title='bbox 367 2311 529 2381; x_wconf 86' lang='grc' dir='ltr'>νήψει</span> <span class='ocrx_word' id='word_1_175' title='bbox 565 2309 660 2362; x_wconf 75' lang='grc' dir='ltr'>καὶ</span> <span class='ocrx_word' id='word_1_176' title='bbox 702 2307 781 2378; x_wconf 82' lang='grc' dir='ltr'>τῷ</span> <span class='ocrx_word' id='word_1_177' title='bbox 815 2306 996 2377; x_wconf 79' lang='grc' dir='ltr'>πολλῷ</span> <span class='ocrx_word' id='word_1_178' title='bbox 1032 2306 1171 2376; x_wconf 82' lang='grc' dir='ltr'>τόνῳ</span> <span class='ocrx_word' id='word_1_179' title='bbox 1203 2306 1568 2376; x_wconf 84' lang='grc' dir='ltr'>χρησάμενος,</span> <span class='ocrx_word' id='word_1_180' title='bbox 1606 2305 1805 2360; x_wconf 75' lang='grc' dir='ltr'>ἄϐατον</span> <span class='ocrx_word' id='word_1_181' title='bbox 1831 2307 1929 2360; x_wconf 87' lang='grc' dir='ltr'>αὑ-</span> 
     </span>
    </p>
   </div>
   <div class='ocr_carea' id='block_1_24' title="bbox 250 2393 1928 2469">
    <p class='ocr_par' dir='ltr' id='par_1_24' title="bbox 250 2393 1928 2469">
     <span class='ocr_line' id='line_1_24' title="bbox 250 2393 1928 2469; baseline -0.004 -17"><span class='ocrx_word' id='word_1_182' title='bbox 250 2401 372 2462; x_wconf 85' lang='grc' dir='ltr'>ταῖς</span> <span class='ocrx_word' id='word_1_183' title='bbox 413 2396 716 2469; x_wconf 85' lang='grc' dir='ltr'>ἐργάσηται</span> <span class='ocrx_word' id='word_1_184' title='bbox 746 2393 841 2465; x_wconf 65' lang='grc' dir='ltr'>τὴν</span> <span class='ocrx_word' id='word_1_185' title='bbox 863 2394 1066 2465; x_wconf 85' lang='grc' dir='ltr'>ψυχήν.</span> <span class='ocrx_word' id='word_1_186' title='bbox 1108 2393 1219 2446; x_wconf 75' lang='grc' dir='ltr'>Καὶ</span> <span class='ocrx_word' id='word_1_187' title='bbox 1252 2395 1360 2464; x_wconf 75' lang='grc' dir='ltr'>γάρ</span> <span class='ocrx_word' id='word_1_188' title='bbox 1393 2393 1701 2464; x_wconf 79' lang='grc' dir='ltr'>προσώπων</span> <span class='ocrx_word' id='word_1_189' title='bbox 1727 2394 1928 2467; x_wconf 83' lang='grc' dir='ltr'>εὐμορ-</span> 
     </span>
    </p>
   </div>
   <div class='ocr_carea' id='block_1_25' title="bbox 257 2481 1930 2555">
    <p class='ocr_par' dir='ltr' id='par_1_25' title="bbox 257 2481 1930 2555">
     <span class='ocr_line' id='line_1_25' title="bbox 257 2481 1930 2555; baseline -0.001 -18"><span class='ocrx_word' id='word_1_190' title='bbox 257 2486 379 2552; x_wconf 77' lang='grc' dir='ltr'>φία,</span> <span class='ocrx_word' id='word_1_191' title='bbox 429 2484 530 2537; x_wconf 69' lang='grc' dir='ltr'>καὶ</span> <span class='ocrx_word' id='word_1_192' title='bbox 579 2482 896 2552; x_wconf 78' lang='grc' dir='ltr'>κινημάτων</span> <span class='ocrx_word' id='word_1_193' title='bbox 934 2481 1246 2552; x_wconf 80' lang='grc' dir='ltr'>διάθρυψις,</span> <span class='ocrx_word' id='word_1_194' title='bbox 1295 2482 1388 2534; x_wconf 76' lang='grc' dir='ltr'>καὶ</span> <span class='ocrx_word' id='word_1_195' title='bbox 1428 2482 1689 2552; x_wconf 83' lang='grc' dir='ltr'>βαδίσεως</span> <span class='ocrx_word' id='word_1_196' title='bbox 1735 2484 1930 2555; x_wconf 88' lang='grc' dir='ltr'>ἐπιτή-</span> 
     </span>
    </p>
   </div>
   <div class='ocr_carea' id='block_1_26' title="bbox 251 2567 1926 2642">
    <p class='ocr_par' dir='ltr' id='par_1_26' title="bbox 251 2567 1926 2642">
     <span class='ocr_line' id='line_1_26' title="bbox 251 2567 1926 2642; baseline -0.001 -19"><span class='ocrx_word' id='word_1_197' title='bbox 251 2571 457 2632; x_wconf 88' lang='grc' dir='ltr'>δευσις,</span> <span class='ocrx_word' id='word_1_198' title='bbox 489 2569 584 2622; x_wconf 72' lang='grc' dir='ltr'>καὶ</span> <span class='ocrx_word' id='word_1_199' title='bbox 611 2569 794 2638; x_wconf 81' lang='grc' dir='ltr'>φωνῆς</span> <span class='ocrx_word' id='word_1_200' title='bbox 821 2567 1124 2629; x_wconf 79' lang='grc' dir='ltr'>διάκλασις,</span> <span class='ocrx_word' id='word_1_201' title='bbox 1154 2567 1248 2620; x_wconf 75' lang='grc' dir='ltr'>καὶ</span> <span class='ocrx_word' id='word_1_202' title='bbox 1270 2567 1563 2639; x_wconf 86' lang='grc' dir='ltr'>ὀφθαλμῶν</span> <span class='ocrx_word' id='word_1_203' title='bbox 1586 2570 1926 2642; x_wconf 70' lang='grc' dir='ltr'>ὑπογραφαὶ,</span> 
     </span>
    </p>
   </div>
   <div class='ocr_carea' id='block_1_27' title="bbox 253 2654 1927 2727">
    <p class='ocr_par' dir='ltr' id='par_1_27' title="bbox 253 2654 1927 2727">
     <span class='ocr_line' id='line_1_27' title="bbox 253 2654 1927 2727; baseline 0.001 -18"><span class='ocrx_word' id='word_1_204' title='bbox 253 2659 350 2711; x_wconf 74' lang='grc' dir='ltr'>καὶ</span> <span class='ocrx_word' id='word_1_205' title='bbox 385 2654 634 2727; x_wconf 82' lang='grc' dir='ltr'>παρειῶν</span> <span class='ocrx_word' id='word_1_206' title='bbox 677 2655 1005 2725; x_wconf 75' lang='grc' dir='ltr'>ἐπιγραφαὶ,</span> <span class='ocrx_word' id='word_1_207' title='bbox 1049 2655 1143 2707; x_wconf 71' lang='grc' dir='ltr'>καὶ</span> <span class='ocrx_word' id='word_1_208' title='bbox 1186 2655 1514 2726; x_wconf 83' lang='grc' dir='ltr'>πλεγμάτων</span> <span class='ocrx_word' id='word_1_209' title='bbox 1553 2657 1579 2696; x_wconf 77' lang='grc' dir='ltr'><em>ά</em></span> <span class='ocrx_word' id='word_1_210' title='bbox 1628 2658 1927 2727; x_wconf 64' lang='grc' dir='ltr'>συνθέσεις,</span> 
     </span>
    </p>
   </div>
   <div class='ocr_carea' id='block_1_28' title="bbox 253 2743 1930 2818">
    <p class='ocr_par' dir='ltr' id='par_1_28' title="bbox 253 2743 1930 2818">
     <span class='ocr_line' id='line_1_28' title="bbox 253 2743 1930 2818; baseline 0.002 -21"><span class='ocrx_word' id='word_1_211' title='bbox 253 2746 351 2799; x_wconf 70' lang='grc' dir='ltr'>καὶ</span> <span class='ocrx_word' id='word_1_212' title='bbox 367 2744 576 2815; x_wconf 85' lang='grc' dir='ltr'>τριχῶν</span> <span class='ocrx_word' id='word_1_213' title='bbox 601 2743 791 2812; x_wconf 74' lang='grc' dir='ltr'>βαφαὶ,</span> <span class='ocrx_word' id='word_1_214' title='bbox 817 2744 911 2796; x_wconf 73' lang='grc' dir='ltr'>καὶ</span> <span class='ocrx_word' id='word_1_215' title='bbox 942 2743 1176 2814; x_wconf 82' lang='grc' dir='ltr'>ἱματίων</span> <span class='ocrx_word' id='word_1_216' title='bbox 1201 2743 1544 2810; x_wconf 84' lang='grc' dir='ltr'>πολυτέλεια,</span> <span class='ocrx_word' id='word_1_217' title='bbox 1573 2746 1667 2800; x_wconf 70' lang='grc' dir='ltr'>καὶ</span> <span class='ocrx_word' id='word_1_218' title='bbox 1693 2747 1930 2818; x_wconf 79' lang='grc' dir='ltr'>χρυσίων</span> 
     </span>
    </p>
   </div>
   <div class='ocr_carea' id='block_1_29' title="bbox 255 2829 1931 2906">
    <p class='ocr_par' dir='ltr' id='par_1_29' title="bbox 255 2829 1931 2906">
     <span class='ocr_line' id='line_1_29' title="bbox 255 2829 1931 2906; baseline 0.002 -22"><span class='ocrx_word' id='word_1_219' title='bbox 255 2831 525 2894; x_wconf 81' lang='grc' dir='ltr'>ποικιλία,</span> <span class='ocrx_word' id='word_1_220' title='bbox 545 2831 639 2885; x_wconf 71' lang='grc' dir='ltr'>καὶ</span> <span class='ocrx_word' id='word_1_221' title='bbox 659 2830 823 2884; x_wconf 90' lang='grc' dir='ltr'>λίθων</span> <span class='ocrx_word' id='word_1_222' title='bbox 847 2829 1060 2894; x_wconf 89' lang='grc' dir='ltr'>κάλλος,</span> <span class='ocrx_word' id='word_1_223' title='bbox 1089 2831 1180 2885; x_wconf 73' lang='grc' dir='ltr'>καὶ</span> <span class='ocrx_word' id='word_1_224' title='bbox 1207 2831 1392 2906; x_wconf 89' lang='grc' dir='ltr'>μύρων</span> <span class='ocrx_word' id='word_1_225' title='bbox 1410 2833 1628 2899; x_wconf 78' lang='grc' dir='ltr'>εὐωδία,</span> <span class='ocrx_word' id='word_1_226' title='bbox 1647 2836 1742 2888; x_wconf 75' lang='grc' dir='ltr'>καὶ</span> <span class='ocrx_word' id='word_1_227' title='bbox 1765 2835 1931 2889; x_wconf 82' lang='grc' dir='ltr'>τᾶλλα</span> 
     </span>
    </p>
   </div>
   <div class='ocr_carea' id='block_1_30' title="bbox 254 2908 1931 2994">
    <p class='ocr_par' dir='ltr' id='par_1_30' title="bbox 254 2908 1931 2994">
     <span class='ocr_line' id='line_1_30' title="bbox 254 2908 1931 2994; baseline 0.001 -22"><span class='ocrx_word' id='word_1_228' title='bbox 254 2908 455 2983; x_wconf 81' lang='grc' dir='ltr'>πάντα,</span> <span class='ocrx_word' id='word_1_229' title='bbox 482 2918 519 2973; x_wconf 79' lang='grc' dir='ltr'>ἀ</span> <span class='ocrx_word' id='word_1_230' title='bbox 540 2919 602 2972; x_wconf 81' lang='grc' dir='ltr'>τδ</span> <span class='ocrx_word' id='word_1_231' title='bbox 633 2921 941 2988; x_wconf 86' lang='grc' dir='ltr'>γυναικεῖον</span> <span class='ocrx_word' id='word_1_232' title='bbox 965 2919 1275 2991; x_wconf 87' lang='grc' dir='ltr'>ἐπιτηδεύει</span> <span class='ocrx_word' id='word_1_233' title='bbox 1305 2921 1482 2991; x_wconf 88' lang='grc' dir='ltr'>γένος,</span> <span class='ocrx_word' id='word_1_234' title='bbox 1512 2923 1670 2976; x_wconf 85' lang='grc' dir='ltr'>ἰκανά</span> <span class='ocrx_word' id='word_1_235' title='bbox 1697 2921 1931 2994; x_wconf 79' lang='grc' dir='ltr'>θορυϐῆ-</span> 
     </span>
    </p>
   </div>
   <div class='ocr_carea' id='block_1_31' title="bbox 259 3008 1931 3081">
    <p class='ocr_par' dir='ltr' id='par_1_31' title="bbox 259 3008 1931 3081">
     <span class='ocr_line' id='line_1_31' title="bbox 259 3008 1931 3081; baseline 0 -19"><span class='ocrx_word' id='word_1_236' title='bbox 259 3025 348 3062; x_wconf 86' lang='grc' dir='ltr'>σαι</span> <span class='ocrx_word' id='word_1_237' title='bbox 398 3008 598 3080; x_wconf 84' lang='grc' dir='ltr'>ψυχὴν,</span> <span class='ocrx_word' id='word_1_238' title='bbox 633 3009 699 3079; x_wconf 80' lang='grc' dir='ltr'>ἢν</span> <span class='ocrx_word' id='word_1_239' title='bbox 743 3009 816 3080; x_wconf 83' lang='grc' dir='ltr'>μὴ</span> <span class='ocrx_word' id='word_1_240' title='bbox 846 3008 1014 3080; x_wconf 84' lang='grc' dir='ltr'>πολλῇ</span> <span class='ocrx_word' id='word_1_241' title='bbox 1040 3012 1107 3080; x_wconf 80' lang='grc' dir='ltr'>τῇ</span> <span class='ocrx_word' id='word_1_242' title='bbox 1139 3009 1238 3080; x_wconf 87' lang='grc' dir='ltr'>τῆς</span> <span class='ocrx_word' id='word_1_243' title='bbox 1279 3009 1632 3081; x_wconf 83' lang='grc' dir='ltr'>σωφροσύνης</span> <span class='ocrx_word' id='word_1_244' title='bbox 1661 3010 1931 3080; x_wconf 77' lang='grc' dir='ltr'>αὐστηρό-</span> 
     </span>
    </p>
   </div>
   <div class='ocr_carea' id='block_1_32' title="bbox 256 3095 1933 3170">
    <p class='ocr_par' dir='ltr' id='par_1_32' title="bbox 256 3095 1933 3170">
     <span class='ocr_line' id='line_1_32' title="bbox 256 3095 1933 3170; baseline 0.001 -20"><span class='ocrx_word' id='word_1_245' title='bbox 256 3114 376 3167; x_wconf 83' lang='grc' dir='ltr'>τητι</span> <span class='ocrx_word' id='word_1_246' title='bbox 421 3095 812 3168; x_wconf 84' lang='grc' dir='ltr'>ἀπεσκληκυῖα,</span> <span class='ocrx_word' id='word_1_247' title='bbox 828 3096 988 3170; x_wconf 73' lang='grc' dir='ltr'>τύχῃ.</span> <span class='ocrx_word' id='word_1_248' title='bbox 1034 3096 1197 3151; x_wconf 84' lang='grc' dir='ltr'>Ἀλλά</span> <span class='ocrx_word' id='word_1_249' title='bbox 1234 3097 1295 3150; x_wconf 87' lang='grc' dir='ltr'>τὸ</span> <span class='ocrx_word' id='word_1_250' title='bbox 1327 3097 1426 3168; x_wconf 80' lang='grc' dir='ltr'>μὲν</span> <span class='ocrx_word' id='word_1_251' title='bbox 1467 3097 1570 3150; x_wconf 84' lang='grc' dir='ltr'>ὑπὸ</span> <span class='ocrx_word' id='word_1_252' title='bbox 1593 3097 1802 3151; x_wconf 90' lang='grc' dir='ltr'>τούτων</span> <span class='ocrx_word' id='word_1_253' title='bbox 1835 3115 1933 3151; x_wconf 82' lang='grc' dir='ltr'>τα-</span> 
     </span>
    </p>
   </div>
   <div class='ocr_carea' id='block_1_33' title="bbox 263 3179 1933 3257">
    <p class='ocr_par' dir='ltr' id='par_1_33' title="bbox 263 3179 1933 3257">
     <span class='ocr_line' id='line_1_33' title="bbox 263 3179 1933 3257; baseline 0.001 -20"><span class='ocrx_word' id='word_1_254' title='bbox 263 3183 575 3254; x_wconf 72' lang='grc' dir='ltr'>ράττισθαι,</span> <span class='ocrx_word' id='word_1_255' title='bbox 601 3184 915 3257; x_wconf 76' lang='grc' dir='ltr'>θαυμαστὸν</span> <span class='ocrx_word' id='word_1_256' title='bbox 937 3184 1091 3252; x_wconf 68' lang='grc' dir='ltr'>οὐδέν</span> <span class='ocrx_word' id='word_1_257' title='bbox 1109 3200 1121 3214; x_wconf 91' lang='grc'>·</span> <span class='ocrx_word' id='word_1_258' title='bbox 1155 3185 1216 3238; x_wconf 77' lang='grc' dir='ltr'>τὸ</span> <span class='ocrx_word' id='word_1_259' title='bbox 1243 3184 1299 3237; x_wconf 87' lang='grc' dir='ltr'>δὲ</span> <span class='ocrx_word' id='word_1_260' title='bbox 1331 3185 1425 3236; x_wconf 75' lang='grc' dir='ltr'>καὶ</span> <span class='ocrx_word' id='word_1_261' title='bbox 1453 3184 1542 3238; x_wconf 86' lang='grc' dir='ltr'>διὰ</span> <span class='ocrx_word' id='word_1_262' title='bbox 1577 3185 1689 3238; x_wconf 89' lang='grc' dir='ltr'>τῶν</span> <span class='ocrx_word' id='word_1_263' title='bbox 1720 3179 1933 3250; x_wconf 83' lang='grc' dir='ltr'>τούτοις</span> 
     </span>
    </p>
   </div>
   <div class='ocr_carea' id='block_1_34' title="bbox 258 3271 1930 3348">
    <p class='ocr_par' dir='ltr' id='par_1_34' title="bbox 258 3271 1930 3348">
     <span class='ocr_line' id='line_1_34' title="bbox 258 3271 1930 3348; baseline 0 -23"><span class='ocrx_word' id='word_1_264' title='bbox 258 3273 520 3326; x_wconf 80' lang='grc' dir='ltr'>ἐναντίων</span> <span class='ocrx_word' id='word_1_265' title='bbox 568 3272 826 3348; x_wconf 86' lang='grc' dir='ltr'>δύνασθαι</span> <span class='ocrx_word' id='word_1_266' title='bbox 866 3271 1081 3343; x_wconf 85' lang='grc' dir='ltr'>βάλλειν</span> <span class='ocrx_word' id='word_1_267' title='bbox 1124 3272 1216 3325; x_wconf 87' lang='grc' dir='ltr'>τὸν</span> <span class='ocrx_word' id='word_1_268' title='bbox 1264 3271 1512 3324; x_wconf 89' lang='grc' dir='ltr'>διάϐολον</span> <span class='ocrx_word' id='word_1_269' title='bbox 1547 3272 1642 3326; x_wconf 77' lang='grc' dir='ltr'>καὶ</span> <span class='ocrx_word' id='word_1_270' title='bbox 1693 3289 1930 3326; x_wconf 86' lang='grc' dir='ltr'>κατατο-</span> 
     </span>
    </p>
   </div>
   <div class='ocr_carea' id='block_1_35' title="bbox 262 3357 1934 3430">
    <p class='ocr_par' dir='ltr' id='par_1_35' title="bbox 262 3357 1934 3430">
     <span class='ocr_line' id='line_1_35' title="bbox 262 3357 1934 3430; baseline -0.001 -16"><span class='ocrx_word' id='word_1_271' title='bbox 262 3360 436 3428; x_wconf 78' lang='grc' dir='ltr'>ξεύειν</span> <span class='ocrx_word' id='word_1_272' title='bbox 460 3361 561 3424; x_wconf 83' lang='grc' dir='ltr'>τὰς</span> <span class='ocrx_word' id='word_1_273' title='bbox 603 3360 711 3414; x_wconf 90' lang='grc' dir='ltr'>τῶν</span> <span class='ocrx_word' id='word_1_274' title='bbox 747 3358 1050 3430; x_wconf 85' lang='grc' dir='ltr'>ἀνθρώπων</span> <span class='ocrx_word' id='word_1_275' title='bbox 1079 3358 1276 3430; x_wconf 76' lang='grc' dir='ltr'>ψυχάς,</span> <span class='ocrx_word' id='word_1_276' title='bbox 1309 3357 1466 3412; x_wconf 87' lang='grc' dir='ltr'>τοῦτο</span> <span class='ocrx_word' id='word_1_277' title='bbox 1491 3357 1608 3412; x_wconf 83' lang='grc' dir='ltr'>ἐστι</span> <span class='ocrx_word' id='word_1_278' title='bbox 1639 3359 1702 3412; x_wconf 74' lang='grc' dir='ltr'>τὸ</span> <span class='ocrx_word' id='word_1_279' title='bbox 1731 3359 1934 3429; x_wconf 85' lang='grc' dir='ltr'>πολλῆς</span> 
     </span>
    </p>
   </div>
   <div class='ocr_carea' id='block_1_36' title="bbox 261 3445 1935 3522">
    <p class='ocr_par' dir='ltr' id='par_1_36' title="bbox 261 3445 1935 3522">
     <span class='ocr_line' id='line_1_36' title="bbox 261 3445 1935 3522; baseline -0.003 -17"><span class='ocrx_word' id='word_1_280' title='bbox 261 3451 580 3522; x_wconf 73' lang='grc' dir='ltr'>ἐκπλήξεως</span> <span class='ocrx_word' id='word_1_281' title='bbox 614 3449 709 3502; x_wconf 75' lang='grc' dir='ltr'>καὶ</span> <span class='ocrx_word' id='word_1_282' title='bbox 738 3447 973 3518; x_wconf 85' lang='grc' dir='ltr'>ἀπορίας</span> <span class='ocrx_word' id='word_1_283' title='bbox 1014 3448 1233 3517; x_wconf 87' lang='grc' dir='ltr'>μεστόν.</span> <span class='ocrx_word' id='word_1_284' title='bbox 1276 3446 1413 3518; x_wconf 86' lang='grc' dir='ltr'>Ἤδη</span> <span class='ocrx_word' id='word_1_285' title='bbox 1443 3445 1554 3518; x_wconf 90' lang='grc' dir='ltr'>γάρ</span> <span class='ocrx_word' id='word_1_286' title='bbox 1587 3462 1730 3509; x_wconf 91' lang='grc' dir='ltr'>τινες</span> <span class='ocrx_word' id='word_1_287' title='bbox 1761 3446 1935 3500; x_wconf 86' lang='grc' dir='ltr'>ταῦτα</span> 
     </span>
    </p>
   </div>
   <div class='ocr_carea' id='block_1_37' title="bbox 260 3533 1935 3609">
    <p class='ocr_par' dir='ltr' id='par_1_37' title="bbox 260 3533 1935 3609">
     <span class='ocr_line' id='line_1_37' title="bbox 260 3533 1935 3609; baseline -0.002 -17"><span class='ocrx_word' id='word_1_288' title='bbox 260 3539 593 3609; x_wconf 88' lang='grc' dir='ltr'>ἐκφυγόντες</span> <span class='ocrx_word' id='word_1_289' title='bbox 621 3536 690 3589; x_wconf 90' lang='grc' dir='ltr'>τά</span> <span class='ocrx_word' id='word_1_290' title='bbox 724 3535 993 3606; x_wconf 81' lang='grc' dir='ltr'>θήρατρα,</span> <span class='ocrx_word' id='word_1_291' title='bbox 1027 3535 1139 3596; x_wconf 88' lang='grc' dir='ltr'>τοῖς</span> <span class='ocrx_word' id='word_1_292' title='bbox 1165 3533 1299 3587; x_wconf 75' lang='grc' dir='ltr'>πολὺ</span> <span class='ocrx_word' id='word_1_293' title='bbox 1334 3533 1541 3588; x_wconf 87' lang='grc' dir='ltr'>τούτων</span> <span class='ocrx_word' id='word_1_294' title='bbox 1567 3535 1935 3604; x_wconf 85' lang='grc' dir='ltr'>ἀφεστηκόσιν</span> 
     </span>
    </p>
   </div>
   <div class='ocr_carea' id='block_1_38' title="bbox 261 3620 1937 3694">
    <p class='ocr_par' dir='ltr' id='par_1_38' title="bbox 261 3620 1937 3694">
     <span class='ocr_line' id='line_1_38' title="bbox 261 3620 1937 3694; baseline -0.004 -12"><span class='ocrx_word' id='word_1_295' title='bbox 261 3629 529 3683; x_wconf 88' lang='grc' dir='ltr'>ἐάλωσαν.</span> <span class='ocrx_word' id='word_1_296' title='bbox 566 3625 676 3678; x_wconf 75' lang='lat' dir='ltr'><strong>Kal.</strong></span> <span class='ocrx_word' id='word_1_297' title='bbox 705 3622 812 3694; x_wconf 91' lang='grc' dir='ltr'>γάρ</span> <span class='ocrx_word' id='word_1_298' title='bbox 844 3624 937 3676; x_wconf 81' lang='grc' dir='ltr'>καὶ</span> <span class='ocrx_word' id='word_1_299' title='bbox 980 3621 1303 3692; x_wconf 83' lang='grc' dir='ltr'>ήμελημένη</span> <span class='ocrx_word' id='word_1_300' title='bbox 1338 3620 1480 3690; x_wconf 74' lang='grc' dir='ltr'>ὄψις,</span> <span class='ocrx_word' id='word_1_301' title='bbox 1527 3621 1622 3675; x_wconf 76' lang='grc' dir='ltr'>καὶ</span> <span class='ocrx_word' id='word_1_302' title='bbox 1665 3621 1937 3692; x_wconf 83' lang='grc' dir='ltr'>αὐχμῶσα</span> 
     </span>
    </p>
   </div>
   <div class='ocr_carea' id='block_1_39' title="bbox 261 3708 1936 3785">
    <p class='ocr_par' dir='ltr' id='par_1_39' title="bbox 261 3708 1936 3785">
     <span class='ocr_line' id='line_1_39' title="bbox 261 3708 1936 3785; baseline -0.005 -16"><span class='ocrx_word' id='word_1_303' title='bbox 261 3715 431 3785; x_wconf 83' lang='grc' dir='ltr'>κόμη,</span> <span class='ocrx_word' id='word_1_304' title='bbox 463 3712 558 3766; x_wconf 74' lang='grc' dir='ltr'>καὶ</span> <span class='ocrx_word' id='word_1_305' title='bbox 583 3709 812 3782; x_wconf 81' lang='grc' dir='ltr'>ρυπῶσα</span> <span class='ocrx_word' id='word_1_306' title='bbox 842 3708 1026 3780; x_wconf 85' lang='grc' dir='ltr'>στολὴ,</span> <span class='ocrx_word' id='word_1_307' title='bbox 1047 3708 1142 3762; x_wconf 61' lang='grc' dir='ltr'>καὶ⁸</span> <span class='ocrx_word' id='word_1_308' title='bbox 1170 3708 1355 3778; x_wconf 83' lang='grc' dir='ltr'>σχῆμα</span> <span class='ocrx_word' id='word_1_309' title='bbox 1385 3708 1805 3776; x_wconf 89' lang='grc' dir='ltr'>ἀνεπίπλαστον,</span> <span class='ocrx_word' id='word_1_310' title='bbox 1839 3709 1936 3762; x_wconf 71' lang='grc' dir='ltr'>καὶ</span> 
     </span>
    </p>
   </div>
   <div class='ocr_carea' id='block_1_40' title="bbox 257 3789 1935 3873">
    <p class='ocr_par' dir='ltr' id='par_1_40' title="bbox 257 3789 1935 3873">
     <span class='ocr_line' id='line_1_40' title="bbox 257 3789 1935 3873; baseline -0.004 -17"><span class='ocrx_word' id='word_1_311' title='bbox 257 3789 390 3873; x_wconf 57' lang='grc' dir='ltr'>⁴ἦθος</span> <span class='ocrx_word' id='word_1_312' title='bbox 421 3798 647 3862; x_wconf 81' lang='grc' dir='ltr'>ἁπλοῦν,</span> <span class='ocrx_word' id='word_1_313' title='bbox 673 3797 768 3849; x_wconf 76' lang='grc' dir='ltr'>καὶ</span> <span class='ocrx_word' id='word_1_314' title='bbox 802 3795 954 3867; x_wconf 80' lang='grc' dir='ltr'>ῥῆμα</span> <span class='ocrx_word' id='word_1_315' title='bbox 979 3795 1198 3865; x_wconf 81' lang='grc' dir='ltr'>ἀφελὲς,</span> <span class='ocrx_word' id='word_1_316' title='bbox 1220 3796 1314 3848; x_wconf 77' lang='grc' dir='ltr'>καὶ</span> <span class='ocrx_word' id='word_1_317' title='bbox 1342 3794 1550 3864; x_wconf 76' lang='grc' dir='ltr'>βάδισις</span> <span class='ocrx_word' id='word_1_318' title='bbox 1585 3797 1935 3869; x_wconf 76' lang='grc' dir='ltr'>ἀνεπιτήδευο</span> 
     </span>
    </p>
   </div>
   <div class='ocr_carea' id='block_1_41' title="bbox 262 3881 1938 3954">
    <p class='ocr_par' dir='ltr' id='par_1_41' title="bbox 262 3881 1938 3954">
     <span class='ocr_line' id='line_1_41' title="bbox 262 3881 1938 3954; baseline 0.001 -20"><span class='ocrx_word' id='word_1_319' title='bbox 262 3907 373 3953; x_wconf 76' lang='grc' dir='ltr'>τος,</span> <span class='ocrx_word' id='word_1_320' title='bbox 418 3887 516 3941; x_wconf 71' lang='grc' dir='ltr'>καὶ</span> <span class='ocrx_word' id='word_1_321' title='bbox 550 3883 953 3953; x_wconf 83' lang='grc' dir='ltr'>ἀσχημάτιστος</span> <span class='ocrx_word' id='word_1_322' title='bbox 979 3881 1153 3953; x_wconf 79' lang='grc' dir='ltr'>φωνὴ,</span> <span class='ocrx_word' id='word_1_323' title='bbox 1197 3882 1293 3942; x_wconf 74' lang='grc' dir='ltr'>καὶ</span> <span class='ocrx_word' id='word_1_324' title='bbox 1323 3881 1385 3934; x_wconf 76' lang='grc' dir='ltr'>τὸ</span> <span class='ocrx_word' id='word_1_325' title='bbox 1418 3881 1581 3952; x_wconf 77' lang='grc' dir='ltr'>πενία</span> <span class='ocrx_word' id='word_1_326' title='bbox 1617 3882 1808 3954; x_wconf 82' lang='grc' dir='ltr'>συζῇν,</span> <span class='ocrx_word' id='word_1_327' title='bbox 1843 3882 1938 3936; x_wconf 76' lang='grc' dir='ltr'>καὶ</span> 
     </span>
    </p>
   </div>
   <div class='ocr_carea' id='block_1_42' title="bbox 263 3957 1938 4046">
    <p class='ocr_par' dir='ltr' id='par_1_42' title="bbox 263 3957 1938 4046">
     <span class='ocr_line' id='line_1_42' title="bbox 263 3957 1938 4046; baseline -0.005 -16"><span class='ocrx_word' id='word_1_328' title='bbox 263 3978 321 4030; x_wconf 77' lang='grc' dir='ltr'>τὸ</span> <span class='ocrx_word' id='word_1_329' title='bbox 348 3970 828 4046; x_wconf 88' lang='grc' dir='ltr'>καταφρονεῖσθαι,</span> <span class='ocrx_word' id='word_1_330' title='bbox 858 3970 954 4033; x_wconf 79' lang='grc' dir='ltr'>καὶ</span> <span class='ocrx_word' id='word_1_331' title='bbox 989 3959 1051 4030; x_wconf 66' lang='grc' dir='ltr'>τὸ</span> <span class='ocrx_word' id='word_1_332' title='bbox 1077 3957 1537 4039; x_wconf 80' lang='grc' dir='ltr'>ἀπροστάτευτον,</span> <span class='ocrx_word' id='word_1_333' title='bbox 1565 3970 1658 4022; x_wconf 81' lang='grc' dir='ltr'>καὶ</span> <span class='ocrx_word' id='word_1_334' title='bbox 1683 3971 1716 4040; x_wconf 86' lang='grc' dir='ltr'>ή</span> <span class='ocrx_word' id='word_1_335' title='bbox 1760 3970 1938 4040; x_wconf 85' lang='grc' dir='ltr'>μόνω-</span> 
     </span>
    </p>
   </div>
   <div class='ocr_carea' id='block_1_43' title="bbox 266 4056 1940 4134">
    <p class='ocr_par' dir='ltr' id='par_1_43' title="bbox 266 4056 1940 4134">
     <span class='ocr_line' id='line_1_43' title="bbox 266 4056 1940 4134; baseline -0.003 -17"><span class='ocrx_word' id='word_1_336' title='bbox 266 4083 368 4128; x_wconf 91' lang='grc' dir='ltr'>σις,</span> <span class='ocrx_word' id='word_1_337' title='bbox 398 4064 616 4134; x_wconf 89' lang='grc' dir='ltr'>πρῶτον</span> <span class='ocrx_word' id='word_1_338' title='bbox 652 4062 751 4132; x_wconf 79' lang='grc' dir='ltr'>μὲν</span> <span class='ocrx_word' id='word_1_339' title='bbox 773 4063 852 4123; x_wconf 80' lang='grc' dir='ltr'>εἰς</span> <span class='ocrx_word' id='word_1_340' title='bbox 875 4059 1022 4112; x_wconf 68' lang='grc' dir='ltr'>ἔλεον</span> <span class='ocrx_word' id='word_1_341' title='bbox 1044 4057 1135 4110; x_wconf 78' lang='grc' dir='ltr'>τὸν</span> <span class='ocrx_word' id='word_1_342' title='bbox 1160 4056 1393 4127; x_wconf 86' lang='grc' dir='ltr'>ὁρῶντα,</span> <span class='ocrx_word' id='word_1_343' title='bbox 1421 4057 1516 4109; x_wconf 75' lang='grc' dir='ltr'>ἀπ’</span> <span class='ocrx_word' id='word_1_344' title='bbox 1545 4057 1754 4110; x_wconf 89' lang='grc' dir='ltr'>ἐκείνου</span> <span class='ocrx_word' id='word_1_345' title='bbox 1778 4058 1836 4111; x_wconf 89' lang='grc' dir='ltr'>δέ</span> <span class='ocrx_word' id='word_1_346' title='bbox 1859 4061 1940 4123; x_wconf 88' lang='grc' dir='ltr'>είς</span> 
     </span>
    </p>
   </div>
   <div class='ocr_carea' id='block_1_44' title="bbox 263 4145 1148 4221">
    <p class='ocr_par' dir='ltr' id='par_1_44' title="bbox 263 4145 1148 4221">
     <span class='ocr_line' id='line_1_44' title="bbox 263 4145 1148 4221; baseline -0.009 -16"><span class='ocrx_word' id='word_1_347' title='bbox 263 4153 352 4204; x_wconf 81' lang='grc' dir='ltr'>τὸν</span> <span class='ocrx_word' id='word_1_348' title='bbox 385 4151 613 4221; x_wconf 76' lang='grc' dir='ltr'>ἔσχατον</span> <span class='ocrx_word' id='word_1_349' title='bbox 650 4151 869 4219; x_wconf 78' lang='grc' dir='ltr'>ήγαγιεν.</span> <span class='ocrx_word' id='word_1_350' title='bbox 904 4145 1148 4217; x_wconf 74' lang='grc' dir='ltr'>ὀλεθρον.</span> 
     </span>
    </p>
   </div>
   <div class='ocr_carea' id='block_1_45' title="bbox 333 4232 1940 4307">
    <p class='ocr_par' dir='ltr' id='par_1_45' title="bbox 333 4232 1940 4307">
     <span class='ocr_line' id='line_1_45' title="bbox 333 4232 1940 4307; baseline -0.006 -12"><span class='ocrx_word' id='word_1_351' title='bbox 333 4248 405 4307; x_wconf 83' lang='grc' dir='ltr'>γ’.</span> <span class='ocrx_word' id='word_1_352' title='bbox 433 4240 546 4292; x_wconf 69' lang='grc' dir='ltr'>Καὶ</span> <span class='ocrx_word' id='word_1_353' title='bbox 587 4237 788 4296; x_wconf 64' lang='grc' dir='ltr'>πολλοὶ,</span> <span class='ocrx_word' id='word_1_354' title='bbox 814 4235 894 4289; x_wconf 67' lang='grc' dir='ltr'>τάι</span> <span class='ocrx_word' id='word_1_355' title='bbox 933 4233 1176 4304; x_wconf 86' lang='grc' dir='ltr'>πρότερα</span> <span class='ocrx_word' id='word_1_356' title='bbox 1232 4233 1564 4302; x_wconf 76' lang='grc' dir='ltr'>ἐκφυγόντες</span> <span class='ocrx_word' id='word_1_357' title='bbox 1609 4233 1821 4298; x_wconf 87' lang='grc' dir='ltr'>δίκτυα,</span> <span class='ocrx_word' id='word_1_358' title='bbox 1870 4232 1940 4286; x_wconf 90' lang='grc' dir='ltr'>τά</span> 
     </span>
    </p>
   </div>
   <div class='ocr_carea' id='block_1_46' title="bbox 264 4319 1938 4397">
    <p class='ocr_par' dir='ltr' id='par_1_46' title="bbox 264 4319 1938 4397">
     <span class='ocr_line' id='line_1_46' title="bbox 264 4319 1938 4397; baseline -0.005 -16"><span class='ocrx_word' id='word_1_359' title='bbox 264 4328 353 4382; x_wconf 84' lang='grc' dir='ltr'>διά</span> <span class='ocrx_word' id='word_1_360' title='bbox 402 4327 518 4380; x_wconf 85' lang='grc' dir='ltr'>τῶν</span> <span class='ocrx_word' id='word_1_361' title='bbox 559 4325 822 4397; x_wconf 85' lang='grc' dir='ltr'>χρυσίων,</span> <span class='ocrx_word' id='word_1_362' title='bbox 868 4323 962 4377; x_wconf 69' lang='grc' dir='ltr'>καὶ</span> <span class='ocrx_word' id='word_1_363' title='bbox 1009 4321 1117 4374; x_wconf 90' lang='grc' dir='ltr'>τῶν</span> <span class='ocrx_word' id='word_1_364' title='bbox 1163 4319 1372 4391; x_wconf 90' lang='grc' dir='ltr'>μύρων,</span> <span class='ocrx_word' id='word_1_365' title='bbox 1423 4322 1516 4376; x_wconf 71' lang='grc' dir='ltr'>καὶ</span> <span class='ocrx_word' id='word_1_366' title='bbox 1545 4321 1654 4376; x_wconf 91' lang='grc' dir='ltr'>τῶν</span> <span class='ocrx_word' id='word_1_367' title='bbox 1688 4322 1938 4392; x_wconf 85' lang='grc' dir='ltr'>ἱματίων,</span> 
     </span>
    </p>
   </div>
   <div class='ocr_carea' id='block_1_47' title="bbox 269 4404 1941 4478">
    <p class='ocr_par' dir='ltr' id='par_1_47' title="bbox 269 4404 1941 4478">
     <span class='ocr_line' id='line_1_47' title="bbox 269 4404 1941 4478; baseline -0.004 -9"><span class='ocrx_word' id='word_1_368' title='bbox 269 4417 361 4469; x_wconf 76' lang='grc' dir='ltr'>καὶ</span> <span class='ocrx_word' id='word_1_369' title='bbox 398 4415 510 4477; x_wconf 80' lang='grc' dir='ltr'>τῶν</span> <span class='ocrx_word' id='word_1_370' title='bbox 533 4411 735 4466; x_wconf 86' lang='grc' dir='ltr'>λοιπῶν</span> <span class='ocrx_word' id='word_1_371' title='bbox 767 4404 840 4465; x_wconf 77' lang='grc' dir='ltr'>ὧν</span> <span class='ocrx_word' id='word_1_372' title='bbox 868 4405 1022 4464; x_wconf 77' lang='grc' dir='ltr'>εἷπον</span> <span class='ocrx_word' id='word_1_373' title='bbox 1054 4409 1408 4478; x_wconf 82' lang='grc' dir='ltr'>συγκείμενα,</span> <span class='ocrx_word' id='word_1_374' title='bbox 1441 4412 1650 4475; x_wconf 89' lang='grc' dir='ltr'>τούτοις</span> <span class='ocrx_word' id='word_1_375' title='bbox 1679 4412 1789 4473; x_wconf 85' lang='grc' dir='ltr'>τοῖς</span> <span class='ocrx_word' id='word_1_376' title='bbox 1815 4427 1941 4463; x_wconf 73' lang='grc' dir='ltr'>τοσ-</span> 
     </span>
    </p>
   </div>
   <div class='ocr_carea' id='block_1_48' title="bbox 269 4496 1943 4568">
    <p class='ocr_par' dir='ltr' id='par_1_48' title="bbox 269 4496 1943 4568">
     <span class='ocr_line' id='line_1_48' title="bbox 269 4496 1943 4568; baseline -0.005 -15"><span class='ocrx_word' id='word_1_377' title='bbox 269 4502 423 4554; x_wconf 85' lang='grc' dir='ltr'>οῦτον</span> <span class='ocrx_word' id='word_1_378' title='bbox 485 4499 668 4553; x_wconf 88' lang='grc' dir='ltr'>αὑτῶν</span> <span class='ocrx_word' id='word_1_379' title='bbox 719 4497 1058 4568; x_wconf 86' lang='grc' dir='ltr'>ἀφεστηκόσι</span> <span class='ocrx_word' id='word_1_380' title='bbox 1111 4496 1351 4560; x_wconf 80' lang='grc' dir='ltr'>εὐκόλως</span> <span class='ocrx_word' id='word_1_381' title='bbox 1394 4497 1651 4551; x_wconf 86' lang='grc' dir='ltr'>ἐνέπεσον</span> <span class='ocrx_word' id='word_1_382' title='bbox 1702 4499 1809 4561; x_wconf 59' lang='grc' dir='ltr'>καὶ</span> <span class='ocrx_word' id='word_1_383' title='bbox 1838 4497 1943 4552; x_wconf 64' lang='grc' dir='ltr'>ἀπ.</span> 
     </span>
    </p>
   </div>
   <div class='ocr_carea' id='block_1_49' title="bbox 270 4581 1940 4650">
    <p class='ocr_par' dir='ltr' id='par_1_49' title="bbox 270 4581 1940 4650">
     <span class='ocr_line' id='line_1_49' title="bbox 270 4581 1940 4650; baseline -0.002 -10"><span class='ocrx_word' id='word_1_384' title='bbox 270 4587 488 4642; x_wconf 81' lang='grc' dir='ltr'>ὡλοντο.</span> <span class='ocrx_word' id='word_1_385' title='bbox 546 4587 718 4639; x_wconf 86' lang='grc' dir='ltr'>Ὅταν</span> <span class='ocrx_word' id='word_1_386' title='bbox 758 4581 852 4638; x_wconf 83' lang='grc' dir='ltr'>οῦν</span> <span class='ocrx_word' id='word_1_387' title='bbox 891 4585 988 4639; x_wconf 72' lang='grc' dir='ltr'>καὶ</span> <span class='ocrx_word' id='word_1_388' title='bbox 1020 4584 1109 4637; x_wconf 88' lang='grc' dir='ltr'>διά</span> <span class='ocrx_word' id='word_1_389' title='bbox 1140 4584 1352 4648; x_wconf 88' lang='grc' dir='ltr'>πενίας,</span> <span class='ocrx_word' id='word_1_390' title='bbox 1409 4585 1503 4638; x_wconf 74' lang='grc' dir='ltr'>καὶ</span> <span class='ocrx_word' id='word_1_391' title='bbox 1554 4584 1642 4647; x_wconf 81' lang='grc' dir='ltr'>διά</span> <span class='ocrx_word' id='word_1_392' title='bbox 1683 4584 1940 4650; x_wconf 82' lang='grc' dir='ltr'>πλούτου,</span> 
     </span>
    </p>
   </div>
   <div class='ocr_carea' id='block_1_50' title="bbox 272 4672 1940 4744">
    <p class='ocr_par' dir='ltr' id='par_1_50' title="bbox 272 4672 1940 4744">
     <span class='ocr_line' id='line_1_50' title="bbox 272 4672 1940 4744; baseline -0.004 -14"><span class='ocrx_word' id='word_1_393' title='bbox 272 4677 372 4736; x_wconf 65' lang='grc' dir='ltr'>καὶ</span> <span class='ocrx_word' id='word_1_394' title='bbox 402 4675 494 4731; x_wconf 88' lang='grc' dir='ltr'>διά</span> <span class='ocrx_word' id='word_1_395' title='bbox 541 4672 934 4744; x_wconf 81' lang='grc' dir='ltr'>καλλωπισμοῦ</span> <span class='ocrx_word' id='word_1_396' title='bbox 988 4673 1084 4726; x_wconf 78' lang='grc' dir='ltr'>καὶ</span> <span class='ocrx_word' id='word_1_397' title='bbox 1125 4672 1214 4726; x_wconf 78' lang='grc' dir='ltr'>διὰ</span> <span class='ocrx_word' id='word_1_398' title='bbox 1252 4672 1532 4742; x_wconf 83' lang='grc' dir='ltr'>σχήματος</span> <span class='ocrx_word' id='word_1_399' title='bbox 1575 4673 1696 4743; x_wconf 77' lang='grc' dir='ltr'>εικῆ</span> <span class='ocrx_word' id='word_1_400' title='bbox 1752 4672 1940 4744; x_wconf 85' lang='grc' dir='ltr'>κειμέ-</span> 
     </span>
    </p>
   </div>
   <div class='ocr_carea' id='block_1_51' title="bbox 271 4759 1944 4832">
    <p class='ocr_par' dir='ltr' id='par_1_51' title="bbox 271 4759 1944 4832">
     <span class='ocr_line' id='line_1_51' title="bbox 271 4759 1944 4832; baseline 0 -16"><span class='ocrx_word' id='word_1_401' title='bbox 271 4782 382 4827; x_wconf 87' lang='grc' dir='ltr'>νου,</span> <span class='ocrx_word' id='word_1_402' title='bbox 434 4762 532 4816; x_wconf 71' lang='grc' dir='ltr'>καὶ</span> <span class='ocrx_word' id='word_1_403' title='bbox 580 4761 670 4815; x_wconf 79' lang='grc' dir='ltr'>διὰ</span> <span class='ocrx_word' id='word_1_404' title='bbox 719 4761 938 4832; x_wconf 88' lang='grc' dir='ltr'>τρόπων</span> <span class='ocrx_word' id='word_1_405' title='bbox 987 4759 1098 4813; x_wconf 88' lang='grc' dir='ltr'>τῶν</span> <span class='ocrx_word' id='word_1_406' title='bbox 1153 4777 1214 4812; x_wconf 90' lang='grc' dir='ltr'>τε</span> <span class='ocrx_word' id='word_1_407' title='bbox 1267 4759 1638 4829; x_wconf 85' lang='grc' dir='ltr'>ἐπιτηδευτῶν</span> <span class='ocrx_word' id='word_1_408' title='bbox 1690 4760 1786 4812; x_wconf 78' lang='grc' dir='ltr'>καὶ</span> <span class='ocrx_word' id='word_1_409' title='bbox 1835 4760 1944 4816; x_wconf 87' lang='grc' dir='ltr'>τῶν</span> 
     </span>
    </p>
   </div>
   <div class='ocr_carea' id='block_1_52' title="bbox 272 4840 1941 4919">
    <p class='ocr_par' dir='ltr' id='par_1_52' title="bbox 272 4840 1941 4919">
     <span class='ocr_line' id='line_1_52' title="bbox 272 4840 1941 4919; baseline -0.002 -15"><span class='ocrx_word' id='word_1_410' title='bbox 272 4851 583 4912; x_wconf 83' lang='grc' dir='ltr'>ἀπλάστων,</span> <span class='ocrx_word' id='word_1_411' title='bbox 618 4848 712 4902; x_wconf 70' lang='grc' dir='ltr'>καὶ</span> <span class='ocrx_word' id='word_1_412' title='bbox 743 4848 831 4902; x_wconf 83' lang='grc' dir='ltr'>διὰ</span> <span class='ocrx_word' id='word_1_413' title='bbox 869 4848 1086 4901; x_wconf 86' lang='grc' dir='ltr'>πάντων</span> <span class='ocrx_word' id='word_1_414' title='bbox 1111 4845 1298 4910; x_wconf 90' lang='grc' dir='ltr'>ἀπλῶς</span> <span class='ocrx_word' id='word_1_415' title='bbox 1327 4840 1421 4908; x_wconf 81' lang='grc' dir='ltr'>ὧν..</span> <span class='ocrx_word' id='word_1_416' title='bbox 1444 4847 1941 4919; x_wconf 84' lang='grc' dir='ltr'>ἀπηριθμησάμην,</span> 
     </span>
    </p>
   </div>
   <div class='ocr_carea' id='block_1_53' title="bbox 271 4933 1945 5008">
    <p class='ocr_par' dir='ltr' id='par_1_53' title="bbox 271 4933 1945 5008">
     <span class='ocr_line' id='line_1_53' title="bbox 271 4933 1945 5008; baseline -0.001 -18"><span class='ocrx_word' id='word_1_417' title='bbox 271 4939 300 4990; x_wconf 85' lang='lat'>6</span> <span class='ocrx_word' id='word_1_418' title='bbox 327 4938 564 5008; x_wconf 65' lang='grc' dir='ltr'>πόλεμος</span> <span class='ocrx_word' id='word_1_419' title='bbox 594 4935 1021 5007; x_wconf 74' lang='grc' dir='ltr'>ἀναρριπίζηται</span> <span class='ocrx_word' id='word_1_420' title='bbox 1048 4937 1114 5005; x_wconf 80' lang='grc' dir='ltr'>τῇ</span> <span class='ocrx_word' id='word_1_421' title='bbox 1139 4934 1232 4988; x_wconf 89' lang='grc' dir='ltr'>τοῦ</span> <span class='ocrx_word' id='word_1_422' title='bbox 1260 4933 1531 5004; x_wconf 82' lang='grc' dir='ltr'>θεωμένου</span> <span class='ocrx_word' id='word_1_423' title='bbox 1554 4934 1724 5004; x_wconf 81' lang='grc' dir='ltr'>ψυχῇ,</span> <span class='ocrx_word' id='word_1_424' title='bbox 1754 4935 1848 4988; x_wconf 73' lang='grc' dir='ltr'>καὶ</span> <span class='ocrx_word' id='word_1_425' title='bbox 1876 4936 1945 4990; x_wconf 86' lang='grc' dir='ltr'>τά</span> 
     </span>
    </p>
   </div>
   <div class='ocr_carea' id='block_1_54' title="bbox 277 5021 1940 5094">
    <p class='ocr_par' dir='ltr' id='par_1_54' title="bbox 277 5021 1940 5094">
     <span class='ocr_line' id='line_1_54' title="bbox 277 5021 1940 5094; baseline -0.002 -16"><span class='ocrx_word' id='word_1_426' title='bbox 277 5027 648 5094; x_wconf 80' lang='grc' dir='ltr'>μηχανήματα</span> <span class='ocrx_word' id='word_1_427' title='bbox 699 5022 853 5094; x_wconf 66' lang='grc' dir='ltr'>μεδ]</span> <span class='ocrx_word' id='word_1_428' title='bbox 903 5023 1062 5075; x_wconf 86' lang='grc' dir='ltr'>αὑτὸν</span> <span class='ocrx_word' id='word_1_429' title='bbox 1127 5021 1504 5092; x_wconf 75' lang='grc' dir='ltr'>περιστοιχίξῃ</span> <span class='ocrx_word' id='word_1_430' title='bbox 1571 5021 1940 5092; x_wconf 83' lang='grc' dir='ltr'>πανταχόθεν·</span> 
     </span>
    </p>
   </div>
   <div class='ocr_carea' id='block_1_55' title="bbox 273 5107 1939 5180">
    <p class='ocr_par' dir='ltr' id='par_1_55' title="bbox 273 5107 1939 5180">
     <span class='ocr_line' id='line_1_55' title="bbox 273 5107 1939 5180; baseline -0.003 -15"><span class='ocrx_word' id='word_1_431' title='bbox 273 5112 437 5165; x_wconf 86' lang='grc' dir='ltr'>πόθεν</span> <span class='ocrx_word' id='word_1_432' title='bbox 469 5109 806 5164; x_wconf 80' lang='grc' dir='ltr'>ἀναπνεῦσαι</span> <span class='ocrx_word' id='word_1_433' title='bbox 840 5109 1148 5180; x_wconf 87' lang='grc' dir='ltr'>δυνήσεται,</span> <span class='ocrx_word' id='word_1_434' title='bbox 1179 5107 1451 5161; x_wconf 78' lang='grc' dir='ltr'>τοσούτων</span> <span class='ocrx_word' id='word_1_435' title='bbox 1477 5107 1662 5178; x_wconf 82' lang='grc' dir='ltr'>κύκλῳ</span> <span class='ocrx_word' id='word_1_436' title='bbox 1697 5125 1939 5178; x_wconf 82' lang='grc' dir='ltr'>περικει-</span> 
     </span>
    </p>
   </div>
   <div class='ocr_carea' id='block_1_56' title="bbox 277 5195 1947 5271">
    <p class='ocr_par' dir='ltr' id='par_1_56' title="bbox 277 5195 1947 5271">
     <span class='ocr_line' id='line_1_56' title="bbox 277 5195 1947 5271; baseline -0.004 -17"><span class='ocrx_word' id='word_1_437' title='bbox 277 5201 456 5271; x_wconf 81' lang='grc' dir='ltr'>μένων</span> <span class='ocrx_word' id='word_1_438' title='bbox 482 5198 760 5266; x_wconf 76' lang='grc' dir='ltr'>παγίδωνς</span> <span class='ocrx_word' id='word_1_439' title='bbox 797 5197 957 5250; x_wconf 91' lang='grc' dir='ltr'>ποίαν</span> <span class='ocrx_word' id='word_1_440' title='bbox 985 5198 1276 5250; x_wconf 80' lang='grc' dir='ltr'>κατάδυσιν</span> <span class='ocrx_word' id='word_1_441' title='bbox 1312 5197 1514 5267; x_wconf 90' lang='grc' dir='ltr'>εὑρεῖν,</span> <span class='ocrx_word' id='word_1_442' title='bbox 1543 5196 1604 5248; x_wconf 86' lang='grc' dir='ltr'>οὑ</span> <span class='ocrx_word' id='word_1_443' title='bbox 1635 5196 1779 5264; x_wconf 89' lang='grc' dir='ltr'>λέγω</span> <span class='ocrx_word' id='word_1_444' title='bbox 1809 5195 1947 5266; x_wconf 83' lang='grc' dir='ltr'>πρὸς</span> 
     </span>
    </p>
   </div>
   <div class='ocr_carea' id='block_1_57' title="bbox 272 5282 1943 5358">
    <p class='ocr_par' dir='ltr' id='par_1_57' title="bbox 272 5282 1943 5358">
     <span class='ocr_line' id='line_1_57' title="bbox 272 5282 1943 5358; baseline -0.001 -18"><span class='ocrx_word' id='word_1_445' title='bbox 272 5289 332 5342; x_wconf 80' lang='grc' dir='ltr'>τὸ</span> <span class='ocrx_word' id='word_1_446' title='bbox 367 5288 443 5358; x_wconf 83' lang='grc' dir='ltr'>μὴ</span> <span class='ocrx_word' id='word_1_447' title='bbox 471 5285 615 5341; x_wconf 88' lang='grc' dir='ltr'>κατά</span> <span class='ocrx_word' id='word_1_448' title='bbox 636 5284 837 5357; x_wconf 88' lang='grc' dir='ltr'>κράτος</span> <span class='ocrx_word' id='word_1_449' title='bbox 865 5284 1070 5337; x_wconf 83' lang='grc' dir='ltr'>ἁλῶναι</span> <span class='ocrx_word' id='word_1_450' title='bbox 1104 5282 1282 5352; x_wconf 85' lang='grc' dir='ltr'>(τοῦτο</span> <span class='ocrx_word' id='word_1_451' title='bbox 1315 5284 1412 5354; x_wconf 84' lang='grc' dir='ltr'>μὲν</span> <span class='ocrx_word' id='word_1_452' title='bbox 1441 5283 1548 5355; x_wconf 81' lang='grc' dir='ltr'>γὰρ</span> <span class='ocrx_word' id='word_1_453' title='bbox 1575 5283 1634 5335; x_wconf 89' lang='grc' dir='ltr'>οὑ</span> <span class='ocrx_word' id='word_1_454' title='bbox 1668 5283 1813 5336; x_wconf 83' lang='grc' dir='ltr'>πάνυ</span> <span class='ocrx_word' id='word_1_455' title='bbox 1843 5299 1943 5354; x_wconf 79' lang='grc' dir='ltr'>χα-</span> 
     </span>
    </p>
   </div>
   <div class='ocr_carea' id='block_1_58' title="bbox 274 5373 1944 5447">
    <p class='ocr_par' dir='ltr' id='par_1_58' title="bbox 274 5373 1944 5447">
     <span class='ocr_line' id='line_1_58' title="bbox 274 5373 1944 5447; baseline -0.001 -17"><span class='ocrx_word' id='word_1_456' title='bbox 274 5375 477 5447; x_wconf 74' lang='grc' dir='ltr'>λεπὸν),</span> <span class='ocrx_word' id='word_1_457' title='bbox 509 5375 647 5428; x_wconf 86' lang='grc' dir='ltr'>ἀλλά</span> <span class='ocrx_word' id='word_1_458' title='bbox 689 5375 784 5428; x_wconf 75' lang='grc' dir='ltr'>καὶ</span> <span class='ocrx_word' id='word_1_459' title='bbox 817 5374 954 5446; x_wconf 81' lang='grc' dir='ltr'>πρὸς</span> <span class='ocrx_word' id='word_1_460' title='bbox 983 5373 1044 5429; x_wconf 77' lang='grc' dir='ltr'>τὸ</span> <span class='ocrx_word' id='word_1_461' title='bbox 1089 5375 1362 5444; x_wconf 82' lang='grc' dir='ltr'>ἀτάραχον</span> <span class='ocrx_word' id='word_1_462' title='bbox 1395 5373 1501 5426; x_wconf 92' lang='grc' dir='ltr'>τῶν</span> <span class='ocrx_word' id='word_1_463' title='bbox 1539 5375 1749 5445; x_wconf 87' lang='grc' dir='ltr'>μιαρῶν</span> <span class='ocrx_word' id='word_1_464' title='bbox 1799 5374 1944 5443; x_wconf 72' lang='grc' dir='ltr'>λογι.ο</span> 
     </span>
    </p>
   </div>
   <div class='ocr_carea' id='block_1_59' title="bbox 333 5493 924 5556">
    <p class='ocr_par' dir='ltr' id='par_1_59' title="bbox 333 5493 924 5556">
     <span class='ocr_line' id='line_1_59' title="bbox 333 5493 924 5556; baseline -0.01 -10"><span class='ocrx_word' id='word_1_465' title='bbox 333 5498 361 5526; x_wconf 83' lang='grc'>⁸</span> <span class='ocrx_word' id='word_1_466' title='bbox 387 5496 484 5547; x_wconf 74' lang='lat' dir='ltr'><strong>Alii</strong></span> <span class='ocrx_word' id='word_1_467' title='bbox 522 5493 904 5556; x_wconf 82' lang='grc' dir='ltr'>ἐγκαταλιμπάνῃ</span> <span class='ocrx_word' id='word_1_468' title='bbox 914 5529 924 5540; x_wconf 93' lang='grc'>.</span> 
     </span>
    </p>
   </div>
   <div class='ocr_carea' id='block_1_60' title="bbox 330 5554 1092 5618">
    <p class='ocr_par' dir='ltr' id='par_1_60' title="bbox 330 5554 1092 5618">
     <span class='ocr_line' id='line_1_60' title="bbox 330 5554 1092 5618; baseline -0.008 -10"><span class='ocrx_word' id='word_1_469' title='bbox 330 5557 362 5599; x_wconf 69' lang='grc' dir='ltr'>δ</span> <span class='ocrx_word' id='word_1_470' title='bbox 386 5560 481 5607; x_wconf 77' lang='lat' dir='ltr'><strong>Alii</strong></span> <span class='ocrx_word' id='word_1_471' title='bbox 506 5554 595 5605; x_wconf 75' lang='grc' dir='ltr'>οὑκ</span> <span class='ocrx_word' id='word_1_472' title='bbox 620 5558 868 5618; x_wconf 77' lang='grc' dir='ltr'>ἀνέχονται</span> <span class='ocrx_word' id='word_1_473' title='bbox 885 5554 1092 5618; x_wconf 60' lang='grc' dir='ltr'>θαρρεῖν.</span> 
     </span>
    </p>
   </div>
   <div class='ocr_carea' id='block_1_61' title="bbox 335 5619 812 5679">
    <p class='ocr_par' dir='ltr' id='par_1_61' title="bbox 335 5619 812 5679">
     <span class='ocr_line' id='line_1_61' title="bbox 335 5619 812 5679; baseline -0.006 -11"><span class='ocrx_word' id='word_1_474' title='bbox 335 5622 358 5651; x_wconf 67' lang='grc' dir='ltr'>ε</span> <span class='ocrx_word' id='word_1_475' title='bbox 384 5619 480 5668; x_wconf 76' lang='lat' dir='ltr'><strong>Alii</strong></span> <span class='ocrx_word' id='word_1_476' title='bbox 499 5623 812 5679; x_wconf 80' lang='grc' dir='ltr'>συντηρῆσαι.</span> 
     </span>
    </p>
   </div>
   <div class='ocr_carea' id='block_1_62' title="bbox 335 5675 1942 5750">
    <p class='ocr_par' dir='ltr' id='par_1_62' title="bbox 335 5675 1942 5750">
     <span class='ocr_line' id='line_1_62' title="bbox 335 5675 1942 5750; baseline -0.003 -21"><span class='ocrx_word' id='word_1_477' title='bbox 335 5680 362 5750; x_wconf 54' lang='grc' dir='ltr'>ἦ</span> <span class='ocrx_word' id='word_1_478' title='bbox 384 5679 608 5750; x_wconf 60' lang='lat' dir='ltr'>Savi|._9_l</span> <span class='ocrx_word' id='word_1_479' title='bbox 633 5675 822 5750; x_wconf 57' lang='lat' dir='ltr'><strong>aliquoi</strong></span> <span class='ocrx_word' id='word_1_480' title='bbox 846 5689 960 5749; x_wconf 50' lang='lat' dir='ltr'>mags.</span> <span class='ocrx_word' id='word_1_481' title='bbox 985 5677 1075 5750; x_wconf 38' lang='grc' dir='ltr'>,καὶ</span> <span class='ocrx_word' id='word_1_482' title='bbox 1110 5677 1326 5750; x_wconf 40' lang='grc' dir='ltr'>παρειῶν.</span> <span class='ocrx_word' id='word_1_483' title='bbox 1355 5675 1686 5750; x_wconf 62' lang='grc' dir='ltr'>ἐπιτρίμματα,</span> <span class='ocrx_word' id='word_1_484' title='bbox 1711 5678 1791 5724; x_wconf 83' lang='grc' dir='ltr'>καὶ</span> <span class='ocrx_word' id='word_1_485' title='bbox 1819 5679 1942 5750; x_wconf 52' lang='grc' dir='ltr'>Δπλεῖ</span> 
     </span>
    </p>
   </div>
   <div class='ocr_carea' id='block_1_63' title="bbox 277 5738 1939 5800">
    <p class='ocr_par' dir='ltr' id='par_1_63' title="bbox 277 5738 1939 5800">
     <span class='ocr_line' id='line_1_63' title="bbox 277 5738 1939 5800; baseline -0.001 -12"><span class='ocrx_word' id='word_1_486' title='bbox 277 5743 479 5800; x_wconf 78' lang='grc' dir='ltr'>γμάτων,</span> <span class='ocrx_word' id='word_1_487' title='bbox 503 5741 588 5788; x_wconf 79' lang='lat' dir='ltr'><strong>alii</strong></span> <span class='ocrx_word' id='word_1_488' title='bbox 628 5739 710 5785; x_wconf 87' lang='grc' dir='ltr'>καὶ</span> <span class='ocrx_word' id='word_1_489' title='bbox 745 5739 950 5799; x_wconf 79' lang='grc' dir='ltr'>παρειῶν</span> <span class='ocrx_word' id='word_1_490' title='bbox 980 5739 1224 5800; x_wconf 70' lang='grc' dir='ltr'>ἐπιγραφαὶ</span> <span class='ocrx_word' id='word_1_491' title='bbox 1251 5740 1328 5800; x_wconf 81' lang='grc' dir='ltr'>καὶ</span> <span class='ocrx_word' id='word_1_492' title='bbox 1369 5738 1500 5800; x_wconf 82' lang='grc' dir='ltr'>πλεγ.</span> <span class='ocrx_word' id='word_1_493' title='bbox 1535 5738 1686 5800; x_wconf 76' lang='lat' dir='ltr'><strong>Paulo</strong></span> <span class='ocrx_word' id='word_1_494' title='bbox 1727 5744 1836 5799; x_wconf 70' lang='lat' dir='ltr'>post</span> <span class='ocrx_word' id='word_1_495' title='bbox 1859 5741 1939 5786; x_wconf 76' lang='lat' dir='ltr'><strong>alii</strong></span> 
     </span>
    </p>
   </div>
   <div class='ocr_carea' id='block_1_64' title="bbox 279 5797 1933 5865">
    <p class='ocr_par' dir='ltr' id='par_1_64' title="bbox 279 5797 1933 5865">
     <span class='ocr_line' id='line_1_64' title="bbox 279 5797 1933 5865; baseline -0.003 -13"><span class='ocrx_word' id='word_1_496' title='bbox 279 5797 475 5865; x_wconf 50' lang='grc' dir='ltr'>ἡρωίων</span> <span class='ocrx_word' id='word_1_497' title='bbox 496 5801 750 5863; x_wconf 70' lang='grc' dir='ltr'>εὐπρέπεια</span> <span class='ocrx_word' id='word_1_498' title='bbox 774 5797 1016 5846; x_wconf 75' lang='grc' dir='ltr'>καίλίθων.</span> <span class='ocrx_word' id='word_1_499' title='bbox 1041 5797 1110 5848; x_wconf 63' lang='grc'>15.</span> <span class='ocrx_word' id='word_1_500' title='bbox 1132 5797 1211 5849; x_wconf 73' lang='lat' dir='ltr'><strong>alii</strong></span> <span class='ocrx_word' id='word_1_501' title='bbox 1236 5799 1392 5860; x_wconf 72' lang='grc' dir='ltr'>μύρων</span> <span class='ocrx_word' id='word_1_502' title='bbox 1415 5798 1624 5861; x_wconf 76' lang='grc' dir='ltr'>εῦοδμξα,</span> <span class='ocrx_word' id='word_1_503' title='bbox 1647 5799 1709 5846; x_wconf 60' lang='grc' dir='ltr'>δι.</span> <span class='ocrx_word' id='word_1_504' title='bbox 1730 5797 1933 5848; x_wconf 69' lang='grc' dir='ltr'>εὐωδία.</span> 
     </span>
    </p>
   </div>
   <div class='ocr_carea' id='block_1_65' title="bbox 1523 316 2404 416">
    <p class='ocr_par' dir='ltr' id='par_1_65' title="bbox 1523 316 2404 416">
     <span class='ocr_line' id='line_1_65' title="bbox 1523 316 2404 416; baseline 0 -4"><span class='ocrx_word' id='word_1_505' title='bbox 1523 358 1611 414; x_wconf 74' lang='grc' dir='ltr'>οε</span> <span class='ocrx_word' id='word_1_506' title='bbox 1652 354 2103 412; x_wconf 80' lang='lat' dir='ltr'>SACERDOTIO.</span> <span class='ocrx_word' id='word_1_507' title='bbox 2149 356 2276 416; x_wconf 80' lang='lat' dir='ltr'><strong>un.</strong></span> <span class='ocrx_word' id='word_1_508' title='bbox 2319 316 2404 413; x_wconf 57' lang='grc' dir='ltr'>τι.</span> 
     </span>
    </p>
   </div>
   <div class='ocr_carea' id='block_1_66' title="bbox 3578 357 3680 412">
    <p class='ocr_par' dir='ltr' id='par_1_66' title="bbox 3578 357 3680 412">
     <span class='ocr_line' id='line_1_66' title="bbox 3578 357 3680 412; baseline 0 -1"><span class='ocrx_word' id='word_1_509' title='bbox 3578 357 3680 412; x_wconf 81' lang='grc'>680</span> 
     </span>
    </p>
   </div>
   <div class='ocr_carea' id='block_1_67' title="bbox 2023 471 3685 546">
    <p class='ocr_par' dir='ltr' id='par_1_67' title="bbox 2023 471 3685 546">
     <span class='ocr_line' id='line_1_67' title="bbox 2023 471 3685 546; baseline 0.001 -21"><span class='ocrx_word' id='word_1_510' title='bbox 2023 473 2174 544; x_wconf 89' lang='grc' dir='ltr'>σμῶν</span> <span class='ocrx_word' id='word_1_511' title='bbox 2202 475 2300 546; x_wconf 77' lang='grc' dir='ltr'>τὴν</span> <span class='ocrx_word' id='word_1_512' title='bbox 2326 475 2520 529; x_wconf 80' lang='grc' dir='ltr'>ἐαυτοῦ</span> <span class='ocrx_word' id='word_1_513' title='bbox 2559 474 2790 544; x_wconf 78' lang='grc' dir='ltr'>φυλάξαι</span> <span class='ocrx_word' id='word_1_514' title='bbox 2817 475 3026 546; x_wconf 84' lang='grc' dir='ltr'>ψυχήν;</span> <span class='ocrx_word' id='word_1_515' title='bbox 3068 475 3176 528; x_wconf 68' lang='grc' dir='ltr'>Καὶ</span> <span class='ocrx_word' id='word_1_516' title='bbox 3208 472 3446 546; x_wconf 86' lang='grc' dir='ltr'>παρίημι</span> <span class='ocrx_word' id='word_1_517' title='bbox 3466 471 3562 536; x_wconf 85' lang='grc' dir='ltr'>τάς</span> <span class='ocrx_word' id='word_1_518' title='bbox 3599 490 3685 526; x_wconf 87' lang='grc' dir='ltr'>τι-</span> 
     </span>
    </p>
   </div>
   <div class='ocr_carea' id='block_1_68' title="bbox 2027 560 3686 635">
    <p class='ocr_par' dir='ltr' id='par_1_68' title="bbox 2027 560 3686 635">
     <span class='ocr_line' id='line_1_68' title="bbox 2027 560 3686 635; baseline -0.002 -20"><span class='ocrx_word' id='word_1_519' title='bbox 2027 563 2153 632; x_wconf 88' lang='grc' dir='ltr'>μάς,</span> <span class='ocrx_word' id='word_1_520' title='bbox 2190 565 2288 626; x_wconf 85' lang='grc' dir='ltr'>τάς</span> <span class='ocrx_word' id='word_1_521' title='bbox 2326 562 2434 615; x_wconf 88' lang='grc' dir='ltr'>τῶν</span> <span class='ocrx_word' id='word_1_522' title='bbox 2465 563 2673 635; x_wconf 85' lang='grc' dir='ltr'>μυρίων</span> <span class='ocrx_word' id='word_1_523' title='bbox 2717 563 2895 626; x_wconf 89' lang='grc' dir='ltr'>αίτίας</span> <span class='ocrx_word' id='word_1_524' title='bbox 2924 563 3128 618; x_wconf 87' lang='grc' dir='ltr'>κακῶν.</span> <span class='ocrx_word' id='word_1_525' title='bbox 3163 563 3227 616; x_wconf 81' lang='grc' dir='ltr'>Αἱ</span> <span class='ocrx_word' id='word_1_526' title='bbox 3273 563 3368 632; x_wconf 75' lang='grc' dir='ltr'>μὲν</span> <span class='ocrx_word' id='word_1_527' title='bbox 3396 561 3503 630; x_wconf 86' lang='grc' dir='ltr'>γὰρ</span> <span class='ocrx_word' id='word_1_528' title='bbox 3533 560 3686 631; x_wconf 67' lang='grc' dir='ltr'>παρὰ</span> 
     </span>
    </p>
   </div>
   <div class='ocr_carea' id='block_1_69' title="bbox 2025 648 3687 722">
    <p class='ocr_par' dir='ltr' id='par_1_69' title="bbox 2025 648 3687 722">
     <span class='ocr_line' id='line_1_69' title="bbox 2025 648 3687 722; baseline -0.001 -19"><span class='ocrx_word' id='word_1_529' title='bbox 2025 651 2131 703; x_wconf 88' lang='grc' dir='ltr'>τῶν</span> <span class='ocrx_word' id='word_1_530' title='bbox 2157 650 2430 720; x_wconf 78' lang='grc' dir='ltr'>γυναικῶν</span> <span class='ocrx_word' id='word_1_531' title='bbox 2453 651 2758 722; x_wconf 86' lang='grc' dir='ltr'>γινόμεναι,</span> <span class='ocrx_word' id='word_1_532' title='bbox 2786 650 2865 722; x_wconf 81' lang='grc' dir='ltr'>τῷ</span> <span class='ocrx_word' id='word_1_533' title='bbox 2888 651 2988 720; x_wconf 73' lang='grc' dir='ltr'>τῆς</span> <span class='ocrx_word' id='word_1_534' title='bbox 3020 649 3370 721; x_wconf 70' lang='grc' dir='ltr'>σωφροσύνης</span> <span class='ocrx_word' id='word_1_535' title='bbox 3396 648 3687 720; x_wconf 83' lang='grc' dir='ltr'>λυμαίνον-</span> 
     </span>
    </p>
   </div>
   <div class='ocr_carea' id='block_1_70' title="bbox 2025 737 3688 809">
    <p class='ocr_par' dir='ltr' id='par_1_70' title="bbox 2025 737 3688 809">
     <span class='ocr_line' id='line_1_70' title="bbox 2025 737 3688 809; baseline -0.001 -19"><span class='ocrx_word' id='word_1_536' title='bbox 2025 754 2116 792; x_wconf 90' lang='grc' dir='ltr'>ται</span> <span class='ocrx_word' id='word_1_537' title='bbox 2145 739 2304 809; x_wconf 88' lang='grc' dir='ltr'>τόνῳ,</span> <span class='ocrx_word' id='word_1_538' title='bbox 2336 739 2429 792; x_wconf 71' lang='grc' dir='ltr'>καὶ</span> <span class='ocrx_word' id='word_1_539' title='bbox 2460 739 2860 792; x_wconf 88' lang='grc' dir='ltr'>καταϐάλλουσι</span> <span class='ocrx_word' id='word_1_540' title='bbox 2891 751 2914 778; x_wconf 70' lang='grc' dir='ltr'><strong>ο</strong></span> <span class='ocrx_word' id='word_1_541' title='bbox 2940 739 2997 792; x_wconf 89' lang='grc' dir='ltr'>δέ</span> <span class='ocrx_word' id='word_1_542' title='bbox 3022 738 3305 802; x_wconf 83' lang='grc' dir='ltr'>πολλάκις,</span> <span class='ocrx_word' id='word_1_543' title='bbox 3335 739 3465 792; x_wconf 83' lang='grc' dir='ltr'>ὅταν</span> <span class='ocrx_word' id='word_1_544' title='bbox 3493 754 3578 800; x_wconf 90' lang='grc' dir='ltr'>τις</span> <span class='ocrx_word' id='word_1_545' title='bbox 3613 737 3688 807; x_wconf 79' lang='grc' dir='ltr'>μὴ</span> 
     </span>
    </p>
   </div>
   <div class='ocr_carea' id='block_1_71' title="bbox 2021 825 3687 900">
    <p class='ocr_par' dir='ltr' id='par_1_71' title="bbox 2021 825 3687 900">
     <span class='ocr_line' id='line_1_71' title="bbox 2021 825 3687 900; baseline -0.001 -20"><span class='ocrx_word' id='word_1_546' title='bbox 2021 827 2316 890; x_wconf 81' lang='grc' dir='ltr'>διαπαντὸς</span> <span class='ocrx_word' id='word_1_547' title='bbox 2335 828 2635 900; x_wconf 83' lang='grc' dir='ltr'>ἀγρυπνεῖν</span> <span class='ocrx_word' id='word_1_548' title='bbox 2661 828 2775 899; x_wconf 86' lang='grc' dir='ltr'>εἰδῇ</span> <span class='ocrx_word' id='word_1_549' title='bbox 2806 827 2942 898; x_wconf 79' lang='grc' dir='ltr'>πρὸς</span> <span class='ocrx_word' id='word_1_550' title='bbox 2967 829 3063 890; x_wconf 76' lang='grc' dir='ltr'>τὰς</span> <span class='ocrx_word' id='word_1_551' title='bbox 3089 825 3344 890; x_wconf 89' lang='grc' dir='ltr'>τοιαύτας</span> <span class='ocrx_word' id='word_1_552' title='bbox 3367 825 3687 889; x_wconf 85' lang='grc' dir='ltr'>ἐπιϐουλάς·</span> 
     </span>
    </p>
   </div>
   <div class='ocr_carea' id='block_1_72' title="bbox 2024 913 3690 985">
    <p class='ocr_par' dir='ltr' id='par_1_72' title="bbox 2024 913 3690 985">
     <span class='ocr_line' id='line_1_72' title="bbox 2024 913 3690 985; baseline -0.002 -17"><span class='ocrx_word' id='word_1_553' title='bbox 2024 914 2122 978; x_wconf 89' lang='grc' dir='ltr'>τάς</span> <span class='ocrx_word' id='word_1_554' title='bbox 2146 914 2203 967; x_wconf 85' lang='grc' dir='ltr'>δὲ</span> <span class='ocrx_word' id='word_1_555' title='bbox 2231 915 2382 984; x_wconf 84' lang='grc' dir='ltr'>παρὰ</span> <span class='ocrx_word' id='word_1_556' title='bbox 2406 914 2516 968; x_wconf 89' lang='grc' dir='ltr'>τῶν</span> <span class='ocrx_word' id='word_1_557' title='bbox 2542 915 2750 984; x_wconf 89' lang='grc' dir='ltr'>ἀνδρῶν</span> <span class='ocrx_word' id='word_1_558' title='bbox 2774 917 2822 967; x_wconf 89' lang='grc' dir='ltr'>εἱ</span> <span class='ocrx_word' id='word_1_559' title='bbox 2853 913 2926 985; x_wconf 82' lang='grc' dir='ltr'>μὴ</span> <span class='ocrx_word' id='word_1_560' title='bbox 2960 914 3097 984; x_wconf 81' lang='grc' dir='ltr'>μετὰ</span> <span class='ocrx_word' id='word_1_561' title='bbox 3128 913 3329 984; x_wconf 85' lang='grc' dir='ltr'>πολλῆς</span> <span class='ocrx_word' id='word_1_562' title='bbox 3355 931 3440 976; x_wconf 91' lang='grc' dir='ltr'>τις</span> <span class='ocrx_word' id='word_1_563' title='bbox 3467 913 3690 984; x_wconf 79' lang='grc' dir='ltr'>δέξηται</span> 
     </span>
    </p>
   </div>
   <div class='ocr_carea' id='block_1_73' title="bbox 2025 1001 3688 1073">
    <p class='ocr_par' dir='ltr' id='par_1_73' title="bbox 2025 1001 3688 1073">
     <span class='ocr_line' id='line_1_73' title="bbox 2025 1001 3688 1073; baseline -0.001 -19"><span class='ocrx_word' id='word_1_564' title='bbox 2025 1001 2121 1071; x_wconf 81' lang='grc' dir='ltr'>τῆς</span> <span class='ocrx_word' id='word_1_565' title='bbox 2155 1001 2581 1073; x_wconf 77' lang='grc' dir='ltr'>μεγαλοψυχίας,</span> <span class='ocrx_word' id='word_1_566' title='bbox 2611 1003 2704 1056; x_wconf 86' lang='grc' dir='ltr'>δύο</span> <span class='ocrx_word' id='word_1_567' title='bbox 2731 1007 2843 1066; x_wconf 88' lang='grc' dir='ltr'>τοῖς</span> <span class='ocrx_word' id='word_1_568' title='bbox 2866 1003 3128 1066; x_wconf 90' lang='grc' dir='ltr'>ἐναντίοις</span> <span class='ocrx_word' id='word_1_569' title='bbox 3157 1002 3439 1056; x_wconf 81' lang='grc' dir='ltr'>ἁλίσκεται</span> <span class='ocrx_word' id='word_1_570' title='bbox 3468 1003 3688 1064; x_wconf 79' lang='grc' dir='ltr'>πάθεσι,</span> 
     </span>
    </p>
   </div>
   <div class='ocr_carea' id='block_1_74' title="bbox 2022 1088 3690 1162">
    <p class='ocr_par' dir='ltr' id='par_1_74' title="bbox 2022 1088 3690 1162">
     <span class='ocr_line' id='line_1_74' title="bbox 2022 1088 3690 1162; baseline 0.002 -24"><span class='ocrx_word' id='word_1_571' title='bbox 2022 1089 2088 1157; x_wconf 82' lang='grc' dir='ltr'>τῇ</span> <span class='ocrx_word' id='word_1_572' title='bbox 2109 1105 2168 1140; x_wconf 90' lang='grc' dir='ltr'>τε</span> <span class='ocrx_word' id='word_1_573' title='bbox 2204 1088 2303 1158; x_wconf 83' lang='grc' dir='ltr'>τῆς</span> <span class='ocrx_word' id='word_1_574' title='bbox 2328 1088 2569 1152; x_wconf 89' lang='grc' dir='ltr'>θωπείας</span> <span class='ocrx_word' id='word_1_575' title='bbox 2595 1089 3015 1162; x_wconf 79' lang='grc' dir='ltr'>δουλοπρεπείᾳ,</span> <span class='ocrx_word' id='word_1_576' title='bbox 3039 1091 3134 1144; x_wconf 71' lang='grc' dir='ltr'>καὶ</span> <span class='ocrx_word' id='word_1_577' title='bbox 3158 1093 3223 1161; x_wconf 82' lang='grc' dir='ltr'>τῇ</span> <span class='ocrx_word' id='word_1_578' title='bbox 3252 1090 3350 1162; x_wconf 79' lang='grc' dir='ltr'>τῆς</span> <span class='ocrx_word' id='word_1_579' title='bbox 3374 1089 3690 1154; x_wconf 77' lang='grc' dir='ltr'>ἀλαζονείας</span> 
     </span>
    </p>
   </div>
   <div class='ocr_carea' id='block_1_75' title="bbox 2025 1173 3692 1248">
    <p class='ocr_par' dir='ltr' id='par_1_75' title="bbox 2025 1173 3692 1248">
     <span class='ocr_line' id='line_1_75' title="bbox 2025 1173 3692 1248; baseline 0.001 -20"><span class='ocrx_word' id='word_1_580' title='bbox 2025 1175 2180 1246; x_wconf 75' lang='grc' dir='ltr'>ἀνοία</span> <span class='ocrx_word' id='word_1_581' title='bbox 2201 1173 2246 1241; x_wconf 71' lang='grc' dir='ltr'>τ,</span> <span class='ocrx_word' id='word_1_582' title='bbox 2271 1177 2384 1240; x_wconf 91' lang='grc' dir='ltr'>τοῖς</span> <span class='ocrx_word' id='word_1_583' title='bbox 2417 1175 2514 1246; x_wconf 83' lang='grc' dir='ltr'>μὲν</span> <span class='ocrx_word' id='word_1_584' title='bbox 2538 1175 2936 1248; x_wconf 88' lang='grc' dir='ltr'>θεραπεύουσιν</span> <span class='ocrx_word' id='word_1_585' title='bbox 2961 1177 3123 1230; x_wconf 81' lang='grc' dir='ltr'>αὑτὸν</span> <span class='ocrx_word' id='word_1_586' title='bbox 3153 1177 3489 1231; x_wconf 88' lang='grc' dir='ltr'>ὑποκύπτειν</span> <span class='ocrx_word' id='word_1_587' title='bbox 3523 1177 3692 1248; x_wconf 77' lang='grc' dir='ltr'>ἀναγ-</span> 
     </span>
    </p>
   </div>
   <div class='ocr_carea' id='block_1_76' title="bbox 2025 1262 3692 1336">
    <p class='ocr_par' dir='ltr' id='par_1_76' title="bbox 2025 1262 3692 1336">
     <span class='ocr_line' id='line_1_76' title="bbox 2025 1262 3692 1336; baseline 0 -20"><span class='ocrx_word' id='word_1_588' title='bbox 2025 1262 2347 1333; x_wconf 83' lang='grc' dir='ltr'>καζόμενος,</span> <span class='ocrx_word' id='word_1_589' title='bbox 2389 1263 2477 1316; x_wconf 86' lang='grc' dir='ltr'>διὰ</span> <span class='ocrx_word' id='word_1_590' title='bbox 2511 1263 2569 1316; x_wconf 88' lang='grc' dir='ltr'>δέ</span> <span class='ocrx_word' id='word_1_591' title='bbox 2609 1265 2710 1328; x_wconf 82' lang='grc' dir='ltr'>τὰς</span> <span class='ocrx_word' id='word_1_592' title='bbox 2751 1265 2884 1334; x_wconf 84' lang='grc' dir='ltr'>παρ’</span> <span class='ocrx_word' id='word_1_593' title='bbox 2913 1263 3136 1318; x_wconf 76' lang='grc' dir='ltr'>ἐκείνων</span> <span class='ocrx_word' id='word_1_594' title='bbox 3191 1265 3358 1336; x_wconf 82' lang='grc' dir='ltr'>τιμὰς</span> <span class='ocrx_word' id='word_1_595' title='bbox 3400 1263 3542 1317; x_wconf 86' lang='grc' dir='ltr'>κατὰ</span> <span class='ocrx_word' id='word_1_596' title='bbox 3581 1262 3692 1316; x_wconf 82' lang='grc' dir='ltr'>τῶν</span> 
     </span>
    </p>
   </div>
   <div class='ocr_carea' id='block_1_77' title="bbox 2026 1349 3694 1422">
    <p class='ocr_par' dir='ltr' id='par_1_77' title="bbox 2026 1349 3694 1422">
     <span class='ocr_line' id='line_1_77' title="bbox 2026 1349 3694 1422; baseline -0.001 -18"><span class='ocrx_word' id='word_1_597' title='bbox 2026 1350 2322 1404; x_wconf 87' lang='grc' dir='ltr'>ἐλαττόνων</span> <span class='ocrx_word' id='word_1_598' title='bbox 2351 1350 2764 1421; x_wconf 81' lang='grc' dir='ltr'>ἐξογκούμενος,</span> <span class='ocrx_word' id='word_1_599' title='bbox 2797 1352 2890 1405; x_wconf 77' lang='grc' dir='ltr'>καὶ</span> <span class='ocrx_word' id='word_1_600' title='bbox 2923 1353 3004 1415; x_wconf 90' lang='grc' dir='ltr'>είς</span> <span class='ocrx_word' id='word_1_601' title='bbox 3033 1351 3093 1404; x_wconf 79' lang='grc' dir='ltr'>τὸ</span> <span class='ocrx_word' id='word_1_602' title='bbox 3120 1353 3218 1422; x_wconf 82' lang='grc' dir='ltr'>τῆς</span> <span class='ocrx_word' id='word_1_603' title='bbox 3243 1351 3500 1414; x_wconf 90' lang='grc' dir='ltr'>ἀπονοίας</span> <span class='ocrx_word' id='word_1_604' title='bbox 3523 1349 3694 1405; x_wconf 82' lang='grc' dir='ltr'>ὠθού-</span> 
     </span>
    </p>
   </div>
   <div class='ocr_carea' id='block_1_78' title="bbox 2029 1436 3694 1512">
    <p class='ocr_par' dir='ltr' id='par_1_78' title="bbox 2029 1436 3694 1512">
     <span class='ocr_line' id='line_1_78' title="bbox 2029 1436 3694 1512; baseline 0 -22"><span class='ocrx_word' id='word_1_605' title='bbox 2029 1455 2188 1509; x_wconf 88' lang='grc' dir='ltr'>μενος</span> <span class='ocrx_word' id='word_1_606' title='bbox 2217 1437 2512 1509; x_wconf 90' lang='grc' dir='ltr'>βάραθρον.</span> <span class='ocrx_word' id='word_1_607' title='bbox 2549 1437 2736 1492; x_wconf 90' lang='grc' dir='ltr'>Ταῦτα</span> <span class='ocrx_word' id='word_1_608' title='bbox 2769 1439 2982 1512; x_wconf 85' lang='grc' dir='ltr'>εῖρηται</span> <span class='ocrx_word' id='word_1_609' title='bbox 3022 1438 3121 1511; x_wconf 91' lang='grc' dir='ltr'>μέν</span> <span class='ocrx_word' id='word_1_610' title='bbox 3164 1441 3294 1510; x_wconf 75' lang='grc' dir='ltr'>παρ’</span> <span class='ocrx_word' id='word_1_611' title='bbox 3332 1436 3491 1509; x_wconf 82' lang='grc' dir='ltr'>ἡμῶν</span> <span class='ocrx_word' id='word_1_612' title='bbox 3513 1455 3526 1468; x_wconf 87' lang='grc'>·</span> <span class='ocrx_word' id='word_1_613' title='bbox 3563 1439 3694 1508; x_wconf 83' lang='grc' dir='ltr'>ὅσην</span> 
     </span>
    </p>
   </div>
   <div class='ocr_carea' id='block_1_79' title="bbox 2022 1525 3695 1597">
    <p class='ocr_par' dir='ltr' id='par_1_79' title="bbox 2022 1525 3695 1597">
     <span class='ocr_line' id='line_1_79' title="bbox 2022 1525 3695 1597; baseline -0.002 -19"><span class='ocrx_word' id='word_1_614' title='bbox 2022 1526 2078 1578; x_wconf 84' lang='grc' dir='ltr'>δέ</span> <span class='ocrx_word' id='word_1_615' title='bbox 2118 1525 2232 1595; x_wconf 77' lang='grc' dir='ltr'>ἔχει</span> <span class='ocrx_word' id='word_1_616' title='bbox 2264 1526 2364 1597; x_wconf 81' lang='grc' dir='ltr'>τὴν</span> <span class='ocrx_word' id='word_1_617' title='bbox 2395 1525 2600 1597; x_wconf 86' lang='grc' dir='ltr'>βλάϐην</span> <span class='ocrx_word' id='word_1_618' title='bbox 2631 1527 2731 1580; x_wconf 89' lang='grc' dir='ltr'>οὑκ</span> <span class='ocrx_word' id='word_1_619' title='bbox 2759 1527 2824 1581; x_wconf 83' lang='grc' dir='ltr'>ἀν</span> <span class='ocrx_word' id='word_1_620' title='bbox 2853 1545 2936 1590; x_wconf 90' lang='grc' dir='ltr'>τις</span> <span class='ocrx_word' id='word_1_621' title='bbox 2974 1526 3101 1581; x_wconf 82' lang='grc' dir='ltr'>ἄνευ</span> <span class='ocrx_word' id='word_1_622' title='bbox 3136 1526 3238 1597; x_wconf 76' lang='grc' dir='ltr'>τῆς</span> <span class='ocrx_word' id='word_1_623' title='bbox 3279 1525 3478 1597; x_wconf 90' lang='grc' dir='ltr'>πείρας</span> <span class='ocrx_word' id='word_1_624' title='bbox 3532 1525 3695 1595; x_wconf 83' lang='grc' dir='ltr'>μάθοι</span> 
     </span>
    </p>
   </div>
   <div class='ocr_carea' id='block_1_80' title="bbox 2025 1611 3695 1685">
    <p class='ocr_par' dir='ltr' id='par_1_80' title="bbox 2025 1611 3695 1685">
     <span class='ocr_line' id='line_1_80' title="bbox 2025 1611 3695 1685; baseline 0 -21"><span class='ocrx_word' id='word_1_625' title='bbox 2025 1611 2226 1675; x_wconf 88' lang='grc' dir='ltr'>καλῶς.</span> <span class='ocrx_word' id='word_1_626' title='bbox 2259 1613 2332 1665; x_wconf 84' lang='grc' dir='ltr'>Οὑ</span> <span class='ocrx_word' id='word_1_627' title='bbox 2361 1612 2469 1685; x_wconf 85' lang='grc' dir='ltr'>γὰρ</span> <span class='ocrx_word' id='word_1_628' title='bbox 2505 1612 2568 1684; x_wconf 77' lang='grc' dir='ltr'>δὴ</span> <span class='ocrx_word' id='word_1_629' title='bbox 2611 1612 2784 1666; x_wconf 87' lang='grc' dir='ltr'>ταῦτα</span> <span class='ocrx_word' id='word_1_630' title='bbox 2817 1613 2998 1685; x_wconf 90' lang='grc' dir='ltr'>μόνον,</span> <span class='ocrx_word' id='word_1_631' title='bbox 3050 1613 3187 1667; x_wconf 89' lang='grc' dir='ltr'>ἀλλά</span> <span class='ocrx_word' id='word_1_632' title='bbox 3233 1614 3328 1667; x_wconf 71' lang='grc' dir='ltr'>καὶ</span> <span class='ocrx_word' id='word_1_633' title='bbox 3367 1613 3438 1667; x_wconf 88' lang='grc' dir='ltr'>τά</span> <span class='ocrx_word' id='word_1_634' title='bbox 3489 1611 3695 1665; x_wconf 90' lang='grc' dir='ltr'>τούτων</span> 
     </span>
    </p>
   </div>
   <div class='ocr_carea' id='block_1_81' title="bbox 2027 1697 3696 1774">
    <p class='ocr_par' dir='ltr' id='par_1_81' title="bbox 2027 1697 3696 1774">
     <span class='ocr_line' id='line_1_81' title="bbox 2027 1697 3696 1774; baseline 0.001 -24"><span class='ocrx_word' id='word_1_635' title='bbox 2027 1697 2208 1769; x_wconf 90' lang='grc' dir='ltr'>πολλῷ</span> <span class='ocrx_word' id='word_1_636' title='bbox 2240 1698 2462 1754; x_wconf 88' lang='grc' dir='ltr'>πλείονα</span> <span class='ocrx_word' id='word_1_637' title='bbox 2506 1700 2600 1753; x_wconf 70' lang='grc' dir='ltr'>καὶ</span> <span class='ocrx_word' id='word_1_638' title='bbox 2634 1700 3024 1774; x_wconf 82' lang='grc' dir='ltr'>σφαλερώτερα</span> <span class='ocrx_word' id='word_1_639' title='bbox 3049 1701 3128 1772; x_wconf 87' lang='grc' dir='ltr'>τῷ</span> <span class='ocrx_word' id='word_1_640' title='bbox 3171 1701 3229 1754; x_wconf 90' lang='grc' dir='ltr'>ἐν</span> <span class='ocrx_word' id='word_1_641' title='bbox 3263 1701 3414 1772; x_wconf 86' lang='grc' dir='ltr'>μέσῳ</span> <span class='ocrx_word' id='word_1_642' title='bbox 3461 1717 3696 1771; x_wconf 86' lang='grc' dir='ltr'>στρεφο-</span> 
     </span>
    </p>
   </div>
   <div class='ocr_carea' id='block_1_82' title="bbox 2031 1785 3696 1864">
    <p class='ocr_par' dir='ltr' id='par_1_82' title="bbox 2031 1785 3696 1864">
     <span class='ocr_line' id='line_1_82' title="bbox 2031 1785 3696 1864; baseline 0.001 -26"><span class='ocrx_word' id='word_1_643' title='bbox 2031 1785 2176 1856; x_wconf 83' lang='grc' dir='ltr'>μένῳ</span> <span class='ocrx_word' id='word_1_644' title='bbox 2207 1789 2232 1826; x_wconf 76' lang='grc' dir='ltr'>ε</span> <span class='ocrx_word' id='word_1_645' title='bbox 2262 1787 2597 1858; x_wconf 90' lang='grc' dir='ltr'>συμπίπτειν</span> <span class='ocrx_word' id='word_1_646' title='bbox 2621 1787 2832 1860; x_wconf 85' lang='grc' dir='ltr'>ἀνάγκη</span> <span class='ocrx_word' id='word_1_647' title='bbox 2873 1789 3071 1858; x_wconf 84' lang='grc' dir='ltr'>γένοιτ’</span> <span class='ocrx_word' id='word_1_648' title='bbox 3102 1787 3186 1842; x_wconf 83' lang='grc' dir='ltr'>ἀν.</span> <span class='ocrx_word' id='word_1_649' title='bbox 3235 1787 3293 1842; x_wconf 88' lang='lat'>&#39;0</span> <span class='ocrx_word' id='word_1_650' title='bbox 3328 1788 3385 1841; x_wconf 87' lang='grc' dir='ltr'>δέ</span> <span class='ocrx_word' id='word_1_651' title='bbox 3424 1787 3521 1859; x_wconf 81' lang='grc' dir='ltr'>τὴν</span> <span class='ocrx_word' id='word_1_652' title='bbox 3566 1790 3696 1864; x_wconf 83' lang='grc' dir='ltr'>ἐρη-</span> 
     </span>
    </p>
   </div>
   <div class='ocr_carea' id='block_1_83' title="bbox 2031 1873 3712 1947">
    <p class='ocr_par' dir='ltr' id='par_1_83' title="bbox 2031 1873 3712 1947">
     <span class='ocr_line' id='line_1_83' title="bbox 2031 1873 3712 1947; baseline 0.001 -23"><span class='ocrx_word' id='word_1_653' title='bbox 2031 1873 2158 1943; x_wconf 88' lang='grc' dir='ltr'>μίαν</span> <span class='ocrx_word' id='word_1_654' title='bbox 2187 1873 2449 1945; x_wconf 85' lang='grc' dir='ltr'>στέργων,</span> <span class='ocrx_word' id='word_1_655' title='bbox 2477 1876 2696 1930; x_wconf 90' lang='grc' dir='ltr'>πάντων</span> <span class='ocrx_word' id='word_1_656' title='bbox 2727 1877 2824 1946; x_wconf 85' lang='grc' dir='ltr'>μὲν</span> <span class='ocrx_word' id='word_1_657' title='bbox 2849 1875 2962 1946; x_wconf 79' lang='grc' dir='ltr'>ἔχει</span> <span class='ocrx_word' id='word_1_658' title='bbox 2987 1875 3085 1947; x_wconf 84' lang='grc' dir='ltr'>τὴν</span> <span class='ocrx_word' id='word_1_659' title='bbox 3114 1874 3390 1929; x_wconf 89' lang='grc' dir='ltr'>ἀτέλειαν·</span> <span class='ocrx_word' id='word_1_660' title='bbox 3417 1876 3465 1928; x_wconf 88' lang='grc' dir='ltr'>εἰ</span> <span class='ocrx_word' id='word_1_661' title='bbox 3486 1875 3712 1939; x_wconf 65' lang='grc' dir='ltr'>δέποτεη</span> 
     </span>
    </p>
   </div>
   <div class='ocr_carea' id='block_1_84' title="bbox 2029 1961 3704 2035">
    <p class='ocr_par' dir='ltr' id='par_1_84' title="bbox 2029 1961 3704 2035">
     <span class='ocr_line' id='line_1_84' title="bbox 2029 1961 3704 2035; baseline 0 -21"><span class='ocrx_word' id='word_1_662' title='bbox 2029 1961 2179 2032; x_wconf 83' lang='grc' dir='ltr'>αὑτῷ</span> <span class='ocrx_word' id='word_1_663' title='bbox 2209 1963 2303 2015; x_wconf 71' lang='grc' dir='ltr'>καὶ</span> <span class='ocrx_word' id='word_1_664' title='bbox 2329 1961 2588 2033; x_wconf 80' lang='grc' dir='ltr'>λογισμὸς</span> <span class='ocrx_word' id='word_1_665' title='bbox 2617 1962 2818 2027; x_wconf 78' lang='grc' dir='ltr'>ἄτοπος</span> <span class='ocrx_word' id='word_1_666' title='bbox 2850 1962 3189 2035; x_wconf 84' lang='grc' dir='ltr'>ὑπογράψειέ</span> <span class='ocrx_word' id='word_1_667' title='bbox 3211 1981 3264 2016; x_wconf 93' lang='grc' dir='ltr'>τι</span> <span class='ocrx_word' id='word_1_668' title='bbox 3291 1961 3704 2030; x_wconf 44' lang='grc' dir='ltr'>τοιοῦτονιάλλ*</span> 
     </span>
    </p>
   </div>
   <div class='ocr_carea' id='block_1_85' title="bbox 2014 2049 3694 2124">
    <p class='ocr_par' dir='ltr' id='par_1_85' title="bbox 2014 2049 3694 2124">
     <span class='ocr_line' id='line_1_85' title="bbox 2014 2049 3694 2124; baseline 0.001 -23"><span class='ocrx_word' id='word_1_669' title='bbox 2014 2049 2260 2121; x_wconf 78' lang='grc' dir='ltr'>,ἀσθενὴς</span> <span class='ocrx_word' id='word_1_670' title='bbox 2302 2051 2334 2121; x_wconf 92' lang='grc' dir='ltr'>ή</span> <span class='ocrx_word' id='word_1_671' title='bbox 2364 2050 2654 2120; x_wconf 87' lang='grc' dir='ltr'>φαντασία,</span> <span class='ocrx_word' id='word_1_672' title='bbox 2690 2053 2785 2105; x_wconf 82' lang='grc' dir='ltr'>καὶ</span> <span class='ocrx_word' id='word_1_673' title='bbox 2815 2051 3027 2122; x_wconf 85' lang='grc' dir='ltr'>ταχέως</span> <span class='ocrx_word' id='word_1_674' title='bbox 3074 2051 3371 2124; x_wconf 69' lang='grc' dir='ltr'>σϐεσθῆναι</span> <span class='ocrx_word' id='word_1_675' title='bbox 3396 2051 3694 2121; x_wconf 86' lang='grc' dir='ltr'>δυναμένη,</span> 
     </span>
    </p>
   </div>
   <div class='ocr_carea' id='block_1_86' title="bbox 2026 2135 3695 2216">
    <p class='ocr_par' dir='ltr' id='par_1_86' title="bbox 2026 2135 3695 2216">
     <span class='ocr_line' id='line_1_86' title="bbox 2026 2135 3695 2216; baseline 0.001 -27"><span class='ocrx_word' id='word_1_676' title='bbox 2026 2135 2114 2190; x_wconf 75' lang='grc' dir='ltr'>διὰ</span> <span class='ocrx_word' id='word_1_677' title='bbox 2132 2137 2191 2190; x_wconf 84' lang='grc' dir='ltr'>τὸ</span> <span class='ocrx_word' id='word_1_678' title='bbox 2220 2137 2293 2209; x_wconf 81' lang='grc' dir='ltr'>μὴ</span> <span class='ocrx_word' id='word_1_679' title='bbox 2322 2139 2680 2211; x_wconf 88' lang='grc' dir='ltr'>προσκεῖσθαι</span> <span class='ocrx_word' id='word_1_680' title='bbox 2709 2139 2908 2204; x_wconf 76' lang='grc' dir='ltr'>ἔξωθεν</span> <span class='ocrx_word' id='word_1_681' title='bbox 2931 2139 3028 2216; x_wconf 83' lang='grc' dir='ltr'>τὴν</span> <span class='ocrx_word' id='word_1_682' title='bbox 3045 2139 3155 2198; x_wconf 72' lang='grc' dir='ltr'>ἀπὸ</span> <span class='ocrx_word' id='word_1_683' title='bbox 3174 2139 3276 2208; x_wconf 81' lang='grc' dir='ltr'>τῆς</span> <span class='ocrx_word' id='word_1_684' title='bbox 3300 2139 3535 2209; x_wconf 89' lang='grc' dir='ltr'>θεωρίας</span> <span class='ocrx_word' id='word_1_685' title='bbox 3561 2138 3695 2207; x_wconf 73' lang='grc' dir='ltr'>ὓλην</span> 
     </span>
    </p>
   </div>
   <div class='ocr_carea' id='block_1_87' title="bbox 2027 2225 3699 2299">
    <p class='ocr_par' dir='ltr' id='par_1_87' title="bbox 2027 2225 3699 2299">
     <span class='ocr_line' id='line_1_87' title="bbox 2027 2225 3699 2299; baseline 0 -21"><span class='ocrx_word' id='word_1_686' title='bbox 2027 2227 2091 2296; x_wconf 78' lang='grc' dir='ltr'>τῇ</span> <span class='ocrx_word' id='word_1_687' title='bbox 2127 2225 2305 2295; x_wconf 83' lang='grc' dir='ltr'>φλογί.</span> <span class='ocrx_word' id='word_1_688' title='bbox 2343 2227 2452 2280; x_wconf 79' lang='lat' dir='ltr'><strong>Kal.</strong></span> <span class='ocrx_word' id='word_1_689' title='bbox 2479 2230 2506 2282; x_wconf 87' lang='lat'>6</span> <span class='ocrx_word' id='word_1_690' title='bbox 2542 2228 2639 2299; x_wconf 79' lang='grc' dir='ltr'>μὲν</span> <span class='ocrx_word' id='word_1_691' title='bbox 2675 2227 2908 2299; x_wconf 80' lang='grc' dir='ltr'>μοναχὸς</span> <span class='ocrx_word' id='word_1_692' title='bbox 2940 2227 3078 2298; x_wconf 82' lang='grc' dir='ltr'>ὑπὲρ</span> <span class='ocrx_word' id='word_1_693' title='bbox 3113 2226 3305 2281; x_wconf 90' lang='grc' dir='ltr'>ἐαυτοῦ</span> <span class='ocrx_word' id='word_1_694' title='bbox 3341 2227 3503 2298; x_wconf 87' lang='grc' dir='ltr'>μόνου</span> <span class='ocrx_word' id='word_1_695' title='bbox 3535 2227 3699 2279; x_wconf 88' lang='grc' dir='ltr'>δέδοι-</span> 
     </span>
    </p>
   </div>
   <div class='ocr_carea' id='block_1_88' title="bbox 2029 2310 3699 2387">
    <p class='ocr_par' dir='ltr' id='par_1_88' title="bbox 2029 2310 3699 2387">
     <span class='ocr_line' id='line_1_88' title="bbox 2029 2310 3699 2387; baseline 0.002 -22"><span class='ocrx_word' id='word_1_696' title='bbox 2029 2330 2158 2366; x_wconf 89' lang='grc' dir='ltr'>κεν·</span> <span class='ocrx_word' id='word_1_697' title='bbox 2207 2316 2254 2369; x_wconf 83' lang='grc' dir='ltr'>εί</span> <span class='ocrx_word' id='word_1_698' title='bbox 2294 2315 2352 2370; x_wconf 81' lang='grc' dir='ltr'>δὲ</span> <span class='ocrx_word' id='word_1_699' title='bbox 2387 2315 2482 2371; x_wconf 81' lang='grc' dir='ltr'>καὶ</span> <span class='ocrx_word' id='word_1_700' title='bbox 2526 2315 2727 2387; x_wconf 86' lang='grc' dir='ltr'>ἐτέρων</span> <span class='ocrx_word' id='word_1_701' title='bbox 2773 2315 3083 2386; x_wconf 80' lang='grc' dir='ltr'>φροντίζειν</span> <span class='ocrx_word' id='word_1_702' title='bbox 3109 2310 3529 2387; x_wconf 87' lang='grc' dir='ltr'>ἀναγκασθείη,</span> <span class='ocrx_word' id='word_1_703' title='bbox 3580 2315 3699 2369; x_wconf 79' lang='grc' dir='ltr'>ἀλλ’</span> 
     </span>
    </p>
   </div>
   <div class='ocr_carea' id='block_1_89' title="bbox 2029 2399 3701 2475">
    <p class='ocr_par' dir='ltr' id='par_1_89' title="bbox 2029 2399 3701 2475">
     <span class='ocr_line' id='line_1_89' title="bbox 2029 2399 3701 2475; baseline -0.001 -19"><span class='ocrx_word' id='word_1_704' title='bbox 2029 2402 2415 2475; x_wconf 86' lang='grc' dir='ltr'>εὑαριθμήτων</span> <span class='ocrx_word' id='word_1_705' title='bbox 2435 2403 2584 2456; x_wconf 88' lang='grc' dir='ltr'>λίαν·</span> <span class='ocrx_word' id='word_1_706' title='bbox 2615 2404 2663 2456; x_wconf 88' lang='grc' dir='ltr'>εἰ</span> <span class='ocrx_word' id='word_1_707' title='bbox 2699 2402 2756 2456; x_wconf 89' lang='grc' dir='ltr'>δέ</span> <span class='ocrx_word' id='word_1_708' title='bbox 2782 2403 2872 2456; x_wconf 75' lang='grc' dir='ltr'>καὶ</span> <span class='ocrx_word' id='word_1_709' title='bbox 2903 2402 3148 2466; x_wconf 88' lang='grc' dir='ltr'>πλείονες</span> <span class='ocrx_word' id='word_1_710' title='bbox 3177 2399 3309 2468; x_wconf 79' lang='grc' dir='ltr'>εἷεν,</span> <span class='ocrx_word' id='word_1_711' title='bbox 3339 2401 3475 2456; x_wconf 89' lang='grc' dir='ltr'>ἀλλά</span> <span class='ocrx_word' id='word_1_712' title='bbox 3497 2403 3607 2456; x_wconf 89' lang='grc' dir='ltr'>τῶν</span> <span class='ocrx_word' id='word_1_713' title='bbox 3641 2403 3701 2455; x_wconf 79' lang='grc' dir='ltr'>ἐν</span> 
     </span>
    </p>
   </div>
   <div class='ocr_carea' id='block_1_90' title="bbox 2027 2489 3699 2561">
    <p class='ocr_par' dir='ltr' id='par_1_90' title="bbox 2027 2489 3699 2561">
     <span class='ocr_line' id='line_1_90' title="bbox 2027 2489 3699 2561; baseline 0.001 -17"><span class='ocrx_word' id='word_1_714' title='bbox 2027 2495 2152 2555; x_wconf 85' lang='grc' dir='ltr'>ταῖς</span> <span class='ocrx_word' id='word_1_715' title='bbox 2185 2491 2532 2561; x_wconf 87' lang='grc' dir='ltr'>Ἐκκλησίαις</span> <span class='ocrx_word' id='word_1_716' title='bbox 2556 2491 2808 2556; x_wconf 77' lang='grc' dir='ltr'>ἐλάττους</span> <span class='ocrx_word' id='word_1_717' title='bbox 2832 2489 2890 2544; x_wconf 87' lang='grc' dir='ltr'>τέ</span> <span class='ocrx_word' id='word_1_718' title='bbox 2921 2492 3049 2555; x_wconf 85' lang='grc' dir='ltr'>εἱσι,</span> <span class='ocrx_word' id='word_1_719' title='bbox 3077 2491 3169 2544; x_wconf 80' lang='grc' dir='ltr'>καὶ</span> <span class='ocrx_word' id='word_1_720' title='bbox 3197 2489 3296 2554; x_wconf 76' lang='grc' dir='ltr'>τὰς</span> <span class='ocrx_word' id='word_1_721' title='bbox 3325 2490 3464 2561; x_wconf 84' lang='grc' dir='ltr'>ὑπὲρ</span> <span class='ocrx_word' id='word_1_722' title='bbox 3485 2489 3699 2545; x_wconf 86' lang='grc' dir='ltr'>ἐαυτῶν</span> 
     </span>
    </p>
   </div>
   <div class='ocr_carea' id='block_1_91' title="bbox 2031 2577 3702 2652">
    <p class='ocr_par' dir='ltr' id='par_1_91' title="bbox 2031 2577 3702 2652">
     <span class='ocr_line' id='line_1_91' title="bbox 2031 2577 3702 2652; baseline -0.001 -19"><span class='ocrx_word' id='word_1_723' title='bbox 2031 2581 2321 2650; x_wconf 81' lang='grc' dir='ltr'>φροντίδας</span> <span class='ocrx_word' id='word_1_724' title='bbox 2337 2579 2516 2651; x_wconf 80' lang='grc' dir='ltr'>πολλῷ</span> <span class='ocrx_word' id='word_1_725' title='bbox 2533 2579 2871 2651; x_wconf 85' lang='grc' dir='ltr'>κουφοτέρας</span> <span class='ocrx_word' id='word_1_726' title='bbox 2890 2580 3189 2651; x_wconf 85' lang='grc' dir='ltr'>παρέχουσι</span> <span class='ocrx_word' id='word_1_727' title='bbox 3210 2577 3287 2650; x_wconf 79' lang='grc' dir='ltr'>τῷ</span> <span class='ocrx_word' id='word_1_728' title='bbox 3313 2578 3618 2652; x_wconf 85' lang='grc' dir='ltr'>προεστῶτι</span> <span class='ocrx_word' id='word_1_729' title='bbox 3648 2577 3702 2642; x_wconf 67' lang='grc' dir='ltr'>δ,</span> 
     </span>
    </p>
   </div>
   <div class='ocr_carea' id='block_1_92' title="bbox 2029 2668 3701 2743">
    <p class='ocr_par' dir='ltr' id='par_1_92' title="bbox 2029 2668 3701 2743">
     <span class='ocr_line' id='line_1_92' title="bbox 2029 2668 3701 2743; baseline -0.002 -18"><span class='ocrx_word' id='word_1_730' title='bbox 2029 2673 2088 2725; x_wconf 91' lang='grc' dir='ltr'>οὑ</span> <span class='ocrx_word' id='word_1_731' title='bbox 2119 2673 2208 2726; x_wconf 81' lang='grc' dir='ltr'>διὰ</span> <span class='ocrx_word' id='word_1_732' title='bbox 2233 2671 2331 2743; x_wconf 83' lang='grc' dir='ltr'>τὴν</span> <span class='ocrx_word' id='word_1_733' title='bbox 2359 2671 2651 2742; x_wconf 83' lang='grc' dir='ltr'>ὀλιγότητα</span> <span class='ocrx_word' id='word_1_734' title='bbox 2687 2671 2868 2741; x_wconf 91' lang='grc' dir='ltr'>μόνον,</span> <span class='ocrx_word' id='word_1_735' title='bbox 2911 2669 3024 2724; x_wconf 82' lang='grc' dir='ltr'>ἀλλ’</span> <span class='ocrx_word' id='word_1_736' title='bbox 3071 2670 3152 2724; x_wconf 87' lang='grc' dir='ltr'>ὅτι</span> <span class='ocrx_word' id='word_1_737' title='bbox 3200 2669 3294 2724; x_wconf 75' lang='grc' dir='ltr'>καὶ</span> <span class='ocrx_word' id='word_1_738' title='bbox 3338 2668 3541 2732; x_wconf 88' lang='grc' dir='ltr'>πάντες</span> <span class='ocrx_word' id='word_1_739' title='bbox 3587 2668 3701 2728; x_wconf 83' lang='grc' dir='ltr'>τῶν</span> 
     </span>
    </p>
   </div>
   <div class='ocr_carea' id='block_1_93' title="bbox 2030 2755 3700 2831">
    <p class='ocr_par' dir='ltr' id='par_1_93' title="bbox 2030 2755 3700 2831">
     <span class='ocr_line' id='line_1_93' title="bbox 2030 2755 3700 2831; baseline -0.001 -18"><span class='ocrx_word' id='word_1_740' title='bbox 2030 2759 2312 2831; x_wconf 89' lang='grc' dir='ltr'>κοσμικῶν</span> <span class='ocrx_word' id='word_1_741' title='bbox 2360 2761 2498 2813; x_wconf 90' lang='grc' dir='ltr'>εἰσιν</span> <span class='ocrx_word' id='word_1_742' title='bbox 2541 2758 2957 2831; x_wconf 82' lang='grc' dir='ltr'>ἀπηλλαγμένοι</span> <span class='ocrx_word' id='word_1_743' title='bbox 3021 2759 3383 2829; x_wconf 82' lang='grc' dir='ltr'>πραγμάτων,</span> <span class='ocrx_word' id='word_1_744' title='bbox 3430 2757 3526 2811; x_wconf 76' lang='grc' dir='ltr'>καὶ</span> <span class='ocrx_word' id='word_1_745' title='bbox 3575 2755 3700 2812; x_wconf 77' lang='grc' dir='ltr'>οὗτε</span> 
     </span>
    </p>
   </div>
   <div class='ocr_carea' id='block_1_94' title="bbox 2022 2845 3702 2918">
    <p class='ocr_par' dir='ltr' id='par_1_94' title="bbox 2022 2845 3702 2918">
     <span class='ocr_line' id='line_1_94' title="bbox 2022 2845 3702 2918; baseline -0.001 -17"><span class='ocrx_word' id='word_1_746' title='bbox 2022 2847 2249 2912; x_wconf 81' lang='grc' dir='ltr'>παῖδας,</span> <span class='ocrx_word' id='word_1_747' title='bbox 2296 2847 2420 2901; x_wconf 77' lang='grc' dir='ltr'>οὔτε</span> <span class='ocrx_word' id='word_1_748' title='bbox 2452 2851 2704 2915; x_wconf 90' lang='grc' dir='ltr'>γυναῖκα,</span> <span class='ocrx_word' id='word_1_749' title='bbox 2757 2846 2881 2900; x_wconf 73' lang='grc' dir='ltr'>οὗτε</span> <span class='ocrx_word' id='word_1_750' title='bbox 2931 2846 3060 2901; x_wconf 84' lang='grc' dir='ltr'>ἀλλο</span> <span class='ocrx_word' id='word_1_751' title='bbox 3100 2864 3152 2900; x_wconf 91' lang='grc' dir='ltr'>τι</span> <span class='ocrx_word' id='word_1_752' title='bbox 3197 2847 3470 2918; x_wconf 85' lang='grc' dir='ltr'>μεριμνᾷν</span> <span class='ocrx_word' id='word_1_753' title='bbox 3517 2845 3702 2915; x_wconf 76' lang='grc' dir='ltr'>ἔχουσι</span> 
     </span>
    </p>
   </div>
   <div class='ocr_carea' id='block_1_95' title="bbox 2030 2931 3704 3000">
    <p class='ocr_par' dir='ltr' id='par_1_95' title="bbox 2030 2931 3704 3000">
     <span class='ocr_line' id='line_1_95' title="bbox 2030 2931 3704 3000; baseline -0.002 -11"><span class='ocrx_word' id='word_1_754' title='bbox 2030 2935 2260 2990; x_wconf 87' lang='grc' dir='ltr'>τοιοῦτο.</span> <span class='ocrx_word' id='word_1_755' title='bbox 2303 2936 2472 2989; x_wconf 86' lang='grc' dir='ltr'>Τοῦτο</span> <span class='ocrx_word' id='word_1_756' title='bbox 2510 2936 2567 2990; x_wconf 89' lang='grc' dir='ltr'>δέ</span> <span class='ocrx_word' id='word_1_757' title='bbox 2610 2935 2810 3000; x_wconf 76' lang='grc' dir='ltr'>αὐτοὺς</span> <span class='ocrx_word' id='word_1_758' title='bbox 2852 2935 2972 2988; x_wconf 87' lang='grc' dir='ltr'>λίαν</span> <span class='ocrx_word' id='word_1_759' title='bbox 3007 2952 3066 2987; x_wconf 88' lang='grc' dir='ltr'>τε</span> <span class='ocrx_word' id='word_1_760' title='bbox 3103 2931 3242 2988; x_wconf 77' lang='grc' dir='ltr'>εἶναι</span> <span class='ocrx_word' id='word_1_761' title='bbox 3277 2933 3552 2997; x_wconf 85' lang='grc' dir='ltr'>εύπειθεῖς</span> <span class='ocrx_word' id='word_1_762' title='bbox 3589 2937 3704 2997; x_wconf 85' lang='grc' dir='ltr'>τοῖς</span> 
     </span>
    </p>
   </div>
   <div class='ocr_carea' id='block_1_96' title="bbox 2031 3021 3700 3096">
    <p class='ocr_par' dir='ltr' id='par_1_96' title="bbox 2031 3021 3700 3096">
     <span class='ocr_line' id='line_1_96' title="bbox 2031 3021 3700 3096; baseline -0.001 -19"><span class='ocrx_word' id='word_1_763' title='bbox 2031 3023 2359 3096; x_wconf 77' lang='grc' dir='ltr'>ἡγουμένοις</span> <span class='ocrx_word' id='word_1_764' title='bbox 2388 3024 2480 3077; x_wconf 78' lang='grc' dir='ltr'>καὶ</span> <span class='ocrx_word' id='word_1_765' title='bbox 2523 3023 2584 3076; x_wconf 81' lang='grc' dir='ltr'>τὸ</span> <span class='ocrx_word' id='word_1_766' title='bbox 2610 3022 2794 3094; x_wconf 82' lang='grc' dir='ltr'>κοινὴν</span> <span class='ocrx_word' id='word_1_767' title='bbox 2831 3023 2932 3093; x_wconf 80' lang='grc' dir='ltr'>τὴν</span> <span class='ocrx_word' id='word_1_768' title='bbox 2975 3024 3190 3092; x_wconf 87' lang='grc' dir='ltr'>οίκησιν</span> <span class='ocrx_word' id='word_1_769' title='bbox 3236 3021 3380 3091; x_wconf 82' lang='grc' dir='ltr'>ἐχειν</span> <span class='ocrx_word' id='word_1_770' title='bbox 3416 3021 3700 3094; x_wconf 88' lang='grc' dir='ltr'>ἐποίησεν,</span> 
     </span>
    </p>
   </div>
   <div class='ocr_carea' id='block_1_97' title="bbox 2031 3109 3702 3183">
    <p class='ocr_par' dir='ltr' id='par_1_97' title="bbox 2031 3109 3702 3183">
     <span class='ocr_line' id='line_1_97' title="bbox 2031 3109 3702 3183; baseline -0.001 -19"><span class='ocrx_word' id='word_1_771' title='bbox 2031 3111 2107 3175; x_wconf 84' lang='grc' dir='ltr'>ὡς</span> <span class='ocrx_word' id='word_1_772' title='bbox 2138 3111 2397 3166; x_wconf 88' lang='grc' dir='ltr'>δύνασθαι</span> <span class='ocrx_word' id='word_1_773' title='bbox 2425 3109 2606 3163; x_wconf 88' lang='grc' dir='ltr'>αὑτῶν</span> <span class='ocrx_word' id='word_1_774' title='bbox 2650 3109 2718 3163; x_wconf 74' lang='grc' dir='ltr'>τά</span> <span class='ocrx_word' id='word_1_775' title='bbox 2746 3110 3066 3181; x_wconf 88' lang='grc' dir='ltr'>πταίσματα</span> <span class='ocrx_word' id='word_1_776' title='bbox 3108 3109 3351 3183; x_wconf 84' lang='grc' dir='ltr'>ἀκριϐῶς</span> <span class='ocrx_word' id='word_1_777' title='bbox 3382 3111 3613 3181; x_wconf 79' lang='grc' dir='ltr'>συνορᾷν</span> <span class='ocrx_word' id='word_1_778' title='bbox 3642 3127 3702 3163; x_wconf 84' lang='grc' dir='ltr'>τε</span> 
     </span>
    </p>
   </div>
   <div class='ocr_carea' id='block_1_98' title="bbox 2034 3195 3699 3269">
    <p class='ocr_par' dir='ltr' id='par_1_98' title="bbox 2034 3195 3699 3269">
     <span class='ocr_line' id='line_1_98' title="bbox 2034 3195 3699 3269; baseline -0.001 -18"><span class='ocrx_word' id='word_1_779' title='bbox 2034 3200 2128 3251; x_wconf 71' lang='grc' dir='ltr'>καὶ</span> <span class='ocrx_word' id='word_1_780' title='bbox 2155 3195 2505 3269; x_wconf 87' lang='grc' dir='ltr'>ἐπανορθοῦν,</span> <span class='ocrx_word' id='word_1_781' title='bbox 2548 3197 2683 3269; x_wconf 83' lang='grc' dir='ltr'>ὅπερ</span> <span class='ocrx_word' id='word_1_782' title='bbox 2722 3197 2781 3250; x_wconf 89' lang='grc' dir='ltr'>οὑ</span> <span class='ocrx_word' id='word_1_783' title='bbox 2812 3197 3005 3268; x_wconf 74' lang='grc' dir='ltr'>μικρὸν</span> <span class='ocrx_word' id='word_1_784' title='bbox 3035 3196 3173 3268; x_wconf 77' lang='grc' dir='ltr'>πρὸς</span> <span class='ocrx_word' id='word_1_785' title='bbox 3201 3196 3409 3268; x_wconf 68' lang='grc' dir='ltr'>ἀρετῆς</span> <span class='ocrx_word' id='word_1_786' title='bbox 3432 3197 3699 3263; x_wconf 74' lang='grc' dir='ltr'>ἐπίδοσιν,</span> 
     </span>
    </p>
   </div>
   <div class='ocr_carea' id='block_1_99' title="bbox 2033 3280 3047 3356">
    <p class='ocr_par' dir='ltr' id='par_1_99' title="bbox 2033 3280 3047 3356">
     <span class='ocr_line' id='line_1_99' title="bbox 2033 3280 3047 3356; baseline 0.001 -17"><span class='ocrx_word' id='word_1_787' title='bbox 2033 3285 2326 3340; x_wconf 86' lang='grc' dir='ltr'>ἐπιστασία</span> <span class='ocrx_word' id='word_1_788' title='bbox 2356 3280 2686 3339; x_wconf 63' lang='grc' dir='ltr'>διδασκάλων</span> <span class='ocrx_word' id='word_1_789' title='bbox 2721 3285 2736 3326; x_wconf 77' lang='grc' dir='ltr'>ί</span> <span class='ocrx_word' id='word_1_790' title='bbox 2767 3284 3047 3356; x_wconf 79' lang='grc' dir='ltr'>διηνεκὴς.</span> 
     </span>
    </p>
   </div>
   <div class='ocr_carea' id='block_1_100' title="bbox 2103 3371 3706 3446">
    <p class='ocr_par' dir='ltr' id='par_1_100' title="bbox 2103 3371 3706 3446">
     <span class='ocr_line' id='line_1_100' title="bbox 2103 3371 3706 3446; baseline -0.002 -18"><span class='ocrx_word' id='word_1_791' title='bbox 2103 3377 2166 3428; x_wconf 82' lang='grc' dir='ltr'>δ’.</span> <span class='ocrx_word' id='word_1_792' title='bbox 2183 3374 2302 3426; x_wconf 88' lang='grc' dir='ltr'>Τῶν</span> <span class='ocrx_word' id='word_1_793' title='bbox 2330 3374 2386 3426; x_wconf 85' lang='grc' dir='ltr'>δέ</span> <span class='ocrx_word' id='word_1_794' title='bbox 2409 3373 2515 3426; x_wconf 82' lang='grc' dir='ltr'>ὑπὸ</span> <span class='ocrx_word' id='word_1_795' title='bbox 2534 3371 2612 3443; x_wconf 83' lang='grc' dir='ltr'>τῷ</span> <span class='ocrx_word' id='word_1_796' title='bbox 2637 3374 2775 3446; x_wconf 88' lang='grc' dir='ltr'>ἱερεῖ</span> <span class='ocrx_word' id='word_1_797' title='bbox 2799 3372 3148 3444; x_wconf 85' lang='grc' dir='ltr'>τεταγμένων</span> <span class='ocrx_word' id='word_1_798' title='bbox 3163 3374 3223 3428; x_wconf 84' lang='grc' dir='ltr'>τὸ</span> <span class='ocrx_word' id='word_1_799' title='bbox 3242 3373 3403 3427; x_wconf 89' lang='grc' dir='ltr'>πλέον</span> <span class='ocrx_word' id='word_1_800' title='bbox 3425 3371 3706 3443; x_wconf 83' lang='grc' dir='ltr'>βιωτικαῖς</span> 
     </span>
    </p>
   </div>
   <div class='ocr_carea' id='block_1_101' title="bbox 2035 3456 3704 3530">
    <p class='ocr_par' dir='ltr' id='par_1_101' title="bbox 2035 3456 3704 3530">
     <span class='ocr_line' id='line_1_101' title="bbox 2035 3456 3704 3530; baseline -0.002 -19"><span class='ocrx_word' id='word_1_801' title='bbox 2035 3459 2333 3530; x_wconf 88' lang='grc' dir='ltr'>πεπέδηται</span> <span class='ocrx_word' id='word_1_802' title='bbox 2367 3459 2636 3530; x_wconf 88' lang='grc' dir='ltr'>φροντίσι,</span> <span class='ocrx_word' id='word_1_803' title='bbox 2667 3459 2762 3511; x_wconf 72' lang='grc' dir='ltr'>καὶ</span> <span class='ocrx_word' id='word_1_804' title='bbox 2786 3458 2946 3516; x_wconf 84' lang='grc' dir='ltr'>τοῦτο</span> <span class='ocrx_word' id='word_1_805' title='bbox 2977 3458 3174 3522; x_wconf 80' lang='grc' dir='ltr'>αὑτοὺς</span> <span class='ocrx_word' id='word_1_806' title='bbox 3203 3457 3537 3528; x_wconf 89' lang='grc' dir='ltr'>ἀργοτέρους</span> <span class='ocrx_word' id='word_1_807' title='bbox 3566 3456 3704 3526; x_wconf 70' lang='grc' dir='ltr'>πρὸς</span> 
     </span>
    </p>
   </div>
   <div class='ocr_carea' id='block_1_102' title="bbox 2033 3539 3708 3615">
    <p class='ocr_par' dir='ltr' id='par_1_102' title="bbox 2033 3539 3708 3615">
     <span class='ocr_line' id='line_1_102' title="bbox 2033 3539 3708 3615; baseline -0.003 -19"><span class='ocrx_word' id='word_1_808' title='bbox 2033 3542 2132 3615; x_wconf 83' lang='grc' dir='ltr'>τὴν</span> <span class='ocrx_word' id='word_1_809' title='bbox 2149 3543 2256 3596; x_wconf 89' lang='grc' dir='ltr'>τῶν</span> <span class='ocrx_word' id='word_1_810' title='bbox 2286 3542 2667 3613; x_wconf 86' lang='grc' dir='ltr'>πνευματικῶν</span> <span class='ocrx_word' id='word_1_811' title='bbox 2695 3543 2958 3612; x_wconf 87' lang='grc' dir='ltr'>ἐργασίαν</span> <span class='ocrx_word' id='word_1_812' title='bbox 2976 3541 3318 3612; x_wconf 89' lang='grc' dir='ltr'>καθίστησιν.</span> <span class='ocrx_word' id='word_1_813' title='bbox 3349 3539 3513 3594; x_wconf 87' lang='grc' dir='ltr'>Ὅθεν</span> <span class='ocrx_word' id='word_1_814' title='bbox 3537 3539 3708 3606; x_wconf 90' lang='grc' dir='ltr'>ἀνάγ-</span> 
     </span>
    </p>
   </div>
   <div class='ocr_carea' id='block_1_103' title="bbox 2036 3622 3704 3695">
    <p class='ocr_par' dir='ltr' id='par_1_103' title="bbox 2036 3622 3704 3695">
     <span class='ocr_line' id='line_1_103' title="bbox 2036 3622 3704 3695; baseline -0.002 -17"><span class='ocrx_word' id='word_1_815' title='bbox 2036 3642 2108 3695; x_wconf 92' lang='grc' dir='ltr'>κη</span> <span class='ocrx_word' id='word_1_816' title='bbox 2137 3623 2216 3695; x_wconf 83' lang='grc' dir='ltr'>τῷ</span> <span class='ocrx_word' id='word_1_817' title='bbox 2257 3624 2564 3695; x_wconf 86' lang='grc' dir='ltr'>διδασκάλῳ</span> <span class='ocrx_word' id='word_1_818' title='bbox 2607 3624 2854 3694; x_wconf 86' lang='grc' dir='ltr'>σπείρειν</span> <span class='ocrx_word' id='word_1_819' title='bbox 2893 3622 3014 3676; x_wconf 86' lang='grc' dir='ltr'>καθ’</span> <span class='ocrx_word' id='word_1_820' title='bbox 3062 3623 3334 3693; x_wconf 84' lang='grc' dir='ltr'>ἐκάστην,</span> <span class='ocrx_word' id='word_1_821' title='bbox 3380 3622 3456 3686; x_wconf 85' lang='grc' dir='ltr'>ὡς</span> <span class='ocrx_word' id='word_1_822' title='bbox 3508 3623 3704 3685; x_wconf 88' lang='grc' dir='ltr'>είπεῖν,</span> 
     </span>
    </p>
   </div>
   <div class='ocr_carea' id='block_1_104' title="bbox 2037 3704 3709 3780">
    <p class='ocr_par' dir='ltr' id='par_1_104' title="bbox 2037 3704 3709 3780">
     <span class='ocr_line' id='line_1_104' title="bbox 2037 3704 3709 3780; baseline -0.002 -21"><span class='ocrx_word' id='word_1_823' title='bbox 2037 3707 2269 3780; x_wconf 78' lang='grc' dir='ltr'>ἡμέραν,</span> <span class='ocrx_word' id='word_1_824' title='bbox 2289 3707 2376 3762; x_wconf 79' lang='grc' dir='ltr'>ἵνα</span> <span class='ocrx_word' id='word_1_825' title='bbox 2397 3709 2463 3778; x_wconf 83' lang='grc' dir='ltr'>τῇ</span> <span class='ocrx_word' id='word_1_826' title='bbox 2489 3707 2618 3776; x_wconf 88' lang='grc' dir='ltr'>γοῦν</span> <span class='ocrx_word' id='word_1_827' title='bbox 2647 3704 2933 3777; x_wconf 74' lang='grc' dir='ltr'>συνεχείᾳὶ</span> <span class='ocrx_word' id='word_1_828' title='bbox 2961 3705 3161 3776; x_wconf 86' lang='grc' dir='ltr'>δυνηθῇ</span> <span class='ocrx_word' id='word_1_829' title='bbox 3191 3704 3533 3776; x_wconf 86' lang='grc' dir='ltr'>κρατηθῆναι</span> <span class='ocrx_word' id='word_1_830' title='bbox 3558 3704 3709 3774; x_wconf 87' lang='grc' dir='ltr'>παρά</span> 
     </span>
    </p>
   </div>
   <div class='ocr_carea' id='block_1_105' title="bbox 2036 3784 3708 3859">
    <p class='ocr_par' dir='ltr' id='par_1_105' title="bbox 2036 3784 3708 3859">
     <span class='ocr_line' id='line_1_105' title="bbox 2036 3784 3708 3859; baseline -0.003 -17"><span class='ocrx_word' id='word_1_831' title='bbox 2036 3792 2149 3852; x_wconf 81' lang='grc' dir='ltr'>τοῖς</span> <span class='ocrx_word' id='word_1_832' title='bbox 2176 3787 2432 3842; x_wconf 87' lang='grc' dir='ltr'>ἀκούουσι</span> <span class='ocrx_word' id='word_1_833' title='bbox 2454 3790 2553 3859; x_wconf 82' lang='grc' dir='ltr'>τῆς</span> <span class='ocrx_word' id='word_1_834' title='bbox 2579 3789 2926 3850; x_wconf 89' lang='grc' dir='ltr'>διδασκαλίας</span> <span class='ocrx_word' id='word_1_835' title='bbox 2948 3788 2976 3840; x_wconf 89' lang='lat'>6</span> <span class='ocrx_word' id='word_1_836' title='bbox 3001 3786 3181 3856; x_wconf 87' lang='grc' dir='ltr'>λόγος.</span> <span class='ocrx_word' id='word_1_837' title='bbox 3215 3786 3323 3838; x_wconf 78' lang='grc' dir='ltr'>Καὶ</span> <span class='ocrx_word' id='word_1_838' title='bbox 3346 3785 3456 3856; x_wconf 84' lang='grc' dir='ltr'>γὰρ</span> <span class='ocrx_word' id='word_1_839' title='bbox 3477 3784 3708 3848; x_wconf 89' lang='grc' dir='ltr'>πλοῦτος</span> 
     </span>
    </p>
   </div>
   <div class='ocr_carea' id='block_1_106' title="bbox 2039 3868 3708 3942">
    <p class='ocr_par' dir='ltr' id='par_1_106' title="bbox 2039 3868 3708 3942">
     <span class='ocr_line' id='line_1_106' title="bbox 2039 3868 3708 3942; baseline -0.003 -17"><span class='ocrx_word' id='word_1_840' title='bbox 2039 3871 2364 3942; x_wconf 88' lang='grc' dir='ltr'>ὑπέρογκος,</span> <span class='ocrx_word' id='word_1_841' title='bbox 2399 3871 2495 3925; x_wconf 74' lang='grc' dir='ltr'>καὶ</span> <span class='ocrx_word' id='word_1_842' title='bbox 2522 3871 2845 3938; x_wconf 81' lang='grc' dir='ltr'>δυναστείας</span> <span class='ocrx_word' id='word_1_843' title='bbox 2879 3869 3129 3941; x_wconf 81' lang='grc' dir='ltr'>μέγεθος.</span> <span class='ocrx_word' id='word_1_844' title='bbox 3173 3870 3267 3923; x_wconf 73' lang='grc' dir='ltr'>καὶ</span> <span class='ocrx_word' id='word_1_845' title='bbox 3312 3868 3553 3940; x_wconf 72' lang='grc' dir='ltr'>ῥᾳθυμία</span> <span class='ocrx_word' id='word_1_846' title='bbox 3599 3868 3708 3922; x_wconf 84' lang='grc' dir='ltr'>ἀπὸ</span> 
     </span>
    </p>
   </div>
   <div class='ocr_carea' id='block_1_107' title="bbox 2035 3951 3706 4028">
    <p class='ocr_par' dir='ltr' id='par_1_107' title="bbox 2035 3951 3706 4028">
     <span class='ocr_line' id='line_1_107' title="bbox 2035 3951 3706 4028; baseline -0.002 -20"><span class='ocrx_word' id='word_1_847' title='bbox 2035 3958 2246 4028; x_wconf 82' lang='grc' dir='ltr'>τρυφῆς</span> <span class='ocrx_word' id='word_1_848' title='bbox 2280 3955 2700 4026; x_wconf 84' lang='grc' dir='ltr'>προσγινομένη,</span> <span class='ocrx_word' id='word_1_849' title='bbox 2732 3956 2827 4008; x_wconf 76' lang='grc' dir='ltr'>καὶ</span> <span class='ocrx_word' id='word_1_850' title='bbox 2875 3952 3045 4006; x_wconf 90' lang='grc' dir='ltr'>πολλά</span> <span class='ocrx_word' id='word_1_851' title='bbox 3084 3953 3250 4022; x_wconf 80' lang='grc' dir='ltr'>ἐτερα</span> <span class='ocrx_word' id='word_1_852' title='bbox 3295 3951 3432 4022; x_wconf 85' lang='grc' dir='ltr'>πρὸς</span> <span class='ocrx_word' id='word_1_853' title='bbox 3471 3951 3706 4017; x_wconf 90' lang='grc' dir='ltr'>τούτοις,</span> 
     </span>
    </p>
   </div>
   <div class='ocr_carea' id='block_1_108' title="bbox 2039 4033 3706 4110">
    <p class='ocr_par' dir='ltr' id='par_1_108' title="bbox 2039 4033 3706 4110">
     <span class='ocr_line' id='line_1_108' title="bbox 2039 4033 3706 4110; baseline -0.005 -16"><span class='ocrx_word' id='word_1_854' title='bbox 2039 4039 2333 4110; x_wconf 82' lang='grc' dir='ltr'>συμπνίγει</span> <span class='ocrx_word' id='word_1_855' title='bbox 2357 4038 2427 4092; x_wconf 91' lang='grc' dir='ltr'>τά</span> <span class='ocrx_word' id='word_1_856' title='bbox 2453 4038 2902 4108; x_wconf 88' lang='grc' dir='ltr'>καταϐαλλόμενα</span> <span class='ocrx_word' id='word_1_857' title='bbox 2931 4036 3220 4107; x_wconf 87' lang='grc' dir='ltr'>σπέρματα</span> <span class='ocrx_word' id='word_1_858' title='bbox 3240 4052 3252 4066; x_wconf 74' lang='grc' dir='ltr'><strong><em>ο</em></strong></span> <span class='ocrx_word' id='word_1_859' title='bbox 3292 4034 3548 4095; x_wconf 87' lang='grc' dir='ltr'>πολλάκις</span> <span class='ocrx_word' id='word_1_860' title='bbox 3578 4033 3634 4086; x_wconf 86' lang='grc' dir='ltr'>δέ</span> <span class='ocrx_word' id='word_1_861' title='bbox 3673 4037 3706 4104; x_wconf 80' lang='grc' dir='ltr'>ἠ</span> 
     </span>
    </p>
   </div>
   <div class='ocr_carea' id='block_1_109' title="bbox 2036 4118 3712 4192">
    <p class='ocr_par' dir='ltr' id='par_1_109' title="bbox 2036 4118 3712 4192">
     <span class='ocr_line' id='line_1_109' title="bbox 2036 4118 3712 4192; baseline -0.005 -15"><span class='ocrx_word' id='word_1_862' title='bbox 2036 4124 2147 4176; x_wconf 82' lang='grc' dir='ltr'>τῶν</span> <span class='ocrx_word' id='word_1_863' title='bbox 2162 4123 2414 4177; x_wconf 85' lang='grc' dir='ltr'>ἀκανθῶν</span> <span class='ocrx_word' id='word_1_864' title='bbox 2438 4121 2711 4192; x_wconf 74' lang='grc' dir='ltr'>πυκνότης</span> <span class='ocrx_word' id='word_1_865' title='bbox 2734 4121 2855 4174; x_wconf 87' lang='grc' dir='ltr'>οὑδέ</span> <span class='ocrx_word' id='word_1_866' title='bbox 2877 4121 3040 4192; x_wconf 90' lang='grc' dir='ltr'>μέχρι</span> <span class='ocrx_word' id='word_1_867' title='bbox 3056 4121 3155 4189; x_wconf 84' lang='grc' dir='ltr'>τῆς</span> <span class='ocrx_word' id='word_1_868' title='bbox 3175 4118 3496 4187; x_wconf 81' lang='grc' dir='ltr'>ἐπιφανείας</span> <span class='ocrx_word' id='word_1_869' title='bbox 3513 4118 3712 4188; x_wconf 84' lang='grc' dir='ltr'>ἀφίησι</span> 
     </span>
    </p>
   </div>
   <div class='ocr_carea' id='block_1_110' title="bbox 2037 4200 3707 4278">
    <p class='ocr_par' dir='ltr' id='par_1_110' title="bbox 2037 4200 3707 4278">
     <span class='ocr_line' id='line_1_110' title="bbox 2037 4200 3707 4278; baseline -0.005 -18"><span class='ocrx_word' id='word_1_870' title='bbox 2037 4207 2099 4260; x_wconf 74' lang='grc' dir='ltr'>τὸ</span> <span class='ocrx_word' id='word_1_871' title='bbox 2131 4209 2488 4278; x_wconf 76' lang='grc' dir='ltr'>σπειρόμενον</span> <span class='ocrx_word' id='word_1_872' title='bbox 2521 4208 2728 4259; x_wconf 91' lang='grc' dir='ltr'>πεσεῖν.</span> <span class='ocrx_word' id='word_1_873' title='bbox 2763 4205 2903 4274; x_wconf 87' lang='grc' dir='ltr'>Ἤδη</span> <span class='ocrx_word' id='word_1_874' title='bbox 2935 4204 2992 4256; x_wconf 85' lang='grc' dir='ltr'>δὲ</span> <span class='ocrx_word' id='word_1_875' title='bbox 3018 4202 3114 4256; x_wconf 71' lang='grc' dir='ltr'>καὶ</span> <span class='ocrx_word' id='word_1_876' title='bbox 3146 4201 3379 4270; x_wconf 76' lang='grc' dir='ltr'>θλίψεως</span> <span class='ocrx_word' id='word_1_877' title='bbox 3409 4200 3707 4271; x_wconf 77' lang='grc' dir='ltr'>ὑπερϐολὴ,</span> 
     </span>
    </p>
   </div>
   <div class='ocr_carea' id='block_1_111' title="bbox 2041 4284 3710 4358">
    <p class='ocr_par' dir='ltr' id='par_1_111' title="bbox 2041 4284 3710 4358">
     <span class='ocr_line' id='line_1_111' title="bbox 2041 4284 3710 4358; baseline -0.004 -14"><span class='ocrx_word' id='word_1_878' title='bbox 2041 4291 2136 4350; x_wconf 71' lang='grc' dir='ltr'>καὶ</span> <span class='ocrx_word' id='word_1_879' title='bbox 2167 4291 2357 4354; x_wconf 88' lang='grc' dir='ltr'>πενίας</span> <span class='ocrx_word' id='word_1_880' title='bbox 2396 4289 2629 4358; x_wconf 88' lang='grc' dir='ltr'>ἀνάγκη,</span> <span class='ocrx_word' id='word_1_881' title='bbox 2677 4288 2773 4340; x_wconf 75' lang='grc' dir='ltr'>καὶ</span> <span class='ocrx_word' id='word_1_882' title='bbox 2804 4287 3062 4356; x_wconf 87' lang='grc' dir='ltr'>ἐπήρειαι</span> <span class='ocrx_word' id='word_1_883' title='bbox 3109 4287 3385 4354; x_wconf 86' lang='grc' dir='ltr'>συνεχεῖς,</span> <span class='ocrx_word' id='word_1_884' title='bbox 3434 4284 3528 4336; x_wconf 73' lang='grc' dir='ltr'>καὶ</span> <span class='ocrx_word' id='word_1_885' title='bbox 3573 4285 3710 4338; x_wconf 75' lang='grc' dir='ltr'>ἄλλα</span> 
     </span>
    </p>
   </div>
   <div class='ocr_carea' id='block_1_112' title="bbox 2040 4366 3711 4441">
    <p class='ocr_par' dir='ltr' id='par_1_112' title="bbox 2040 4366 3711 4441">
     <span class='ocr_line' id='line_1_112' title="bbox 2040 4366 3711 4441; baseline -0.004 -14"><span class='ocrx_word' id='word_1_886' title='bbox 2040 4372 2266 4436; x_wconf 81' lang='grc' dir='ltr'>τοιαῦτα</span> <span class='ocrx_word' id='word_1_887' title='bbox 2287 4375 2398 4435; x_wconf 91' lang='grc' dir='ltr'>τοῖς</span> <span class='ocrx_word' id='word_1_888' title='bbox 2424 4371 2710 4441; x_wconf 86' lang='grc' dir='ltr'>προτέροις</span> <span class='ocrx_word' id='word_1_889' title='bbox 2732 4369 2970 4434; x_wconf 87' lang='grc' dir='ltr'>ἐναντία,</span> <span class='ocrx_word' id='word_1_890' title='bbox 3002 4369 3204 4435; x_wconf 89' lang='grc' dir='ltr'>ἀπάγει</span> <span class='ocrx_word' id='word_1_891' title='bbox 3229 4368 3328 4439; x_wconf 87' lang='grc' dir='ltr'>τῆς</span> <span class='ocrx_word' id='word_1_892' title='bbox 3357 4366 3574 4438; x_wconf 73' lang='grc' dir='ltr'>περὶτὰ</span> <span class='ocrx_word' id='word_1_893' title='bbox 3590 4366 3711 4420; x_wconf 85' lang='grc' dir='ltr'>θεῖα</span> 
     </span>
    </p>
   </div>
   <div class='ocr_carea' id='block_1_113' title="bbox 2045 4451 3710 4525">
    <p class='ocr_par' dir='ltr' id='par_1_113' title="bbox 2045 4451 3710 4525">
     <span class='ocr_line' id='line_1_113' title="bbox 2045 4451 3710 4525; baseline -0.004 -16"><span class='ocrx_word' id='word_1_894' title='bbox 2045 4455 2315 4525; x_wconf 82' lang='grc' dir='ltr'>σπουδῆς·</span> <span class='ocrx_word' id='word_1_895' title='bbox 2345 4453 2532 4519; x_wconf 36' lang='grc' dir='ltr'>τῶν,δέ</span> <span class='ocrx_word' id='word_1_896' title='bbox 2561 4452 2979 4524; x_wconf 83' lang='grc' dir='ltr'>ἁμαρτημάτων</span> <span class='ocrx_word' id='word_1_897' title='bbox 3025 4451 3148 4506; x_wconf 86' lang='grc' dir='ltr'>οὑδέ</span> <span class='ocrx_word' id='word_1_898' title='bbox 3186 4451 3248 4504; x_wconf 88' lang='grc' dir='ltr'>τὺ</span> <span class='ocrx_word' id='word_1_899' title='bbox 3281 4451 3576 4505; x_wconf 85' lang='grc' dir='ltr'>πολλοστὸν</span> <span class='ocrx_word' id='word_1_900' title='bbox 3606 4451 3710 4504; x_wconf 83' lang='grc' dir='ltr'>αύ-</span> 
     </span>
    </p>
   </div>
   <div class='ocr_carea' id='block_1_114' title="bbox 2043 4533 3709 4606">
    <p class='ocr_par' dir='ltr' id='par_1_114' title="bbox 2043 4533 3709 4606">
     <span class='ocr_line' id='line_1_114' title="bbox 2043 4533 3709 4606; baseline -0.004 -16"><span class='ocrx_word' id='word_1_901' title='bbox 2043 4540 2156 4600; x_wconf 87' lang='grc' dir='ltr'>τοῖς</span> <span class='ocrx_word' id='word_1_902' title='bbox 2211 4536 2374 4606; x_wconf 88' lang='grc' dir='ltr'>μέρος</span> <span class='ocrx_word' id='word_1_903' title='bbox 2426 4536 2649 4589; x_wconf 85' lang='grc' dir='ltr'>δυνατὸν</span> <span class='ocrx_word' id='word_1_904' title='bbox 2700 4533 2953 4603; x_wconf 85' lang='grc' dir='ltr'>γενέσθαι</span> <span class='ocrx_word' id='word_1_905' title='bbox 3013 4534 3356 4601; x_wconf 79' lang='grc' dir='ltr'>καταφανές·</span> <span class='ocrx_word' id='word_1_906' title='bbox 3409 4533 3526 4596; x_wconf 89' lang='grc' dir='ltr'>πῶς</span> <span class='ocrx_word' id='word_1_907' title='bbox 3578 4533 3709 4604; x_wconf 79' lang='grc' dir='ltr'>γάρ,</span> 
     </span>
    </p>
   </div>
   <div class='ocr_carea' id='block_1_115' title="bbox 2045 4612 3712 4690">
    <p class='ocr_par' dir='ltr' id='par_1_115' title="bbox 2045 4612 3712 4690">
     <span class='ocr_line' id='line_1_115' title="bbox 2045 4612 3712 4690; baseline -0.002 -17"><span class='ocrx_word' id='word_1_908' title='bbox 2045 4616 2194 4690; x_wconf 68' lang='grc'>[424]</span> <span class='ocrx_word' id='word_1_909' title='bbox 2230 4612 2304 4672; x_wconf 82' lang='grc' dir='ltr'>ὧν</span> <span class='ocrx_word' id='word_1_910' title='bbox 2343 4618 2470 4681; x_wconf 82' lang='grc' dir='ltr'>τοὺς</span> <span class='ocrx_word' id='word_1_911' title='bbox 2503 4618 2756 4680; x_wconf 90' lang='grc' dir='ltr'>πλείονας</span> <span class='ocrx_word' id='word_1_912' title='bbox 2798 4617 2920 4672; x_wconf 87' lang='grc' dir='ltr'>οὑδέ</span> <span class='ocrx_word' id='word_1_913' title='bbox 2949 4619 3012 4671; x_wconf 89' lang='grc' dir='ltr'>ἐκ</span> <span class='ocrx_word' id='word_1_914' title='bbox 3048 4616 3365 4687; x_wconf 70' lang='grc' dir='ltr'>προσόψεως</span> <span class='ocrx_word' id='word_1_915' title='bbox 3395 4617 3572 4680; x_wconf 84' lang='grc' dir='ltr'>ίσασι;</span> <span class='ocrx_word' id='word_1_916' title='bbox 3606 4615 3712 4669; x_wconf 77' lang='grc' dir='ltr'>Καὶ</span> 
     </span>
    </p>
   </div>
   <div class='ocr_carea' id='block_1_116' title="bbox 2042 4701 3709 4775">
    <p class='ocr_par' dir='ltr' id='par_1_116' title="bbox 2042 4701 3709 4775">
     <span class='ocr_line' id='line_1_116' title="bbox 2042 4701 3709 4775; baseline -0.003 -17"><span class='ocrx_word' id='word_1_917' title='bbox 2042 4703 2113 4758; x_wconf 82' lang='grc' dir='ltr'>τά</span> <span class='ocrx_word' id='word_1_918' title='bbox 2153 4703 2250 4775; x_wconf 84' lang='grc' dir='ltr'>μὲν</span> <span class='ocrx_word' id='word_1_919' title='bbox 2275 4704 2410 4774; x_wconf 82' lang='grc' dir='ltr'>πρὸς</span> <span class='ocrx_word' id='word_1_920' title='bbox 2439 4703 2530 4757; x_wconf 84' lang='grc' dir='ltr'>τὸν</span> <span class='ocrx_word' id='word_1_921' title='bbox 2564 4702 2691 4758; x_wconf 82' lang='grc' dir='ltr'>λαὸν</span> <span class='ocrx_word' id='word_1_922' title='bbox 2720 4703 2870 4773; x_wconf 84' lang='grc' dir='ltr'>αύτῷ</span> <span class='ocrx_word' id='word_1_923' title='bbox 2902 4703 3176 4772; x_wconf 80' lang='grc' dir='ltr'>τοσαύτην</span> <span class='ocrx_word' id='word_1_924' title='bbox 3215 4701 3328 4772; x_wconf 76' lang='grc' dir='ltr'>ἔχει</span> <span class='ocrx_word' id='word_1_925' title='bbox 3361 4701 3460 4770; x_wconf 85' lang='grc' dir='ltr'>τὴν</span> <span class='ocrx_word' id='word_1_926' title='bbox 3490 4701 3709 4770; x_wconf 63' lang='grc' dir='ltr'>ἀμηχας</span> 
     </span>
    </p>
   </div>
   <div class='ocr_carea' id='block_1_117' title="bbox 2043 4784 3712 4858">
    <p class='ocr_par' dir='ltr' id='par_1_117' title="bbox 2043 4784 3712 4858">
     <span class='ocr_line' id='line_1_117' title="bbox 2043 4784 3712 4858; baseline -0.004 -16"><span class='ocrx_word' id='word_1_927' title='bbox 2043 4787 2162 4842; x_wconf 90' lang='grc' dir='ltr'>νίαν</span> <span class='ocrx_word' id='word_1_928' title='bbox 2183 4803 2196 4817; x_wconf 88' lang='grc'>·</span> <span class='ocrx_word' id='word_1_929' title='bbox 2238 4789 2285 4840; x_wconf 87' lang='grc' dir='ltr'>εἰ</span> <span class='ocrx_word' id='word_1_930' title='bbox 2313 4787 2370 4840; x_wconf 91' lang='grc' dir='ltr'>δέ</span> <span class='ocrx_word' id='word_1_931' title='bbox 2405 4805 2488 4850; x_wconf 89' lang='grc' dir='ltr'>τις</span> <span class='ocrx_word' id='word_1_932' title='bbox 2513 4788 2580 4842; x_wconf 77' lang='grc' dir='ltr'>τά</span> <span class='ocrx_word' id='word_1_933' title='bbox 2605 4787 2742 4858; x_wconf 85' lang='grc' dir='ltr'>πρὸς</span> <span class='ocrx_word' id='word_1_934' title='bbox 2769 4786 2859 4839; x_wconf 86' lang='grc' dir='ltr'>τὸν</span> <span class='ocrx_word' id='word_1_935' title='bbox 2887 4785 3019 4843; x_wconf 76' lang='grc' dir='ltr'>Θεὸν</span> <span class='ocrx_word' id='word_1_936' title='bbox 3041 4784 3368 4850; x_wconf 79' lang='grc' dir='ltr'>ἐξετάσειεν,</span> <span class='ocrx_word' id='word_1_937' title='bbox 3397 4784 3550 4837; x_wconf 87' lang='grc' dir='ltr'>οὑδέν</span> <span class='ocrx_word' id='word_1_938' title='bbox 3581 4784 3712 4850; x_wconf 73' lang='grc' dir='ltr'>ὅντα</span> 
     </span>
    </p>
   </div>
   <div class='ocr_carea' id='block_1_118' title="bbox 2045 4866 3712 4942">
    <p class='ocr_par' dir='ltr' id='par_1_118' title="bbox 2045 4866 3712 4942">
     <span class='ocr_line' id='line_1_118' title="bbox 2045 4866 3712 4942; baseline -0.004 -19"><span class='ocrx_word' id='word_1_939' title='bbox 2045 4872 2267 4942; x_wconf 79' lang='grc' dir='ltr'>εὑρήσει</span> <span class='ocrx_word' id='word_1_940' title='bbox 2291 4870 2491 4924; x_wconf 87' lang='grc' dir='ltr'>ταῦτα·</span> <span class='ocrx_word' id='word_1_941' title='bbox 2523 4869 2665 4924; x_wconf 73' lang='grc' dir='ltr'>οὕτω</span> <span class='ocrx_word' id='word_1_942' title='bbox 2691 4868 2936 4940; x_wconf 72' lang='grc' dir='ltr'>μείζονος</span> <span class='ocrx_word' id='word_1_943' title='bbox 2963 4869 3057 4921; x_wconf 71' lang='grc' dir='ltr'>καὶ</span> <span class='ocrx_word' id='word_1_944' title='bbox 3095 4866 3491 4940; x_wconf 85' lang='grc' dir='ltr'>ἀκριϐεστέρας</span> <span class='ocrx_word' id='word_1_945' title='bbox 3526 4867 3712 4931; x_wconf 83' lang='grc' dir='ltr'>ἐκεῖνα</span> 
     </span>
    </p>
   </div>
   <div class='ocr_carea' id='block_1_119' title="bbox 2042 4950 3711 5024">
    <p class='ocr_par' dir='ltr' id='par_1_119' title="bbox 2042 4950 3711 5024">
     <span class='ocr_line' id='line_1_119' title="bbox 2042 4950 3711 5024; baseline -0.001 -19"><span class='ocrx_word' id='word_1_946' title='bbox 2042 4953 2211 5006; x_wconf 88' lang='grc' dir='ltr'>δεῖται</span> <span class='ocrx_word' id='word_1_947' title='bbox 2233 4953 2333 5023; x_wconf 82' lang='grc' dir='ltr'>τῆς</span> <span class='ocrx_word' id='word_1_948' title='bbox 2361 4952 2614 5023; x_wconf 83' lang='grc' dir='ltr'>σπουδῆς.</span> <span class='ocrx_word' id='word_1_949' title='bbox 2639 4953 2742 5006; x_wconf 86' lang='grc' dir='ltr'>Τὸν</span> <span class='ocrx_word' id='word_1_950' title='bbox 2763 4953 2869 5024; x_wconf 82' lang='grc' dir='ltr'>γὰρ</span> <span class='ocrx_word' id='word_1_951' title='bbox 2911 4953 3050 5023; x_wconf 84' lang='grc' dir='ltr'>ὑπὲρ</span> <span class='ocrx_word' id='word_1_952' title='bbox 3073 4951 3200 5024; x_wconf 85' lang='grc' dir='ltr'>ὅλης</span> <span class='ocrx_word' id='word_1_953' title='bbox 3225 4952 3324 5022; x_wconf 84' lang='grc' dir='ltr'>τῆς</span> <span class='ocrx_word' id='word_1_954' title='bbox 3354 4950 3581 5014; x_wconf 83' lang='grc' dir='ltr'>πόλεως,</span> <span class='ocrx_word' id='word_1_955' title='bbox 3616 4950 3711 5003; x_wconf 75' lang='grc' dir='ltr'>καὶ</span> 
     </span>
    </p>
   </div>
   <div class='ocr_carea' id='block_1_120' title="bbox 2042 5033 3709 5108">
    <p class='ocr_par' dir='ltr' id='par_1_120' title="bbox 2042 5033 3709 5108">
     <span class='ocr_line' id='line_1_120' title="bbox 2042 5033 3709 5108; baseline -0.003 -18"><span class='ocrx_word' id='word_1_956' title='bbox 2042 5039 2095 5090; x_wconf 90' lang='grc' dir='ltr'>τί</span> <span class='ocrx_word' id='word_1_957' title='bbox 2138 5037 2282 5105; x_wconf 88' lang='grc' dir='ltr'>λέγω</span> <span class='ocrx_word' id='word_1_958' title='bbox 2325 5037 2567 5101; x_wconf 85' lang='grc' dir='ltr'>πόλεως;</span> <span class='ocrx_word' id='word_1_959' title='bbox 2599 5037 2781 5106; x_wconf 88' lang='grc' dir='ltr'>πάσης</span> <span class='ocrx_word' id='word_1_960' title='bbox 2813 5037 2914 5108; x_wconf 83' lang='grc' dir='ltr'>μὲν</span> <span class='ocrx_word' id='word_1_961' title='bbox 2943 5033 3035 5090; x_wconf 81' lang='grc' dir='ltr'>οῦν</span> <span class='ocrx_word' id='word_1_962' title='bbox 3079 5036 3178 5106; x_wconf 80' lang='grc' dir='ltr'>τῆς</span> <span class='ocrx_word' id='word_1_963' title='bbox 3215 5034 3537 5104; x_wconf 87' lang='grc' dir='ltr'>οἰκουμένης</span> <span class='ocrx_word' id='word_1_964' title='bbox 3574 5050 3709 5104; x_wconf 83' lang='grc' dir='ltr'>πρε-</span> 
     </span>
    </p>
   </div>
   <div class='ocr_carea' id='block_1_121' title="bbox 2045 5117 3711 5192">
    <p class='ocr_par' dir='ltr' id='par_1_121' title="bbox 2045 5117 3711 5192">
     <span class='ocr_line' id='line_1_121' title="bbox 2045 5117 3711 5192; baseline -0.001 -20"><span class='ocrx_word' id='word_1_965' title='bbox 2045 5120 2328 5188; x_wconf 82' lang='grc' dir='ltr'>σϐεύοντα,</span> <span class='ocrx_word' id='word_1_966' title='bbox 2361 5122 2457 5175; x_wconf 69' lang='grc' dir='ltr'>καὶ</span> <span class='ocrx_word' id='word_1_967' title='bbox 2498 5121 2752 5192; x_wconf 84' lang='grc' dir='ltr'>δεόμενον</span> <span class='ocrx_word' id='word_1_968' title='bbox 2784 5123 2902 5183; x_wconf 87' lang='grc' dir='ltr'>ταῖς</span> <span class='ocrx_word' id='word_1_969' title='bbox 2944 5119 3195 5172; x_wconf 88' lang='grc' dir='ltr'>ἀπάντων</span> <span class='ocrx_word' id='word_1_970' title='bbox 3224 5117 3517 5188; x_wconf 86' lang='grc' dir='ltr'>ἁμαρτίαις</span> <span class='ocrx_word' id='word_1_971' title='bbox 3551 5117 3711 5172; x_wconf 75' lang='grc' dir='ltr'>ἵλεων</span> 
     </span>
    </p>
   </div>
   <div class='ocr_carea' id='block_1_122' title="bbox 2043 5197 3724 5271">
    <p class='ocr_par' dir='ltr' id='par_1_122' title="bbox 2043 5197 3724 5271">
     <span class='ocr_line' id='line_1_122' title="bbox 2043 5197 3724 5271; baseline 0 -16"><span class='ocrx_word' id='word_1_972' title='bbox 2043 5203 2297 5271; x_wconf 82' lang='grc' dir='ltr'>γενέσθαι</span> <span class='ocrx_word' id='word_1_973' title='bbox 2331 5204 2423 5258; x_wconf 74' lang='grc' dir='ltr'>τὸν</span> <span class='ocrx_word' id='word_1_974' title='bbox 2449 5203 2604 5268; x_wconf 87' lang='grc' dir='ltr'>Θεὸν,</span> <span class='ocrx_word' id='word_1_975' title='bbox 2629 5204 2691 5256; x_wconf 92' lang='grc' dir='ltr'>οὑ</span> <span class='ocrx_word' id='word_1_976' title='bbox 2725 5202 2834 5256; x_wconf 88' lang='grc' dir='ltr'>τῶν</span> <span class='ocrx_word' id='word_1_977' title='bbox 2873 5201 3091 5266; x_wconf 79' lang='grc' dir='ltr'>ζώντων</span> <span class='ocrx_word' id='word_1_978' title='bbox 3119 5200 3300 5271; x_wconf 85' lang='grc' dir='ltr'>μόνον,</span> <span class='ocrx_word' id='word_1_979' title='bbox 3325 5199 3459 5251; x_wconf 90' lang='grc' dir='ltr'>ἀλλά</span> <span class='ocrx_word' id='word_1_980' title='bbox 3486 5199 3580 5252; x_wconf 81' lang='grc' dir='ltr'>καὶ</span> <span class='ocrx_word' id='word_1_981' title='bbox 3599 5197 3724 5255; x_wconf 75' lang='grc' dir='ltr'>τῶν.</span> 
     </span>
    </p>
   </div>
   <div class='ocr_carea' id='block_1_123' title="bbox 2045 5282 3123 5356">
    <p class='ocr_par' dir='ltr' id='par_1_123' title="bbox 2045 5282 3123 5356">
     <span class='ocr_line' id='line_1_123' title="bbox 2045 5282 3123 5356; baseline 0 -18"><span class='ocrx_word' id='word_1_982' title='bbox 2045 5285 2408 5352; x_wconf 82' lang='grc' dir='ltr'>ἀπελθόντων,</span> <span class='ocrx_word' id='word_1_983' title='bbox 2449 5285 2632 5338; x_wconf 86' lang='grc' dir='ltr'>ὁποῖόν</span> <span class='ocrx_word' id='word_1_984' title='bbox 2661 5301 2784 5340; x_wconf 88' lang='grc' dir='ltr'>τινα</span> <span class='ocrx_word' id='word_1_985' title='bbox 2825 5282 2964 5338; x_wconf 75' lang='grc' dir='ltr'>εἷναι</span> <span class='ocrx_word' id='word_1_986' title='bbox 2988 5286 3123 5356; x_wconf 83' lang='grc' dir='ltr'>χρή;</span> 
     </span>
    </p>
   </div>
   <div class='ocr_carea' id='block_1_124' title="bbox 2105 5424 3248 5488">
    <p class='ocr_par' dir='ltr' id='par_1_124' title="bbox 2105 5424 3248 5488">
     <span class='ocr_line' id='line_1_124' title="bbox 2105 5424 3248 5488; baseline -0.003 -13"><span class='ocrx_word' id='word_1_987' title='bbox 2105 5425 2132 5488; x_wconf 54' lang='grc' dir='ltr'><strong>ξ</strong></span> <span class='ocrx_word' id='word_1_988' title='bbox 2151 5425 2288 5475; x_wconf 81' lang='lat' dir='ltr'>Unus</span> <span class='ocrx_word' id='word_1_989' title='bbox 2304 5427 2604 5488; x_wconf 87' lang='grc' dir='ltr'>λυμαίνονται</span> <span class='ocrx_word' id='word_1_990' title='bbox 2624 5426 2755 5487; x_wconf 82' lang='grc' dir='ltr'>πόνῳ</span> <span class='ocrx_word' id='word_1_991' title='bbox 2777 5425 2857 5473; x_wconf 78' lang='grc' dir='ltr'>καὶ</span> <span class='ocrx_word' id='word_1_992' title='bbox 2881 5424 3248 5472; x_wconf 83' lang='grc' dir='ltr'>καταϐάλλουσι.</span> 
     </span>
    </p>
   </div>
   <div class='ocr_carea' id='block_1_125' title="bbox 2112 5484 2769 5548">
    <p class='ocr_par' dir='ltr' id='par_1_125' title="bbox 2112 5484 2769 5548">
     <span class='ocr_line' id='line_1_125' title="bbox 2112 5484 2769 5548; baseline -0.003 -12"><span class='ocrx_word' id='word_1_993' title='bbox 2112 5484 2132 5522; x_wconf 65' lang='grc' dir='ltr'>ί</span> <span class='ocrx_word' id='word_1_994' title='bbox 2157 5489 2248 5536; x_wconf 86' lang='lat' dir='ltr'><strong>Alii</strong></span> <span class='ocrx_word' id='word_1_995' title='bbox 2268 5484 2536 5548; x_wconf 73' lang='grc' dir='ltr'>ἀλαζονείας</span> <span class='ocrx_word' id='word_1_996' title='bbox 2554 5484 2769 5548; x_wconf 66' lang='grc' dir='ltr'>ἀπονοία.</span> 
     </span>
    </p>
   </div>
   <div class='ocr_carea' id='block_1_126' title="bbox 2110 5546 3705 5619">
    <p class='ocr_par' dir='ltr' id='par_1_126' title="bbox 2110 5546 3705 5619">
     <span class='ocr_line' id='line_1_126' title="bbox 2110 5546 3705 5619; baseline -0.001 -23"><span class='ocrx_word' id='word_1_997' title='bbox 2110 5548 2135 5619; x_wconf 68' lang='grc' dir='ltr'><strong><em>ξ</em></strong></span> <span class='ocrx_word' id='word_1_998' title='bbox 2329 5547 2484 5619; x_wconf 77' lang='lat' dir='ltr'><strong>el_alii</strong></span> <span class='ocrx_word' id='word_1_999' title='bbox 2508 5547 2605 5619; x_wconf 68' lang='grc' dir='ltr'>τοῖς</span> <span class='ocrx_word' id='word_1_1000' title='bbox 2626 5549 2673 5596; x_wconf 82' lang='grc' dir='ltr'>ἐν</span> <span class='ocrx_word' id='word_1_1001' title='bbox 2713 5546 2845 5619; x_wconf 62' lang='grc' dir='ltr'>μέσῳ</span> <span class='ocrx_word' id='word_1_1002' title='bbox 2869 5548 3212 5619; x_wconf 68' lang='grc' dir='ltr'>στρεφομένρις.</span> <span class='ocrx_word' id='word_1_1003' title='bbox 3246 5547 3359 5619; x_wconf 59' lang='grc' dir='ltr'>μοτ</span> <span class='ocrx_word' id='word_1_1004' title='bbox 3393 5546 3476 5619; x_wconf 63' lang='lat' dir='ltr'><strong>alii</strong></span> <span class='ocrx_word' id='word_1_1005' title='bbox 3518 5547 3705 5619; x_wconf 57' lang='grc' dir='ltr'>ἔρημον.</span> 
     </span>
    </p>
   </div>
   <div class='ocr_carea' id='block_1_127' title="bbox 2106 5606 3705 5680">
    <p class='ocr_par' dir='ltr' id='par_1_127' title="bbox 2106 5606 3705 5680">
     <span class='ocr_line' id='line_1_127' title="bbox 2106 5606 3705 5680; baseline -0.003 -23"><span class='ocrx_word' id='word_1_1006' title='bbox 2106 5606 2135 5646; x_wconf 68' lang='grc' dir='ltr'>δ</span> <span class='ocrx_word' id='word_1_1007' title='bbox 2160 5607 2310 5680; x_wconf 64' lang='grc' dir='ltr'>ὃονὶι.</span> <span class='ocrx_word' id='word_1_1008' title='bbox 2358 5616 2411 5658; x_wconf 77' lang='lat' dir='ltr'><strong>ei</strong></span> <span class='ocrx_word' id='word_1_1009' title='bbox 2449 5609 2642 5669; x_wconf 82' lang='lat' dir='ltr'><strong>quidam</strong></span> <span class='ocrx_word' id='word_1_1010' title='bbox 2683 5606 2752 5671; x_wconf 76' lang='grc' dir='ltr'>τῷ</span> <span class='ocrx_word' id='word_1_1011' title='bbox 2795 5606 3077 5672; x_wconf 72' lang='grc' dir='ltr'>προεστῶτι.</span> <span class='ocrx_word' id='word_1_1012' title='bbox 3106 5609 3276 5657; x_wconf 77' lang='lat' dir='ltr'><strong>Morel.</strong></span> <span class='ocrx_word' id='word_1_1013' title='bbox 3302 5617 3352 5663; x_wconf 82' lang='lat' dir='ltr'><strong>el</strong></span> <span class='ocrx_word' id='word_1_1014' title='bbox 3384 5609 3463 5657; x_wconf 71' lang='lat' dir='ltr'><strong>alii</strong></span> <span class='ocrx_word' id='word_1_1015' title='bbox 3493 5606 3604 5655; x_wconf 62' lang='lat' dir='ltr'>m&#39;ss.</span> <span class='ocrx_word' id='word_1_1016' title='bbox 3633 5609 3705 5667; x_wconf 70' lang='grc' dir='ltr'>τῷ</span> 
     </span>
    </p>
   </div>
   <div class='ocr_carea' id='block_1_128' title="bbox 2041 5687 3445 5798">
    <p class='ocr_par' dir='ltr' id='par_1_128' title="bbox 2041 5687 3445 5798">
     <span class='ocr_line' id='line_1_128' title="bbox 2041 5687 2302 5734; baseline -0.004 -15"><span class='ocrx_word' id='word_1_1017' title='bbox 2041 5687 2302 5734; x_wconf 73' lang='grc' dir='ltr'>προστάτῃ.</span> 
     </span>
     <span class='ocr_line' id='line_1_129' title="bbox 2111 5730 3445 5798; baseline -0.002 -19"><span class='ocrx_word' id='word_1_1018' title='bbox 2111 5730 2604 5798; x_wconf 27' lang='grc' dir='ltr'>ξᾼΙίἱΑ-διδασκάλου..</span> <span class='ocrx_word' id='word_1_1019' title='bbox 2946 5791 2956 5798; x_wconf 83' lang='lat'>_</span> <span class='ocrx_word' id='word_1_1020' title='bbox 3039 5789 3080 5798; x_wconf 84' lang='lat'>__</span> <span class='ocrx_word' id='word_1_1021' title='bbox 3177 5792 3190 5798; x_wconf 44' lang='lat'><strong>-</strong></span> <span class='ocrx_word' id='word_1_1022' title='bbox 3433 5787 3445 5796; x_wconf 46' lang='lat'><em>.</em></span> 
     </span>
    </p>
   </div>
   <div class='ocr_carea' id='block_1_129' title="bbox 2115 5787 3708 5856">
    <p class='ocr_par' dir='ltr' id='par_1_129' title="bbox 2115 5787 3708 5856">
     <span class='ocr_line' id='line_1_130' title="bbox 2115 5787 3708 5856; baseline -0.004 -14"><span class='ocrx_word' id='word_1_1023' title='bbox 2115 5791 2127 5842; x_wconf 71' lang='grc' dir='ltr'>ἱ</span> <span class='ocrx_word' id='word_1_1024' title='bbox 2158 5794 2302 5843; x_wconf 71' lang='lat' dir='ltr'><strong>Savil.</strong></span> <span class='ocrx_word' id='word_1_1025' title='bbox 2337 5799 2384 5844; x_wconf 78' lang='lat' dir='ltr'><strong>ei</strong></span> <span class='ocrx_word' id='word_1_1026' title='bbox 2411 5793 2606 5856; x_wconf 86' lang='lat' dir='ltr'><strong>plurimi</strong></span> <span class='ocrx_word' id='word_1_1027' title='bbox 2633 5807 2744 5842; x_wconf 86' lang='lat' dir='ltr'>mss.</span> <span class='ocrx_word' id='word_1_1028' title='bbox 2773 5791 3007 5856; x_wconf 69' lang='grc' dir='ltr'>συνεχείᾳ,</span> <span class='ocrx_word' id='word_1_1029' title='bbox 3039 5789 3209 5842; x_wconf 80' lang='lat' dir='ltr'>Morel.</span> <span class='ocrx_word' id='word_1_1030' title='bbox 3238 5797 3288 5842; x_wconf 75' lang='lat' dir='ltr'><strong>ei</strong></span> <span class='ocrx_word' id='word_1_1031' title='bbox 3309 5787 3445 5854; x_wconf 80' lang='lat' dir='ltr'><strong>pauci</strong></span> <span class='ocrx_word' id='word_1_1032' title='bbox 3471 5787 3708 5852; x_wconf 63' lang='grc' dir='ltr'>συνηθείῇ</span> 
     </span>
    </p>
   </div>
  </div>
