4050 6160
336 343 434 404 681

436 464 563 535 Εγὼ
618 463 717 539 μὶν
743 468 854 540 γὰρ
911 468 1006 523 καί
1062 467 1164 539 τὴν
1219 467 1463 531 Μωσέως
1514 467 1609 522 καὶ
1661 467 1762 541 τὴν
1820 466 1997 522 Ἠλίου

332 553 644 627 παρῤησίαν
715 555 929 610 οὐδέπω
999 555 1136 628 πρὸς
1202 554 1302 627 τὴν
1382 555 1650 627 τοσαύτην
1718 555 2001 626 ἱκετηρίαν

330 641 523 712 ἀρκεῖν
570 641 832 714 ἠγοῦμαι.
882 643 987 697 Καὶ
1029 643 1137 716 γάρ
1186 644 1376 715 ὥσπερ
1418 643 1515 696 τὸν
1548 642 1763 699 ἅπαντα
1795 642 1998 713 κόσμον

331 730 782 801 πεπιστευμένος,
835 731 931 786 καὶ
969 730 1133 794 αὐτὸς
1169 730 1245 783 ὢν
1291 729 1547 785 ἁπάντων
1595 729 1799 801 πατὴρ,
1853 729 1998 786 οὕτω

332 817 583 887 πρόσεισι
623 816 702 888 τῷ
749 816 889 889 Θεῷ,
938 817 1189 888 δεόμενος
1233 818 1358 881 τοὺς
1411 816 1724 888 ἁπανταχοῦ
1770 830 1795 859 ι
1842 818 1996 872 πολέ-

329 920 468 975 μους
516 904 841 976 σϐεσθῆναι,
883 903 1112 975 λυθῆναι
1148 906 1247 969 τὰς
1302 903 1568 975 ταραχὰς,
1605 906 1857 977 εἰρήνην,
1909 906 1998 959 εύ-

301 985 573 1063 ἐτηρίαν,
610 992 826 1049 πάντων
869 992 978 1045 τῶν
1034 991 1250 1062 ἑκάστῳ
1290 991 1476 1047 κακῶν
1511 992 1873 1062 ἐπικειμένων
1902 995 1997 1047 καί

330 1076 438 1149 ἰδία
490 1079 585 1132 καὶ
634 1078 870 1151 δημοσίᾳ
923 1080 1147 1150 ταχεῖαν
1201 1079 1369 1133 αἰτῶν
1421 1078 1763 1150 ἀπαλλαγήν.
1817 1082 1908 1133 Δεῖ
1938 1080 1995 1133 δὲ

327 1164 547 1219 πάντων
583 1164 763 1231 αὐτὸν,
795 1165 937 1237 ὑπὲρ
986 1157 1062 1220 ῶν
1102 1164 1290 1229 δεῖται,
1347 1164 1567 1219 τοσοῦτο
1618 1165 1898 1238 διαφέρειν
1934 1165 1994 1220 ἐν

326 1250 529 1305 ἀπασιν
550 1291 566 1319 ,
626 1252 750 1308 ὅσον
793 1251 887 1307 τδν
933 1251 1252 1325 προεστῶτα
1306 1252 1417 1307 τῶν
1475 1251 1993 1327 προστατευομένων

325 1338 493 1406 εἰκός.

397 1424 567 1480 Ὀταν
604 1425 661 1479 δέ
694 1426 786 1480 καὶ
812 1425 872 1479 τὸ
904 1425 1127 1497 Πνεῦμα
1154 1426 1216 1481 τὸ
1244 1426 1398 1496 ἀγιον
1427 1427 1566 1500 καλῇ
1602 1428 1696 1482 καὶ
1733 1427 1833 1500 τὴν
1864 1443 1990 1499 φρι-

323 1511 668 1585 κωδεστάτην
721 1513 941 1586 ἐπιτελῇ
992 1513 1204 1579 θυσίαν,
1254 1514 1347 1567 καὶ
1399 1513 1493 1568 τοῦ
1547 1514 1727 1568 κοινοῦ
1776 1514 1991 1569 πάντων

326 1600 565 1672 συνεχῶς
591 1600 897 1672 ἐφάπτηται
924 1601 1216 1668 Δεσπότου,
1256 1601 1357 1656 ποῦ
1387 1602 1623 1673 τάξομεν
1649 1602 1833 1667 αὑτὸν,
1865 1601 1990 1655 εἰπέ

326 1704 452 1761 μοι;
484 1686 656 1759 πόσην
682 1687 739 1742 δὲ
771 1689 933 1743 αὐτὸν
963 1690 1342 1762 ἀπαιτήσομεν
1370 1689 1740 1762 καθαρότητα,
1774 1690 1868 1744 καὶ
1893 1689 1991 1743 πό-

324 1790 427 1846 οην
462 1772 781 1841 εύλάδειαν;
814 1775 1097 1848 Ἐννόησον
1128 1776 1234 1850 γὰρ
1262 1775 1454 1842 ὁποίας
1481 1777 1580 1841 τὰς
1609 1777 1781 1831 ταῦτα
1807 1778 1991 1832 διακο-

318 1861 589 1934 νουμένας
632 1864 821 1936 χεῖρας
859 1856 999 1917 εἶναι
1046 1863 1189 1937 χρὴ,
1238 1864 1428 1919 ὁποίαν
1450 1860 1563 1934 τὴν
1601 1863 1848 1935 γλῶτταν
1893 1866 1991 1936 τὴν

310 1946 506 2005 ’ἐκεῖνα
553 1949 888 2022 προχέουσαν
928 1949 997 2005 τὰ
1031 1951 1285 2022 ῥήματα,
1322 1952 1468 2017 τίνος
1512 1953 1569 2007 δὲ
1614 1953 1677 2006 οὐ
1732 1951 1989 2026 καθαρω-

321 2038 484 2109 τέραν
538 2038 633 2093 καὶ
693 2036 1000 2110 ἀγιωτέραν
1058 2037 1156 2109 τὴν
1204 2039 1456 2095 τοσοῦτον
1516 2039 1736 2110 πνεῦμα
1799 2040 1991 2094 ὑποδε-

323 2124 560 2196 ξαμένην
612 2123 809 2195 ψυχήν.
860 2123 996 2177 Τότε
1046 2125 1142 2178 καὶ
1189 2125 1411 2194 ἄγγελοι
1477 2127 1856 2197 παρεστήκασι
1910 2125 1990 2199 τῷ

325 2213 479 2284 ἱερεῖ,
512 2211 607 2266 καὶ
636 2210 900 2281 οὐρανίων
932 2209 1214 2280 δυνάμεων
1252 2211 1401 2266 ἀπαν
1430 2213 1616 2282 τάγμα
1644 2210 1743 2284 βοᾷ
1762 2254 1778 2280 ,
1820 2215 1915 2267 καί
1959 2216 1990 2268 6

322 2297 454 2369 περὶ
477 2296 503 2336 δ
538 2296 599 2350 τὸ
640 2295 1026 2367 θυσιαστήριον
1052 2295 1355 2367 πληροῦται
1383 2298 1547 2362 τόπος
1576 2301 1656 2364 εἰς
1693 2300 1860 2373 τιμὴν
1891 2300 1987 2354 τοῦ

323 2382 599 2456 κειμένου.
645 2382 757 2438 Καὶ
792 2380 949 2437 τοῦτο
983 2381 1167 2436 ἰκανὸν
1206 2383 1304 2455 μὲν
1333 2384 1427 2437 καί⁵
1457 2384 1516 2451 ἐξ
1553 2385 1733 2440 αὐτῶν
1768 2385 1991 2458 πεισθῆ-

324 2488 413 2526 ναι
440 2470 548 2525 τῶν
570 2468 998 2541 ἐπιτελουμένων
1017 2480 1040 2509 ε
1062 2469 1205 2525 τότε.
1239 2468 1379 2539 Ἐγὼ
1404 2471 1460 2525 δὲ
1482 2473 1576 2526 καί
1609 2490 1754 2538 τινος
1780 2475 1991 2546 ήκουσα

314 2551 677 2626 διηγουμένου
707 2554 872 2619 ποτὲ,
907 2554 989 2607 ὅτι
1021 2551 1171 2623 αὐτῷ
1190 2570 1274 2617 τις
1304 2554 1637 2627 πρεσϐύτης,
1680 2557 1993 2629 θαυμαστὸς

325 2643 596 2715 ἀνὴρ,κα”ἰ
619 2641 988 2712 ἀποκαλύψεις
1014 2644 1145 2715 ὁρᾷν
1169 2642 1393 2709 εἰωθὼς,
1417 2642 1600 2713 ἔλεγεν
1625 2645 1799 2714 ὄψεως
1829 2646 1993 2717 ἠξιῶ-

327 2729 451 2783 σθαι
480 2730 738 2802 τοιαύτης
770 2730 920 2788 ποτὲ.
957 2729 1051 2783 καὶ
1082 2728 1225 2783 κατά
1250 2730 1341 2784 τὸν
1370 2731 1560 2802 καιρὸν
1593 2733 1798 2786 ἐκεῖνον
1837 2735 1991 2802 ἄφνω

323 2816 529 2887 πλῆθος
553 2817 797 2886 ἀγγέλων
819 2816 965 2882 ἰδεῖν,
995 2816 1069 2881 ὼς
1093 2815 1242 2888 αύτῷ
1267 2816 1491 2871 δυνατὸν
1517 2813 1608 2890 ἦν,
1642 2818 1835 2883 στολὰς
1866 2822 1994 2877 ἀνα-

318 2905 675 2976 δεόλημένων
701 2905 981 2978 λαμπρὰς,
1008 2904 1103 2959 καὶ
1130 2905 1190 2958 τὸ
1216 2904 1598 2977 θυσιαστήριον
1628 2906 1991 2975 κυκλούντων,

320 2994 423 3049 καὶ
452 2993 603 3049 κάτω
634 2995 917 3058 νευόντων,
949 2994 1025 3058 ὡς
1058 2993 1124 3047 ἂν
1158 2993 1210 3048 εί
1240 3010 1325 3058 τις
1355 2992 1691 3064 στρατιώτας
1723 2995 1994 3067 παρόντος

320 3080 589 3152 βασιλέως
618 3081 913 3152 ἑστηκότας
937 3081 1055 3136 ίδοι.
1085 3080 1196 3134 Καὶ
1223 3079 1401 3149 ἔγωγε
1431 3079 1709 3151 πείθομαι.
1739 3082 1851 3136 Καὶ
1876 3083 1995 3136 ἓτε-

330 3185 420 3241 ρος
448 3168 507 3223 δέ
537 3187 621 3233 τις
651 3170 774 3241 ἐμοὶ
798 3170 1116 3243 διηγήσατο,
1154 3168 1214 3221 ού
1245 3170 1378 3241 παρ’
1404 3168 1594 3240 ἐτέρου
1631 3168 1842 3241 μαθὼν,
1877 3170 1992 3225 ἀλλ’

324 3257 488 3318 αὐτὸς
533 3256 658 3309 ἰδεῖν
692 3256 943 3321 ἀξιωθεὶς
979 3255 1073 3310 καὶ
1109 3256 1361 3320 ἀκοῦσαι,
1405 3256 1487 3309 ὅτι
1531 3256 1656 3320 τοὺς
1702 3257 1995 3329 μέλλοντας

326 3344 535 3399 ἐνθένδε
564 3344 842 3416 ἀπαίρειν,
873 3344 939 3398 ἀν
968 3343 1170 3417 τύχωσι
1200 3343 1307 3397 τῶν
1343 3343 1658 3415 μυστηρίων
1693 3347 1994 3419 μετασχόν-

320 3449 420 3497 τες
444 3433 502 3487 ἐν
529 3433 746 3504 καθαρᾷ
780 3433 1112 3505 συνειδήσει,
1150 3432 1283 3486 ὅταν
1310 3430 1571 3484 ἀποπνεῖν
1606 3433 1874 3503 μέλλωσι,
1904 3435 1994 3489 δο-

324 3519 692 3591 ρυφοροῦντες
731 3519 926 3584 αὐτοὺς
977 3520 1044 3574 δι’
1103 3522 1280 3573 ἐκεῖνο
1325 3518 1386 3571 τὸ
1433 3515 1636 3588 ληφθὲν
1692 3522 1995 3591 ἀπάγουσιν

320 3601 541 3659 ’ἐνθένδε
582 3605 821 3676 ἄγγελοι.
854 3607 927 3660 Σὺ
966 3606 1024 3660 δὲ
1056 3605 1209 3661 οὔπω
1241 3610 1484 3678 φρίττεις
1516 3610 1596 3671 εἰς
1638 3608 1811 3673 οὕτως
1842 3610 1995 3681 ἰεράν

328 3692 551 3766 τελετὴν
595 3694 849 3767 τοιαύτην
893 3695 1131 3766 εἰσάγων
1170 3696 1383 3770 ψυχὴν,
1410 3701 1510 3755 καί⁵
1549 3700 1641 3754 τὸν
1668 3700 1736 3754 τά
1775 3699 1996 3773 ῥυπαρὰ

329 3782 678 3854 ἐνδεδυμένον
708 3784 896 3855 ἱμάτια
918 3786 997 3850 εἰς
1016 3785 1082 3839 τὸ
1108 3785 1216 3840 τῶν
1239 3788 1429 3858 ἱερέων
1449 3791 1733 3862 ἀναφέρων
1756 3791 1994 3863 ἀξίωμα,

330 3872 391 3926 ὃν
418 3872 510 3925 καὶ
534 3870 627 3925 τοῦ
650 3871 839 3926 λοιποῦ
865 3873 973 3927 τῶν
1000 3873 1335 3945 δαιτυμόνων
1364 3878 1526 3949 χοροῦ
1557 3879 1787 3948 ἐξέωσεν
1811 3883 1840 3934 ὁ
1863 3879 1997 3952 Χρι-

332 3961 494 4024 στόςς
523 3961 704 4023 Φωτὸς
734 3960 843 4033 γάρ
872 3960 1029 4033 δίκην
1050 3962 1148 4034 τὴν
1174 3965 1501 4037 οἰκουμένην
1530 3966 1993 4036 καταυγάζοντος,

329 4047 568 4118 λάμπειν
593 4048 671 4109 δεῖ
697 4048 791 4102 τοῦ
818 4049 1008 4122 ἰερέως
1030 4050 1130 4122 τὴν
1155 4051 1334 4122 ψυχήν
1350 4069 1365 4083 ο
1400 4055 1434 4125 ή
1461 4054 1518 4108 δέ
1546 4056 1791 4127 ήμετέρα
1813 4057 1998 4110 τοσοῦ·

327 4153 423 4191 σον
446 4134 558 4207 ἔχει
588 4135 971 4207 περικείμενον
995 4137 1135 4209 αὐτῇ
1166 4139 1356 4204 σκότος
1379 4141 1444 4193 ἐκ
1464 4142 1564 4212 τῆς
1598 4145 1844 4213 πονηρᾶς
1870 4160 1998 4197 συνο

328 4224 623 4295 ειδήσεως.
656 4224 734 4288 ὼς
779 4224 867 4278 ἀεί⁸
899 4224 1260 4281 καταδύεσθαι
1291 4227 1388 4281 καὶ
1431 4228 1699 4299 μηδέποτε
1738 4229 1997 4284 δύνασθαι

326 4310 474 4381 μετά
513 4308 828 4381 παρρησίας
856 4311 936 4373 εἰς
968 4310 1059 4365 τὸν
1086 4311 1256 4383 αὐτῆς
1295 4313 1541 4368 ἀτενίσαι
1588 4316 1884 4387 Δεσπότην.
1931 4317 1999 4372 Οἰ

327 4397 496 4467 ἰερεῖς
517 4398 619 4466 τῆς
640 4396 744 4466 γῆς
770 4396 907 4449 εἰσιν
935 4396 1063 4460 ἀλες
1079 4415 1092 4426 ·
1122 4396 1272 4470 [425]
1303 4400 1403 4468 τὴν
1430 4399 1488 4452 δέ
1515 4401 1790 4473 ἡμετέραν
1811 4403 1997 4459 ἄνοιαν

327 4484 426 4538 καὶ
450 4481 548 4553 τὴν
572 4484 632 4535 ἐν
655 4481 857 4536 ἀπασιν
884 4484 1140 4555 ἀπειρίαν
1163 4484 1247 4549 τίς
1274 4485 1343 4540 ἂν
1365 4486 1577 4556 ἐνέγκοι
1607 4489 1824 4560 ῥᾳδίως,
1855 4491 1995 4563 πλὴν

327 4569 487 4641 ὑμῶν
516 4568 625 4623 τῶν
656 4569 780 4623 καθ’
808 4570 1117 4643 ὑπερδολὴν
1148 4573 1296 4644 ἡμᾶς
1327 4574 1548 4647 ἀγαπᾷν
1581 4577 1905 4648 εἰθισμένων
1927 4578 1992 4646 ἀς

326 4660 405 4714 Ού
435 4658 544 4733 γὰρ
581 4659 740 4732 μόνον
783 4659 1024 4731 καθαρὸν
1055 4661 1258 4727 οὕτως,
1293 4664 1370 4729 ὠς
1397 4666 1729 4739 τηλικαύτης
1757 4670 1995 4742 ἠξιωμέ-

327 4764 419 4802 νον
449 4747 742 4828 διακονίας,
770 4747 911 4802 ἀλλά
937 4748 1030 4801 καί
1053 4748 1173 4803 λίαν
1201 4753 1417 4807 συνετὸν
1445 4755 1538 4810 καὶ
1567 4754 1776 4810 πολλῶν
1805 4757 1998 4828 ἔμπει-

330 4848 425 4904 ρον
464 4827 602 4885 εἶναι
647 4831 760 4897 δεῖ,
809 4832 901 4885 καὶ
935 4832 1111 4887 πάντα
1141 4833 1240 4904 μὲν
1278 4836 1475 4890 εἰδέναι
1507 4838 1577 4892 τὰ
1611 4827 1847 4909 βιωτικάί
1886 4844 1995 4901 τῶν

328 4923 389 4975 ἐν
418 4920 569 4992 μέσῳ
597 4921 977 4996 στρεφομένων
1001 4923 1099 4993 οὐχ
1121 4918 1302 4997 ἦττον,
1330 4926 1547 4982 πάντων
1567 4929 1623 4983 δὲ
1653 4930 1996 5005 ἀπηλλάχθαι

333 5007 532 5096 μάλλον
554 5006 662 5061 τῶν
692 5007 761 5096 τά
780 5007 879 5082 δρη
903 5009 1305 5083 κατειληφότων
1333 5014 1602 5086 μοναχῶν.
1649 5017 1866 5094 Ἐπειδὴ
1888 5023 1996 5096 γὰρ

327 5095 585 5169 ἀνδράσιν
620 5095 781 5151 αὐτὸν
812 5096 1019 5167 ὁμιλεῖν
1055 5097 1267 5171 ἀνάγκη
1288 5139 1304 5163 ,
1340 5100 1434 5154 καὶ
1482 5105 1745 5170 γυναῖκας
1774 5095 1993 5178 έχουσι,

328 5182 423 5238 καὶ
461 5183 656 5248 παῖδας
683 5183 964 5255 τρέφουσι,
1001 5184 1095 5238 καὶ
1123 5184 1455 5257 θεράποντας
1487 5192 1867 5263 κεκτημένοις,
1901 5199 1996 5252 καὶ

329 5269 556 5324 πλοῦτον
584 5270 878 5342 περιδεδλη
887 5271 1069 5343 μένοις
1090 5272 1278 5341 πολὺν,
1303 5274 1397 5330 καὶ
1419 5275 1653 5348 δημόσια
1675 5283 1996 5353 πράττουσι,

329 5358 424 5413 καί
446 5357 505 5412 ἐν
526 5357 863 5423 δυναστείαις
890 5354 1030 5426 οὖσι,
1068 5361 1313 5417 ποικίλον
1340 5364 1500 5420 αὑτὸν
1532 5361 1671 5422 εῖναι
1703 5367 1820 5423 δεῖ·
1877 5386 1997 5424 ποις

389 5552 418 5615 _"
443 5550 541 5615 ᾼίἰί
568 5551 817 5615 ἀπανταχῆ
827 5587 838 5598 .

386 5610 415 5682 ξ
436 5610 927 5682 Ιίςμοιᾳωξξξῖἀτεαν
946 5614 1003 5682 τὸ
1030 5618 1161 5682 βῆμα
1283 5620 1309 5667 6
1331 5620 1454 5682 περί.

390 5676 413 5702 ο
435 5672 586 5746 8ρνί1;
613 5676 665 5746 εἰ
686 5674 769 5746 ali!
810 5675 907 5746 τῶν
947 5672 1336 5742 ἐπιτελουμένων,
1377 5672 1507 5731 έιίυε
1542 5681 1637 5729 τῶν
1684 5682 1991 5746 τελουμένων,

331 5732 503 5785 θάπτει.
526 5733 623 5780 τῶν
645 5733 1005 5786 ἐκτελουυένων.

389 5793 414 5835 d
440 5792 543 5848 Alii
575 5792 824 5849 εἰωθοτωι.

1120 351 1177 407 S.
1218 349 1502 407 JUANNIS
1535 349 2029 409 CHRYSOSTOMI
2064 350 2386 410 ARCHIEP.
2426 350 2975 409 CONSTANTINOP.

3667 352 3774 408 682

2109 466 2256 521 κίλον
2282 467 2339 522 δὲ
2371 466 2514 538 λέγω
2532 508 2547 532 ,
2577 467 2675 539 οὐχ
2705 467 2959 533 ὕπουλον,
2986 468 3047 521 οὐ
3075 466 3301 533 κόλακα,
3333 466 3431 537 οὺχ
3449 465 3775 538 ὑποκριτὴν,

2104 554 2239 608 ἀλλά
2270 556 2472 627 πολλῆς
2501 557 2599 628 μὲν
2638 556 2948 629 ἐλευθερίας
2974 558 3071 611 καὶ
3099 554 3414 629 παρρησίας
3439 556 3771 626 ἀνάμεστον,

2100 640 2281 696 εἰδότα
2316 641 2374 695 δὲ
2411 643 2506 696 καί
2538 643 2890 711 συγκατιέναι
2921 643 3230 715 χρησίμως,
3268 643 3396 697 ὅταν
3428 642 3462 711 ή
3489 640 3599 695 τῶν
3628 655 3775 710 πρα-

2102 728 2328 800 γμάτων
2350 729 2606 794 ὑπόθεσις
2630 729 2791 785 τοῦτο
2812 732 3040 802 ἀπαιτῇ,
3074 732 3170 785 καὶ
3194 727 3428 803 χρηστὸν
3460 724 3602 781 εἶναι
3630 725 3774 799 ὁμοῦ

2100 818 2198 872 καὶ
2223 818 2513 889 αὐστηρόν.
2556 820 2633 872 Οὐ
2671 820 2781 891 γάρ
2807 820 2957 873 ἐστιν
2996 818 3080 872 ἐνὶ
3108 817 3297 890 τρόπῳ
3342 815 3577 888 χρῆσθαι
3606 827 3631 856 ο
3657 819 3777 880 τοῖς

2100 905 2425 977 ἀρχομένοις
2444 906 2647 960 ἀπασιν
2665 919 2679 935 ’
2706 905 2891 978 ἐπειδὴ
2919 905 3055 978 μηδὲ
3081 904 3278 977 ἰατρῶν
3299 905 3488 959 παισὶν
3512 905 3595 956 ἐνὶ
3618 902 3775 974 νόμῳ

2097 995 2212 1056 τοῖς
2253 991 2520 1062 κάμνουσι
2567 992 2974 1065 προσφέρεσθαι
3020 992 3204 1055 καλὸν,
3258 991 3396 1063 μηδὲ
3417 1023 3429 1034 ι
3452 989 3772 1061 κυϐερνήτῃ

2101 1078 2232 1148 μίαν
2260 1078 2381 1133 ὁδὸν
2425 1078 2625 1133 εἰδέναι
2672 1080 2772 1150 τῆς
2811 1080 2949 1150 πρὸς
2975 1079 3045 1134 τά
3096 1079 3383 1149 πνεύματα
3423 1077 3624 1148 μάχης.
3658 1077 3775 1129 Καὶ

2098 1161 2209 1235 γάρ
2263 1162 2357 1216 καί
2402 1164 2607 1235 ταύτην
2648 1165 2749 1236 τὴν
2803 1163 2936 1219 ναῦν
2983 1167 3225 1235 συνεχεῖς
3270 1162 3773 1236 περιστοιχίζονται

2098 1249 2396 1321 χειμῶνεςο
2440 1252 2491 1305 οἱ
2527 1252 2583 1305 δὲ
2616 1252 2882 1323 χειμῶνες
2929 1244 3076 1306 οὗτοι
3123 1252 3224 1305 οὐκ
3256 1249 3457 1315 ἔξωθεν
3489 1249 3770 1321 προσϐάλ-

2098 1334 2247 1388 λουσι
2281 1335 2463 1406 μόνον,
2504 1338 2641 1393 ἀλλά
2678 1339 2773 1392 καὶ
2824 1338 3034 1391 ἔνδοθεν
3071 1338 3375 1391 τίκτονται·
3427 1337 3525 1391 καὶ
3560 1334 3771 1404 πολλῆς

2097 1421 2256 1494 χρεία
2284 1422 2380 1477 καὶ
2410 1425 2868 1494 ωγκαταόάσεως
2896 1427 2989 1480 καὶ
3016 1423 3321 1497 ἀκριϐείας.

2166 1550 2225 1597 ε’.
2247 1543 2430 1598 Πάντα
2449 1544 2508 1598 δὲ
2520 1544 2694 1600 ταῦτα
2706 1544 2775 1600 τά
2796 1545 3028 1618 διάφορα
3043 1546 3122 1608 εἰς
3138 1543 3196 1598 ἐν
3211 1543 3363 1606 τέλος
3379 1543 3501 1614 ὁρᾷ,
3519 1539 3612 1595 τοῦ
3631 1540 3771 1594 Θεοῦ

2096 1635 2194 1711 τὴν
2222 1638 2401 1707 δόξαν,
2430 1626 2531 1710 τῆς
2567 1640 2894 1713 Ἐκκλησίας
2922 1641 3019 1712 τὴν
3045 1640 3355 1711 οἰκοδομήν.
3384 1638 3575 1709 Μέγας
3596 1639 3625 1691 6
3651 1636 3771 1690 τῶν

2100 1734 2350 1806 μοναχῶν
2381 1735 2551 1805 ἀγὼν,
2580 1738 2674 1792 καί
2711 1737 2877 1801 πολὺς
2907 1739 2937 1791 6
2971 1735 3197 1808 μόχθος’
3228 1735 3342 1791 ἀλλ’
3374 1734 3535 1799 εἴτις
3569 1737 3638 1805 τῇ
3667 1750 3775 1788 κα-

2095 1830 2203 1893 λῶς
2233 1832 2580 1906 διοικουμένῃ
2619 1833 2885 1906 ἱερωσύνῃ
2922 1834 3049 1895 τοὺς
3082 1832 3291 1886 ἐκεῖθεν
3322 1831 3553 1904 ἱδρῶτας
3587 1846 3777 1900 παρα-

2096 1925 2269 1994 ϐάλοι,
2299 1927 2552 1982 τοσοῦτον
2579 1930 2799 2002 εὑρήσει
2840 1929 2903 1984 τὸ
2947 1928 3227 2002 διάφορον,
3273 1928 3398 1982 ὅσον
3429 1925 3641 1981 ἰδιώτου
3673 1924 3778 1978 καὶ

2098 2021 2360 2093 βασιλέως
2385 2025 2446 2078 τὺ
2481 2025 2665 2096 μέσον.
2708 2025 2857 2080 Ἐκεῖ
2882 2025 2983 2095 μὲν
3005 2025 3115 2096 γάρ
3137 2026 3187 2079 εἰ
3216 2024 3312 2078 καὶ
3334 2022 3501 2086 πολὺς
3527 2022 3558 2076 6
3583 2020 3774 2085 πόνος.

2094 2119 2231 2174 ἀλλά
2268 2121 2445 2176 κοινδν
2471 2121 2573 2193 τῆς
2595 2121 2775 2193 ψυχῆς
2808 2122 2904 2177 καὶ
2929 2120 3026 2175 τοῦ
3059 2119 3312 2192 σώματος
3341 2120 3405 2173 τὸ
3433 2118 3729 2188 ἀγώνισμα
3753 2131 3771 2149 ⁸

2098 2217 2299 2289 μᾶλλον
2325 2217 2382 2272 δὲ
2412 2219 2476 2273 τδ
2497 2218 2659 2273 πλέον
2684 2222 2750 2291 τῇ
2779 2219 2875 2273 τοῦ
2914 2217 3165 2290 σώματος
3191 2214 3556 2289 κατορθοῦται
3598 2229 3773 2268 κατα-

2096 2315 2299 2384 σκευῇ⁹
2331 2311 2432 2367 κᾶν
2467 2314 2541 2385 μὴ
2570 2314 2727 2369 τοῦτο
2771 2311 3089 2389 ἰσχυρὸν,
3129 2316 3279 2386 μένει
3315 2312 3438 2369 καθ’
3488 2312 3688 2383 ἑαυτὴν
3732 2310 3766 2382 ἠ

2097 2408 2395 2480 προθυμία,
2423 2411 2523 2463 οὐκ
2560 2410 2757 2482 ἔχουσα
2784 2414 2863 2477 εἰς
2901 2412 3061 2484 ἔργον
3088 2410 3347 2478 ἐξελθεῖν.
3383 2410 3497 2463 Καὶ
3526 2408 3637 2479 γὰρ
3671 2410 3768 2460 καὶ

2096 2506 2318 2576 νηστεία
2345 2504 2365 2544 ἲ
2413 2505 2682 2571 σύντονος,
2732 2508 2826 2560 καὶ
2860 2508 3161 2577 χαμευνία,
3202 2507 3297 2561 καὶ
3341 2505 3640 2579 ἀγρυπνία,
3672 2502 3768 2557 καὶ

2096 2601 2341 2665 ἀλουσία,
2367 2603 2459 2655 καί
2480 2603 2508 2655 ὁ
2538 2603 2702 2667 πολὺς
2731 2602 2911 2675 ἰδρὼς,
2938 2603 3035 2656 καί
3062 2590 3131 2656 τά
3153 2601 3338 2669 λοιπά,
3366 2603 3469 2657 ὅσα
3501 2600 3635 2672 πρὸς
3665 2599 3766 2669 τὴν

2096 2696 2188 2750 τοῦ
2216 2695 2463 2768 σώματος
2494 2697 2866 2770 ἐπιτηδεύουσι
2893 2697 3295 2769 ταλαιπωρίαν,
3328 2698 3507 2751 πάντα
3534 2696 3763 2766 οἴχεται,

2096 2790 2191 2845 τοῦ
2224 2792 2544 2857 κολάζεσθαι
2577 2793 2859 2864 μέλλοντος
2895 2796 2995 2848 οὐκ
3032 2795 3182 2859 ὄντος
3211 2793 3456 2865 ἰσχυροῦ.
3498 2790 3766 2847 Ἐνταῦθα

2097 2886 2155 2940 δὲ
2190 2888 2403 2960 καθαρά
2438 2889 2538 2960 τῆς
2572 2890 2750 2962 ψυχῆς
2779 2891 2812 2963 ή
2858 2891 3020 2962 τέχνη
3041 2930 3057 2956 ,
3092 2889 3187 2943 καὶ
3217 2890 3371 2943 οὐδὲν
3402 2891 3501 2959 τῆς
3532 2887 3627 2941 τοῦ
3656 2884 3767 2941 σώ-

2096 2984 2507 3054 ματοςεύεξίας
2536 2986 2865 3057 προσδεῖται,
2902 2984 3045 3039 ὥστε
3081 2985 3251 3050 δεῖξαι
3295 2985 3395 3059 τὴν
3433 2983 3606 3053 αὐτῆς
3636 2982 3769 3053 ἀρε-

2097 3081 2218 3152 τήν.
2266 3081 2331 3135 Τί
2380 3081 2487 3155 γάρ
2521 3083 2650 3153 ἡμῖν
2696 3084 2730 3153 ή
2762 3080 2858 3136 τοῦ
2910 3081 3162 3153 σώματος
3200 3082 3353 3153 ἰσχὺς
3397 3079 3770 3152 συμϐάλλεται

2096 3176 2235 3248 πρὸς
2283 3176 2345 3230 τὸ
2388 3178 2525 3249 μήτε
2574 3175 2824 3241 αὐθάδεις
2880 3173 3055 3245 εἶναι,
3112 3179 3253 3249 μήτε
3293 3177 3577 3249 ὀργίλους,
3631 3176 3772 3246 μήτε

2100 3276 2389 3344 προπετεῖς
2404 3313 2421 3336 ,
2444 3273 2584 3329 ἀλλά
2607 3275 2899 3346 νηφαλίους
2923 3275 3017 3330 καὶ
3046 3275 3331 3346 σώφρονας
3357 3274 3449 3328 καί
3474 3271 3768 3343 κοσμίους,

2100 3370 2196 3427 κα.)⁸
2222 3369 2390 3424 τάλλα
2416 3369 2594 3423 πάντα
2614 3411 2629 3435 ,
2667 3370 2734 3423 δι’
2761 3364 2836 3424 ῶν
2872 3372 3006 3441 ήμῖν
3037 3370 3067 3422 ὁ
3101 3368 3372 3440 μακάριος
3419 3367 3635 3431 Παῦλος
3668 3366 3772 3437 τὴν

2096 3465 2194 3519 τοῦ
2239 3465 2459 3537 ἀρίστου
2499 3465 2686 3537 ἰερέως
2731 3464 3115 3536 ἀνεπλήρωσεν
3166 3465 3443 3531 εἰκόνα8;
3482 3464 3625 3517 Ἀλλ’
3671 3464 3777 3517 οὐκ

2100 3559 2194 3615 ἐπὶ
2218 3561 2316 3632 τῆς
2339 3560 2433 3613 τοῦ
2464 3561 2785 3631 μονάζοντος
2810 3560 3016 3634 ἀρετῆς
3034 3560 3151 3632 ἔχοι
3182 3578 3265 3625 τις
3286 3559 3352 3614 ἀν
3378 3560 3539 3615 τοῦτο
3567 3561 3772 3614 εἰπεῖν·

2100 3646 2239 3701 ἀλλά
2269 3648 2519 3719 καθάπερ
2538 3652 2651 3712 τοῖς
2684 3648 2783 3719 μὲν
2807 3648 3230 3719 θαυματοποιοῖς
3251 3646 3499 3720 ὁργάνων
3526 3647 3609 3701 δεῖ
3638 3647 3773 3699 πολ-

2100 3732 2210 3787 λῶν
2246 3733 2340 3787 καὶ
2368 3732 2579 3804 τροχῶν
2606 3734 2701 3787 καὶ
2733 3734 2981 3805 σχοινίων
3013 3733 3109 3787 καὶ
3142 3732 3450 3806 μαχαιρῶν,
3473 3735 3502 3787 ὁ
3538 3732 3594 3787 δὲ
3619 3731 3774 3803 φιλό·

2103 3847 2265 3900 σοφος
2292 3828 2510 3889 ἃπασαν
2536 3832 2594 3885 ἐν
2614 3832 2679 3902 τῇ
2704 3828 2849 3901 ψυχῇ
2871 3828 3131 3901 κειμένην
3157 3828 3271 3900 ἔχει
3296 3827 3394 3900 τὴν
3416 3828 3634 3900 τέχνην,
3662 3827 3774 3882 τῶν

2102 3926 2299 3994 ἔξωθεν
2328 3926 2486 3981 οὐδὲν
2509 3926 2761 3997 δεομένος
2785 3927 2815 3967 ιι
2838 3940 2852 3956 ⁸
2882 3925 3026 3979 οὕτω
3055 3925 3120 3999 δὴ
3151 3927 3248 3981 καὶ
3279 3926 3533 3982 ἐνταῦθα.
3578 3928 3639 3979 ὐ
3672 3927 3774 3997 μὲν

2100 4023 2210 4094 γὰρ
2228 4024 2466 4095 μοναχὸς
2498 4025 2594 4079 καί⁵
2631 4024 2733 4095 τῆς
2766 4024 3084 4096 σωματικῆς
3126 4023 3421 4089 εὐπαθείας
3451 4024 3771 4096 προσδεῖται

2102 4123 2195 4175 καὶ
2241 4122 2419 4175 τόπων
2457 4120 2608 4193 [426]
2652 4121 2790 4192 πρὸς
2835 4122 2932 4193 τήν
2975 4120 3250 4193 διαγωγὴν
3298 4121 3643 4192 ἐπιτηδείων,
3683 4122 3773 4180 ἵνα

2103 4217 2244 4288 μήτε
2271 4215 2411 4284 ἄγαν
2451 4216 2824 4287 ἀπῳκισμένοι
2850 4215 2953 4288 τῆς
2990 4214 3102 4271 τῶν
3134 4214 3441 4287 ἀνθρώπων
3482 4210 3618 4271 ὦσιν
3646 4218 3772 4288 ὁμι-

2101 4309 2254 4377 λίας,
2278 4312 2373 4365 καὶ
2406 4310 2502 4383 τὴν
2542 4310 2648 4366 ἀπὸ
2676 4310 2776 4381 τῆς
2804 4311 3039 4382 ἐρημίας
3072 4310 3270 4382 ἔχωσιν
3308 4311 3562 4382 ἡσυχίαν,
3602 4310 3686 4365 ἔτι
3712 4310 3771 4366 δὲ

2100 4407 2198 4463 καὶ
2232 4407 2334 4479 τῆς
2359 4407 2588 4480 ἀρίστης
2628 4408 2702 4480 μὴ
2733 4407 3009 4481 ἀμοιρῶσι
3038 4409 3290 4481 κράσεως
3317 4407 3426 4464 τῶν
3453 4408 3617 4480 ὡρῶν
3635 4426 3650 4439 ο
3678 4410 3774 4463 οὐ-

2096 4503 2188 4559 δὲν
2217 4502 2327 4576 γὰρ
2356 4502 2529 4568 οὓτως
2558 4504 2832 4575 ἀφόρητον
2861 4503 2939 4575 τῷ
2969 4504 3436 4577 κατατρυχομένῳ
3463 4504 3768 4575 νηστείαις,

2099 4591 2179 4657 ὡς
2218 4592 2250 4664 ή
2276 4591 2385 4645 τῶν
2415 4591 2595 4665 ἀέρων
2627 4591 2931 4662 ἀνωμαλία.

2172 4692 2244 4751 ς’.
2306 4687 2419 4757 Τῆς
2467 4688 2527 4742 δέ
2578 4687 2689 4741 τῶν
2750 4686 2982 4759 ἱματίων
3037 4687 3383 4759 κατασκευῆς
3424 4688 3520 4742 καὶ
3558 4687 3771 4759 διαίτης

2100 4781 2321 4850 ἕνεκεν,
2367 4783 2467 4837 ὃσα
2521 4783 2824 4856 πράγματα
2879 4782 3024 4855 ἔχειν
3082 4783 3513 4852 ἀναγκάζονται,
3591 4785 3770 4840 πάντα

2101 4878 2422 4952 αὐτουργεῖν
2457 4881 2613 4935 αὐτοὶ
2657 4879 3116 4951 φιλονεικοῦντες,
3171 4880 3321 4936 ούδὲν
3370 4880 3560 4951 δέομαι
3592 4880 3770 4951 λέγειν

2100 4975 2216 5032 νῦν.
2277 4976 2335 5029 '0
2389 4975 2447 5030 δὲ
2511 4962 2690 5047 ἱερεὺς
2732 4975 2944 5036 οὐδενὸς
3004 4975 3210 5030 τούτων
3269 4978 3352 5040 εἰς
3408 4976 3507 5048 τὴν
3569 4976 3768 5032 ἑαυτοῦ

2098 5072 2349 5143 δεήσεται
2401 5072 2609 5143 χρείαν,
2657 5070 2772 5125 ἀλλ’
2820 5070 3149 5144 ἀπερίεργος
3192 5072 3289 5127 καὶ
3322 5073 3499 5138 κοινὸς
3535 5075 3595 5128 ἐν
3627 5074 3769 5129 ἀπα-

2102 5167 2185 5222 σίν
2218 5168 2335 5221 ἐστι
2374 5169 2489 5229 τοῖς
2529 5167 2627 5221 ούκ
2664 5166 2847 5238 ἔχουσι
2890 5166 3117 5239 βλάϐην,
3151 5167 3250 5239 τὴν
3282 5169 3595 5244 ἐπιστήμην
3625 5172 3768 5228 ἀπα.-

2102 5280 2204 5318 σαν
2254 5264 2314 5318 ἐν
2361 5265 2473 5327 τοῖς
2506 5263 2608 5332 τῆς
2641 5261 2817 5333 ψυχῆς
2845 5262 3138 5335 θησαυροῖς
3188 5265 3559 5335 ἀποκειμένην
3605 5265 3765 5334 ἔχων.

2101 5360 2164 5414 Εἰ
2192 5359 2250 5414 δέ
2281 5377 2365 5424 τις
2388 5359 2447 5415 τὸ
2478 5358 2659 5431 μένειν
2683 5359 2767 5427 ἐφ’
2802 5358 2981 5430 ἐαυτῷ
3012 5361 3107 5415 καὶ
3133 5360 3233 5424 τὰς
3262 5360 3371 5414 τῶν
3405 5361 3616 5417 πολλῶν
3643 5362 3768 5432 ὁμι-

2159 5563 2183 5591 ο
2204 5551 2298 5602 Alii
2319 5553 2600 5622 χρήσασθαι.
2624 5548 3028 5622 Ιζιίᾶοιηηιιίἀαπι
3071 5569 3199 5622 ιῙιςε..
3223 5556 3288 5603 ένί
3310 5555 3439 5619 μόνῳ
3458 5556 3621 5622 τρόπῳ
3666 5557 3762 5613 τοῖς

2100 5613 2373 5679 κάμνουσιν,
2397 5613 2585 5679 αιὶἱέενα
2607 5616 2747 5676 μόνον
2768 5613 3010 5679 φάρμακον
3030 5618 3127 5675 τοῖς
3144 5613 3390 5679 κάμνούσι.

2166 5675 2188 5718 ί
2219 5676 2314 5724 Alii
2337 5674 2549 5737 νηστεῖαι
2570 5674 2669 5725 etc.
2696 5679 2745 5725 in
2770 5674 2965 5737 βιῶ-ιιι.

2166 5742 2191 5778 8
2214 5737 2311 5785 Alii
2333 5735 2630 5783 ἀνετύπωσεν
2654 5735 2827 5786 εἰκόνα.

2162 5798 2192 5839 ιι
2209 5795 2311 5850 Alii
2330 5796 2384 5845 οὐ
2408 5796 2640 5858 δεόμενος.
