4050 6160
353 331 453 389 681

428 445 694 514 Equidem
725 457 904 514 neque
946 441 1162 514 Moysis,
1193 457 1370 514 neque
1405 441 1570 502 Helia:
1595 443 1852 502 ﬁduciam
1881 445 1950 500 ad

356 533 674 605 hujusmodi
694 532 1149 604 supplicationem
1177 534 1424 590 suilicere
1441 550 1600 606 posse
1620 535 1947 606 putaverim.

354 626 575 681 Etenim
607 641 671 681 ac
700 625 747 680 si
788 624 1028 679 mundus
1067 633 1212 679 totus
1236 625 1341 680 sibi
1373 625 1725 683 conereditus
1760 626 1850 693 sit,
1887 642 1951 682 ac

355 719 400 773 si
434 718 682 774 omnium
710 727 864 788 pater
892 716 1009 788 ipse
1038 719 1128 784 sit,
1157 717 1250 774 sic
1289 719 1358 774 ad
1401 718 1569 775 Deum
1599 720 1825 786 accedit,
1857 736 1951 775 ro-

354 826 489 883 gans
517 811 702 866 omnia
738 810 927 864 mundi
959 810 1097 864 bella
1124 810 1421 882 exstingui,
1458 813 1722 868 tumultus
1748 812 1947 878 sedari,

353 920 566 974 pacem,
616 904 1058 975 prosperitatem,
1112 907 1359 962 omnium
1405 907 1632 977 singulis
1655 907 1950 962 imminen-

355 996 514 1060 tium,
546 1011 652 1064 qua
684 994 962 1064 privatim,
1020 1009 1125 1065 qua
1167 995 1388 1065 publice
1418 996 1682 1050 malorum
1717 994 1949 1050 celerem

354 1088 757 1158 depulsionem.
799 1085 1027 1158 Oportet
1085 1097 1268 1142 autem
1320 1088 1473 1143 illum
1523 1088 1783 1160 singulos,
1847 1102 1950 1159 pro

353 1181 554 1252 quibus
601 1190 877 1251 precatur,
917 1181 1055 1236 adeo
1099 1181 1153 1234 in
1202 1181 1458 1236 omnibus
1497 1181 1849 1248 antecellere,
1889 1188 1951 1237 ut

354 1274 649 1346 prmfectus
682 1273 915 1328 subditis
941 1273 1254 1346 praecellere
1279 1273 1461 1330 debet.

438 1359 698 1413 Inoocatio
742 1358 965 1428 Spiritus
1007 1359 1165 1413 sancti
1201 1359 1253 1412 in
1290 1359 1537 1413 oblatione
1590 1357 1842 1423 sacri/im.
1871 1385 1940 1394 —

365 1450 497 1508 Cum
523 1461 698 1506 autem
729 1451 983 1520 Spiritum
1010 1461 1248 1506 sanctum
1281 1451 1620 1512 invocaverit,
1650 1460 1698 1504 et
1723 1451 1943 1502 horren-

365 1543 492 1598 dum
516 1541 642 1596 illud
663 1542 977 1597 sacrificium
1000 1543 1335 1606 obtulerit,et
1353 1557 1686 1596 communem
1706 1541 1941 1595 omnium

365 1633 651 1690 Dominum
695 1633 909 1688 assidue
953 1633 1286 1699 tractaverit,
1318 1648 1422 1702 quo
1451 1632 1629 1696 illum,
1661 1647 1861 1698 qiueso,
1891 1631 1942 1685 in

365 1728 556 1782 ordine
597 1725 1013 1781 constituemus?
1057 1739 1335 1794 quamnam
1386 1723 1452 1778 ab
1504 1723 1592 1776 illo
1637 1723 1939 1792 puritatem,

367 1834 526 1888 quam
548 1819 795 1887 pietatem
817 1815 1121 1886 exigemus?
1146 1812 1327 1883 Cogita
1350 1815 1530 1884 quales
1555 1823 1797 1881 oporteat
1825 1827 1944 1866 eSse

365 1925 558 1964 manus
587 1910 723 1974 illas,
753 1909 960 1977 qualem
989 1923 1104 1963 eam
1135 1907 1388 1976 linguam,
1420 1921 1537 1975 quin
1565 1905 1649 1960 illa
1681 1904 1835 1958 verba
1861 1904 1942 1959 ef-

366 2001 571 2067 fundat,
591 2016 692 2071 qua
709 2001 936 2070 denique
953 2015 1056 2054 non
1075 2000 1338 2069 puriorem
1359 1998 1783 2068 sanctioremque
1800 1997 1942 2050 illam

367 2093 617 2156 animam,
647 2107 764 2161 qua:
795 2101 995 2145 tantum
1025 2089 1277 2159 Spiritum
1305 2088 1578 2160 suscipiat.
1603 2088 1751 2142 Tunc
1773 2086 1944 2156 angeli

367 2182 630 2239 sacerdoti
674 2182 886 2248 adsunt,
927 2191 1170 2250 totusque
1207 2181 1496 2234 Caelestium
1523 2179 1784 2233 Virtutum
1814 2179 1945 2234 ordo

366 2275 562 2328 clamat
582 2274 622 2340 ί,
639 2287 701 2327 ac
727 2273 927 2326 vicinus
943 2271 1090 2326 altari
1110 2273 1259 2325 locus
1275 2271 1324 2325 in
1339 2270 1475 2325 illius
1491 2271 1579 2340 qui
1601 2269 1791 2324 ibidem
1804 2267 1946 2337 jacet

367 2363 628 2418 honorem
668 2362 732 2417 iis
769 2362 1003 2432 repletus
1032 2369 1149 2416 est:
1182 2362 1339 2431 idque
1367 2361 1445 2416 vel
1473 2377 1535 2415 ex
1565 2361 1649 2427 iis,
1681 2376 1797 2430 quae
1823 2369 1946 2414 tunc

367 2463 712 2526 peraguntur,
743 2454 1000 2509 credibile
1028 2461 1128 2508 est.
1163 2453 1271 2524 Ego
1295 2467 1422 2507 vero
1442 2452 1668 2521 aliquem
1685 2451 1809 2504 olim
1831 2465 1945 2506 uar-

367 2556 576 2602 rantem
602 2545 797 2610 audivi,
826 2544 1108 2615 quemdam
1138 2558 1341 2608 senem,
1375 2543 1544 2597 virum
1581 2541 1944 2596 admirabilem

367 2651 432 2691 ae
453 2636 860 2692 revelationibus
879 2643 1169 2702 assuetum,
1193 2633 1408 2700 dixisse,
1428 2633 1630 2688 visione
1646 2629 1945 2701 hujusmodi

367 2743 430 2784 se
467 2727 697 2799 quodam
734 2736 970 2797 tempore
997 2727 1212 2797 dignum
1253 2725 1486 2780 habitum
1514 2723 1674 2780 fuisse
1702 2741 1717 2776 :
1749 2723 1947 2778 scilicet

368 2818 756 2874 multitudinem
782 2818 1090 2888 angelorum
1118 2817 1404 2886 derepente
1437 2815 1629 2872 vidisse
1647 2857 1662 2882 ,
1693 2824 1944 2884 quantum

367 2909 486 2979 ejus
512 2911 731 2966 facultas
753 2909 970 2978 ferebat,
993 2910 1284 2980 splendidis
1302 2910 1536 2966 vestibus
1556 2909 1878 2974 indutorum,
1892 2915 1942 2963 et

370 3002 538 3056 altare
563 3001 1024 3066 circumdantium,
1053 3001 1306 3056 inclinato
1332 3001 1525 3070 capite,
1555 3015 1618 3054 ac
1645 2999 1688 3054 si
1711 3000 1830 3069 quis
1852 2999 1946 3054 mi-

369 3093 489 3149 lites
531 3104 792 3164 prresente
829 3093 1151 3165 lmperatore
1193 3101 1395 3149 stantes
1440 3092 1850 3163 videret:quod
1892 3100 1947 3148 et

369 3185 484 3254 ipse
510 3185 639 3238 mihi
672 3185 984 3254 persuadeo.
1034 3184 1184 3239 Alius
1220 3185 1346 3239 item
1381 3184 1612 3239 narravit
1649 3182 1807 3249 mihi,
1839 3197 1945 3237 non

369 3275 438 3329 ab
459 3276 564 3330 alio
583 3275 822 3342 edoctus,
847 3275 939 3330 sed
969 3290 1086 3330 cum
1119 3276 1232 3347 ipse
1249 3275 1466 3330 vidisset
1490 3284 1542 3330 et
1565 3275 1820 3341 audisset,
1842 3274 1945 3328 sei-

370 3365 491 3424 licet
515 3381 609 3420 eos
637 3367 724 3436 qui
767 3381 834 3420 ex
872 3365 976 3420 hac
1003 3367 1105 3420 vita
1132 3366 1404 3436 migraturi
1430 3376 1571 3432 sunt,
1603 3367 1647 3420 si
1683 3366 1947 3436 mysteriis

369 3469 501 3524 pura
545 3456 871 3511 conscientia
911 3457 1356 3527 participaverint,
1387 3458 1614 3511 animam
1653 3457 1942 3524 efﬂaturus,

369 3545 438 3599 ab
461 3546 662 3615 angelis
686 3541 970 3601 satellitum
995 3561 1144 3602 more
1159 3548 1322 3618 ipsos,
1340 3547 1408 3602 ob
1429 3547 1555 3602 illud
1569 3547 1708 3617 quod
1723 3562 1944 3616 accepe-

370 3644 493 3689 runt
517 3637 832 3705 stipantibus
859 3637 1000 3691 illinc
1024 3636 1231 3693 abduci.
1264 3637 1342 3692 Tu
1362 3652 1487 3694 vero
1503 3638 1735 3693 nondum
1755 3639 1946 3693 exhor-

371 3725 570 3792 rescis,
600 3725 900 3795 hujusmodi
926 3727 1154 3780 animam
1185 3727 1237 3781 in
1266 3736 1371 3782 tam
1397 3743 1605 3782 sacrum
1637 3730 1942 3799 mysterium

374 3819 732 3886 introducens,
761 3829 813 3874 et
842 3821 1069 3876 sordidis
1096 3821 1334 3876 indutum
1360 3822 1592 3878 vestibus
1619 3822 1670 3876 in
1701 3822 1947 3877 sacerdo-

373 3919 480 3964 tum
507 3909 812 3980 dignitatem
835 3911 980 3965 illum
1006 3926 1343 3981 promovens,
1362 3927 1519 3982 quem
1541 3927 1569 3965 a
1592 3911 1794 3982 reliquo
1819 3926 1946 3965 con-

373 4000 613 4055 vivarum
657 3999 823 4054 choro
866 3999 1105 4056 Christus
1146 4001 1352 4070 expulit
1401 4000 1624 4074 (Matth.
1670 4001 1760 4056 2'2.
1801 3999 1945 4071 15)?

369 4090 613 4144 Animam
641 4090 837 4161 quippe
863 4091 1152 4146 sacerdotis
1191 4090 1357 4145 instar
1400 4091 1532 4147 lucis
1571 4102 1734 4148 totum
1760 4093 1942 4147 orbem

371 4180 682 4234 illustrantis
725 4180 1006 4250 Splendere
1045 4190 1270 4250 Oportet.
1321 4181 1512 4236 Nostra
1553 4190 1728 4236 autem
1768 4182 1942 4236 anima

367 4269 437 4324 ob
459 4286 675 4341 pravam
703 4271 1078 4326 conscientiam
1113 4279 1282 4326 tantas
1307 4270 1468 4326 habet
1491 4271 1833 4326 circumfusas
1864 4280 1942 4327 te-

367 4363 588 4431 nebras,
613 4371 668 4418 ut
702 4377 913 4432 semper
939 4378 997 4418 se
1025 4363 1202 4428 abdat,
1235 4379 1333 4419 nec
1354 4363 1524 4435 possit
1551 4379 1796 4434 umquam
1823 4379 1941 4419 cum

367 4453 556 4509 fiducia
592 4454 869 4508 Dominum
901 4469 1052 4510 suum
1080 4454 1307 4509 obtueri.
1355 4455 1669 4511 Sacerdotes
1705 4455 1782 4508 sal
1821 4465 1943 4510 sunt

367 4545 548 4598 mundi
581 4563 595 4598 :
625 4554 859 4600 nostram
907 4561 1037 4600 vero
1075 4545 1465 4615 insipientiam,
1508 4555 1562 4602 et
1602 4547 1654 4601 in
1699 4547 1944 4601 omnibus

368 4634 708 4704 imperitiam,
739 4636 858 4705 quis
886 4635 1037 4690 facile
1065 4636 1261 4702 tulerit,
1298 4637 1400 4691 nisi
1426 4651 1522 4692 vos
1548 4637 1637 4706 qui
1677 4652 1774 4691 nos
1806 4639 1942 4692 ultra

367 4726 582 4780 inodum
604 4741 784 4780 amare
810 4727 1192 4780 consuevistis?
1215 4726 1394 4797 Neque
1414 4729 1554 4784 enim
1579 4744 1765 4797 purum
1788 4728 1942 4782 dum-

370 4823 510 4870 taxat
538 4831 656 4871 esse
681 4825 912 4885 oportet,
941 4827 1122 4887 utpote
1149 4817 1237 4889 qui
1269 4828 1413 4872 tanto
1442 4817 1736 4873 ministerio
1755 4820 1941 4889 digna-

370 4915 454 4958 tus
484 4906 570 4970 sit,
605 4905 698 4960 sed
741 4905 900 4958 etiam
939 4906 1249 4975 prudentem
1275 4914 1329 4961 et
1357 4922 1532 4961 rerum
1560 4909 1782 4976 peritum
1808 4907 1940 4961 mul-

373 5003 542 5048 tarum
571 5012 586 5048 :
615 4995 778 5049 multa
822 5009 1031 5065 quoque
1084 4997 1358 5051 smcularia
1405 5012 1564 5052 nosse
1605 4997 1790 5063 debet,
1837 5012 1942 5052 non

369 5086 541 5140 minus
571 5100 729 5154 quam
765 5085 800 5140 ii
827 5085 915 5156 qui
947 5087 999 5140 in
1029 5087 1206 5142 medio
1245 5103 1420 5142 rerum
1445 5097 1740 5150 versantur,
1773 5091 1946 5143 omni-

369 5174 573 5245 busque
617 5185 793 5230 tamen
835 5187 1050 5231 exutum
1097 5177 1265 5247 magis
1319 5193 1474 5247 quam
1526 5179 1810 5246 monachi,
1853 5181 1942 5250 qui

368 5276 577 5322 montes
607 5277 952 5336 occursurum.
1000 5267 1130 5323 Nam
1174 5284 1294 5324 cum
1333 5285 1549 5324 necesse
1577 5271 1644 5324 sit
1669 5286 1788 5325 eum
1821 5287 1941 5328 cum

369 5359 495 5412 viris
521 5361 748 5421 versari,
775 5361 863 5429 qui
897 5368 951 5414 et
985 5376 1177 5417 uxores
1217 5363 1430 5429 habent,
1460 5374 1513 5418 et
1550 5363 1748 5418 liberos
1772 5365 1938 5432 alunt,

373 5457 426 5502 et
447 5464 634 5505 servos
665 5450 952 5519 possident,
984 5454 1072 5524 qui
1102 5452 1296 5509 divitiis
1323 5454 1710 5517 circumﬂuunt,
1736 5467 1821 5507 res
1843 5469 1941 5523 pu-

429 5611 447 5644 ι
483 5617 610 5671 Pro,_
628 5615 857 5671 rotasque
878 5608 1136 5660 caelestium
1154 5607 1377 5671 virtutum
1398 5609 1518 5660 ordo
1532 5607 1724 5668 clamat,
1747 5620 1804 5658 ac
1820 5607 1936 5660 vici-

372 5685 542 5739 παθη..
565 5668 753 5732 aliquot
775 5668 903 5733 Mss,
920 5676 1133 5734 totusque
1162 5670 1421 5724 cwleslium
1446 5673 1668 5726 virtutum
1690 5672 1862 5722 chorus
1882 5683 1942 5720 ac

357 5747 560 5786 ιειι-ιηω.
570 5769 580 5780 .
591 5767 604 5781 ο
613 5766 630 5783 ο

1576 338 1666 397 DE
1699 327 2146 394 SACERDOTIO.
2187 325 2312 384 LIB.
2359 327 2444 384 Vt.

3512 337 3615 391 (ὶθῖ

2049 443 2212 500 blieas
2251 451 2431 513 agunt,
2455 450 2507 498 et
2535 444 2586 496 in
2616 442 3006 513 magistratibus
3031 453 3328 513 versantur,
3355 449 3618 506 multifor-

2046 553 2186 594 mem
2219 537 2364 590 illum
2388 550 2507 592 esse
2537 552 2628 605 par
2654 547 2734 591 est
2765 556 2778 592 :
2807 538 3175 594 multiformem
3198 539 3338 607 dico,
3361 555 3466 595 non
3486 543 3617 598 sub-

2045 626 2245 690 dolum,
2274 643 2378 682 non
2415 629 2764 692 adulatorem,
2803 645 2906 683 non
2937 629 3296 700 liypocritam;
3327 632 3424 687 sed
3455 635 3616 688 multa

2045 717 2288 772 libertate
2312 733 2374 774 ac
2401 719 2588 774 fiducia
2613 719 2848 792 plenum,
2875 720 2962 789 qui
2989 735 3108 777 sese
3135 721 3332 778 utiliter
3356 731 3617 792 attempe~

2047 824 2166 863 rare
2212 809 2378 876 sciat,
2427 825 2544 864 cum
2596 809 2648 864 id
2698 811 3025 880 negotiorum
3074 813 3305 867 conditio
3349 814 3615 884 postulat:

2046 911 2378 956 mansuetum
2404 901 2526 956 item
2551 910 2604 956 et
2627 912 2916 957 austerum.
2943 902 3058 958 Non
3078 904 3220 959 enim
3247 920 3352 960 uno
3371 907 3445 960 uti
3459 921 3622 976 oper-

2050 1000 2126 1045 tet
2171 991 2329 1045 modo
2369 1007 2494 1062 erga
2535 993 2776 1049 subditos
2804 1009 3010 1061 omnes,
3041 997 3468 1065 quandoquidem
3519 1013 3620 1054 nec

2049 1081 2268 1136 medicis
2292 1098 2394 1136 una
2419 1098 2544 1154 erga
2576 1093 2803 1153 argrotos
2841 1100 3026 1141 omnes
3067 1087 3180 1157 lege
3201 1089 3217 1119 ¹
3249 1088 3323 1144 uti
3351 1090 3619 1154 convenit,

2049 1190 2221 1244 neque
2249 1175 2586 1244 gubernatori
2610 1191 2765 1231 unam
2795 1185 2998 1231 tantum
3021 1193 3140 1232 cum
3162 1178 3331 1234 ventis
3352 1180 3620 1250 pugnandi

2047 1274 2214 1319 artem
2243 1264 2438 1320 callere
2469 1285 2481 1318 :
2512 1266 2707 1323 etenim
2752 1267 2886 1321 hanc
2922 1282 3132 1337 quoque
3177 1270 3618 1333 navemassiduze

2049 1364 2389 1426 tempestates
2421 1357 2624 1429 jactant
2661 1360 2910 1429 undique.
2956 1361 3265 1429 llujusmodi
3292 1371 3464 1416 autem
3496 1377 3618 1430 pro-

2047 1449 2195 1503 cella:
2236 1465 2340 1504 non
2379 1451 2707 1506 extrinsecus
2746 1461 2946 1509 tantum
2985 1453 3314 1516 adoriuntur,
3343 1452 3435 1512 sed
3457 1454 3619 1514 etiam

2049 1541 2366 1597 intrinsecus
2393 1553 2695 1607 nascuntur,
2732 1543 3002 1614 multaque
3031 1559 3166 1614 opus
3192 1553 3274 1600 est
3300 1553 3408 1600 tum
3429 1552 3621 1599 attem-

2048 1633 2340 1702 peratione,
2367 1643 2476 1686 tum
2503 1632 2790 1703 diligentia.

2120 1722 2172 1775 5.
2206 1722 2529 1775 Sacerdotem
2557 1721 2623 1775 ad
2651 1723 2820 1776 omnia
2848 1733 3021 1792 aptum
3049 1740 3154 1778 esse
3180 1723 3374 1778 debere.
3401 1754 3473 1766 —
3496 1724 3622 1784 Hine

2048 1827 2207 1882 porro
2236 1813 2444 1876 omnia,
2473 1814 2678 1868 diversa
2723 1815 2876 1882 licet,
2915 1815 3071 1870 finem
3107 1817 3394 1887 respiciunt
3426 1833 3622 1885 unum,

2049 1919 2241 1973 nempe
2289 1905 2378 1960 Dei
2431 1905 2673 1976 gloriam,
2704 1915 2862 1976 atque
2907 1905 3159 1962 Ecclesiae
3195 1906 3620 1964 mdiﬁeationem.

2048 1995 2292 2065 Magnum
2322 2005 2402 2049 est
2430 1994 2806 2050 monachorum
2838 2002 3130 2064 certamen,
3157 2011 3448 2067 eorumque
3474 1997 3624 2052 labor

2049 2084 2280 2138 multus:
2299 2083 2393 2138 sed
2421 2084 2466 2138 si
2492 2084 2612 2154 quis
2639 2085 2803 2154 probe
2829 2085 3250 2140 administratum
3268 2086 3620 2143 sacerdotiqu

2049 2189 2168 2230 cum
2207 2176 2413 2230 illorum
2441 2176 2708 2232 laboribus
2736 2175 2994 2243 conferat,
3020 2186 3222 2234 tantum
3253 2179 3481 2248 reperiet
3515 2179 3627 2236 dis-

2048 2266 2248 2320 crimen
2268 2307 2283 2331 ,
2313 2276 2567 2339 quantum
2593 2275 2675 2322 est
2704 2268 2842 2323 inter
2863 2267 3078 2323 idiotam
3099 2276 3154 2323 et
3173 2284 3350 2339 regem
3374 2270 3624 2325 interval-

2049 2356 2180 2412 lum.
2232 2356 2346 2413 lllie
2378 2358 2518 2413 enim
2559 2357 2768 2414 etiamsi
2803 2359 2997 2414 multus
3027 2359 3166 2414 adsit
3193 2359 3360 2425 labor,
3385 2369 3440 2416 at
3473 2374 3622 2416 com-

2050 2449 2225 2508 munis
2263 2449 2456 2504 anima:
2497 2450 2840 2522 corporisque
2881 2452 3239 2519 concertatio;
3294 2452 3403 2509 imo
3446 2453 3622 2522 potius

2051 2555 2114 2594 ex
2144 2542 2384 2610 corporis
2415 2541 2795 2598 exercitatione
2817 2557 3004 2613 magna
3032 2542 3227 2599 laboris
3257 2558 3378 2614 pars
3410 2545 3621 2614 perlici-

2051 2643 2166 2699 tur;
2215 2647 2278 2687 ae
2318 2633 2363 2688 si
2407 2633 2532 2690 illud
2574 2633 2848 2689 robustum
2879 2649 2984 2689 non
3015 2633 3206 2702 fuerit,
3233 2635 3344 2690 sola
3372 2643 3428 2690 et
3453 2635 3622 2690 otiosa

2050 2735 2232 2782 manet
2254 2726 2496 2781 alacritas
2522 2725 2707 2790 animi,
2727 2741 2852 2781 cum
2870 2741 2972 2780 non
3002 2727 3167 2796 possit
3195 2727 3246 2782 in
3278 2741 3412 2796 opus
3440 2728 3620 2792 exire;

2049 2816 2308 2887 siquidem
2335 2816 2604 2873 assiduum
2625 2817 2886 2886 jejunium
2907 2818 2950 2885 ',
2975 2815 3120 2871 humi
3144 2816 3374 2883 cubatio,
3411 2816 3620 2887 vigiliae,

2048 2909 2223 2964 balnei
2264 2908 2509 2979 privatio,
2553 2908 2717 2963 sudor
2761 2909 2966 2978 ingens,
3007 2918 3304 2978 cmteraque
3345 2907 3520 2963 omnia
3556 2909 3623 2962 ad

2048 3015 2240 3071 corpus
2257 2999 2629 3055 macerandum
2649 2999 2855 3066 idonea,
2872 3000 3048 3054 statim
3065 3001 3132 3056 de
3151 3001 3326 3056 medio
3347 3001 3620 3067 tolluntur,

2047 3107 2168 3150 eum
2195 3092 2246 3149 id
2271 3093 2412 3163 quod
2436 3092 2795 3163 castigandum
2815 3100 2930 3148 erat
2949 3092 3138 3148 robore
3157 3101 3336 3147 careat
3357 3111 3370 3147 :
3391 3092 3478 3149 hic
3497 3108 3625 3149 vero

2048 3185 2159 3240 sola
2199 3198 2433 3255 puraque
2480 3197 2569 3238 ars
2609 3183 2771 3237 animi
2819 3182 3131 3252 requiritur,
3178 3197 3348 3252 neque
3383 3184 3624 3252 corporis

2048 3275 2357 3332 habitudine
2383 3281 2466 3330 est
2487 3288 2641 3344 opus,
2667 3283 2722 3328 ut
2740 3273 2902 3329 animi
2926 3273 3093 3328 virtus
3119 3273 3449 3328 exhibeatur.
3481 3273 3626 3341 Quid

2049 3369 2190 3424 enim
2220 3366 2372 3423 nobis
2400 3366 2606 3422 confert
2634 3365 2873 3436 corporis
2911 3364 3072 3420 robur
3085 3405 3106 3430 ,
3137 3373 3194 3426 ut
3222 3380 3290 3421 ne
3313 3373 3622 3435 arrogantes

2047 3459 2234 3524 simus,
2272 3471 2445 3527 neque
2486 3455 2745 3522 iracundi,
2777 3469 2948 3525 neque
2987 3455 3320 3524 petulantes;
3362 3455 3457 3510 sed
3493 3456 3621 3524 vigi-

2049 3551 2253 3615 lantes,
2304 3558 2697 3620 temperantes,
2753 3547 2959 3613 ornati,
3010 3548 3323 3618 eaztcrisque
3373 3548 3618 3604 omnibus

2051 3641 2258 3714 praediti
2287 3641 2478 3712 quibus
2505 3640 2692 3696 beatus
2722 3638 2917 3695 Paulus
2943 3639 3128 3709 optimi
3155 3639 3448 3703 sacerdotis
3484 3639 3622 3694 ima-

2045 3737 2221 3805 ginem
2246 3734 2398 3790 nobis
2418 3733 2654 3802 depinxit
2683 3733 2759 3804 (l.
2782 3730 2915 3786 Tim.
2942 3732 2995 3786 5.
3023 3730 3103 3803 2).
3131 3731 3324 3786 Verum
3345 3731 3394 3785 id
3417 3730 3484 3786 de
3509 3745 3618 3786 me-

2049 3826 2205 3882 nachi
2234 3826 2425 3881 virtute
2449 3824 2553 3880 diei
2583 3824 2764 3895 nequit
2790 3841 2804 3878 :
2835 3822 2930 3878 sed
2954 3821 3395 3893 quemadmodum
3422 3823 3506 3886 i-is,
3529 3823 3618 3892 qui

2048 3933 2134 3975 res
2161 3916 2446 3987 stupendas
2473 3915 2746 3976 exhibent.
2777 3913 3139 3969 instrumentis
3163 3913 3342 3968 multis
3361 3923 3438 3967 est
3463 3926 3617 3982 opus,

2046 4012 2280 4083 itemque
2319 4008 2470 4075 rotis,
2505 4007 2750 4064 funiculis
2787 4015 2840 4061 et
2879 4005 3085 4075 gladiis,
3119 4003 3462 4074 philosophus
3493 4018 3620 4058 vero

2049 4111 2210 4158 totam
2249 4103 2302 4157 in
2342 4109 2520 4156 mente
2546 4107 2712 4154 artem
2740 4096 3066 4152 reconditam
3097 4094 3256 4150 habet
3281 4095 3620 4164 externisque

2046 4194 2206 4250 rebus
2231 4207 2337 4247 non
2367 4191 2566 4260 indiget
2594 4206 2608 4242 :
2639 4189 2709 4244 ita
2733 4196 2786 4243 ct
2811 4187 2912 4242 hoc
2935 4186 3054 4240 loco
3078 4199 3138 4240 se
3164 4199 3251 4239 res
3279 4182 3458 4238 habet.
3486 4183 3623 4238 Nam.

2045 4283 2336 4340 monachus
2359 4282 2569 4352 quidem
2595 4280 2834 4348 corporis
2871 4276 3232 4333 incolumitate
3255 4290 3390 4345 opus
3416 4274 3610 4343 habet,

2046 4376 2280 4444 itemque
2318 4373 2448 4428 locis
2483 4372 2548 4426 ad
2575 4373 2735 4425 vitam
2781 4368 2918 4424 hanc
2963 4365 3339 4421 instituendam
3383 4365 3611 4430 idoneis,

2044 4475 2104 4523 ut
2130 4479 2300 4534 neque
2327 4463 2481 4525 nimis
2500 4461 2566 4516 ab
2587 4459 2858 4516 hominum
2878 4457 3146 4513 consortio
3164 4465 3420 4523 remotus,
3441 4465 3616 4511 tamen

2043 4553 2344 4616 solitudinis
2386 4553 2618 4624 quietem
2665 4550 3020 4616 nancistmtur,
3049 4547 3370 4618 insuperque
3410 4555 3616 4616 tempe-

2044 4649 2175 4704 ratis
2200 4647 2322 4702 anni
2351 4644 2752 4714 tempestatibus
2776 4657 2882 4697 non
2908 4647 3086 4697 careat
3118 4657 3132 4695 :
3163 4637 3294 4694 nihil
3321 4639 3516 4708 quippe
3538 4638 3618 4693 sic

2046 4739 2375 4796 intolerabile
2417 4738 2488 4805 ei,
2529 4737 2619 4807 qui
2660 4733 2878 4806 jejuniis
2922 4739 3240 4797 maceratur,
3277 4743 3436 4801 quam
3475 4729 3627 4784 acris.

2045 4833 2407 4902 intemperies.

2117 4924 2171 4978 6.
2220 4921 2392 4993 Major
2434 4922 2592 4974 uirtus
2635 4919 2690 4972 in
2749 4915 2982 4985 episcopo
3013 4952 3031 4979 ,
3079 4927 3230 4984 nam
3273 4911 3328 4965 in
3370 4910 3620 4963 monastic

2044 5011 2332 5082 requiritur.
2371 5039 2445 5052 -
2480 5009 2599 5066 Non
2635 5008 2825 5077 loquor
2869 5004 2955 5060 hic
2976 5003 3043 5058 de
3079 5001 3305 5059 vestium
3353 5008 3410 5054 et
3445 4997 3620 5054 victus

2044 5111 2297 5174 apparatu
2320 5143 2338 5171 ,
2382 5117 2538 5174 quem
2567 5109 2626 5155 ut
2649 5098 2751 5156 sibi
2792 5093 3036 5152 monachi
3064 5092 3396 5164 suppeditent
3421 5131 3435 5154 ,
3463 5104 3616 5158 mag-

2045 5208 2245 5263 nopere
2289 5192 2567 5256 laborant,
2601 5189 2713 5245 suis
2737 5187 2836 5258 ipsi
2883 5185 3127 5243 manibus
3153 5183 3329 5238 omnia
3373 5179 3617 5236 conferre

2045 5283 2338 5340 studentes.
2385 5281 2645 5337 Sacerdos
2689 5286 2868 5334 autem
2912 5275 3109 5334 nullius
3150 5285 3336 5328 eorum
3362 5271 3415 5325 in
3461 5283 3616 5325 usum

2045 5389 2200 5435 suum
2229 5389 2364 5444 opus
2389 5371 2640 5434 habebit,
2668 5378 2849 5437 utpote
2877 5365 2966 5436 qui
2993 5379 3100 5420 non
3127 5361 3450 5436 peculiarem
3480 5360 3614 5425 sibi.

2044 5467 2140 5528 sed
2165 5478 2501 5524 communem
2545 5461 2705 5516 vitam
2739 5459 2902 5515 ducet
2945 5457 2996 5513 in
3023 5457 3089 5511 iis
3113 5454 3292 5520 rebus,
3323 5467 3441 5524 qua:
3467 5451 3614 5507 dani-

2046 5574 2172 5615 num
2219 5571 2326 5612 non
2373 5553 2644 5610 aderant:
2692 5559 2960 5620 totamque
3008 5546 3281 5603 scientiam
3327 5545 3379 5600 in
3422 5544 3618 5600 animat

2109 5668 2492 5782 mima
2803 5660 3010 5788 alter
3031 5658 3388 5713 ηιεαίσαηιεητο·
