4050 6160
434 371 536 426 683

435 479 696 537 thesauris
745 481 1067 537 reconditam
1128 483 1339 539 habeat.
1393 485 1544 554 Quod
1586 486 1631 540 si
1679 487 1796 556 quis
1839 488 2001 543 vitam

434 570 576 633 ilum
620 571 947 638 admiretur,
976 589 1077 646 qua
1119 577 1238 646 quis
1282 576 1416 631 intra
1456 579 1688 648 seipsum
1736 595 1957 636 manens
1985 623 2002 646 ,

435 663 706 720 hominum
752 669 1075 720 consortium
1125 677 1436 734 aversatur,
1481 685 1580 740 ego
1627 686 1836 741 quoque
1879 672 2008 727 illud

434 756 706 825 sapientia:
732 757 1002 825 specimen
1031 772 1150 812 csse
1173 757 1378 826 fatear;
1410 776 1513 814 non
1559 770 1731 815 tamen
1761 761 2006 818 idoneum

438 855 805 915 argumentum
829 847 1039 901 virtutis
1064 849 1243 902 animi.
1284 849 1413 902 Nam
1439 851 1525 919 qui
1552 851 1603 904 in
1633 860 1784 920 portu
1814 853 1880 904 ad
1908 867 2006 921 gu-

434 935 718 990 bernacula
752 936 936 1003 sedet,
977 937 1210 992 nondum
1239 938 1484 994 idoneum
1511 940 1640 994 artis
1666 955 1775 994 suae
1798 940 2006 1009 pericu-

436 1025 546 1079 lum
584 1025 705 1080 fecit
734 1043 898 1081 zeum
935 1042 1061 1082 vero
1100 1028 1190 1097 qui
1231 1029 1281 1082 in
1319 1030 1494 1083 medio
1521 1031 1725 1100 pelago,
1760 1031 2010 1085 smvicnte

436 1121 773 1185 tempestate,
801 1132 993 1172 navem
1018 1119 1225 1188 eripere
1249 1121 1436 1189 potuit,
1465 1137 1622 1176 nemo
1651 1131 1732 1176 est
1763 1125 1886 1192 quin
1915 1137 2010 1191 gu—

436 1204 772 1263 bernatorem
799 1209 1056 1279 optimum
1086 1209 1246 1265 dicat.

509 1321 564 1376 7.
605 1319 780 1392 Longe
812 1323 1005 1376 diversa
1031 1323 1127 1376 vita
1152 1325 1372 1394 episwpi
1397 1340 1428 1376 a
1452 1329 1755 1380 monastica.
1779 1356 1849 1367 —-
1877 1326 2010 1382 Pro-

438 1413 562 1470 inde
588 1429 688 1469 nec
713 1415 1002 1469 monachus
1039 1415 1322 1471 admodum
1360 1418 1674 1482 laudandus,
1698 1419 1837 1488 quod
1866 1419 2007 1489 apud

439 1520 500 1562 se
533 1506 719 1562 vivens
756 1524 928 1578 neque
964 1510 1218 1575 turbetur,
1253 1525 1420 1582 neque
1448 1512 1496 1564 in
1525 1512 1686 1566 multa
1715 1527 2011 1582 magnaque

439 1605 655 1664 peccata
695 1597 930 1663 labatur;
981 1615 1151 1668 neque
1190 1600 1334 1656 enim
1378 1601 1572 1661 adsunt
1613 1619 1730 1673 quae
1777 1604 2010 1657 animum

441 1684 706 1741 lacessant
733 1697 784 1741 et
812 1687 1046 1742 incitent.
1077 1688 1180 1744 Sed
1202 1690 1244 1744 si
1267 1691 1384 1759 quis
1409 1692 1599 1746 sesein
1627 1693 1807 1748 turbas
1830 1693 2012 1764 conje-

395 1811 400 1818 ι
439 1777 594 1846 cerit,
623 1787 676 1834 et
721 1780 1004 1834 multorum
1049 1779 1186 1836 ferre
1228 1793 1438 1850 peccata
1478 1793 1724 1852 coactus,
1765 1785 2015 1843 immo‘us

437 1867 728 1938 ﬁrmusque
774 1871 1055 1932 manserit,
1103 1873 1153 1926 in
1201 1881 1511 1943 tempestate
1551 1875 1702 1946 quasi
1735 1875 2015 1946 tranquillo

439 1965 680 2027 tempore
719 1961 954 2014 animum
996 1961 1294 2031 gubernans
1322 1979 1494 2030 suum,
1527 1965 1611 2020 hic
1651 1966 1789 2035 apud
1831 1982 2016 2021 omnes

441 2049 626 2119 plausu
664 2059 720 2105 et
755 2049 1100 2105 admiratione
1139 2052 1363 2121 dignus:
1395 2053 1640 2112 idoneus)
1681 2056 1874 2126 quippe
1903 2057 2013 2111 vir-

442 2139 567 2195 tutis
595 2153 706 2194 suze
733 2144 1152 2209 experimentum
1192 2142 1358 2197 dedit.
1399 2143 1477 2199 Ne
1505 2144 1679 2219 itaque
1707 2146 1937 2211 mireris,
1969 2147 2014 2203 si

443 2228 618 2284 forum
659 2231 1050 2300 multorumque
1074 2233 1398 2286 consortium
1427 2231 1706 2303 fugientes,
1737 2245 2017 2288 accusato-

444 2333 530 2374 res
559 2321 752 2374 multos
783 2337 887 2377 non
915 2323 1202 2377 habeamus
1231 2339 1244 2375 :
1273 2338 1444 2392 neque
1482 2323 1620 2378 enim
1664 2324 1707 2378 si
1747 2324 2016 2379 dormiens

443 2423 550 2464 non
588 2425 880 2479 peccarem,
920 2422 1011 2467 aut
1047 2428 1150 2468 non
1182 2413 1471 2469 colluctatis
1497 2431 1597 2469 non
1629 2415 1894 2482 caderem,
1927 2426 2018 2472 aut

444 2515 548 2552 non
573 2516 807 2571 pugnans
836 2519 939 2558 non
969 2503 1172 2564 ferirer,
1194 2504 1312 2559 ideo
1341 2505 1521 2559 mirari
1545 2516 1834 2575 oporteret.
1863 2507 2012 2574 Quis,

442 2605 654 2659 (μείρεο,
699 2594 817 2662 quis
859 2595 1246 2664 improbitatem
1293 2611 1464 2650 meam
1504 2597 1742 2652 revelare
1785 2599 2016 2668 poterit?

441 2697 512 2738 an
552 2692 766 2747 tectum,
803 2701 869 2738 an
910 2686 1089 2740 aedes?
1127 2687 1194 2741 At
1229 2702 1296 2741 ne
1322 2701 1504 2741 vocem
1529 2687 1740 2756 quidem
1771 2689 2016 2744 emittere

445 2775 668 2844 possint.
711 2777 793 2832 An
834 2787 1003 2832 mater
1032 2779 1234 2848 potius,
1273 2780 1355 2832 cui
1391 2795 1479 2833 res
1504 2794 1690 2834 omnes
1714 2796 1847 2835 meae
1877 2791 2016 2836 notas

443 2867 602 2921 sunt?
642 2868 710 2920 At
743 2883 810 2922 ne
837 2883 956 2922 cum
994 2869 1080 2923 illa
1119 2869 1330 2940 quidem
1373 2870 1502 2925 mihi
1541 2871 1866 2926 consortium
1911 2881 2013 2940 est,

446 2970 618 3024 neque
647 2955 785 3011 inter
815 2972 909 3012 nos
935 2958 1038 3012 ulla
1069 2975 1316 3029 nunquam
1349 2959 1460 3014 rixa
1484 2961 1700 3015 suborta
1726 2971 1807 3017 est
1834 2980 1847 3017 :
1873 2963 2014 3032 quod

442 3047 648 3102 etiamsi
673 3049 985 3118 accidisset,
1016 3051 1155 3104 nulla
1193 3060 1361 3105 mater
1388 3052 1466 3106 sic
1493 3054 1690 3106 amoris
1715 3062 1768 3108 et
1797 3053 2015 3110 affectus

443 3153 564 3207 erga
594 3139 792 3208 prolem
819 3155 1014 3210 expers
1045 3142 1220 3208 fuerit,
1253 3153 1313 3196 ut
1338 3158 1492 3211 quem
1532 3145 1826 3213 parturivit,
1859 3159 2019 3214 pepe-

443 3233 527 3294 rit,
553 3231 814 3294 cducavit.
840 3234 977 3287 nulla
1008 3233 1307 3304 impellente
1327 3249 1482 3289 causa
1506 3236 1751 3305 nulloque
1770 3244 2015 3308 cogente,

439 3329 654 3377 accuset
697 3330 853 3393 atque
895 3325 1204 3379 criminetur
1245 3325 1381 3394 apud
1418 3342 1624 3382 omnes.
1669 3327 1798 3380 Nam
1829 3327 1872 3381 si
1898 3326 2016 3397 quis

439 3412 671 3480 alioquin
710 3411 847 3468 hanc
883 3413 1114 3467 animam
1150 3425 1382 3468 nostram
1416 3411 1695 3486 diligenter
1736 3418 2016 3487 explorare

441 3499 689 3564 voluerit,
719 3501 856 3555 mala
893 3502 1055 3555 multa
1101 3503 1347 3571 reperiet,
1376 3504 1594 3574 ipseque
1634 3521 1736 3561 non
1779 3506 2012 3576 ignoras,

441 3590 532 3658 qui
570 3591 800 3646 maxime
840 3592 1077 3647 omnium
1123 3609 1218 3648 nos
1261 3593 1501 3650 laudibus
1545 3599 1686 3664 apud
1739 3598 2015 3652 universos

439 3681 631 3736 clferre
669 3683 829 3736 soles.
873 3683 1024 3748 Quod
1067 3694 1240 3739 autem
1283 3701 1386 3740 non
1427 3688 1698 3742 modestizc
1734 3703 1893 3743 causa
1939 3690 2017 3744 sic

441 3772 647 3840 loquar,
694 3773 973 3828 recordare
1018 3775 1224 3844 quodes
1266 3776 1357 3830 tibi
1397 3777 1640 3843 dixerim,
1696 3793 1815 3833 cum
1872 3778 2013 3834 idem

439 3877 618 3916 sermo
642 3877 783 3931 srepe
813 3863 947 3918 inter
976 3879 1071 3919 nos
1101 3865 1373 3933 incideret,
1401 3867 1442 3920 si
1466 3869 1609 3938 optio
1627 3869 1752 3923 mihi
1774 3869 2011 3935 daretur,

441 3955 654 4008 ubinam
677 3957 842 4026 magis
862 3957 1228 4026 Splendescere
1239 3959 1446 4024 vellem,
1467 3960 1517 4013 in
1544 3960 1862 4016 Ecclesizene
1879 3978 2015 4031 prte-

441 4046 664 4108 fcctura.
690 4062 756 4100 an
783 4047 833 4101 in
865 4049 1152 4102 monastica
1180 4050 1305 4115 vita,
1337 4066 1424 4104 me
1449 4052 1592 4119 prius
1622 4051 1744 4104 illud
1771 4053 1891 4104 vita:
1920 4067 2015 4121 ge-

441 4152 541 4190 nns
569 4137 713 4192 mille
736 4138 950 4193 calculis
977 4140 1394 4208 antepositurum
1423 4157 1434 4192 :
1465 4155 1636 4210 neque
1671 4141 1812 4194 enim
1855 4140 2012 4194 ﬂncm

439 4227 690 4282 faciebam
740 4243 986 4298 umquam
1030 4244 1123 4283 eos
1168 4229 1306 4296 apud
1349 4237 1402 4284 te
1437 4230 1778 4299 suspiciendi,
1809 4230 1898 4300 qui
1927 4229 2015 4284 illo

440 4320 734 4374 ministerio
777 4322 942 4389 probe
990 4321 1133 4391 fungi
1181 4331 1416 4391 possent.
1479 4321 1630 4388 Quod
1673 4329 1844 4376 autem
1886 4322 2012 4376 illud

439 4409 578 4477 quod
607 4410 732 4462 tanti
757 4410 1008 4465 faciebam
1031 4427 1134 4464 non
1155 4412 1512 4466 declinaturus
1535 4411 1771 4478 fuissem,
1791 4412 1832 4464 si
1857 4413 2014 4466 modo

441 4500 545 4552 rite
569 4499 987 4553 administrando
1016 4517 1112 4568 par
1139 4503 1378 4568 fuissem,
1406 4519 1562 4558 nemo
1591 4505 1879 4572 negaverit.
1915 4504 2015 4558 Vc-

442 4604 558 4642 rum
579 4588 703 4657 quid
733 4588 952 4644 faciam?
993 4591 1132 4645 Nihil
1159 4593 1302 4647 enim
1330 4593 1503 4648 minus
1527 4603 1706 4664 aptum
1733 4593 1797 4647 ad
1825 4595 2013 4647 Eccle-

439 4680 533 4734 sia:
561 4679 948 4749 pradocturam,
969 4698 1127 4750 quam
1158 4685 1398 4737 socordia
1426 4694 1480 4738 et
1505 4685 1722 4748 incuria,
1748 4699 1904 4753 quam
1925 4685 2011 4739 alii

440 4777 870 4830 exercitationem
911 4778 1193 4846 quamdam
1223 4778 1585 4831 admirabilem
1625 4792 1745 4832 esse
1783 4786 2008 4846 putant:

437 4883 539 4936 ego
565 4883 688 4921 vero
717 4867 860 4922 illam
882 4882 977 4922 ceu
1006 4867 1245 4922 velamen
1277 4867 1496 4937 ignaviae
1525 4883 1660 4922 mere
1689 4867 1878 4932 habeo,
1907 4882 2010 4937 qua

437 4956 738 5012 defectuum
770 4972 1009 5012 meorum
1052 4967 1252 5026 partem
1291 4957 1575 5012 maximam
1599 4958 1810 5028 ohtcgo,
1841 4972 2012 5027 neque

437 5062 558 5104 sese
597 5047 820 5117 prodere
860 5047 1047 5116 patior.
1089 5046 1220 5101 Nam
1247 5047 1334 5116 qui
1362 5055 1508 5101 tanto
1530 5056 1612 5102 est
1638 5048 1746 5102 etio
1775 5057 1827 5103 et
1852 5056 2012 5102 tantae

433 5141 598 5210 quieti
635 5147 898 5202 assuetus,
937 5139 1274 5209 quantumvis
1310 5154 1496 5208 magna
1531 5140 1600 5194 sit
1641 5139 1891 5208 praeditus
1926 5139 2008 5194 in-

435 5230 582 5296 dole,
610 5230 812 5298 peritia:
836 5227 1045 5284 defectu
1071 5228 1246 5283 statim
1271 5228 1607 5298 perturbatur
1625 5239 1679 5283 et
1697 5230 1925 5299 angitur,
1949 5242 2013 5284 ac

439 5337 544 5375 non
570 5321 842 5374 minimam
865 5321 1073 5374 virtutis
1092 5319 1206 5389 ejus
1230 5327 1430 5388 partem
1455 5327 1653 5374 resecat
1680 5320 2013 5374 exercitatio-

438 5411 521 5464 nis
564 5411 758 5480 inopia.
803 5410 934 5466 Cum
973 5417 1150 5464 autem
1189 5410 1345 5464 simul
1374 5420 1428 5465 et
1454 5411 1699 5465 tardioris
1730 5409 1925 5480 ingenii
1956 5418 2010 5464 et

437 5500 718 5554 verborum
765 5502 1221 5571 certaminumque
1264 5501 1563 5571 hnjusmodi
1603 5517 1793 5572 expers
1829 5502 2004 5569 fuerit,

437 5608 556 5663 qua:
579 5607 706 5646 sane
730 5603 907 5647 nostra
932 5593 1165 5648 conditio
1189 5603 1305 5660 est,
1339 5609 1369 5647 a
1411 5594 1668 5663 lapidibus
1697 5595 1822 5648 nihil
1853 5593 2008 5648 diffe-

441 5693 544 5747 ret,
565 5685 608 5736 si
642 5683 775 5739 hanc
801 5685 1049 5752 suscipiat
1073 5685 1604 5740 administrationem.
1645 5683 2002 5751 Quamobrem

441 5775 587 5844 pauci
613 5773 896 5828 admodum
921 5783 1062 5840 sunt,
1093 5776 1180 5845 qui
1206 5791 1270 5830 ex
1298 5774 1540 5845 p:Il-,estra
1566 5775 1654 5830 illa
1678 5775 1730 5830 in
1758 5775 1871 5830 ιιωε
1890 5790 2003 5832 cer-

1135 374 1193 429 S.
1221 373 1498 431 JOANNIS
1536 374 2012 432 CHRYSOSTOMI
2050 376 2367 433 ARCHIEP.
2407 375 2943 434 CONSTANTINOP.

3579 377 3678 435 684

2116 490 2308 545 tamina
2329 489 2654 544 descendant
2681 508 2694 544 :
2722 506 2789 545 ex
2817 492 2878 544 iis
2899 505 3025 545 vero
3045 504 3180 559 com;
3200 489 3342 544 lurcs
3363 503 3481 545 sese
3502 493 3683 561 quales

2110 583 2216 636 sint
2245 582 2490 651 produnt,
2519 583 2697 635 animo
2717 582 3024 644 concidunt,
3057 597 3248 653 resque
3281 592 3336 637 et
3373 583 3604 654 ingratas
3628 595 3684 642 et

2109 673 2328 729 acerbas
2352 673 2489 727 ferre
2515 682 2792 742 cegnntur.
2840 674 3025 742 Neque
3065 673 3115 727 id
3159 675 3348 727 mirmn
3380 675 3687 731 iusolensve

2111 777 2211 820 est.
2240 765 2368 820 Cum
2391 765 2532 820 enim
2559 766 2847 820 certamina
2875 766 3383 835 exercitationesque
3412 783 3515 820 non
3542 768 3687 822 circa

2111 872 2198 910 res
2223 857 2407 911 solitas
2438 865 2716 910 versantur
2738 897 2754 922 ,
2789 864 2896 910 tum
2931 856 2974 909 is
2999 855 3085 925 qui
3113 856 3352 910 decertat
3379 856 3446 910 ab
3473 858 3686 911 inexer-

2111 947 2284 1001 citatis
2335 947 2460 1000 nihil
2504 947 2697 1001 differt.
2761 947 2991 1002 Gloriam
3045 948 3098 1001 in
3150 948 3334 1017 primis
3383 960 3692 1003 cootenmat

2112 1047 2321 1106 oportet
2356 1038 2418 1101 is,
2447 1039 2532 1106 qui
2564 1039 2613 1091 in
2640 1038 2739 1092 hoc
2765 1039 2991 1092 stadium
3021 1037 3316 1105 descendit,
3343 1040 3416 1093 ira
3445 1041 3689 1110 superior

2113 1133 2200 1195 sit,
2225 1129 2498 1198 prudentia
2525 1130 2711 1200 plenus
2733 1132 2932 1193 multa;
2963 1131 3084 1184 huic
3109 1141 3283 1186 autem
3314 1133 3399 1202 qui
3432 1134 3689 1186 monasti-

2114 1236 2230 1274 cam
2271 1221 2608 1290 amplectitnr
2641 1222 2827 1285 vitam,
2861 1224 3000 1276 rmlla
3042 1224 3437 1277 exercitationis
3479 1226 3692 1278 occasio

2117 1312 2428 1380 proponitur
2457 1330 2469 1366 :
2497 1327 2670 1382 neque
2699 1313 2839 1367 enim
2874 1313 3067 1367 adsunt
3107 1313 3296 1379 multi,
3325 1314 3414 1384 qui
3450 1314 3597 1368 illum
3623 1315 3691 1368 ad

2115 1401 2246 1455 iram
2285 1403 2578 1465 concitent,
2610 1413 2665 1457 ut
2700 1403 2792 1458 ira:
2817 1403 2918 1456 vim
2959 1419 3205 1460 coercere
3234 1403 3444 1459 studeat
3479 1422 3493 1459 :
3523 1419 3693 1475 neque

2114 1491 2202 1560 qui
2245 1491 2391 1545 illum
2418 1492 2693 1559 mirentur,
2732 1493 2936 1562 ipsique
2979 1493 3248 1562 plaudunt,
3281 1502 3339 1548 ut
3382 1494 3690 1563 pepnlarem

2115 1597 2296 1635 auram
2345 1583 2610 1652 respicere
2652 1585 2864 1640 discat:
2903 1585 3194 1653 prudentiae
3228 1593 3427 1652 autem,
3475 1603 3592 1656 qua:
3637 1587 3691 1640 in

2120 1672 2354 1726 Ecclesia
2396 1673 2811 1728 administranda
2851 1675 3173 1744 requiritur,
3203 1692 3308 1730 non
3339 1693 3526 1746 magna
3552 1678 3693 1747 apud

2118 1761 2236 1815 illos
2267 1779 2390 1817 cura
2418 1763 2659 1819 habetur.
2716 1766 2842 1820 Cum
2872 1767 3032 1836 igitur
3055 1767 3120 1821 ad
3146 1768 3436 1822 certamina
3465 1769 3693 1823 descen-

2117 1852 2329 1922 derint,
2379 1870 2604 1924 quorum
2647 1857 2845 1910 nullum
2889 1868 3045 1912 antea
3098 1859 3382 1927 periculum
3427 1859 3692 1927 fecerunt,

2119 1942 2342 2010 luerent,
2367 1944 2621 2014 vertigine
2641 1954 2695 2000 et
2718 1946 2924 2000 consilii
2955 1947 3126 2016 inopia
3155 1947 3397 2002 laborant
3421 1965 3433 2003 :
3458 1964 3520 2003 ac
3551 1965 3689 2017 pne-

2121 2041 2355 2101 terquam
2377 2035 2516 2104 quod
2537 2034 2604 2088 ad
2625 2035 2872 2090 virtutem
2895 2037 3092 2092 nullum
3116 2052 3452 2107 progressum
3472 2039 3691 2104 faciunt,

2119 2125 2278 2178 etiam
2308 2139 2514 2190 eorum,
2545 2141 2666 2197 qua:
2697 2127 2843 2196 prius
2873 2127 3155 2197 habebant,
3185 2129 3496 2200 plerumque
3515 2131 3693 2201 jactu-

2119 2231 2230 2272 ram
2261 2215 2473 2271 faciunt.

2189 2307 2242 2363 8.
2278 2307 2504 2363 Facilior
2527 2310 2626 2363 vita
2659 2311 2890 2365 monachi
2935 2329 3086 2381 quam
3113 2312 3404 2366 sacerdotis.
3449 2344 3520 2354 —
3556 2313 3690 2368 Tum

2119 2398 2424 2455 BASILIUS
2453 2419 2465 2454 :
2495 2401 2629 2470 Quid
2656 2403 2856 2472 igitur?
2885 2419 2952 2457 an
2975 2420 3088 2470 eos,
3120 2406 3206 2474 qui
3235 2406 3285 2459 in
3313 2405 3490 2460 medio
3514 2422 3692 2461 rerum

2119 2503 2409 2554 versantur,
2444 2495 2532 2563 qui
2562 2493 2628 2549 de
2657 2495 3000 2550 szccularibus
3024 2497 3245 2566 negotiis
3267 2511 3447 2552 curam
3477 2511 3693 2568 gerunt,

2120 2583 2208 2652 qui
2235 2583 2284 2637 in
2316 2585 2448 2638 rixis
2474 2593 2528 2639 et
2557 2585 2817 2640 conviciis
2846 2595 3055 2641 aetatem
3084 2587 3470 2655 contriverunt,
3498 2590 3585 2658 qui
3613 2590 3696 2645 in-

2117 2677 2259 2745 genti
2288 2677 2604 2732 dexteritate
2637 2677 2778 2747 pleni
2821 2687 2976 2745 sunt,
3008 2679 3097 2748 qui
3127 2678 3333 2734 deliciis
3370 2694 3650 2737 assuevere
3674 2722 3691 2746 ,

2120 2766 2370 2821 Ecclesia:
2423 2769 2661 2836 regimini
2713 2769 3099 2838 prwﬁcicmus?
3127 2770 3500 2825 CHRYSOST.
3545 2772 3692 2827 Belia

2121 2860 2278 2913 verba
2306 2901 2320 2924 ,
2349 2875 2529 2929 quaeso
2552 2903 2567 2927 ,
2596 2875 2630 2915 ο
2656 2862 2734 2914 vir
2764 2862 2937 2916 beate.
2968 2861 3032 2916 Hi
3058 2861 3253 2932 quippe
3284 2878 3350 2917 ne
3376 2864 3426 2916 in
3458 2873 3690 2918 mentem

2117 2949 2329 3018 quidem
2357 2952 2536 3006 venire
2560 2951 2756 3006 debent
2783 2993 2798 3017 ,
2843 2967 2964 3006 cum
3009 2951 3076 3006 de
3115 2953 3450 3007 sacerdotum
3479 2952 3691 3008 delectu

2117 3041 2319 3109 agitur;
2352 3041 2444 3095 sed
2471 3042 2514 3095 si
2540 3042 2658 3110 quis
2679 3042 2728 3095 in
2755 3043 2988 3097 omnium
3016 3043 3289 3097 consortio
3316 3053 3370 3098 et
3393 3044 3687 3099 contuber-

2119 3131 2208 3185 nio
2255 3132 2422 3200 possit
2465 3133 2767 3200 puritatem,
2794 3132 3226 3202 tranquillitatem
3259 3173 3276 3198 ,
3305 3134 3638 3187 sanctitatem
3667 3173 3685 3200 ,

2121 3224 2426 3292 patientiam
2451 3234 2504 3278 ct
2524 3225 2882 3289 sobrietatem,
2913 3240 3117 3279 necnon
3147 3225 3249 3279 alia
3275 3242 3390 3295 qum
3417 3225 3701 3294 monachis,

2120 3318 2300 3373 insunt
2327 3319 2484 3379 bona,
2517 3319 2828 3373 intemerata
2861 3326 2914 3372 et
2945 3316 3258 3372 inconcussa
3298 3319 3463 3388 magis
3484 3360 3498 3385 ,
3531 3334 3691 3388 quam

2119 3410 2362 3466 monachi
2403 3410 2500 3480 ipsi
2545 3425 2777 3466 servare.
2816 3409 3250 3479 Quandoquidem
3281 3411 3324 3463 is
3352 3451 3367 3477 ,
3413 3409 3502 3478 qui
3551 3410 3694 3464 vitiis

2119 3503 2296 3556 nmltis
2325 3501 2526 3556 laborat
2559 3543 2578 3568 ,
2608 3515 2725 3555 cum
2754 3507 2921 3570 possit
2946 3501 3030 3553 illa
3062 3501 3111 3554 in
3138 3499 3428 3554 Solitudine
3467 3509 3643 3569 tegere
3674 3541 3690 3565 ,

2117 3607 2408 3662 curareque
2439 3607 2505 3646 nc
2535 3593 2586 3646 in
2608 3607 2739 3667 opus
2767 3601 3066 3660 crmnpant,
3085 3592 3128 3645 si
3157 3607 3276 3645 cum
3307 3591 3451 3645 nullo
3474 3607 3693 3646 consor-

2120 3686 2248 3739 tium
2279 3685 2500 3748 habeat;
2529 3685 2596 3747 is,
2622 3685 2854 3754 inquam,
2878 3684 2921 3737 si
2953 3683 3005 3738 in
3033 3683 3262 3738 medium
3291 3683 3525 3752 prodeat,
3558 3681 3691 3739 nihil

2116 3774 2256 3828 aliud
2289 3775 2592 3838 lucrabitur,
2622 3775 2720 3830 nisi
2752 3783 2809 3828 ut
2833 3772 3176 3828 deridendum
3201 3788 3260 3828 se
3289 3773 3548 3842 propinet,
3577 3787 3692 3827 ma-

2115 3865 2299 3934 gisque
2329 3865 2741 3934 periclitabitur;
2773 3865 2914 3934 quod
2950 3864 3102 3917 nobis
3131 3862 3517 3935 propemodum
3546 3863 3690 3916 acci-

2118 3956 2304 4022 disset,
2330 3957 2430 4010 nisi
2455 3957 2543 4010 Dei
2576 3955 2900 4025 providentia
2943 3955 3115 4025 ignem
3146 3971 3175 4009 a
3201 3956 3374 4025 capite
3402 3963 3583 4009 nostro
3609 3955 3692 4008 ci-

2119 4047 2220 4101 tius
2245 4046 2528 4116 abegisset.
2556 4045 2737 4114 Neqne
2765 4047 2906 4100 enim
2931 4045 3020 4115 qui
3050 4045 3128 4099 sic
3153 4045 3373 4100 affectus
3410 4052 3494 4098 est
3521 4044 3689 4100 latere

2120 4146 2290 4206 potest
2317 4178 2332 4203 ,
2366 4136 2535 4206 palam
2558 4138 2873 4190 constitutus
2893 4178 2908 4202 ,
2956 4136 3049 4191 sed
3078 4139 3164 4206 qui
3198 4138 3268 4191 sit
3293 4137 3469 4191 statim
3500 4136 3692 4204 depre-

2119 4227 2387 4282 henditur.
2408 4228 2484 4281 Ac
2500 4227 2942 4298 quemadmodum
2970 4228 3262 4281 metallicas
3284 4227 3531 4280 materias
3553 4227 3690 4296 ignis

2119 4320 2323 4390 prohat,
2354 4320 2431 4374 sic
2456 4319 2582 4374 cleri
2613 4319 2850 4388 probatio
2875 4318 3136 4374 humanos
3163 4319 3417 4374 discernit
3455 4319 3683 4373 animos.

2116 4414 2200 4466 Ac.
2222 4411 2266 4465 si
2296 4410 2416 4480 quis
2445 4411 2747 4476 iracundus,
2775 4411 2820 4466 si
2849 4411 3088 4479 ignavus,
3113 4410 3157 4464 si
3183 4425 3334 4464 vanze
3369 4410 3553 4479 gloriae
3592 4424 3684 4464 cu-

2118 4503 2290 4572 pidus,
2315 4503 2358 4556 si
2385 4517 2660 4576 arrogans,
2688 4502 2798 4556 sive
2820 4504 2924 4556 alio
2950 4503 3195 4572 quopiam
3225 4503 3413 4557 morbo
3434 4503 3504 4556 sit
3529 4501 3682 4555 affec-

2119 4603 2222 4657 tus,
2246 4592 2423 4645 omnia
2455 4593 2640 4661 retegit
2659 4632 2674 4656 ,
2709 4591 2943 4660 vitiaque
2973 4606 3063 4644 sua
3092 4591 3330 4645 revelat:
3365 4607 3461 4646 nec
3487 4591 3688 4645 revelat

2117 4688 2340 4746 tantum,
2371 4683 2465 4736 sed
2484 4683 2724 4752 graviora
2745 4692 2798 4737 et
2817 4682 3108 4736 valentiora
3129 4680 3307 4734 efﬁcit.
3336 4671 3541 4734 Etenim
3564 4695 3689 4735 cor-

2118 4775 2259 4844 poris
2285 4775 2504 4830 vulnera
2534 4815 2551 4840 ,
2578 4774 2755 4828 attrita
2783 4815 2799 4841 ,
2849 4782 3034 4827 curatu
3080 4772 3374 4826 difliciliora
3418 4773 3687 4827 evadunt:

2117 4867 2348 4941 itemque
2375 4867 2534 4920 animi
2563 4867 2750 4931 morbi,
2779 4866 2820 4919 si
2850 4866 3102 4933 perfrices
3129 4865 3428 4934 irritesqne,
3462 4879 3687 4932 exaslie—

2117 4960 2221 5012 rari
2267 4966 2654 5012 consueverunt
2685 4997 2700 5022 ,
2734 4956 2942 5025 illisque
2968 4964 3243 5024 correptos
3277 4955 3424 5024 plura
3463 4969 3689 5023 peccare

2115 5056 2326 5118 cogunt.
2358 5047 2485 5100 Nam
2511 5047 2575 5099 ad
2601 5047 2783 5116 gloria:
2827 5044 3129 5114 cupidinem
3175 5042 3402 5097 efferunt
3427 5059 3571 5107 cum,
3595 5042 3684 5111 qni

2115 5140 2215 5196 sibi
2242 5155 2344 5192 non
2370 5138 2610 5200 attendit,
2643 5151 2846 5190 necnon
2873 5136 2936 5189 ad
2968 5134 3318 5204 arrogantiam
3342 5148 3395 5188 et
3429 5133 3684 5203 pecunia-

2113 5245 2229 5285 rum
2247 5229 2608 5297 cupiditatem,
2640 5227 2690 5279 in
2724 5225 2944 5280 delicias
2977 5240 3188 5294 quoque
3229 5225 3540 5292 pertrahunt
3571 5261 3584 5286 .
3635 5223 3686 5276 in

2113 5322 2405 5392 ignaviam,
2462 5320 2514 5374 in
2565 5319 2870 5387 segnitiem,
2904 5317 3260 5389 paulatimque
3288 5315 3352 5368 ad
3385 5315 3638 5369 ulteriora
3665 5353 3682 5378 ,

2111 5427 2230 5481 qua:
2259 5411 2326 5465 ab
2355 5410 2455 5463 illis
2482 5410 2787 5479 gignuntur,
2821 5407 2976 5459 mala.
3013 5405 3172 5459 Multa
3203 5405 3396 5474 quippe
3425 5405 3476 5457 in
3508 5404 3684 5456 medio

2113 5511 2256 5568 sunt,
2287 5515 2403 5570 qua:
2431 5499 2632 5568 possint
2661 5497 2848 5551 anima:
2875 5496 3193 5565 diligentiam
3216 5495 3445 5556 solvere,
3480 5494 3683 5560 ipsoru-

2111 5606 2216 5661 que
2243 5589 2310 5645 ad
2338 5590 2500 5644 Deum
2525 5602 2737 5642 cursum
2767 5587 2957 5641 sistere
2993 5605 3006 5639 :
3035 5594 3193 5654 atque
3219 5585 3271 5637 in
3301 5581 3483 5651 primis
3517 5581 3684 5636 collo-

2108 5685 2231 5754 quia
2253 5697 2374 5737 cum
2393 5672 2718 5737 mulieribus.
2742 5679 2922 5748 Neque
2941 5686 3113 5748 potest
3127 5677 3349 5730 antistes
3371 5717 3385 5741 ,
3404 5673 3490 5744 qui
3521 5673 3684 5727 totius

2111 5776 2286 5847 gregis
2319 5789 2499 5831 curam
2529 5773 2767 5843 suscipit,
2795 5771 2925 5828 viris
2953 5778 3154 5827 tantum
3182 5765 3431 5825 curandis
3459 5781 3676 5838 operam
