4050 6160
196 333 305 393 ⁸83

187 450 314 519 λιας
338 451 704 527 ἐκτρέπτεσθαι
747 455 1052 528 θαυμάζοι,
1090 458 1189 530 τῆς
1239 461 1539 532 καρτερίας
1573 464 1672 533 μὲν
1712 465 1872 521 τοῦτο

190 542 389 611 δεῖγμα
436 545 534 598 καὶ
555 546 721 610 αὐτὸς
749 542 888 600 εἶναι
938 546 1102 617 φαίην
1136 546 1225 612 ἂν,
1268 548 1329 601 ού
1365 550 1473 622 μὴν
1516 550 1741 624 ἀπάσης
1769 554 1873 624 τῆς

190 630 445 703 ἀνδρείας
468 632 571 702 τῆς
598 635 656 685 ἐν
678 638 747 706 τῇ
772 635 914 706 ψυχῇ
959 637 1257 708 τεκμήριον
1290 637 1497 693 ἰκανόν.
1540 639 1599 693 '0
1635 641 1735 711 μὲν
1764 642 1874 715 γάρ

191 721 324 772 εῐσω
350 718 587 789 λιμένων
620 722 713 774 ἐπὶ
738 724 846 776 τῶν
873 723 1075 779 οἰάκων
1111 724 1440 796 καθήμενος,
1468 724 1624 783 οὓπω
1657 729 1759 798 τῆς
1781 729 1875 782 τέ-

189 825 325 882 χνης
356 810 563 881 ἀκριϐῆ
595 811 781 866 δίδωσι
815 813 1044 883 βάσανον
1063 828 1078 843 ⁸
1111 814 1204 867 τὸν
1231 815 1288 867 δὲ
1325 815 1384 868 ἐν
1420 814 1571 887 μέσῳ
1600 816 1680 887 τῷ
1710 818 1876 872 πελά-

190 911 280 963 γει
317 899 415 951 καὶ
438 897 519 968 τῷ
557 899 789 969 χειμῶνι
817 899 1112 971 δυνηθέντα
1138 901 1404 957 διασῶσαι
1436 902 1498 955 τὸ
1525 902 1757 973 σκάφος,
1788 906 1877 959 οῦς

189 984 299 1048 δεῖς
332 985 489 1049 ὅστις
531 987 633 1039 οὐκ
666 986 734 1041 ἂν
772 983 908 1043 εῖναι
947 987 1079 1061 φαίη
1133 988 1472 1061 κυϐερνήτην
1516 990 1758 1063 ἄριστον.

261 1072 326 1136 ζ’.
362 1072 438 1125 υύ
454 1072 636 1127 τοίνυν
656 1076 789 1145 ήμῖν
803 1075 923 1129 οὐδέ
937 1076 1030 1131 τὸν
1048 1077 1279 1149 μοναχὸν
1297 1076 1638 1149 θαυμαστέον
1659 1090 1683 1119 α
1704 1077 1770 1133 ἂν
1789 1077 1874 1150 εἴη

189 1156 312 1214 λίαν
334 1160 435 1213 καὶ
457 1160 576 1231 μεθ’
602 1160 927 1235 ὑπερϐολῆς,
956 1164 1038 1217 ὅτι
1058 1164 1234 1235 μένων
1257 1165 1342 1233 ἐφ’
1360 1165 1556 1219 ἐαυτοῦ
1579 1166 1638 1219 οὐ
1668 1166 1874 1240 ταράτ-

187 1263 364 1312 τεται,
394 1249 516 1302 οὐδὲ
535 1249 894 1322 διαμαρτάνει
920 1249 1091 1304 πολλὰ
1116 1251 1230 1304 καῖ’
1239 1252 1450 1323 μεγάλα
1480 1253 1697 1324 ἀμαρτή
1707 1269 1872 1323 ματα·

186 1334 311 1390 οὐδὲ
340 1334 457 1407 γάρ
478 1336 593 1408 ἔχει
621 1337 690 1391 τά
720 1338 1127 1410 παρακνίζοντα
1155 1339 1250 1393 καὶ
1280 1339 1617 1410 διεγείροντα
1652 1339 1751 1411 τὴν
1775 1339 1875 1411 ψυ-

188 1423 312 1493 χήν.
371 1422 512 1475 Ἀλλ’
534 1423 588 1475 εἰ*
610 1442 695 1488 τις
722 1424 983 1497 πλήθεσιν
1022 1426 1165 1489 ὅλοις
1194 1426 1385 1479 ἑαυτὸν
1415 1424 1752 1492 ἐνδεδωκώς,
1782 1427 1877 1493 καὶ

185 1509 289 1573 ei;
321 1509 439 1564 τῶν
477 1511 689 1565 πολλῶν
721 1512 907 1583 φέρειν
936 1514 1209 1586 ἁμαρτίας
1243 1512 1637 1582 ἀναγκασθεὶς,
1664 1512 1877 1585 ἔμεινεν

188 1597 424 1670 ἀκλινὴς
448 1598 544 1652 καὶ
573 1601 830 1672 στερρὸς,
863 1600 1053 1675 ὥσπερ
1079 1603 1137 1657 ἐν
1168 1600 1377 1675 γαλήνῃ
1407 1600 1485 1672 τῷ
1519 1601 1751 1672 χειμῶνι
1776 1601 1876 1672 τὴν

184 1684 373 1758 ψυχὴν
403 1686 797 1759 διακυϐερνῶν,
829 1682 982 1754 οὗτος
1017 1689 1332 1762 κροτεῖσθαι
1366 1688 1463 1743 καὶ
1495 1687 1877 1760 θαυμάζεσθαι

186 1774 349 1845 παρά
387 1772 609 1828 πάντων
658 1774 723 1829 ἂν
756 1775 839 1847 εἴη
874 1776 1116 1840 δίκαιος·
1153 1776 1344 1847 ἱκανήν
1373 1776 1482 1849 γάρ
1528 1776 1628 1849 τῆς
1670 1775 1879 1839 οἰκείας

185 1862 450 1933 ἀνδρείας
488 1862 590 1932 τὴν
616 1861 941 1934 δοκιμασίαν
974 1863 1310 1931 ἐπεδείξατο.
1366 1865 1458 1936 Μὴ
1511 1864 1692 1918 τοίνυν
1743 1863 1877 1935 μηδὲ

186 1949 363 2013 αὐτὸς
389 1949 698 2022 θαυμάσῃς,
733 1953 782 2005 εί
805 1952 903 2023 τὴν
925 1952 953 1992 b
984 1951 1192 2023 ἀγορὰν
1223 1952 1520 2021 φεύγοντες
1554 1953 1715 2022 ἡμεῖς
1739 1991 1754 2016 ,
1785 1951 1880 2004 καὶ

183 2035 286 2100 τάς
321 2036 436 2090 τῶν
484 2036 697 2090 πολλῶν
744 2038 1027 2103 συνουσίας
1049 2082 1065 2104 ,
1112 2038 1214 2093 οὐκ
1252 2038 1448 2110 ἔχομεν
1485 2039 1612 2102 τοὺς
1645 2054 1881 2108 κατηγο-

188 2123 433 2197 ροῦντας
468 2124 730 2190 πολλούς·
765 2127 886 2180 οὐδὲ
929 2126 1039 2198 γάρ
1086 2128 1134 2180 εἰ
1177 2126 1459 2181 καθεύδων
1486 2125 1586 2197 οὐχ
1623 2124 1893 2197 ήμάρταω

184 2229 299 2276 νον,
337 2213 450 2266 οὔδ’
479 2215 528 2266 εί
562 2213 636 2285 μὴ
667 2214 911 2267 παλαίων
940 2215 1039 2268 οὐκ
1083 2214 1336 2282 ἔπιπτον,
1375 2214 1484 2268 οὐδ’
1519 2215 1568 2267 εἰ
1598 2213 1673 2284 μὴ
1708 2210 1882 2283 μαχό-

187 2316 359 2372 μενος
384 2300 488 2355 ούκ
520 2302 846 2375 ἐϐαλλόμην,
880 2302 1183 2372 θαυμάζειν
1212 2304 1399 2376 ἐχρῆν.
1433 2303 1531 2366 Τίς
1570 2300 1702 2373 γὰρ,
1733 2294 1877 2363 εἰπὲ,

181 2388 266 2450 τίς
295 2389 593 2459 δυνήσεται
622 2393 901 2446 κατειπεῖν
933 2392 1027 2444 καὶ
1057 2388 1407 2461 ἀποκαλύψαι
1440 2391 1539 2462 τὴν
1573 2388 1881 2460 μοχθηρίαν

179 2475 284 2544 τὴν
319 2475 502 2546 ἐμήν;
533 2478 563 2529 ὁ
591 2475 790 2548 ὄροφος
819 2471 971 2541 οὗτος
998 2479 1091 2531 καὶ
1124 2480 1153 2531 ό
1185 2476 1458 2542 οἰκίσκος;
1507 2476 1648 2530 Ἀλλ’
1685 2477 1786 2529 οὐκ
1816 2474 1883 2529 ἂν

179 2560 443 2616 δύναιντο
470 2563 631 2636 ῥῆξαι
660 2568 864 2635 φωνήν.
894 2564 1036 2619 Ἀλλ’
1062 2567 1096 2637 ή
1128 2566 1312 2636 μήτηρ
1336 2567 1370 2637 ή
1404 2564 1639 2638 μάλιστα
1664 2563 1885 2617 πάντων

180 2648 368 2700 εἰδυῖα
392 2649 468 2704 τά
492 2651 632 2721 ἐμά;
662 2651 915 2706 Μάλιστα
960 2652 1059 2723 μὲν
1088 2652 1210 2705 οὐδὲ
1256 2652 1393 2723 πρὸς
1431 2652 1600 2724 αὐτήν
1638 2650 1757 2704 ἐστί
1789 2649 1884 2720 μοί

179 2751 232 2789 τι
257 2736 470 2803 κοινόν,
503 2737 624 2791 ούδέ
656 2739 736 2803 είς
784 2739 1116 2808 φιλονεικίαν
1142 2739 1379 2811 ἡλοομεν
1422 2739 1668 2794 πώποτε.
1706 2739 1771 2792 Εἰ
1829 2737 1888 2791 δὲ

180 2823 284 2878 καὶ
308 2824 477 2878 τοῦτο
501 2821 571 2897 ἦν
601 2827 835 2898 συμϐάν,
866 2827 1094 2898 οὐδεμία
1120 2825 1296 2892 οὕτως
1323 2828 1443 2881 ἐστὶ
1476 2828 1662 2899 μήτηρ
1687 2826 1887 2899 ἀστορ-

180 2928 283 2980 γος
317 2914 418 2967 καὶ
449 2914 798 2985 μισότεκνος,
828 2915 906 2978 ὡς
945 2914 1156 2982 τοῦτον,
1196 2915 1256 2969 ὃν
1294 2914 1449 2969 ὥδινε
1482 2916 1578 2970 καὶ
1605 2915 1761 2968 ἔτεκε
1793 2913 1888 2968 καὶ

183 3000 393 3072 ἔθρεψε
421 3013 446 3041 ε
474 3003 749 3074 μηδεμιᾶς
771 3002 1197 3075 ἀναγκαζούσης
1227 3004 1575 3076 προφάσεως,
1610 3003 1745 3075 μηδέ
1773 3002 1890 3074 βια-

186 3086 431 3160 ζομένου
475 3091 661 3156 τινὸς,
705 3091 954 3156 κακίζειν
1005 3092 1101 3146 καὶ
1138 3092 1449 3146 διαϐάλλειν
1492 3091 1646 3163 παρά
1697 3093 1885 3145 πᾶσιν.

197 3179 360 3232 Ἐπεὶ
382 3179 468 3233 ὅτι
495 3196 581 3249 γε,
610 3181 663 3232 εί
686 3197 771 3244 τις
796 3180 895 3251 τὴν
922 3179 1198 3252 ήμετέραν
1234 3179 1369 3251 πρὸς
1394 3178 1681 3251 ἀκρίϐειαν
1714 3178 1888 3233 ἐθέλοι

186 3266 517 3336 βασανίζειν
545 3267 748 3339 ψυχὴν,
779 3267 951 3321 πολλά
981 3268 1150 3338 αὐτῆς
1180 3267 1401 3339 εὑρήσει
1426 3266 1497 3321 τὰ
1536 3266 1731 3339 σαθρά,
1768 3267 1889 3322 οὐδὲ

185 3355 360 3419 αὐτὸς
391 3356 613 3425 ἀγνοεῖς
646 3357 676 3408 ὁ
726 3355 962 3426 μάλιστα
1008 3355 1225 3409 πάντων
1255 3356 1404 3426 ἡμᾶς
1433 3357 1547 3419 τοῖς
1584 3356 1889 3426 ἐγκωμίοις

185 3444 451 3517 ἐπαίρειν
478 3443 635 3516 παρά
664 3445 829 3498 πᾶσιν
868 3442 1096 3506 εἰωθώς.
1136 3442 1245 3496 Kal.
1288 3443 1371 3496 ὅτι
1398 3459 1461 3511 γε
1486 3442 1548 3496 οὐ
1582 3443 1891 3515 μετριάζων

184 3530 373 3588 ταῦτα
413 3530 560 3600 λέγω
591 3531 711 3598 νῦν,
732 3530 1046 3602 ἀνάμνησον
1075 3530 1295 3593 σαυτὸν,
1336 3531 1526 3595 ὁσάκις
1558 3527 1714 3585 εἷπον
1754 3530 1892 3603 πρὸς

185 3622 274 3684 σὲ,
306 3619 475 3688 λόγου
500 3616 748 3671 τοιούτου
775 3617 1073 3689 γενομένου
1104 3617 1366 3682 πολλάκις
1393 3621 1527 3689 ἡμῖν
1550 3636 1566 3653 ο
1596 3621 1700 3684 ὅτι,
1731 3620 1785 3673 εῖ
1806 3638 1892 3685 τις

182 3707 413 3781 αῖρεσίν
444 3724 535 3778 μοι
560 3705 865 3778 προυτίθει,
890 3704 995 3758 ποῦ
1021 3705 1222 3776 μᾶλλον
1245 3705 1537 3778 βουλοίμην
1558 3707 1888 3777 εὐδοκιμεῖν,

182 3798 246 3851 ἐν
278 3798 349 3866 τῇ
380 3795 482 3866 τῆς
518 3793 845 3865 Ἐκκλησίας
868 3795 1202 3866 προστασίᾳ,
1232 3794 1266 3866 ἢ
1295 3795 1436 3848 κατά
1473 3794 1565 3849 τὸν
1587 3795 1695 3851 τῶν
1727 3814 1891 3868 μονα-

183 3885 309 3957 χῶν
323 3882 463 3955 βίον,
491 3882 716 3955 μυρίαις
730 3881 796 3936 ἂν
816 3881 1020 3953 ψήφοις
1033 3882 1097 3937 τὸ
1120 3883 1670 3955 πρότερονέδεξάμην
1692 3885 1890 3955 ἔγωγε.

183 3973 271 4027 οὐ
296 3970 411 4043 γάρ
451 3969 693 4024 διέλιπόν
725 3985 858 4022 ποτε
891 3970 1213 4040 μακαρίζων
1245 3971 1382 4042 πρὸς
1414 3970 1475 4024 σέ
1518 3972 1647 4035 τοὺς
1678 3973 1893 4042 ἐκείνης
1932 3987 1938 3992 ‘

183 4061 298 4131 τῆς
339 4057 626 4122 διακονίας
654 4058 959 4129 προστῆναι
989 4057 1317 4128 δυνηθέντας
1346 4059 1551 4126 καλῶς.
1587 4061 1711 4115 Ὀτι
1740 4060 1892 4134 [42η

185 4148 248 4203 δὲ
279 4150 424 4219 ὅπερ
446 4147 809 4218 ἐμακάριζον,
840 4147 940 4199 οὐκ
971 4145 1037 4200 ἂν
1065 4145 1286 4215 ἔφυγον,
1314 4147 1518 4213 ἱκανῶς
1538 4147 1678 4220 ἔχων
1702 4150 1895 4221 μετελ-

189 4238 337 4303 θεῖν,
367 4236 550 4300 οὐδεὶς
581 4237 816 4306 ἀντερεῖ.
864 4233 1026 4288 Ἀλλά
1062 4234 1118 4287 τί
1152 4234 1343 4301 πάθω;
1376 4236 1544 4290 Οὐδὲν
1576 4236 1685 4309 γὰρ
1724 4236 1899 4303 οὕτως

191 4326 481 4397 ἄχρηστον
508 4324 591 4387 εἰς
635 4321 964 4391 Ἐκκλησίας
1009 4322 1352 4394 προστασίαν
1378 4323 1455 4387 ώς
1487 4323 1625 4397 αὐτὴ
1657 4327 1690 4397 ή
1727 4326 1898 4397 ἀργία

192 4415 293 4468 καὶ⁵
325 4416 362 4483 ή
410 4410 783 4483 άμελετησία,
827 4409 895 4481 ήν
933 4409 1111 4481 ἕτεροι
1169 4410 1269 4481 μὲν
1313 4410 1546 4483 ἀσκησίν
1592 4429 1714 4467 τινα
1761 4412 1896 4468 θαυ-

199 4500 418 4572 μαστὴν
467 4495 607 4552 εἷναι
641 4496 985 4569 νομίζουσιν’
1037 4496 1149 4566 ἐγὼ
1189 4497 1247 4551 δέ
1286 4498 1458 4570 αὐτὴν
1500 4499 1744 4572 ὡσπερεὶ
1793 4518 1900 4554 πα-

200 4587 537 4659 ραπέτασμα
587 4585 689 4657 τῆς
729 4584 938 4648 οἰκείας
985 4583 1095 4655 ἔχω
1148 4585 1517 4657 φαυλότητος,
1557 4587 1625 4641 τά
1676 4587 1899 4643 πλείονα

197 4676 310 4730 τῶν
352 4673 763 4746 ἐλαττωμάτων
812 4673 924 4727 τῶν
966 4673 1209 4744 ἐμαυτοῦ
1253 4673 1428 4747 ταύτῃ
1474 4676 1896 4745 συγκαλύπτων,

200 4766 298 4819 καὶ
323 4765 430 4818 οὐκ
478 4762 587 4816 ἐῶν
629 4761 937 4831 φαίνεσθαι.
987 4761 1045 4816 ⁸0
1091 4761 1203 4833 γάρ
1228 4761 1527 4827 ἐνεθισθεὶς
1567 4761 1595 4802 ἀ
1627 4765 1900 4837 τοσαύτης

201 4852 507 4907 ἀπολαύειν
532 4849 973 4922 ἀπραγμοσύνης
989 4891 1004 4916 ,
1027 4850 1124 4903 καὶ
1153 4851 1213 4903 ἐν
1238 4851 1441 4923 ἠσυχίᾳ
1464 4851 1673 4921 διάγειν
1700 4854 1896 4924 πολλῇ,

197 4939 308 4995 κᾶν
338 4939 588 5010 μεγάλης
690 4937 928 5007 φύσεως,
960 4936 1067 4990 ὑπὸ
1093 4937 1193 5009 τῆς
1222 4937 1561 5008 ἀνασκησίας
1589 4938 1899 5011 θορυϐεῖται

204 5028 299 5082 καὶ
317 5026 655 5100 ταράττεται
680 5067 695 5089 ,
722 5026 818 5079 καὶ
860 5025 960 5097 τῆς
998 5024 1206 5090 οἰκείας
1239 5025 1525 5097 δυνάμεως
1570 5028 1899 5100 περικόπτει

207 5114 377 5186 μέρος
410 5114 475 5166 οὐ
512 5112 711 5185 μικρὸν
732 5112 793 5165 τὸ
818 5111 1193 5183 ἀγύμναστον.
1225 5112 1392 5166 Ὅταν
1414 5113 1471 5166 δὲ
1493 5113 1630 5184 ὁμοῦ
1654 5114 1747 5168 καὶ
1774 5114 1903 5187 βρα-

204 5201 352 5265 δείας
466 5201 728 5264 διανοίας,
775 5200 871 5253 καὶ
896 5199 1006 5253 τῶν
1043 5198 1302 5252 τοιούτων
1337 5200 1513 5269 λόγων
1545 5202 1638 5254 καὶ⁹
1671 5199 1900 5270 ἀγώνων

209 5293 455 5361 ἄπειρος,
490 5287 652 5342 τοῦτο
678 5288 743 5359 δὴ
771 5289 834 5341 τὸ
870 5288 1165 5359 ἡμέτερον,
1199 5286 1310 5342 τῶν
1347 5288 1566 5343 λιθίνων
1589 5289 1743 5343 οὐδὲν
1770 5289 1900 5344 διοί⁶

208 5390 311 5434 σει,
340 5376 551 5445 ταύτην
590 5375 888 5446 δεξάμενος
921 5374 1022 5446 τὴν
1055 5375 1392 5447 οἰκονομίαν.
1442 5375 1546 5429 Διά
1586 5376 1747 5431 τοῦτο
1789 5378 1899 5433 τῶν

210 5466 267 5533 ἐξ
299 5464 522 5536 ἐκείνης
557 5464 874 5536 ἐρχομένων
908 5464 1006 5535 τῆς
1035 5461 1376 5536 παλαίστρας
1411 5464 1491 5529 εἰς
1525 5465 1651 5530 τοὺς
1678 5466 1900 5536 ἀγῶνας

272 5636 299 5666 ³
323 5637 424 5701 Alii
445 5639 739 5701 θαυμαστόν.

271 5707 297 5737 ιι
324 5700 419 5747 Alii
442 5701 520 5747 ὅτι
538 5700 644 5757 τήν.

279 5784 299 5807 ρ
331 5764 361 5807 ιλ
372 5761 424 5826 II
447 5762 680 5826 ἐξέθρεψε.

278 5827 300 5867 oi
325 5823 420 5871 ,ιίὴ
456 5823 676 5880 ἐθισθείς.

1480 343 1569 400 DE
1611 345 2067 406 SACERDOTIO.
2110 349 2243 420 LIB,
2283 349 2374 407 Vl.

3549 345 3653 403 68*

1976 468 2197 531 τούτους
2230 466 2401 535 ὀλίγοι
2445 465 2851 535 διαφαίνονται*
2901 462 2952 516 οί
3000 461 3058 516 δέ
3091 459 3307 524 πλείους
3345 459 3654 526 ἐλέγχονται

1975 556 2070 608 καὶ
2097 553 2522 616 καταπίπτουσι,
2548 553 2645 605 καὶ
2672 551 2974 623 πράγματα
3000 547 3365 619 ὑπομένουσιν
3392 547 3532 619 ἀηδῆ
3561 557 3655 600 και

1974 640 2207 714 χαλεπά.
2231 640 2340 693 Καὶ
2367 640 2516 692 οὐδὲν
2539 638 2791 701 ἀπεικός.
2822 639 2991 690 Ὅταν
3022 635 3130 707 γάρ
3156 634 3231 708 μὴ
3257 635 3389 705 περὶ
3416 633 3524 687 τῶν
3554 634 3655 686 αὐ-

1972 731 2082 784 τῶν
2110 730 2167 784 οῖ
2198 748 2257 785 τε
2287 729 2498 799 ἀγῶνες
2535 723 2639 783 ὦσι
2687 729 2783 783 καὶ
2818 727 2888 781 τά
2921 726 3224 797 γυμνάσια,
3266 724 3375 777 τῶν
3408 723 3658 794 ἀγυμνά-

1976 835 2118 871 στων
2157 819 2186 871 ὁ
2221 817 2626 888 ἀγωνιζόμενος
2669 816 2820 873 οὐδὲν
2868 816 3166 888 διενήνοχε.
3211 811 3383 883 Δόξης
3421 812 3659 883 μάλιστα

1974 906 2057 958 δεῖ
2104 906 2463 976 καταφρονεῖν
2510 904 2600 957 τὸν
2642 904 2723 967 είς
2764 903 2924 956 τοῦτο
2972 902 3267 974 ἐρχόμενον
3312 900 3373 956 τὸ
3420 898 3657 965 στάδιον,

1916 1035 1931 1044 .
1975 991 2144 1062 ὀργῆς
2171 990 2443 1063 ἀνώτερον
2467 987 2626 1057 εἶναι,
2654 990 2919 1053 συνέσεως
2940 988 3191 1059 ἔμπλεων
3212 987 3436 1059 πολλῆς.
3470 986 3660 1057 Τούτῳ

1975 1080 2030 1133 δὲ
2074 1079 2152 1151 τῷ
2193 1080 2284 1134 τὸν
2326 1081 2533 1151 μονήρη
2569 1078 2849 1149 στέργοντι
2885 1076 2998 1147 βίον
3029 1075 3255 1146 οὐδεμία
3281 1086 3303 1114 ο
3351 1075 3662 1145 γυμνασίας

1977 1167 2233 1232 ὑπόθεσις
2275 1168 2580 1241 πρόκειται.
2629 1165 2767 1220 Οῦτε
2801 1164 2911 1237 γὰρ
2941 1166 3068 1228 τοὺς
3110 1161 3519 1235 παροξύνοντας
3544 1161 3662 1232 ἔχει

1978 1255 2233 1321 πολλοὺς,
2277 1255 2367 1308 ἴνα
2412 1254 2689 1327 μελετήσῃ
2726 1252 2981 1317 κολάζειν
3024 1249 3119 1304 τοῦ
3166 1250 3341 1322 θυμοῦ
3378 1251 3478 1319 τὴν
3507 1250 3665 1305 δύνα-

1980 1359 2105 1413 μιν⁶
2133 1340 2257 1396 οὔτε
2288 1342 2416 1407 τοὺς
2453 1341 2860 1413 μακαρίζοντας
2898 1337 2994 1393 καὶ
3021 1336 3352 1412 κροτοῦντας
3375 1377 3388 1402 ,
3422 1337 3511 1391 ἵνα
3537 1354 3667 1393 παι·-

1976 1429 2138 1502 δευθῇ
2170 1431 2297 1494 τοὺς
2327 1430 2480 1503 παρά
2521 1429 2629 1484 τῶν
2670 1427 2883 1482 πολλῶν
2913 1424 3192 1481 διαπτύειν
3236 1418 3340 1479 ὧδε
3372 1422 3661 1487 ἐπαίνους’

1977 1521 2077 1589 τῆς
2100 1535 2168 1572 -τε
2201 1518 2261 1573 ἐν
2299 1521 2420 1583 ταῖς
2460 1516 2810 1589 Ἐκκλησίαις
2845 1513 3257 1585 άπαιτουμένης
3298 1511 3570 1575 συνέσεως
3601 1511 3665 1564 οὐ

1981 1605 2147 1670 πολὺς
2173 1606 2354 1670 αὐτοῖς
2385 1609 2414 1659 ὁ
2446 1605 2621 1675 λόγος.
2651 1605 2821 1659 Ὅταν
2848 1598 2944 1658 οὖν
2978 1601 3209 1655 ἔλθωσιν
3243 1600 3325 1664 είς
3359 1600 3488 1661 τοὺς
3515 1596 3665 1668 ἀγῶ-

1978 1709 2107 1760 νας,
2155 1684 2232 1747 ὧν
2279 1692 2356 1765 μὴ
2407 1692 2817 1765 μεμελετήκασι
2870 1691 2970 1761 τὴν
3026 1691 3243 1760 πεῖραν,
3295 1685 3663 1758 άποροῦνται,

1984 1772 2305 1849 ἰλιγγιῶσιν,
2354 1780 2432 1844 είς
2474 1779 2782 1851 ἀμηχανίαν
2824 1776 3153 1831 ἐκπίπτουσι
3197 1774 3243 1840 ί,
3297 1771 3559 1843 καὶπρὸς
3588 1770 3668 1841 τῷ

1985 1866 2149 1937 μηδὲν
2185 1865 2461 1919 ἐπιδοῦναι
2494 1865 2630 1937 πρὸς
2677 1862 2901 1936 ἀρετὴν,
2940 1863 3036 1917 καὶ
3063 1861 3208 1933 άπερ
3241 1858 3457 1931 ἔχοντες
3499 1852 3667 1928 ἦλθον

1981 1953 2172 2007 πολλοὶ
2199 1952 2460 2017 πολλάκις
2484 1951 2796 2007 ἀπώλεσαν.

2048 2030 2246 2115 ﬁam
2275 2041 2303 2093 ὁ
2326 2039 2705 2094 ΒΛΣῐΛΕῐΟΣ.
2739 2038 2805 2093 Τί
2834 2032 2928 2092 οῦν
2947 2053 2962 2104 ;
2984 2038 3111 2102 τοὺς
3132 2039 3191 2093 ἐν
3223 2039 3303 2110 τῷ
3340 2040 3492 2111 μέσῳ
3516 2055 3670 2111 στρε⁴

1982 2128 2272 2201 φομένους,
2321 2127 2415 2181 καὶ
2457 2127 2803 2199 πραγμάτων
2836 2126 3224 2199 φροντίζοντας
3254 2126 3545 2198 βιωτικῶν,
3575 2127 3673 2182 καὶ

1980 2217 2383 2289 τετριμμένους
2408 2215 2545 2287 πρὸς
2572 2215 2754 2287 μάχας
2780 2216 2875 2269 καὶ
2902 2215 3191 2287 λοιδορίας,
3214 2217 3308 2271 καὶ
3338 2217 3540 2288 μυρίας
3562 2215 3673 2269 δει-

1981 2306 2204 2379 νότητος
2229 2305 2500 2377 γέμοντας
2519 2345 2539 2377 ,_
2564 2305 2659 2358 καὶ
2682 2304 2898 2376 τρυφᾷν
2925 2303 3137 2369 εἰδότας
3154 2343 3170 2368 ,
3202 2305 3572 2377 ἐπιστήσομεν
3596 2306 3665 2375 τῇ

1983 2395 2084 2466 τῆς
2127 2394 2460 2464 Ἐκκλησίας
2492 2393 2812 2465 οίκονομίᾳ;
2856 2393 3061 2447 ΧΡΥΣ.
3109 2391 3398 2463 Εὐφήμει,
3429 2392 3587 2464 ἔφην,
3625 2385 3673 2445 ὧ

1988 2482 2227 2554 μακάριε
2262 2481 2345 2536 σύ.
2383 2479 2621 2544 Τούτους
2648 2479 2759 2552 γάρ
2784 2482 2809 2521 ⁸
2839 2480 2950 2534 οὐδ’
2985 2481 3066 2544 εἰς
3094 2480 3222 2534 νοῦν
3250 2479 3541 2550 βάλλεσθαι
3567 2480 3671 2545 δεῖ,

1988 2571 2118 2625 ὅταν
2165 2569 2354 2643 ἱερέων
2393 2568 2643 2636 ἐξέτασις
2792 2568 2908 2638 ἀλλ’
2940 2569 2994 2622 εί
3042 2586 3128 2633 τις
3181 2567 3321 2640 μετά
3363 2567 3457 2621 τοῦ
3505 2569 3673 2622 πᾶσιν

1986 2657 2198 2729 ὁμιλεῖν
2228 2658 2325 2711 καὶ
2358 2656 2900 2729 συναναστρέφεσθαι
2939 2656 3157 2713 δύναιτο
3188 2656 3288 2728 τὴν
3322 2656 3676 2729 καθαρότητα

1986 2747 2083 2801 καὶ
2134 2745 2235 2816 τὴν
2286 2743 2613 2817 ἀταραξίαν,
2651 2746 2751 2816 τήν
2797 2762 2858 2799 τε
2900 2743 3216 2815 ἁγιωσύνην
3259 2744 3353 2797 καὶ
3388 2743 3487 2815 τὴν
3535 2761 3675 2816 καρ-

1984 2833 2173 2904 τερίαν
2202 2832 2295 2886 καὶ
2321 2833 2501 2903 νῆψιν,
2555 2833 2651 2886 καὶ
2689 2831 2760 2886 τὰ
2793 2830 2932 2886 ἀλλα
2961 2831 3031 2886 τά
3064 2834 3177 2895 τοῖς
3215 2833 3469 2903 μοναχοῖς
3506 2846 3677 2902 προσ-

1986 2920 2114 2974 όντα
2175 2918 2391 2988 ἀγαθά,
2444 2919 2737 2989 φυλάττειν
2793 2918 3028 2990 ἀκέραια
3074 2918 3170 2973 καί¹
3245 2917 3678 2990 ἀπαρασάλευτα

1993 3007 2192 3080 μᾶλλον
2220 3007 2338 3059 τῶν
2379 3006 2786 3078 μεμονωμένων
2840 3006 3070 3060 ἐκείνων
3105 3006 3135 3046 h
3157 3024 3171 3038 ·
3217 3005 3294 3070 ώς
3333 3006 3362 3060 ὃ
3396 3023 3461 3075 γε
3504 3004 3679 3059 πολλά

1992 3101 2093 3172 μὲν
2128 3100 2268 3172 ἔχων
2317 3096 2714 3168 ἐλαττώματα,
2767 3097 3065 3168 δυνάμενος
3100 3096 3159 3149 δὲ
3207 3094 3348 3151 αὐτά
3392 3098 3460 3167 τῇ
3500 3094 3678 3167 μονώ-

1991 3204 2075 3241 σει
2121 3186 2421 3242 καλύπτειν
2460 3185 2557 3239 καὶ
2593 3186 2768 3238 ποιεῖν
2796 3184 3056 3255 ἄπρακτα
3099 3182 3176 3254 τῷ
3216 3183 3403 3255 μηδενὶ
3443 3200 3680 3253 καταμι-

1988 3275 2183 3347 γνύναι
2233 3275 2458 3328 ἑαυτόνο
2484 3268 2639 3337 οὗτος
2680 3275 2759 3337 εἰς
2786 3273 2951 3344 μέσον
2996 3271 3190 3338 ἐλθὼν,
3240 3270 3392 3325 οὐδὲν
3425 3270 3614 3342 ἓτερον
3640 3269 3675 3341 ἢ

1988 3360 2051 3414 τὸ
2103 3358 2515 3428 καταγέλαστος
2570 3355 2830 3426 γενέσθαι
2878 3356 3150 3426 κερδανεῖ,
3203 3355 3299 3408 καὶ
3342 3352 3679 3408 κινδυνεύσει

1994 3443 2292 3516 μειζόνως
2334 3443 2363 3497 ὃ
2403 3441 2604 3514 μικροῦ
2638 3443 2749 3496 δεῖν
2787 3441 3067 3513 ἐπάθομεν
3111 3440 3177 3495 ἂν
3212 3443 3396 3513 ἡμεῖς,
3444 3441 3495 3494 εἰ
3535 3438 3612 3510 μὴ
3642 3440 3680 3511 ἡ

1991 3533 2087 3586 τοῦ
2117 3533 2253 3585 Θεοῦ
2282 3531 2581 3603 κηδεμονία
2607 3529 2669 3585 τὸ
2690 3529 2801 3602 πῦρ
2826 3529 3037 3601 ταχέως
3060 3529 3257 3601 ἀνέσχε
3279 3529 3379 3600 τῆς
3404 3527 3680 3601 ἡμετέρας

1993 3620 2257 3690 κεφαλῆς.
2283 3618 2435 3693 [428]
2459 3619 2533 3673 Οὐ
2552 3619 2661 3691 γάρ
2687 3617 2802 3671 ἐστι
2825 3616 3118 3688 λαθεῖνετὸν
3143 3616 3289 3671 οὕτω
3309 3616 3679 3687 διακείμενον,

1993 3709 2119 3763 ὅταν
2142 3709 2198 3762 ἐν
2214 3707 2291 3778 τῷ
2326 3706 2551 3778 φανεφῷ
2574 3707 2842 3777 καταστῇ,
2874 3705 3012 3760 ἀλλά
3036 3705 3270 3760 πάντοτε
3304 3706 3590 3777 ἐλέγχεται
3624 3705 3679 3771 ί,

1996 3796 2096 3849 καὶ
2142 3794 2399 3867 καθάπερ
2434 3797 2535 3859 τὰς
2573 3792 2906 3865 μεταλλικάς
2936 3792 3067 3859 ὕλας
3109 3786 3395 3864 δοκιμάζει
3441 3791 3504 3846 τὸ
3546 3790 3680 3863 πῦρ,

1997 3884 2147 3937 οὕτω
2180 3885 2274 3937 καὶ
2321 3885 2355 3954 ή
2396 3883 2489 3936 τοῦ
2536 3882 2741 3954 κλήρου
2798 3881 3031 3952 βάσανος
3075 3880 3175 3945 τὰς
3224 3880 3332 3934 τῶν
3378 3877 3684 3948 ἀνθρώπων

1996 3971 2259 4043 διακρίνει
2288 3969 2500 4040 ψυχάς,
2535 3970 2637 4024 κᾶν
2680 3969 2897 4041 ὀργίλος
2934 3986 3018 4033 τις
3056 3964 3127 4042 ᾗ,
3170 3968 3276 4022 κάν
3313 3967 3681 4039 μικρόψυχος,

1998 4059 2100 4113 κάν
2140 4058 2450 4129 φιλόδοξος,
2488 4057 2595 4111 κᾶν
2644 4056 2883 4122 ἀλαζὼν,
2921 4055 3023 4110 κᾶν
3068 4056 3097 4109 ὅ
3129 4072 3182 4108 τι
3224 4054 3425 4126 δήποτε
3458 4053 3681 4124 ἕτερον,

2000 4147 2217 4202 ἅπαντα
2261 4143 2597 4200 ἐκκαλύπτει
2632 4142 2681 4207 l,
2717 4144 2813 4202 καὶ
2850 4145 3053 4214 γυμνοῖ
3089 4142 3303 4213 ταχέως
3340 4141 3407 4193 τὰ
3444 4138 3685 4193 ἐλαττώ-

2004 4251 2151 4306 ματα
2179 4252 2191 4265 ·
2229 4234 2289 4287 οὐ
2337 4235 2538 4303 γυμνοῖ
2581 4231 2638 4285 δὲ
2682 4231 2869 4302 μόνον,
2910 4230 3048 4284 ἀλλά
3079 4230 3175 4284 καὶ
3202 4226 3561 4299 χαλεπώτερα
3588 4227 3685 4282 καὶ

2005 4321 2333 4394 ἰσχυρότερα
2384 4320 2522 4373 αὐτά
2562 4318 2879 4390 καθίστησι.
2915 4318 3027 4372 Καὶ
3056 4318 3165 4389 γάρ
3192 4317 3262 4370 τά
3289 4316 3384 4370 τοῦ
3430 4316 3685 4394 σώματος

2001 4391 2297 4483 τραύματα
2339 4407 2784 4480 προστριϐόμενα
2818 4405 3047 4460 δυσίατα
3087 4404 3318 4475 γίνεται.
3354 4404 3450 4458 καὶ
3484 4402 3552 4457 τά
3582 4391 3684 4474 τῆς

2001 4499 2179 4570 ψυχῆς
2203 4496 2351 4569 πάθη
2380 4495 2678 4567 κνιζόμενα
2700 4495 2794 4549 καὶ
2813 4494 3225 4566 παροξυνόμενα
3255 4493 3454 4565 μᾶλλον
3471 4489 3688 4564 ἀγριαί-

2002 4586 2188 4645 νεσθαι
2217 4585 2453 4654 πέφυκε,
2491 4583 2737 4646 καὶτοὺς
2765 4581 2988 4653 ἔχοντας
3016 4581 3154 4634 αὐτὰ
3183 4580 3406 4634 πλείονα
3438 4577 3687 4651 ἁμαρτά-

2002 4689 2115 4727 νειν
2148 4670 2415 4743 βιάζεται.
2452 4670 2565 4724 Καὶ
2587 4673 2699 4741 γάρ
2732 4670 2814 4733 είς
2840 4668 3020 4740 ἔρωτα
3052 4668 3213 4739 δόξης
3245 4667 3462 4738 ἐπαίρει
3494 4666 3587 4719 τὸν
3611 4664 3687 4737 μὴ

2007 4760 2367 4835 προσέχοντα,
2396 4759 2492 4814 καὶ
2530 4760 2610 4823 εἰς
2636 4757 2978 4824 ἀλαζονείαν,
3005 4758 3101 4811 καὶ
3122 4758 3203 4819 εἰς
3230 4754 3529 4826 χρημάτων
3562 4756 3687 4807 ἐπι-

2001 4849 2065 4901 θυ
2075 4849 2205 4920 μίαν
2228 4865 2241 4880 ·
2272 4848 2540 4920 ὑποσύρει
2578 4845 2636 4900 δὲ
2669 4847 2763 4900 καὶ
2792 4847 2871 4910 εἰς
2899 4846 3116 4917 τρυφὴν
3154 4843 3248 4897 καὶ
3273 4844 3353 4906 εἰς
3381 4841 3564 4896 ἄνεσιν
3594 4843 3690 4909 καὶ

2004 4937 2307 5009 ῥαθυμίαν,
2344 4937 2440 5009 κα).
2482 4935 2627 4991 κατὰ
2668 4934 2866 5007 μικρὸν
2902 4935 2983 4998 είς
3011 4934 3082 4987 τά
3113 4931 3427 5003 περαιτέρω
3459 4929 3687 4996 τούτων,

2003 5006 2101 5078 καὶ
2130 5006 2195 5079 ἐκ
2224 5006 2431 5078 τούτων
2456 5006 2755 5094 τικτόμενα
2776 5006 2960 5076 κακά.
2990 5019 3169 5074 Πολλά
3206 5020 3314 5091 γάρ
3334 5021 3480 5071 ἐστιν
3514 5019 3573 5071 ἐν
3610 5018 3691 5090 τῷ

2010 5113 2165 5184 μέσῳ
2183 5112 2255 5166 τὰ
2277 5112 2554 5181 δυνάμενα
2573 5110 2752 5182 ψυχῆς
2772 5109 3061 5181 ἀκρίϐειαν
3087 5106 3335 5171 ἐκλῦσαι,
3364 5106 3459 5160 καὶ
3481 5105 3574 5160 τὸν
3598 5107 3696 5162 ἐπὶ

2004 5200 2139 5254 θεὸν
2171 5200 2430 5269 διακόψαι
2459 5199 2489 5239 ιι
2523 5198 2727 5270 δρόμον
2747 5214 2761 5228 ο
2794 5197 2891 5251 καὶ
2922 5194 3137 5267 πρῶτον
3167 5193 3425 5248 ἁπάντων
3463 5194 3521 5245 al
3552 5192 3692 5265 πρὸς

2002 5287 2103 5353 τὰς
2127 5290 2399 5357 γυναῖκας
2419 5286 2652 5358 ὁμιλίαι.
2683 5284 2818 5340 Οὐδὲ
2847 5283 2955 5355 γάρ
2984 5281 3100 5336 ἔστι
3130 5282 3220 5336 τὸν
3246 5280 3567 5353 προεστῶτα
3597 5279 3689 5333 καὶ

2052 5397 2095 5469 ,ξ
2117 5393 2218 5444 Alii
2251 5393 2641 5469 06§ept&c._lnfra
2663 5392 2818 5443 Savil.
2840 5397 2894 5441 et
2915 5390 3106 5453 aliquot
3145 5401 3263 5439 mss.
3307 5388 3420 5440 οὔτε
3442 5386 3555 5445 τοὺς
3576 5387 3691 5438 θαν-

2003 5458 2232 5518 μ-οἱζοντας
2252 5458 2333 5503 καὶ
2354 5458 2653 5519 κροτοῦντας.

2069 5515 2094 5591 Ξ
2238 5518 2316 5586 εἰς
2324 5514 2589 5591 ἀμηχανίας
2609 5512 2913 5576 ἐμπίπτουσι.

2067 5581 2094 5640 β
2119 5580 2214 5640 Alii
2235 5580 2508 5640 τοῦτοᾲγάρ.

2066 5637 2095 5677 II
2121 5639 2268 5709 Ulli-IS.
2280 5635 2476 5709 μάλλον
2486 5637 2582 5685 τῶν
2604 5636 2894 5709 φαινομένων
2913 5635 3123 5685 ἐκείνων.

2069 5709 2086 5741 ι
2129 5699 2225 5749 Alii
2247 5697 2369 5747 ἀλλὰ
2389 5697 2544 5747 πάντα
2564 5697 2674 5747 τότε
2693 5697 2763 5746 ἐλ.

2073 5774 2086 5812 ι
2122 5761 2217 5809 ΑΙῘὶ
2243 5762 2366 5809 ἅπαν
2395 5761 2497 5807 ἐκκ.

2069 5823 2097 5861 ι
2130 5821 2229 5874 Alii
2248 5823 2328 5871 τὸν
2353 5823 2425 5872 ἐπ’
2442 5820 2620 5878 εὐθείας
2640 5819 2883 5885 διακόψαι.
