4050 6160
387 299 495 356 685

386 414 593 479 παντὸς
624 412 719 468 τοῦ
765 413 1018 486 ποιμνίου
1066 414 1365 488 κηδόμενον
1402 414 1497 469 τοῦ
1549 414 1651 486 μὲν
1696 413 1805 469 τῶν
1856 413 2067 486 ἀνδρῶν

384 502 762 572 ἐπιμελεῖσθαι
797 502 1022 574 μέρους,
1058 502 1121 556 τὸ
1152 502 1210 555 δέ
1251 502 1361 557 τῶν
1405 501 1682 571 γυναικῶν
1714 504 1965 575 παρορᾷν
1988 518 2001 532 ·
2039 502 2069 556 δ

388 592 628 663 μάλιστα
649 592 821 645 δεῖται
847 591 1104 663 προνοίας
1131 592 1376 655 πλείονος
1399 591 1486 645 διά
1512 592 1574 645 τὸ
1602 591 1739 662 πρὸς
1764 592 1861 656 τάς
1886 593 2069 667 ἀμαρ-

385 680 512 743 τίας
534 679 813 733 εὐόλισθον
831 697 846 711 ·
875 680 1011 734 ἀλλά
1039 680 1237 734 δεῖκαὶ
1262 681 1365 751 τῆς
1393 680 1598 736 τούτων
1624 681 1857 750 ὑγιείας,
1893 682 1942 734 εἰ
1974 682 2070 735 καὶ

392 768 469 840 μὴ
498 768 565 820 ἐκ
596 768 865 832 πλείονος,
892 768 1009 822 ἀλλ’
1039 767 1133 821 οὖν
1162 768 1222 834 ἐξ
1250 769 1374 841 ῖσης
1406 769 1714 840 φροντίζειν
1743 770 1842 841 τῆς
1875 770 2071 841 μοίρας

387 856 481 909 τὸν
514 855 751 927 λαχόντα
787 857 887 928 τὴν
915 858 1225 926 ἐπισκοπὴν
1258 857 1502 913 διοικεῖν.
1545 859 1657 911 Καὶ
1687 858 1796 931 γὰρ
1842 861 2068 912 ἐπισκο-

387 942 605 998 πεῖσθαι
632 944 803 1008 αὐτάς
832 944 995 1017 ήνίκα
1026 946 1093 1000 ἂν
1122 946 1393 1016 κάμνωσι,
1425 946 1521 999 καὶ
1549 946 1883 1017 παρακαλεῖν
1905 945 2070 1017 ἡνίκα

381 1033 453 1087 ἂν
478 1032 734 1097 πενθῶσι,
760 1032 857 1088 καί¹
880 1033 1233 1106 ἐπιπλήττειν
1254 1034 1649 1107 ῥᾳθυμούσαις.
1674 1037 1769 1090 καὶ
1798 1033 2012 1107 βοηθεῖν
2039 1048 2068 1077 ι

386 1120 895 1191 καταπονουμέναις
925 1122 1160 1193 ἀνάγκη.
1182 1122 1405 1176 Τούτων
1430 1123 1487 1176 δέ
1516 1125 1835 1194 γινομένων,
1865 1122 2068 1188 πολλὰς

389 1207 458 1261 ἂν
487 1206 639 1280 εὕροι
659 1207 759 1272 τὰς
782 1209 1167 1278 παρεισδύσεις
1188 1212 1216 1263 ὁ
1243 1210 1498 1281 πονηρὸς,
1530 1213 1580 1264 εἰ
1609 1211 1685 1283 μὴ
1710 1210 2068 1285 ἠκριϐωμένῃ

386 1312 473 1359 τις
502 1296 697 1350 ἑαυτὸν
730 1298 989 1368 τειχίσειε
1019 1299 1258 1370 φυλακῇ.
1296 1301 1407 1354 Καὶ
1436 1302 1543 1371 γάρ
1571 1300 1846 1372 ὀφθαλμὸς
1884 1299 2068 1370 βάλλει

387 1384 483 1437 καὶ
512 1384 736 1456 θορυϐεῖ
762 1385 962 1456 ψυχήν,
986 1388 1085 1457 οὐχ
1107 1389 1135 1439 ό
1158 1387 1258 1457 τῆς
1276 1388 1578 1442 ἀκολάστου
1604 1388 1784 1459 μόνον,
1811 1388 1948 1443 ἀλλά
1973 1389 2069 1443 καὶ

386 1476 417 1525 ὀ
445 1473 547 1544 τῆς
585 1472 897 1546 σώφρονος,
930 1476 1025 1530 καὶ
1057 1476 1338 1530 κολακεῖαι
1383 1477 1749 1547 μαλάσσουσι,
1788 1477 1886 1531 καὶ
1912 1478 2068 1550 τιμαὶ

387 1562 847 1616 καταδουλοῦνται
873 1580 887 1594 ο
910 1564 1011 1617 καὶ
1032 1564 1219 1637 ἀγάπη
1250 1563 1468 1629 ζέουσα,
1499 1565 1656 1619 τοῦτο
1680 1566 1745 1637 δή
1770 1566 1829 1620 τὸ
1850 1567 2067 1621 πάντων

387 1651 563 1705 αῖτιον
593 1650 702 1705 τῶν
735 1650 978 1722 ἀγαθῶν,
1024 1651 1235 1723 μυρίων
1276 1651 1448 1706 αἴτιον
1495 1652 1687 1723 γέγονε
1726 1654 1917 1709 κακῶν
1952 1657 2068 1719 τοῖς

384 1737 488 1791 οὐκ
513 1737 692 1811 ὀρθῶς
735 1739 1108 1811 χρησαμένοις
1150 1740 1312 1812 αὐτῇ.
1366 1741 1504 1813 Ἤδη
1553 1741 1611 1794 δὲ
1648 1743 1743 1795 καὶ
1786 1741 2068 1813 φροντίδες

388 1831 639 1899 συνεχεῖς
683 1830 968 1902 ήμϐλυναν
1006 1831 1067 1883 τὸ
1109 1830 1210 1901 τῆς
1249 1831 1489 1895 διανοίας
1522 1830 1640 1897 ὀξὺ,
1675 1833 1771 1885 καὶ
1816 1832 2066 1903 μολίϐδου

388 1916 690 1988 βαρύτερον
723 1917 815 1972 τὸν
851 1918 1056 1984 πτηνὸν
1089 1920 1498 1991 ἀπειργάσαντο
1518 1939 1530 1951 ·
1567 1921 1662 1975 καὶ
1691 1921 1862 1993 θυμὸς
1890 1921 1946 1976 δέ
1974 1923 2068 1977 καί

386 2004 714 2073 προσπεσὼν
745 2006 955 2060 καπνοῦ
985 2006 1142 2078 δίκην
1171 2006 1242 2060 τὰ
1262 2007 1415 2063 ἔνδον
1446 2008 1709 2080 κατέσχεν
1736 2008 1973 2065 ἅπαντα.
2000 2011 2067 2063 Τί

385 2085 452 2139 ἀν
476 2103 561 2151 τις
591 2086 740 2156 λέγοι
780 2088 879 2153 τάς
912 2089 1107 2154 λοιπάς
1138 2090 1344 2162 βλάϐας
1374 2092 1425 2158 ιι,
1450 2092 1549 2156 τὰς
1591 2091 1802 2165 ὑϐρεις,
1838 2092 1937 2158 τὰς
1970 2095 2068 2146 ἐπα

383 2174 601 2244 ηρείας,
621 2177 720 2240 τάς
754 2177 1013 2249 μέμψεις,
1039 2179 1139 2243 τὰς
1170 2180 1321 2250 παρά
1342 2180 1451 2234 τῶν
1481 2180 1766 2250 μειζόνων,
1792 2181 1890 2245 τάς
1917 2182 2070 2253 παρὰ.

384 2264 496 2315 τῶν
524 2264 846 2331 ἐλαττόνων,
889 2267 988 2332 τὰς
1009 2267 1159 2339 παρὰ
1193 2267 1300 2322 τῶν
1336 2268 1595 2336 συνετῶν,
1633 2268 1734 2334 τάς
1764 2269 1916 2344 παρὰ
1958 2269 2068 2325 τῶν

385 2351 661 2407 ἀσυνέτων
683 2370 697 2420 ;

454 2521 520 2575 θ’.
572 2522 748 2576 Τοῦτο
785 2523 895 2596 7&9
932 2524 997 2595 δή
1032 2526 1271 2597 μάλιστα
1308 2525 1369 2580 τὸ
1406 2526 1563 2595 γένος
1614 2527 1725 2582 τῶν
1762 2529 1933 2601 ὀρθῆς
1960 2531 2067 2585 άπ-

384 2613 771 2685 εστερημένων
820 2615 1058 2687 κρίσεως
1105 2616 1478 2688 μεμψίμοιρός)
1524 2617 1585 2670 τέ
1623 2618 1775 2684 ἐστι,
1824 2622 1919 2673 καὶ
1967 2621 2070 2675 οὑκ

384 2699 452 2754 ἂν
497 2701 736 2765 εὐκόλως
785 2703 1081 2771 ἀπολογίας
1130 2704 1420 2775 ἀνάσχοιτό
1472 2723 1624 2760 ποτε.
1680 2708 1783 2761 Τὸν
1832 2709 1889 2761 δέ
1931 2727 2068 2782 προ-

383 2788 597 2843 εστῶτα
628 2790 811 2854 καλῶς
838 2790 962 2843 οὐδὲ
996 2791 1200 2846 τούτων
1238 2793 1321 2846 δεῖ
1352 2797 1735 2866 καταφρονεῖν,
1764 2796 1901 2850 ἀλλά
1934 2798 2070 2868 πρὸς

383 2876 631 2940 ἅπαντας
654 2878 785 2949 περὶ
815 2871 891 2932 ὧν
924 2879 990 2932 ἂν
1030 2880 1327 2949 ἐγκαλῶσι,
1356 2882 1671 2938 διαλύεσθαι
1701 2885 1839 2956 μετά
1866 2886 2069 2958 πολλῆς

382 2964 487 3034 τῆς
518 2966 824 3030 ἐπιεικείας
857 2969 953 3022 καὶ
997 2970 1338 3040 πραότητος,
1373 2972 1819 3041 συγγινώσκοντα
1869 2976 2069 3046 μᾶλλον

383 3056 574 3119 αὐτοῖς
613 3058 714 3128 τῆς
743 3057 939 3126 ἀλόγου
982 3059 1243 3131 μέμψεως
1276 3061 1308 3132 ἦ
1340 3061 1757 3129 ἀγανακτοῦντα
1789 3066 1883 3119 καὶ
1916 3067 2071 3138 ὀργι-

384 3142 636 3216 ζόμενον.
674 3146 736 3198 Et
777 3144 889 3218 γὰρ
919 3148 947 3200 ὁ
983 3149 1257 3220 μακάριος
1291 3150 1539 3215 Παῦλος,
1587 3152 1662 3223 μὴ
1707 3152 1910 3225 κλοπῆς
1943 3152 2076 3205 ὑπό-

386 3253 532 3288 νοιαν
602 3232 741 3305 λάϐῃ
771 3235 923 3306 παρά
964 3239 1077 3300 τοῖς
1109 3236 1402 3307 μαθηταῖς,
1444 3238 1641 3304 ἔδεισε,
1670 3240 1767 3293 καὶ
1791 3239 1879 3293 διὰ
1910 3240 2071 3294 τοῦτο

386 3319 691 3387 προσέλαϐε
721 3321 819 3374 καί⁸
846 3322 1068 3394 ἐτέρους
1088 3326 1168 3387 εἰς
1184 3324 1282 3396 τὴν
1308 3325 1417 3379 τῶν
1448 3327 1748 3397 χρημάτων
1770 3327 2066 3394 διακονίαν,

386 3405 525 3460 Ἵνα
548 3407 635 3478 μή
666 3425 756 3474 τις
785 3407 944 3477 ἡμᾶς
959 3411 1341 3478 μωμήσηται,
1372 3417 1559 3483 φησὶν,
1592 3417 1662 3469 ἐν
1683 3414 1758 3483 τῇ
1789 3415 2071 3485 ἁδρότητι

385 3494 573 3561 ταύτῃ
603 3493 682 3563 τῇ
718 3494 1155 3567 διακονουμένῃ
1190 3499 1292 3568 ὑφ’
1336 3500 1532 3570 ἡμῶν
1579 3500 1731 3574 [429]
1766 3502 1885 3566 πῶς
1919 3504 2070 3572 ήμᾶς

382 3583 447 3635 οὐ
489 3582 669 3635 πάντα
699 3583 783 3636 δεῖ
808 3587 985 3637 ποιεῖν
1035 3584 1178 3638 ὥστε
1225 3586 1327 3650 τὰς
1370 3590 1616 3659 πονηράς
1655 3591 1901 3661 ἀναιρεῖν
1932 3592 2070 3645 ὑπο-

384 3672 537 3741 ψίας,
567 3672 670 3727 κᾶν
702 3672 937 3743 ψευδεῖς,
971 3675 1072 3729 κᾶν
1097 3676 1373 3745 ἀλόγιστοι
1400 3680 1740 3749 τυγχάνωσιν
1766 3676 1944 3745 οὖσαι,
1968 3680 2070 3735 κᾶν

389 3760 596 3831 σφόδρα
653 3763 752 3833 τῆς
800 3763 1081 3833 ήμετέρας
1132 3764 1377 3835 ἀπέχωσι
1421 3766 1614 3838 δόξηςς
1673 3767 1902 3833 Οὐδενὸς
1958 3769 2070 3842 γὰρ

387 3850 785 3921 ἁμαρτήματος
811 3849 1066 3904 τοσοῦτον
1087 3853 1250 3923 ἡμεῖς
1271 3854 1681 3926 ἀφεστήκαμεν,
1708 3857 1831 3910 ὅσον
1858 3857 2071 3929 κλοπῆς

385 3938 414 3990 ό
442 3936 673 4001 Παῦλος.
704 3937 847 3990 Ἀλλ’
877 3937 1025 4008 ὅμως
1059 3940 1153 3993 καὶ
1185 3939 1438 3995 τοσοῦτον
1470 3942 1801 4014 ἀφεστηκὼς
1833 3945 1933 4015 τῆς
1972 3962 2071 3998 πο-

385 4026 560 4096 νηρᾶς
607 4024 813 4095 ταύτης
847 4024 1135 4097 πράξεως,
1181 4028 1304 4081 οὐδὲ
1336 4028 1511 4093 οὑτως
1540 4031 1787 4103 ἠμέλησε
1820 4032 1919 4103 τῆς
1958 4031 2070 4086 τῶν

387 4112 600 4167 πολλῶν
635 4113 915 4180 ὑπονοίας,
952 4115 1129 4169 καίτοι
1154 4115 1276 4171 λίαν
1303 4115 1472 4188 οὔσης
1496 4118 1693 4188 ἀλόγου
1735 4120 1828 4173 καὶ
1862 4118 2070 4190 μανιώ-

384 4202 510 4267 δους
534 4219 550 4235 ο
585 4202 754 4274 μανία
787 4212 810 4243 ε
836 4203 946 4277 γὰρ
990 4200 1058 4277 ἦν
1090 4205 1331 4260 τοιοῦτον
1358 4207 1696 4263 ὑποπτεῦσαί
1727 4226 1781 4261 τι
1813 4209 1942 4279 περὶ
1971 4208 2070 4279 τῆς

386 4294 671 4366 μακαρίας
704 4295 799 4349 καὶ
828 4295 1150 4367 θαυμαστῆς
1190 4297 1409 4368 ἐκείνης
1447 4298 1712 4370 κεφαλῆς.
1755 4299 1895 4352 Ἀλλ’
1920 4300 2070 4370 ὅμως

384 4382 539 4436 οὐδὲν
563 4379 727 4455 ἦττον
760 4384 851 4439 καὶ
886 4385 1091 4456 ταύτης
1124 4386 1222 4457 τῆς
1248 4386 1483 4455 ὑποψίας
1516 4387 1615 4456 τῆς
1644 4386 1818 4451 οὑτως
1846 4388 2066 4456 ἀλόγου,

387 4470 481 4522 καὶ
509 4469 576 4538 ήν
611 4470 788 4535 οὐδεὶς
820 4471 885 4524 ἂν
923 4472 998 4544 μὴ
1029 4473 1358 4544 παραπαίων
1397 4472 1748 4537 ὑπώπτευσε,
1786 4475 2070 4547 πόρρωθεν

384 4558 604 4623 ἀναιρεῖ
643 4557 742 4620 τὰς
790 4558 1001 4621 αἰτίας·
1049 4560 1144 4614 καὶ
1180 4562 1240 4613 οὐ
1284 4561 1539 4614 διέπτυσε
1574 4561 1672 4632 τήν
1704 4561 1812 4617 τῶν
1858 4562 2071 4617 πολλῶν

386 4643 597 4705 ἄνοιαν,
621 4643 743 4696 οὑδέ
762 4639 904 4697 εἶπε·
934 4644 1053 4697 Τίνι
1074 4645 1181 4717 γὰρ
1208 4646 1273 4701 ἂν
1294 4647 1513 4701 ἐπέλθοι
1537 4648 1667 4702 ποτέ
1694 4648 1920 4702 τοιαῦτα
1942 4650 2071 4721 περὶ

386 4731 547 4804 ήμῶν
580 4732 848 4796 ὑπονοεῖν,
880 4734 973 4787 καὶ
994 4734 1101 4788 ἀπὸ
1124 4734 1231 4787 τῶν
1262 4735 1504 4806 σημείων
1527 4736 1622 4788 καὶ
1646 4735 1755 4788 ἀπὸ
1775 4735 1875 4805 τῆς
1900 4737 2072 4791 ἐπιειο

388 4822 546 4885 κείας
574 4821 676 4892 τῆς
711 4824 769 4876 ἐν
803 4821 881 4892 τῷ
920 4822 1021 4893 βίῳ
1071 4823 1289 4879 πάντων
1330 4824 1480 4894 ήμᾶς
1522 4823 1617 4876 καὶ
1660 4824 1948 4894 τιμώντων
1977 4828 2072 4881 καὶ

388 4909 825 4983 θαυμαζόντων;
863 4910 980 4964 ἀλλ’
1015 4911 1159 4966 ἅπαν
1201 4911 1534 4975 τούναντίον,
1568 4913 1660 4966 καὶ
1696 4912 1946 4968 ὑπείδετο
1978 4916 2071 4970 καὶ

390 4999 759 5071 προσεδόκησε
791 4996 818 5038 δ
849 4998 1057 5072 ταύτην
1076 4999 1176 5071 τὴν
1204 4999 1449 5071 πονηρὰν
1475 5000 1751 5069 ὑπόνοιαν,
1778 5004 1874 5057 καὶ
1896 5005 2071 5076 πρόρ-

388 5092 538 5163 ριζον
584 5089 756 5159 αὐτὴν
787 5088 1085 5155 ἀνέσπασε,
1135 5088 1334 5160 μᾶλλον
1379 5089 1437 5143 δέ
1469 5090 1590 5144 οὐδὲ
1640 5090 1802 5162 φῦναι
1833 5093 1932 5164 τὴν
1972 5094 2072 5165 ἀρ-

386 5176 490 5248 χὴν
537 5175 736 5247 ἀφῆκε.
784 5175 883 5231 Διά
918 5176 1002 5245 τίς
1048 5176 1433 5246 Προνοοῦμεν
1475 5179 1619 5248 γὰρ,
1656 5179 1825 5249 φησὶ,
1874 5181 2068 5247 καλὰ,

387 5265 462 5327 οὐ
481 5263 675 5332 μόνον
695 5265 952 5321 ἐνώπιον
971 5266 1215 5335 Κυρίου,
1243 5265 1408 5325 ἀλλὰ
1437 5266 1536 5320 καὶ
1562 5265 1820 5321 ἐνώπιον
1851 5268 2073 5337 ἀνθρώ-

387 5364 540 5408 πων.
587 5352 837 5426 Τοσαύτη
887 5353 988 5418 δεῖ,
1035 5353 1240 5425 μᾶλλον
1277 5353 1333 5407 δέ
1384 5352 1476 5408 καὶ
1522 5354 1726 5409 πλείονι
1770 5356 2072 5428 κεχρῆσθαι

452 5536 479 5598 Ρ
503 5536 710 5597 Quidam
743 5554 858 5588 mss.
885 5541 1168 5598 ἐπιϐοηθεῖν.

447 5596 478 5639 δ
502 5596 706 5663 Aliquot
729 5616 844 5650 mss.
867 5618 937 5663 τις
957 5596 1081 5651 είποι
1107 5604 1189 5658 τάς
1218 5604 1273 5652 ἐκ
1290 5607 1374 5659 τῆς
1396 5599 1545 5658 λύπης
1573 5601 1763 5663 βλάϐας.

450 5669 473 5698 τ
512 5662 609 5729 _A_I_i_i
632 5664 815 5729 μαγίαις.
844 5662 953 5729 δῖοι
980 5665 1135 5729 δελνιι.
1156 5669 1210 5711 et
1243 5662 1767 5729 a_lii‘xcq>q}_ﬁc:M0rel.
1790 5667 1960 5729 ψυχῆς.

447 5735 476 5766 α
500 5722 595 5774 Alii
636 5722 719 5773 καὶ
752 5726 939 5787 προεῖδε
974 5726 1054 5773 καὶ
1087 5741 1227 5787 προσ.
1262 5723 1389 5775 Infra
1416 5722 1506 5775 'alii
1551 5725 1700 5788 διατί;
1736 5722 2072 5791 προνοούμενοι

392 5787 497 5853 δέρη

1167 298 1226 355 S.
1256 298 1545 358 JOANNIS
1577 295 2073 357 CHRYSOSTOMI
2115 295 2433 355 ARCHIEP.
2462 296 3014 356 CONSTANTINOP.

3746 302 3848 360 686

2178 414 2408 485 σπουδῇ,
2432 413 2573 468 ὥστε
2595 415 2670 487 μὴ
2697 417 2859 488 μόνον
2879 414 3175 486 αἰρομένας
3200 414 3489 487 κατασπᾷν
3514 417 3608 471 καὶ
3624 417 3853 471 κωλύειν

2174 501 2273 565 τὰς
2307 503 2498 574 φήμας
2531 503 2628 568 τάς
2657 504 2758 558 οὐκ
2785 502 3021 574 ἀγαθὰς,
3052 502 3188 558 ἀλλά
3216 503 3312 557 καὶ
3337 503 3619 577 πόρρωθεν
3634 505 3758 558 ὅθεν
3786 504 3854 559 ἂν

2176 590 2424 659 γένοιντο
2453 594 2715 663 προορᾷν,
2756 593 2851 647 καὶ
2885 592 2986 656 τάς
3017 591 3322 665 προφάσεις
3360 591 3419 656 ἐξ
3463 584 3539 645 ὧν
3577 593 3855 647 τίκτονται

2179 682 2553 751 προαναιρεῖν,
2584 680 2680 733 καὶ
2706 680 2782 752 μὴ
2816 684 3135 753 περιμένειν
3155 679 3327 744 αὑτάς
3354 679 3639 752 συστῆναι,
3670 682 3767 734 καὶ
3798 682 3857 735 ἐν

2175 769 2289 829 τοῖς
2332 766 2444 820 τῶν
2485 767 2694 822 πολλῶν
2735 767 3197 841 διαθρυλληθῆναι
3236 768 3488 839 στόμασι.
3536 768 3859 841 Τηνικαῦτα

2174 855 2284 926 γὰρ
2316 854 2439 909 οὑτε
2466 853 2700 929 εὑπορον
2720 856 2890 921 αὑτάς
2919 856 3182 926 ἀφανίσαι
3207 855 3415 921 λοιπὸν,
3442 854 3580 911 ἀλλὰ
3607 857 3704 912 καὶ
3731 857 3861 911 λίαν

2173 940 2454 1014 δυσχερὲς,
2488 943 2632 1015 τάχα
2655 944 2714 999 δὲ
2748 944 2843 999 καί⁵
2870 944 3131 999 ἀδύνατον
3148 962 3161 977 ⁸
3188 943 3315 1000 οὔτε
3349 946 3587 1018 ἀζήμιον
3607 944 3685 1017 τῷ
3715 946 3859 1018 μετά

2173 1030 2274 1099 τὴν
2298 1030 2410 1084 τῶν
2437 1032 2649 1087 πολλῶν
2696 1030 2901 1104 βλάϐην
2931 1030 3090 1086 τοῦτο
3114 1032 3392 1103 γενέσθαι.
3422 1032 3586 1088 Ἀλλά
3615 1034 3728 1106 γὰρ
3757 1034 3861 1103 μέο

2175 1135 2268 1189 χρι
2295 1118 2442 1183 τίνος
2472 1120 2534 1173 οὐ
2574 1120 2843 1192 στήσομαι
2870 1119 3082 1175 διώκων
3111 1121 3386 1192 ἀκίχητα;
3410 1121 3472 1174 τὸ
3495 1120 3605 1192 γὰρ
3631 1122 3860 1183 ἁπάσας

2173 1206 2275 1270 τὰς
2321 1208 2440 1261 ἐκεῖ
2484 1206 2804 1280 δυσχερείας
2841 1207 3188 1276 καταλέγειν,
3221 1209 3376 1265 οὐδὲν
3406 1207 3593 1281 ἕτερόν
3627 1211 3782 1263 ἐστιν
3820 1209 3859 1280 ἢ

2177 1293 2414 1364 πέλαγος
2460 1296 2807 1367 ἀναμετρεῖν.
2852 1297 2964 1350 Καὶ
3008 1295 3117 1367 γὰρ
3154 1296 3282 1351 ὅταν
3322 1314 3407 1358 τις
3445 1296 3607 1362 αὑτὸς
3649 1298 3862 1361 παντὸς

2176 1381 2491 1455 καθαρεύσῃ
2541 1383 2776 1448 πάθους,
2809 1383 2839 1437 ὃ
2867 1382 2979 1438 τῶν
3014 1383 3294 1438 ἀδυνάτων
3325 1385 3497 1447 ἐστὶν,
3528 1384 3618 1438 ῖνα
3643 1384 3714 1439 τά
3740 1384 3862 1438 τῶν

2174 1469 2351 1524 ἄλλων
2382 1470 2739 1543 ἐπανορθώσῃ
2775 1471 3114 1543 πταίσματα,
3154 1472 3327 1544 μυρία
3353 1472 3647 1544 ὑπομένειν
3679 1474 3861 1541 ἀναγ-

2174 1556 2403 1623 κάζεται
2428 1559 2608 1614 δεινάο
2644 1559 3050 1631 προστεθέντων
3085 1560 3141 1614 δέ
3181 1560 3275 1614 καὶ
3299 1560 3407 1615 τῶν
3447 1560 3663 1615 οίκείων
3688 1578 3862 1632 νοση-

2177 1646 2386 1717 μάτων,
2412 1647 2512 1702 θέα
2540 1647 2639 1719 τὴν
2668 1647 2902 1704 ἄϐυσσον
2930 1648 3038 1702 τῶν
3067 1647 3244 1702 πόνων
3274 1648 3497 1704 καὶτῶν
3529 1648 3858 1722 φροντίδων,

2176 1736 2269 1789 καὶ
2298 1737 2400 1789 ὅσα
2430 1736 2662 1807 πάσχειν
2701 1738 2917 1807 ἀνάγκη
2945 1737 3057 1792 τῶν
3093 1754 3153 1791 τε
3186 1738 3401 1793 οἰκείων
3431 1738 3529 1792 καὶ
3552 1737 3665 1792 τῶν
3697 1737 3866 1793 ἀλλο-

2174 1824 2340 1896 τρίων
2373 1824 2696 1897 βουλόμενον
2723 1827 3106 1899 περιγενέσθαι
3140 1826 3350 1883 κακῶν.

2248 1999 2299 2049 ι’.
2336 1994 2447 2048 Καὶ
2483 1996 2512 2048 ό
2543 1993 2919 2060 ΒΔΣΙΛΕΙΟΣ,
2950 1994 3064 2051 Νῦν
3097 1995 3178 2063 δέ,
3217 1995 3405 2068 φησὶν,
3435 1996 3610 2060 οὐδείς
3636 2014 3720 2050 σοι
3745 1997 3862 2051 τῶν

2175 2081 2353 2134 πόνων
2390 2081 2596 2135 τούτων
2620 2080 2792 2150 ἀγὼν,
2829 2082 2950 2135 οὐδὲ
2979 2084 3266 2153 φροντίδας
3291 2095 3315 2123 °
3345 2083 3513 2155 ἔχεις,
3550 2083 3694 2138 κατά
3723 2100 3864 2136 σαυ-

2173 2164 2266 2218 τόν
2294 2165 2389 2221 ῶν.
2420 2168 2757 2220 ΧΡΥΣΟΣΤ.
2793 2168 2943 2239 Ἐχω
2972 2169 3091 2239 μὲν,
3116 2168 3275 2242 ἔφην,
3308 2171 3403 2224 καὶ
3430 2168 3527 2223 νῦν
3548 2186 3561 2201 ’
3594 2168 3714 2232 πῶς
3745 2168 3862 2239 γάρ

2175 2253 2345 2320 ἔστιν,
2372 2256 2658 2329 ἄνθρωπον
2685 2256 2814 2311 ὄντα
2839 2256 3042 2312 καὶτὸν
3063 2257 3405 2329 πολύμοχθον
3424 2257 3611 2313 τοῦτον
3634 2256 3865 2327 βιοῦντα

2177 2339 2311 2412 βίον,
2361 2342 2657 2415 φροντίδων
2712 2343 3062 2415 ἀπηλλάχθαι
3106 2344 3202 2399 καὶ
3248 2344 3529 2415 ἀγωνίας;
3576 2344 3715 2398 Ἀλλ’
3756 2344 3865 2397 οὐκ

2174 2428 2323 2484 ἔστιν
2354 2431 2467 2484 ἴσον
2494 2434 2575 2498 εἰς
2618 2430 2856 2501 πέλαγος
2893 2433 3121 2505 ἄπειρον
3152 2433 3440 2505 ἐμπεσεῖν,
3483 2433 3579 2487 καὶ
3611 2434 3866 2504 ποταμὸν

2176 2520 2517 2591 παραπλεῖνο
2551 2520 2807 2576 τοσοῦτον
2838 2521 2949 2593 γὰρ
2988 2520 3197 2575 τούτων
3251 2522 3523 2576 κάκείνων
3555 2521 3665 2576 τῶν
3700 2538 3866 2592 φρον-

2174 2607 2332 2661 τίδων
2361 2610 2422 2662 τὸ
2456 2609 2639 2680 μέσον.
2669 2609 2784 2664 Νῦν
2816 2610 2915 2682 μὲν
2943 2610 3054 2682 γὰρ
3087 2614 3134 2665 εἰ
3165 2610 3265 2681 μέν
3289 2610 3579 2682 δυνηθείην
3611 2611 3706 2664 καὶ
3735 2610 3863 2667 ἐτέ-

2179 2713 2294 2769 ροις
2326 2697 2579 2765 γενέσθαι
2614 2700 2904 2771 χρήσιμος,
2949 2698 3243 2771 βουλοίμην
3290 2698 3357 2753 ἂν
3396 2700 3492 2752 καὶ
3535 2700 3730 2766 αὑτδς,
3763 2700 3866 2754 καὶ

2176 2783 2381 2854 πολλῆς
2430 2802 2520 2853 μοι
2550 2785 2709 2839 τοῦτο
2737 2785 2897 2857 ἔργον
2935 2787 3100 2858 εὐχῆς
3120 2802 3133 2816 ·
3174 2788 3224 2839 εἰ
3253 2785 3311 2840 δέ
3355 2786 3456 2839 οὐκ
3484 2785 3631 2840 ἐστιν
3666 2787 3864 2858 ἕτερον

2175 2872 2390 2943 ὀνῆσαι,
2435 2873 2670 2943 ἐμαυτὸν
2704 2873 2835 2943 γοῦν
2867 2874 2964 2928 ἐὰν
2999 2873 3289 2943 ἐγγένηται
3329 2873 3595 2929 διασῶσαι
3624 2874 3722 2930 καὶ
3760 2874 3863 2928 τοῦ

2176 2961 2444 3024 κλύδωνος
2469 2961 2690 3028 ἐξελεῖν,
2716 2961 3130 3033 ἀρκεσθήσομαι
3158 2961 3355 3034 τούτῳ.
3383 2957 3538 3027 Εἶτα,
3574 2962 3736 3016 τοῦτο
3754 2963 3861 3016 οῖει

2178 3048 2322 3121 μέγα
2342 3091 2355 3114 ,
2393 3048 2578 3120 φησὶν,
2609 3045 2770 3113 εἶναι,
2818 3051 2847 3103 ὁ
2880 3049 3259 3114 ΒΑΣΙΛΕΙΟΣ,
3293 3050 3430 3116 ὅλως
3466 3050 3523 3104 δὲ
3558 3051 3654 3105 καὶ
3679 3051 3863 3124 σωθή-

2178 3136 2364 3190 σεσθαι
2396 3136 2667 3208 νομίζεις,
2698 3136 2905 3208 ἐτέρων
2933 3137 3122 3208 μηδενὶ
3142 3136 3162 3177 ί
3198 3139 3492 3209 γενόμενος
3547 3141 3857 3212 χρήσιμοςς

2176 3226 2510 3279 ΧΡΥΣΟΣΤ.
2548 3225 2700 3299 [450]
2734 3222 2810 3280 Εὖ
2840 3228 2935 3280 καὶ
2961 3226 3163 3291 καλῶς,
3217 3228 3377 3299 ἔφην,
3419 3228 3650 3299 εἴρηκας
3672 3245 3687 3260 ⁶
3734 3228 3863 3282 οὐδὲ

2176 3313 2286 3385 γὰρ
2314 3315 2475 3376 αὐτὸς
2500 3312 2660 3367 τοῦτο
2682 3313 2960 3367 πιστεύειν
2989 3313 3122 3385 έχω,
3152 3316 3235 3369 ὅτι
3268 3314 3535 3379 σώζεσθαι
3560 3315 3738 3371 ἔνεστι
3762 3317 3861 3370 τὸν

2175 3402 2329 3455 οὐδὲν
2357 3404 2435 3465 είς
2457 3402 2554 3473 τὴν
2584 3402 2677 3456 τοῦ
2706 3401 2933 3473 πλησίον
2962 3402 3240 3473 κάμνοντα
3263 3404 3561 3476 σωτηρίαν.
3586 3404 3720 3457 Οὐδὲ
3748 3404 3861 3477 γάρ

2167 3491 2389 3542 ,ἐκεῖνον
2414 3488 2506 3542 τὸν
2536 3488 2770 3543 δείλαιον
2802 3487 2983 3560 ῶνησέ
3015 3507 3069 3543 τι
3101 3489 3163 3543 τὸ
3198 3491 3274 3562 μὴ
3307 3490 3539 3562 μειῶσαι
3564 3491 3628 3545 τὸ
3659 3491 3864 3547 τάλαν-

2175 3593 2289 3643 τον,
2348 3577 2484 3630 άλλά
2519 3578 2614 3631 καὶ
2643 3576 2891 3630 ἀπώλεσε
2935 3576 2997 3630 τὸ
3040 3577 3115 3649 μὴ
3160 3577 3448 3631 πλεονάσαι
3490 3578 3586 3633 καὶ
3634 3578 3864 3633 διπλοῦν

2177 3669 2587 3737 προσενεγκεῖν.
2622 3665 2769 3737 Πλὴν
2798 3665 2915 3720 ἀλλ’
2951 3665 3367 3736 ἐπιεικεστέραν
3400 3684 3493 3738 μοι
3531 3667 3632 3739 τὴν
3678 3683 3862 3737 τιμω-

2181 3753 2303 3825 ρίαν
2330 3747 2488 3823 οἶμαι
2512 3752 2732 3807 ἔσεσθαι
2757 3751 3146 3824 ἐγκαλουμένῳ
3175 3753 3264 3807 διὰ
3296 3753 3349 3806 τί
3393 3754 3471 3825 μὴ
3498 3753 3594 3807 καὶ
3633 3753 3864 3825 ἐτέρους

2176 3840 2380 3907 ἔσωσα,
2396 3840 2428 3911 ἧ
2444 3842 2493 3893 εἰ
2510 3840 2603 3895 καὶ
2617 3841 2644 3885 ⁸
2664 3841 2887 3911 ἐτέρους
2904 3842 2996 3895 καὶ
3012 3840 3248 3911 ἐμαυτὸν
3270 3839 3691 3913 προσαπώλεσα,
3716 3839 3858 3894 πολύ

2177 3928 2375 4001 χείρων
2418 3928 2708 3999 γενόμενος
2742 3927 2886 3999 μετὰ
2923 3928 3023 4001 τὴν
3053 3927 3323 4000 τοσαύτην
3364 3931 3548 4000 τιμήν.
3596 3927 3712 3982 Νῦν
3756 3929 3860 3999 μὲν

2174 4016 2286 4088 γὰρ
2324 4014 2597 4088 τοσαύτην
2642 4015 2862 4070 ἔσεσθαί
2907 4033 2997 4087 μοι
3028 4015 3272 4071 πιστεύω
3308 4015 3409 4088 τήν
3441 4016 3682 4082 κόλασιν,
3720 4016 3860 4086 ὅσην

2176 4106 2401 4159 ἀπαιτεῖ
2425 4104 2534 4158 τῶν
2573 4104 2987 4177 ἁμαρτημάτων
3014 4104 3075 4159 τὺ
3109 4104 3369 4175 μέγεθος·
3417 4105 3557 4177 μετά
3582 4105 3637 4158 δὲ
3679 4104 3742 4160 τὸ
3772 4105 3859 4159 δέ·

2178 4191 2372 4257 ξασθαι
2413 4191 2511 4264 τὴν
2549 4192 2752 4265 ἀρχὴν,
2783 4193 2845 4246 οὐ
2886 4191 3081 4262 διπλῆν
3115 4192 3276 4262 μόνον
3312 4193 3405 4246 καὶ
3432 4192 3687 4265 τριπλῆν,
3717 4192 3858 4248 ἀλλὰ

2176 4282 2272 4336 καὶ
2297 4280 2755 4345 πολλαπλασίονα,
2781 4279 2859 4350 τῷ
2877 4298 2938 4335 τε
2968 4279 3219 4345 πλείονας
3247 4280 3619 4345 σκανδαλίσαι,
3656 4283 3753 4335 καὶ
3778 4280 3859 4351 τῷ

2179 4368 2320 4441 μετὰ
2363 4369 2586 4440 μείζονα
2617 4369 2784 4440 τιμὴν
2818 4367 3195 4440 προσκροῦσαι
3234 4369 3311 4440 τῷ
3348 4370 3670 4441 τετιμηκότι
3712 4369 3855 4440 Θεῷ.

2229 4463 2319 4511 ια’.
2336 4456 2435 4508 Διά
2446 4474 2526 4509 τοι
2542 4454 2699 4510 τοῦτο
2715 4455 2929 4510 καὶτῶν
2947 4456 3294 4528 Ἰσραηλιτῶν
3317 4457 3674 4530 σφοδρότερον
3691 4474 3861 4528 κατη-

2175 4546 2378 4617 γορῶν,
2411 4546 2585 4616 τούτῳ
2605 4543 2876 4598 δείκνυσιν
2902 4545 3098 4605 αὐτοὺς
3121 4529 3364 4614 μείζονος
3388 4545 3552 4608 ὄντας
3579 4544 3857 4609 κολάσεως

2177 4637 2364 4705 ἀξίους
2395 4636 2474 4708 τῷ
2510 4636 2648 4707 μετά
2675 4637 2743 4690 τὰ
2767 4638 2897 4708 παρ’
2924 4634 3086 4690 αὐτοῦ
3117 4637 3419 4708 γενομένας
3443 4639 3524 4702 εἰς
3551 4637 3752 4701 αὐτοὺς
3778 4654 3859 4690 τι-

2180 4731 2289 4797 μάς
2320 4726 2606 4796 ἁμαρτεῖν,
2647 4723 2779 4777 ποτέ
2809 4723 2907 4794 μέν
2934 4724 3136 4792 λέγων·
3167 4724 3343 4793 Πλὴν
3374 4725 3532 4794 ὑμᾶς
3567 4726 3763 4797 ἔγνων
3788 4726 3859 4780 ἐκ

2178 4813 2395 4869 πασῶν
2418 4812 2539 4866 τῶν
2565 4810 2781 4882 φυλῶν
2805 4809 2912 4878 τῆς
2936 4810 3070 4879 τῆς,
3103 4809 3200 4866 διὰ
3231 4812 3408 4866 τοῦτο
3432 4812 3736 4881 ἐκδικήσω
3761 4813 3858 4882 ἐφ’

2179 4903 2335 4972 ὑμᾶς
2357 4902 2464 4967 τὰς
2486 4902 2766 4966 ἀσεϐείας
2787 4900 2817 4939 ιι
2849 4900 3043 4968 ὑμῶν·
3071 4899 3203 4953 ποτέ
3231 4900 3289 4953 δέ
3309 4918 3323 4932 ο
3357 4901 3621 4956 Ἔλαϐον
3643 4902 3714 4955 ἐκ
3739 4899 3861 4956 τῶν

2178 4991 2325 5047 υἱῶν
2367 4989 2536 5060 ὑμῶν
2579 4990 2662 5052 εις
2709 4986 3058 5056 προφήτας,
3104 4988 3203 5041 καί
3248 4988 3319 5042 ἐκ
3351 4987 3470 5042 τῶν
3515 4989 3861 5043 νεανίσκων

2178 5078 2345 5150 ὑμῶν
2372 5081 2460 5143 εἰς
2496 5077 2815 5146 ἁγιασμόν.
2854 5074 2964 5128 Καὶ
2996 5074 3102 5146 πρὸ
3144 5074 3252 5128 τῶν
3294 5075 3588 5147 προφητῶν
3625 5076 3859 5130 ἐπὶτῶν

2180 5170 2383 5225 θυσιῶν
2417 5167 2589 5233 δεῖξαι
2631 5163 2955 5235 βουλόμενος
2981 5164 3064 5217 ὅτι
3102 5163 3170 5217 τά
3210 5165 3583 5236 ἁμαρτήματα
3630 5162 3860 5237 μείζονα

2176 5259 2459 5331 ἐκδέχεται
2504 5255 2683 5326 πολλῷ
2720 5254 2820 5325 τὴν
2860 5252 3152 5325 τιμωρίαν,
3195 5254 3325 5308 ὅταν
3372 5254 3477 5309 ὑπὸ
3520 5254 3629 5308 τῶν
3665 5252 3861 5325 ἱερέων

2179 5348 2420 5420 γίνηται,
2460 5345 2643 5418 ἢὸταν
2667 5344 2773 5398 ὑπὸ
2797 5341 2907 5396 τῶν
2932 5342 3178 5412 ἰδιωτῶν,
3216 5343 3545 5415 προστάττει
3582 5340 3860 5412 τοσαύτην

2243 5539 2263 5561 ⁸
2288 5539 2439 5589 Savil.
2463 5541 2517 5585 et
2532 5536 2739 5585 maxima
2762 5547 2874 5597 pars
2895 5547 3008 5597 mss.
3037 5532 3092 5581 οὑ
3118 5532 3187 5597 δεῖ
3209 5548 3294 5597 σοι.
3317 5529 3509 5597 πόνων,
3522 5528 3646 5597 ὀὐδὲ
3666 5527 3860 5597 φροντί-

2181 5604 2279 5656 δας.
2307 5601 2477 5649 Morel.
2504 5599 2655 5654 οὐδείς
2677 5614 2754 5645 σοι
2765 5588 2869 5644 ’τῶν
2891 5596 3048 5644 πόνων
3072 5594 3252 5643 τούτων
3275 5591 3418 5649 ἀγὼν,
3459 5588 3569 5638 οὐδὲ
3594 5588 3858 5654 φροντίδας,

2250 5660 2269 5700 ί
2299 5661 2397 5723 ,ΑΙλὶμὶ
2422 5661 2568 5723 ἑτέρῳ
2594 5659 2772 5723 μηδενί.

2245 5728 2271 5765 Β
2293 5720 2389 5772 Alii
2412 5719 2647 5778 ἔσωσα,“ἢ
2673 5719 2798 5768 emi
2818 5719 2914 5767 καί.

2244 5784 2276 5825 Ι
2300 5786 2337 5836 Δ
2348 5785 2399 5834 1ίὶ
2421 5785 2503 5839 τὰς
2529 5782 2729 5838 ἀδικίας.
