4050 6160
281 344 390 401 685

279 458 438 522 dare,
467 455 721 512 mulieres
734 469 867 512 vero
896 454 1202 525 negligere:
1231 467 1334 523 qua
1354 452 1407 506 iu
1430 467 1491 508 re
1512 451 1716 522 majore
1739 466 1875 521 opus

279 560 369 607 est
412 547 749 619 providentia
768 586 786 615 ,
817 546 959 618 quod
995 544 1063 600 ad
1093 530 1422 616 peccandum
1449 542 1537 598 hic
1560 557 1722 598 sexus
1752 556 1875 611 pro-

280 642 446 698 clivis
468 640 571 702 sit;
603 638 701 694 sed
739 646 951 707 oportet
986 652 1112 691 eum
1154 636 1242 706 qui
1259 635 1623 705 episcopatum
1650 633 1874 689 sortitus

281 734 392 797 sit,
442 746 628 786 earum
656 727 909 784 curanda:
935 726 1323 791 incolumitati,
1350 728 1396 782 si
1428 741 1532 781 non
1563 725 1820 796 majorem
1853 765 1871 791 ,

278 832 435 878 certe
452 837 631 892 parent
647 818 1060 876 sollicitudinem
1083 817 1409 889 impendere.
1426 816 1657 873 Necesse
1681 816 1877 887 quippe

279 922 367 967 est
390 912 515 966 illas
541 912 773 967 invisere
801 917 1156 981 aegrotantes,
1187 910 1451 965 consolari
1490 908 1762 978 lugentes,
1794 907 1875 961 itt-

278 1017 509 1073 crcpare
556 1001 850 1067 socordes,
904 1002 1094 1071 juvare
1162 1001 1483 1056 laborantes.
1560 1000 1695 1055 Dum
1760 998 1876 1054 haec

278 1110 418 1150 vero
446 1095 601 1161 lium,
620 1094 818 1149 multos
840 1094 1129 1163 adrepeudi
1157 1094 1330 1149 aditus
1351 1094 1583 1149 inveniet
1611 1093 1875 1164 malignus

279 1186 399 1252 ille,
431 1185 535 1240 nisi
564 1185 685 1255 quis
721 1195 977 1240 accurata
1026 1199 1086 1239 se
1129 1184 1372 1239 custodia
1404 1184 1629 1239 muniat.
1661 1184 1872 1237 Etenim

277 1295 393 1333 non
418 1278 705 1348 impudicae
730 1278 924 1345 solum,
947 1277 1042 1333 sed
1065 1277 1268 1347 pudicae
1292 1278 1452 1332 etiam
1485 1276 1721 1331 n'mlieris
1747 1292 1875 1331 ocu-

275 1369 367 1425 lum
394 1369 630 1424 anitum
659 1367 783 1426 ferit
803 1409 815 1433 ,
840 1368 1172 1423 adulationes
1197 1368 1514 1431 emolliunt,
1547 1367 1781 1422 honores
1816 1367 1869 1421 in

274 1462 596 1517 servitutem
647 1462 939 1532 redigunt:
983 1462 1286 1530 caritasque
1318 1459 1562 1524 fervens,
1608 1458 1871 1515 bonorum

274 1566 444 1607 causa
470 1551 732 1616 omnium,
762 1566 865 1606 non
887 1561 1035 1606 recte
1060 1551 1150 1605 illa
1169 1551 1439 1606 utentibus
1459 1551 1719 1606 malorum
1749 1566 1870 1605 etn-

276 1642 432 1698 nium
458 1656 622 1697 causa
667 1641 916 1697 efficitur.
968 1642 1266 1712 Aliquando
1291 1642 1452 1698 etiam
1484 1642 1869 1697 sollicitudines

272 1731 594 1804 tequentes
637 1734 836 1788 mentis
883 1746 1109 1788 acumen
1157 1732 1456 1801 hebetant,
1490 1734 1869 1803 volucremque

273 1824 502 1895 plumbo
526 1824 831 1896 graviorem
846 1825 1096 1881 reddunt.
1110 1825 1351 1896 Denique
1375 1826 1474 1892 ira,
1494 1841 1613 1895 qua:
1628 1826 1864 1880 animum

274 1915 542 1972 invaserit
569 1954 587 1983 ,
639 1914 774 1971 fami
803 1915 972 1971 instar
998 1915 1252 1971 interiora
1280 1916 1490 1973 obtinet
1511 1917 1709 1971 omnia.
1738 1916 1868 1984 Quis

276 2004 498 2061 tandem
550 2005 754 2076 reliqua
800 2015 1078 2062 recenseat
1117 2006 1309 2061 damna
1354 2006 1374 2040 ⁸
1408 2048 1424 2073 ,
1474 2007 1822 2063 ροιιιιιηιθιίιε
1849 2048 1865 2073 ,

278 2099 584 2164 molestias,
615 2100 1000 2170 querimonias,
1029 2110 1142 2155 tum
1169 2099 1469 2171 digniorum
1491 2142 1507 2167 ,
1535 2110 1644 2154 tum
1675 2101 1865 2171 vulga-

272 2177 443 2257 rium',
472 2200 583 2245 tum
606 2190 981 2261 prudentium,
1013 2200 1123 2246 tam
1152 2191 1613 2260 imprudentium?

345 2282 403 2338 9.
434 2279 559 2336 Non
593 2298 705 2336 esse
727 2282 1136 2338 condemnatio:
1163 2283 1298 2354 vulgi
1354 2285 1663 2353 suspiciones
1711 2283 1862 2338 etiam

272 2374 460 2444 falsa.
488 2400 562 2415 --
587 2374 699 2429 Hoc
722 2374 870 2430 enim
899 2375 1130 2430 maxime
1156 2389 1326 2445 genus
1352 2390 1539 2431 eorum
1563 2416 1578 2439 ,
1601 2375 1690 2446 qui
1717 2386 1865 2431 recto

266 2466 440 2523 animi
462 2466 666 2535 judicio
688 2477 899 2532 carent,
926 2466 1161 2537 querelis
1188 2466 1426 2522 deditum
1451 2475 1554 2532 est,
1586 2481 1688 2522 nec
1707 2466 1865 2522 facile

264 2562 678 2616 excusationem
719 2561 970 2616 admittit.
1013 2561 1245 2616 Probum
1281 2575 1412 2617 vero
1459 2561 1751 2616 antistitem
1794 2576 1864 2616 ne

267 2651 375 2709 hos
397 2653 617 2724 quidem
645 2662 990 2709 contemnere
1014 2669 1110 2723 par
1133 2664 1216 2709 est
1238 2695 1253 2721 ,
1293 2652 1391 2710 sed
1412 2653 1550 2724 apud
1577 2668 1765 2709 omnes
1793 2653 1864 2709 de

269 2745 470 2800 oblatis
497 2745 960 2801 criminationibus
1002 2760 1125 2801 sese
1172 2762 1443 2817 purgare,
1493 2747 1655 2817 idque
1693 2747 1862 2802 multa

269 2851 398 2892 cum
422 2838 677 2892 comitate
702 2846 757 2892 et
781 2837 1223 2904 mansuetudine,
1251 2838 1459 2908 iniquas
1479 2839 1655 2909 potius
1682 2838 1860 2893 erimi-

270 2928 519 2982 nationes
543 2928 937 2984 contionantem
959 2970 975 2993 ,
1008 2944 1164 2999 quam
1189 2929 1402 2999 indigne
1430 2938 1484 2984 et
1520 2945 1660 2998 aegre
1679 2929 1861 2984 feren-

271 3028 404 3073 tem.
432 3017 489 3074 Si
518 3019 662 3074 enim
689 3018 880 3074 beatus
901 3018 1096 3074 Paulus
1122 3035 1189 3072 ne
1212 3018 1265 3072 in
1306 3017 1430 3074 furti
1458 3019 1597 3089 apud
1625 3019 1859 3089 discipu-

271 3106 356 3161 los
386 3108 750 3177 suspicionem
799 3108 1005 3164 veniret
1036 3108 1242 3175 tinmit,
1294 3108 1519 3179 ideoque
1544 3119 1600 3164 et
1641 3109 1775 3164 alios
1805 3109 1860 3164 in

271 3197 621 3269 pecuniarum
641 3198 1156 3254 administrationem
1180 3215 1363 3255 secum
1404 3201 1727 3271 assumpsit:
1778 3199 1862 3255 Ne

268 3289 406 3359 quis,
439 3289 632 3359 inquit,
658 3306 749 3344 nos
775 3290 1018 3360 vituperet
1045 3291 1098 3344 in
1125 3290 1222 3344 hac
1246 3291 1557 3361 plenitudine
1585 3331 1599 3357 ,
1629 3307 1740 3361 qua:
1765 3292 1861 3346 mi-

270 3381 522 3435 nistratur
547 3398 580 3436 α
604 3380 746 3435 nobis
766 3380 845 3450 (2.
874 3379 991 3436 Cor.
1012 3381 1066 3437 8.
1091 3381 1221 3447 ἓως
1262 3382 1529 3453 Quomodo
1550 3398 1653 3437 non
1682 3382 1859 3437 omnia

272 3485 306 3525 a
330 3471 486 3527 nobis
515 3472 719 3542 agenda
740 3482 867 3527 sunt
887 3514 904 3537 ,
932 3482 992 3528 ut
1016 3476 1208 3543 pravas
1231 3475 1563 3544 suspiciones
1586 3475 1655 3529 de
1682 3477 1858 3530 medio

272 3564 541 3628 wllamus,
570 3566 670 3621 etsi
702 3565 848 3621 falsae
871 3566 996 3631 illm,
1028 3576 1080 3622 et
1100 3567 1145 3621 si
1171 3567 1415 3621 absurdae
1434 3566 1647 3635 fuerint,
1668 3569 1858 3624 etiam-

268 3654 318 3709 si
336 3655 407 3709 ab
433 3655 828 3711 existimatione
856 3666 1035 3712 nostra
1064 3659 1221 3728 longe
1248 3660 1355 3714 sint
1380 3660 1612 3715 aliente?
1637 3663 1679 3715 A
1708 3662 1857 3717 nullo

268 3746 468 3817 quippe
488 3762 593 3801 nos
614 3757 838 3817 peccato
857 3759 1062 3805 tantum
1090 3752 1342 3806 absumus
1357 3792 1374 3818 ,
1392 3764 1646 3823 quantum
1666 3755 1858 3810 Paulus

269 3852 303 3891 a
349 3836 526 3893 furto:
558 3847 795 3894 attamen
845 3856 964 3895 eum
998 3857 1034 3895 ι
1078 3857 1240 3911 pravo
1285 3842 1585 3913 hujusmodi
1619 3845 1856 3902 facinore

226 3964 231 3967 -
269 3926 406 3983 adeo
431 3938 669 3986 remotus
694 3938 875 3998 esset,
918 3947 989 3985 ne
1027 3932 1104 3988 sic
1130 3933 1341 4003 quidem
1369 3937 1652 3992 multorum
1675 3938 1854 4007 suspi-

260 4019 479 4075 cionem
529 4020 809 4089 neglexit,
859 4024 1069 4079 etiamsi
1121 4025 1405 4081 admodum
1432 4029 1665 4098 iniquam
1691 4040 1852 4101 atque

270 4109 539 4167 insanam.
568 4111 773 4169 Insania
801 4114 943 4169 enim
966 4114 1154 4171 fuisset
1182 4118 1285 4172 tale
1309 4119 1576 4188 quidpiam
1596 4122 1853 4192 suspicari

264 4198 335 4261 de
358 4200 519 4260 beato
541 4201 640 4259 illo
665 4212 721 4259 et
748 4203 1058 4260 admirando
1078 4208 1258 4275 mpite
1282 4210 1307 4241 ³
1339 4226 1352 4263 :
1391 4210 1736 4267 nihilominus
1764 4223 1847 4268 ta-

266 4305 392 4353 mea
423 4292 514 4348 ille
556 4293 880 4364 suspicionis
915 4305 1023 4350 tam
1060 4297 1306 4352 absurdae
1336 4340 1350 4365 ,
1395 4316 1514 4371 qua:
1556 4304 1766 4358 nonnisi
1794 4305 1847 4359 in

271 4383 459 4444 furiosi
476 4386 779 4456 cujuspiatn
810 4396 1045 4444 mentem
1069 4391 1250 4446 venire
1277 4401 1514 4461 poterat,
1542 4397 1852 4453 occasiones

265 4475 360 4531 diu
380 4486 509 4537 ante
525 4479 679 4534 tellit:
694 4495 871 4548 aeijne
894 4496 1025 4537 vero
1050 4484 1190 4553 vulgi
1217 4488 1541 4556 contempsit
1565 4488 1847 4557 insaniam,

269 4585 445 4642 neque
472 4571 646 4628 dixit:
671 4572 768 4629 Cui
797 4590 1044 4644 umquam
1074 4577 1126 4630 in
1159 4588 1392 4633 mentem
1418 4580 1594 4635 veniat
1635 4582 1754 4636 talia
1784 4582 1853 4639 de

267 4663 422 4719 nobis
451 4664 743 4734 suspicari,
773 4666 985 4736 quando
1009 4668 1243 4724 universi
1271 4684 1370 4725 nos
1394 4681 1504 4724 tum
1523 4686 1551 4724 a
1567 4673 1730 4743 signis
1752 4673 1853 4727 mi-

268 4754 569 4825 raculisque
599 4796 617 4820 ,
648 4765 761 4811 tum
788 4771 817 4810 a
844 4758 1106 4827 probitate
1152 4760 1275 4821 vitae
1318 4760 1509 4816 honori
1539 4771 1594 4817 et
1619 4763 1854 4819 admira-

270 4846 404 4902 tioni
430 4846 678 4904 habent?
702 4849 795 4905 sed
822 4860 1005 4906 contra
1032 4851 1124 4908 ille
1176 4862 1233 4908 et
1274 4854 1580 4923 suspicatus
1605 4866 1688 4911 est
1728 4857 1751 4889 ⁸
1797 4868 1851 4914 et

266 4937 602 5005 exspectavit
632 4936 770 4995 hanc
798 4941 913 4996 fore
940 4943 1133 4996 malam
1160 4945 1539 5013 suspicionem,
1580 4956 1635 5002 et
1661 4948 1852 5005 radici-

267 5034 352 5082 tus
379 5026 528 5082 illam
554 5029 783 5095 avulsit;
817 5035 925 5085 imo
953 5033 1128 5101 potius
1153 5034 1297 5089 illam
1330 5051 1397 5091 ne
1416 5039 1613 5093 exoriri
1634 5041 1849 5110 quidem

264 5133 456 5187 passus
481 5128 585 5176 est.
607 5120 786 5188 Quare
804 5124 829 5176 ?
858 5124 1189 5181 Providemus
1213 5168 1229 5192 ,
1273 5127 1444 5199 inquit
1474 5172 1490 5194 ,
1522 5130 1654 5185 bona
1684 5174 1699 5200 ,
1746 5150 1847 5189 non

265 5221 465 5267 tantum
500 5229 675 5269 coram
718 5214 938 5270 Domino
970 5259 986 5283 ,
1016 5217 1107 5273 sed
1140 5220 1291 5272 etiam
1346 5237 1517 5277 coram
1565 5223 1849 5281 hominibus

267 5301 442 5373 (llam.
478 5303 566 5360 12.
601 5305 692 5377 l7)
745 5305 971 5362 Tantum
997 5308 1233 5376 scilicet,
1278 5311 1386 5367 imo
1428 5314 1598 5384 majus
1637 5325 1850 5387 oportet

311 5501 343 5573 ,ν
381 5502 724 5575 Ριζουνρτὶιιβη
746 5503 860 5575 ouis
900 5503 1096 5555 tandem
1136 5505 1325 5569 reliqua
1355 5517 1607 5575 recenseat
1647 5513 1845 5575 damna,

263 5560 443 5673 ἓιᾶᾳέἲοξ
477 5569 609 5625 Mss,
632 5560 965 5628 Quis'dttmna,
997 5579 1107 5630 quae
1141 5581 1206 5619 ea:
1242 5560 1546 5634 egritudine

323 5662 611 5753 Elissam.
637 5685 817 5753 etualii;
850 5688 1036 5753 March,
1059 5690 1348 5745 admiranda
1368 5695 1543 5747 intima.

326 5748 345 5780 ⁸
378 5748 462 5799 ΑΙὶὶ
500 5747 755 5809 ννσυὲαἱι.

1462 337 1549 394 DE
1585 333 2034 397 SACERDO'HO.
2078 337 2208 394 LIB.
2248 338 2338 395 Vl.

3462 348 3571 406 656

1986 451 2222 507 studium
2251 451 2507 510 adhibere
2530 495 2544 520 ,
2569 462 2627 509 ut
2651 469 2757 509 non
2784 455 2944 512 modo
2973 459 3165 513 malam
3187 456 3459 514 subortam
3490 463 3569 517 fa-

1985 558 2129 598 mam
2169 558 2445 599 arceamus
2470 585 2485 610 ,
2529 545 2623 599 sed
2650 546 2810 600 etiam
2840 555 2898 600 ut
2924 548 3106 617 procul
3138 549 3522 617 prospiciainus
3550 592 3566 613 ,

1988 637 2127 691 unde
2153 651 2214 691 ea
2244 638 2371 692 oriri
2392 639 2559 707 possit
2585 655 2598 690 :
2626 648 2678 693 ct
2696 640 3004 695 occasiones
3026 641 3398 709 praesciudere,
3425 641 3569 698 unde

1984 744 2047 784 ca
2078 730 2346 795 nascitur,
2388 745 2560 799 neque
2597 744 2912 800 exSpectare
2938 733 3063 786 dum
3086 733 3484 803 percrebrescat
3512 742 3568 790 et

1984 820 2038 875 in
2063 820 2202 890 vulgi
2233 836 2325 875 ore
2351 830 2611 876 versetur.
2657 821 2804 876 'l‘uuc
2837 826 2979 879 enim
3011 838 3116 878 non
3157 823 3311 879 facile
3338 835 3419 879 est
3444 839 3563 880 eam

1983 911 2194 976 delere,
2246 913 2354 966 imo
2398 913 2687 968 admodum
2712 913 2931 970 difficile
2950 955 2968 982 ,
2998 914 3241 986 forteque
3268 915 3415 971 nulla
3446 925 3563 971 arte

1985 1002 2097 1057 ﬁeri
2128 1005 2294 1073 possit
2312 1021 2327 1066 ;
2357 1018 2529 1074 neque
2543 1004 2778 1073 periculo
2793 1015 2961 1068 vacat,
2981 1022 3046 1061 ne
3063 1006 3348 1062 multorum
3366 1007 3563 1061 damno

1984 1102 2109 1149 tunc
2134 1096 2242 1149 tlat.
2271 1095 2373 1149 Sed
2403 1111 2681 1166 quousque
2713 1096 2926 1151 tandem
2952 1097 3276 1153 immorabor
3300 1099 3353 1153 in
3384 1114 3564 1167 perse-

1981 1185 2206 1255 quendis
2224 1186 2307 1254 iis,
2331 1202 2448 1256 quae
2468 1188 2679 1257 assequi
2699 1188 2915 1244 minime
2936 1190 3133 1258 possim
3155 1190 3179 1244 ?
3203 1206 3327 1246 nam
3348 1206 3558 1254 omnes,

1980 1291 2099 1346 qua:
2137 1277 2245 1331 illic
2284 1288 2610 1343 occurrunt,
2659 1279 3001 1334 difﬁcultates
3049 1295 3332 1336 recensere
3364 1322 3379 1347 ,
3428 1282 3560 1335 nihil

1977 1368 2119 1423 aliud
2178 1368 2378 1435 fuerit,
2426 1385 2584 1437 quam
2637 1370 2854 1440 pelagus
2906 1371 3078 1440 ipsum
3126 1372 3379 1427 dimetiri.
3426 1372 3559 1428 Nam

1952 1458 2188 1521 (etiamsi
2227 1459 2346 1529 quis
2373 1458 2441 1514 ab
2479 1460 2622 1514 omni
2650 1461 2812 1515 animi
2840 1461 3153 1531 {egritudine
3195 1477 3356 1531 purus
3381 1470 3556 1527 esset,

1977 1551 2119 1622 quod
2147 1553 2365 1607 minime
2396 1552 2507 1607 fieri
2532 1562 2725 1623 potest,
2746 1563 2804 1608 ut
2831 1554 3055 1610 aliorum
3083 1554 3274 1610 delicta
3304 1557 3555 1625 corrigat,

1978 1644 2255 1699 innumera
2278 1645 2386 1715 pati
2413 1646 2619 1713 cogitur
2644 1646 2801 1700 mala.
2825 1646 3029 1713 Quibus
3053 1646 3096 1701 si
3120 1647 3285 1701 addas
3314 1648 3559 1718 proprias

1975 1734 2360 1804 mgritudiucs,
2416 1735 2537 1789 vide
2584 1735 2713 1790 mihi
2761 1735 3001 1790 laborum
3038 1736 3558 1806 sollicitudiuumqne

1974 1825 2222 1896 abyssum
2249 1825 2516 1895 ingentem
2549 1866 2565 1891 ,
2610 1836 2666 1881 et
2696 1836 2893 1896 quanta
2918 1826 3136 1882 ferenda
3164 1829 3272 1883 sint
3311 1829 3362 1882 in
3393 1844 3555 1898 supe-

1974 1918 2159 1972 randis
2187 1918 2412 1989 propriis
2432 1919 2728 1989 alienisque
2756 1920 2917 1973 vitiis.

2048 2010 2133 2065 l0.
2163 2009 2283 2065 Non
2309 2010 2479 2081 magni
2506 2026 2613 2065 esse
2640 2011 2824 2081 negotii
2843 2012 3063 2080 seith
3085 2026 3302 2066 seruare.
3323 2039 3394 2053 --
3419 2011 3554 2066 Tum

1972 2100 2299 2157 BASILIUS.
2331 2101 2484 2156 Nunc
2508 2117 2657 2165 vero,
2683 2102 2870 2172 inquit,
2902 2102 3102 2156 nullum
3128 2101 3222 2157 tibi
3252 2102 3441 2156 horum
3468 2103 3552 2157 la-

1869 2180 1884 2270 ξ
1970 2192 2157 2249 bormn
2185 2203 2491 2257 certamen;
2523 2199 2578 2247 et
2610 2193 2755 2248 curis
2775 2209 2967 2260 vacas,
3012 2194 3139 2248 dum
3182 2204 3353 2249 tecum
3391 2194 3550 2250 vivis.

1968 2282 2341 2339 CllRYSOST.
2364 2282 2571 2339 Adsunt
2594 2293 2653 2338 et
2679 2299 2822 2340 nunc
2846 2299 3007 2347 curae,
3034 2285 3267 2355 inquam.
3291 2285 3389 2353 Qui
3408 2285 3553 2340 enim

1970 2374 2082 2429 fieri
2113 2383 2286 2444 potest
2314 2374 2583 2429 hominem
2614 2374 2754 2430 hanc
2782 2390 3142 2430 mrumnosam
3169 2376 3330 2429 vitam
3352 2374 3553 2429 ducen-

1973 2473 2080 2520 tem
2102 2466 2244 2519 curis
2265 2466 2630 2535 angustiisque
2645 2466 2873 2521 vacare?
2897 2465 3090 2520 Verum
3115 2481 3218 2521 non
3240 2466 3377 2519 idem
3400 2466 3552 2521 labor

1966 2564 2070 2623 est,
2116 2557 2435 2611 immensum
2480 2557 2532 2611 in
2576 2557 2794 2629 pelagus
2831 2557 3086 2623 incidere,
3116 2566 3171 2611 et
3201 2555 3397 2611 flumen
3443 2565 3551 2612 tra-

1961 2648 2167 2717 jicere:
2195 2662 2292 2717 par
2315 2648 2514 2718 quippe
2540 2658 2624 2703 est
2662 2649 2800 2703 inter
2824 2649 2920 2703 has
2961 2657 3018 2703 rt
3058 2648 3177 2704 illas
3203 2664 3359 2703 curas
3390 2650 3552 2703 inter.

1965 2738 2186 2793 vallum.
2235 2738 2492 2809 Equidem
2537 2740 2581 2793 si
2633 2754 2846 2810 possem
2892 2740 3116 2795 aliorum
3161 2741 3364 2796 servire
3403 2755 3551 2796 eom-

1962 2828 2163 2894 modis,
2198 2829 2248 2883 id
2278 2830 2467 2884 vellem
2491 2845 2555 2885 ac
2580 2830 2761 2885 multis
2781 2832 2918 2885 votis
2938 2841 3245 2901 exoptarem
3272 2849 3286 2886 :
3314 2833 3393 2885 sin
3417 2831 3551 2886 alios

1959 2919 2149 2990 jnvare
2187 2936 2293 2975 non
2323 2923 2544 2991 possim,
2572 2933 2626 2976 at
2656 2922 2788 2977 mihi
2822 2933 2968 2978 certe
2995 2924 3125 2979 satis
3153 2938 3273 2980 esse
3315 2924 3547 2994 putabo,

1962 3012 2007 3065 si
2036 3026 2120 3065 me
2147 3026 2364 3067 servare
2391 3021 2445 3066 et
2469 3027 2533 3067 ex
2564 3011 2811 3068 fluctibus
2830 3028 3019 3069 eruere
3045 3015 3265 3082 possim.
3294 3014 3548 3080 l'utasue,

1964 3102 2135 3172 inquit
2164 3102 2489 3168 BASILIUS,
2519 3112 2570 3159 te
2588 3104 2813 3159 salutem
2833 3107 3085 3176 consequi
3109 3121 3285 3174 posse,
3305 3108 3392 3176 qui
3419 3107 3548 3161 alio—

1963 3210 2080 3249 rum
2124 3195 2389 3250 neminem
2431 3196 2535 3251 ulla
2578 3197 2630 3251 iu
2679 3212 2738 3252 re
2770 3196 3413 3267 juveris‘lCllRYSOST.
3442 3201 3549 3270 Op-

1963 3287 2112 3353 time,
2131 3288 2366 3356 inquam,
2393 3286 2607 3343 dixisti:
2632 3303 2805 3358 neque
2831 3290 2975 3343 enim
3002 3289 3054 3344 id
3074 3289 3295 3347 credere
3320 3292 3545 3356 valeam,

1961 3394 2121 3448 posse
2155 3379 2458 3449 quempiam
2506 3380 2734 3435 salutem
2764 3380 3042 3449 consequi,
3083 3382 3173 3451 qui
3215 3381 3281 3436 ad
3321 3383 3547 3451 proximi

1960 3474 2042 3527 sui
2066 3473 2288 3528 salutem
2317 3474 2449 3529 nihil
2477 3489 2729 3544 umquam
2759 3475 2949 3544 egerit.
2977 3473 3092 3529 Non
3119 3476 3263 3530 enim
3291 3477 3545 3531 miserum

1962 3564 2111 3639 illum
2144 3564 2317 3633 juvit,
2362 3564 2503 3634 quod
2549 3564 2806 3619 talentum
2857 3580 2963 3620 non
3017 3565 3296 3621 minuisset
3328 3565 3544 3636 (Matth.

1959 3655 2049 3711 25.
2081 3656 2202 3727 24);
2231 3656 2340 3710 imo
2368 3668 2421 3711 et
2448 3655 2679 3725 perdidit
2699 3655 2859 3722 illud,
2890 3655 3034 3726 quod
3067 3672 3172 3711 non
3200 3660 3456 3720 auxisset,
3483 3671 3548 3712 ac

1958 3750 2176 3818 duplum
2220 3757 2563 3818 reportasset.
2611 3747 2991 3803 Verumtamen
3037 3747 3163 3802 mihi
3215 3748 3383 3802 levius
3431 3747 3545 3803 fore

1957 3841 2275 3912 supplicium
2329 3842 2576 3895 existimo
2595 3883 2610 3908 ,
2637 3856 2756 3895 eum
2782 3841 3074 3896 accusabor
3098 3839 3244 3910 quod
3274 3855 3379 3895 non
3408 3841 3545 3895 alio-

1958 3949 2076 3988 rum
2102 3934 2329 3988 salutem
2349 3934 2698 4001 procurarim,
2726 3948 2885 4001 quam
2904 3932 2951 3987 si
2979 3940 3035 3987 et
3054 3932 3189 3986 alios
3204 3941 3257 3986 et
3278 3933 3543 4001 mcipsum

1957 4023 2330 4093 perdidissem,
2354 4024 2520 4077 multo
2557 4023 2792 4078 deterior
2822 4022 3043 4078 edoctus
3071 4032 3193 4092 post
3219 4031 3422 4077 tantum
3452 4036 3545 4076 su-

1956 4123 2195 4182 sceptum
2221 4113 2499 4168 honorem.
2515 4112 2664 4168 Nunc
2685 4114 2826 4167 enim
2856 4123 3058 4167 tantum
3081 4111 3211 4166 mihi
3237 4111 3399 4167 credo
3426 4111 3544 4167 fore

1955 4206 2291 4275 supplicium,
2311 4215 2566 4275 quantum
2590 4214 2926 4274 peccatorum
2949 4203 3257 4275 magnitudo
3274 4204 3537 4273 postulat;

1954 4305 2237 4366 postquam
2262 4306 2439 4351 autem
2464 4295 2837 4366 praefecturam
2860 4296 2999 4350 hanc
3023 4295 3402 4363 suscepissem,
3431 4310 3539 4348 non

1953 4388 2173 4457 duplum
2207 4387 2366 4442 modo
2413 4387 2721 4457 triplumve,
2763 4385 2858 4442 sed
2889 4386 3196 4456 multiplex,
3228 4385 3370 4455 quod
3414 4386 3538 4455 plu-

1955 4479 2103 4533 ribus
2128 4477 2451 4533 oll‘eudiculo
2476 4477 2695 4533 fuissem
2714 4518 2729 4543 ,
2756 4477 3007 4547 quodque
3028 4476 3288 4547 majorem
3311 4477 3539 4548 adeptus

1952 4569 2264 4641 dignitatem
2293 4570 2460 4625 Deum
2485 4586 2572 4626 me
2597 4570 2947 4625 honorantem
2976 4568 3338 4625 offendissem.

2024 4663 2112 4717 ll.
2135 4660 2424 4716 Graviorem
2446 4677 2643 4731 poenam
2665 4676 2866 4715 manere
2888 4668 3092 4731 peccata
3116 4661 3451 4715 sacerdotum.
3468 4689 3540 4703 -—-

1953 4754 2290 4824 Quapropter
2315 4753 2583 4809 lsraclitas
2608 4754 2975 4809 vehementius
3015 4767 3296 4819 accusans,
3322 4767 3388 4807 eo
3415 4752 3538 4808 illos

1952 4844 2156 4913 majore
2177 4842 2367 4914 dignos
2389 4844 2652 4914 supplicio
2672 4843 2915 4908 exhibet,
2946 4842 3087 4912 quod
3113 4852 3231 4913 post
3252 4843 3445 4895 multos
3469 4842 3538 4896 ab

1951 4948 2011 4990 se
2036 4944 2316 5004 susceptos
2344 4935 2576 4991 honores
2603 4945 2937 5005 peccassent,
2969 4934 3127 4989 modo
3161 4933 3346 4988 dicens
3378 4950 3392 4986 :
3435 4931 3531 4987 Ve-

1951 5034 2232 5079 rumtamen
2263 5041 2350 5080 vos
2377 5026 2492 5081 novi
2524 5042 2588 5080 ea:
2623 5027 2852 5080 omnibus
2888 5025 3115 5079 tribubus
3153 5034 3300 5079 terra:
3323 5039 3342 5076 :
3383 5040 3537 5092 prop-

1961 5128 2096 5173 terea
2115 5117 2377 5172 vindicabo
2393 5134 2547 5189 super
2560 5134 2645 5174 vos
2658 5118 2939 5188 impietate:
2956 5123 2971 5149 ³
2989 5127 3177 5170 vestras
3190 5116 3365 5186 (Amos
3383 5115 3435 5169 3.
3452 5113 3530 5183 εὶς

1951 5210 2113 5265 modo
2137 5220 2314 5265 autem
2341 5228 2355 5266 :
2382 5211 2563 5281 Accepi
2585 5227 2648 5265 ea:
2674 5211 2795 5281 ﬁliis
2814 5212 2988 5265 vestris
3010 5210 3062 5263 in
3084 5209 3385 5279 prophetas,
3404 5218 3450 5260 et
3473 5224 3535 5261 ex

1942 5301 2208 5371 juvenibus
2250 5303 2425 5356 uestris
2463 5304 2520 5355 in
2554 5303 3000 5371 sancti/irationem
3038 5300 3148 5371 (Id.
3193 5301 3247 5354 2.
3298 5299 3407 5369 ll).
3463 5298 3533 5355 Et

1950 5401 2077 5448 ante
2115 5393 2492 5464 prophetarum
2536 5403 2777 5464 tempora
2820 5409 2943 5449 cum
2978 5393 3048 5450 de
3086 5393 3362 5448 sacrificiis
3403 5407 3530 5463 age-

1950 5496 2101 5542 retur
2138 5486 2422 5541 ostendere
2463 5487 2683 5553 volcus,
2735 5496 2950 5556 peccata
2993 5487 3147 5557 longe
3183 5486 3369 5556 majori
3406 5501 3531 5555 sup-

1950 5577 2111 5649 plicio
2156 5576 2399 5647 expiari,
2441 5591 2562 5633 cum
2602 5592 2634 5633 a
2677 5577 3078 5643 sacerdotibus,
3128 5593 3285 5648 quam
3332 5593 3452 5633 cum
3495 5593 3525 5631 ει

2014 5760 2031 5792 ι
2069 5756 2173 5819 Alli,
2192 5753 2464 5821 injustt'tias.
