4050 6160
492 364 597 420 687

492 474 710 546 privatis
735 480 1108 546 perpetrantur
1127 510 1140 535 ,
1175 467 1415 538 prmcipit
1446 473 1648 518 tantum
1694 477 1788 532 pro
1819 459 2070 517 sacerdo-

496 569 635 620 tibus
664 563 844 617 oll‘erri
878 561 1194 617 saerilicium
1219 601 1232 620 ,
1274 565 1527 626 quantum
1560 569 1654 626 pro
1695 553 1944 606 universo
1976 566 2070 619 po—

491 660 616 727 pulo
641 656 822 730 (Leuit.
869 655 921 708 4.
950 655 1001 708 5.
1045 651 1154 720 14).
1199 649 1349 718 Quod
1394 647 1528 701 nihil
1571 644 1839 714 signiﬁcat
1884 641 2067 708 aliud,

491 764 650 818 quam
697 744 991 800 sacerdotis
1033 743 1246 795 vulnera
1297 738 1497 807 majore
1546 734 1746 789 auxilio
1795 733 2097 818 indigeret

491 852 648 912 atque
679 849 854 900 tanta,
883 844 1080 906 quanto
1117 833 1401 902 conjuncta
1431 829 1591 884 simul
1619 827 1851 882 universi
1889 825 2070 894 pepuli

493 935 711 988 vulnera
759 929 993 997 indigent
1047 944 1059 978 :
1111 939 1270 994 porro
1315 921 1504 988 majori
1553 932 1887 988 nequaquam
1937 915 2073 968 indi-

489 1032 696 1095 gerent,
721 1021 822 1074 nisi
844 1018 1084 1090 graviora
1110 1022 1290 1070 essent
1316 1031 1328 1066 :
1352 1012 1595 1082 graviora
1619 1017 1795 1063 autem
1820 1015 1944 1061 sunt
1966 1022 2071 1060 non

495 1129 680 1169 natura
707 1127 825 1177 sua,
853 1110 947 1164 sed
975 1109 1227 1178 dignitate
1247 1103 1538 1161 sacerdotis
1557 1101 1644 1154 illa
1670 1099 1948 1153 admittere
1973 1113 2071 1151 au-

489 1205 668 1259 dentis
694 1201 805 1272 (ld.
845 1201 934 1254 2|.
980 1199 1056 1268 9).
1087 1197 1153 1250 Et
1181 1194 1306 1266 quid
1339 1193 1526 1263 loquor
1575 1191 1643 1246 de
1691 1190 1817 1244 viris
1845 1189 1944 1243 hoc
1971 1189 2072 1242 mi-

491 1295 768 1350 nisterium
801 1286 1282 1360 pertractantibus?
1309 1284 1442 1351 Nam
1474 1292 1529 1337 et
1554 1281 1888 1338 sacerdotum
1917 1280 2062 1346 filia),

490 1385 682 1455 quibus
723 1383 854 1437 nihil
879 1396 999 1436 cum
1029 1376 1329 1434 sacerdotio
1362 1387 1667 1438 commune,
1718 1380 1933 1449 propter
1985 1385 2078 1439 pa-

495 1489 699 1532 ternam
729 1485 907 1529 tamen
943 1472 1250 1542 dignitatem
1275 1477 1614 1540 peccatorum
1645 1479 1861 1519 suorum
1907 1464 2075 1517 multo

491 1566 820 1621 acerbiorem
849 1578 1057 1632 pmnam
1087 1561 1314 1614 subeunt
1347 1557 1520 1631 (Deut.
1543 1554 1655 1625 9:2).
1686 1557 1764 1608 At:
1791 1564 2074 1623 peccatum

492 1657 704 1727 quidem
727 1671 911 1712 earum
939 1667 1170 1724 peccatis
1191 1653 1416 1706 aliarum
1437 1665 1502 1705 ex
1527 1648 1744 1718 privatis
1765 1646 2076 1716 parentibus

494 1758 872 1820 prognatarum
925 1763 1020 1817 par
1073 1755 1125 1800 et
1173 1743 1378 1813 aequale
1431 1751 1514 1796 est
1557 1759 1570 1795 :
1622 1757 1744 1795 nam
1793 1739 2076 1795 fornicatio

491 1843 758 1912 utrimque
784 1849 866 1895 est
892 1857 905 1892 :
937 1838 1031 1893 sed
1057 1836 1372 1906 supplicium
1400 1835 1555 1903 longe
1583 1833 1816 1902 gravius.

563 1932 650 1985 12.
692 1929 952 2000 Exemplis
992 1926 1232 1998 probatur
1270 1925 1546 1980 timendum
1583 1933 1629 1977 et
1674 1922 1947 1978 dolendum
1975 1938 2080 1976 esse

491 2021 757 2077 sacerdoti.
793 2048 870 2060 —
919 2017 1105 2073 Viden‘
1150 2032 1308 2086 quam
1358 2014 1569 2069 abunde
1613 2013 1853 2068 declaret
1896 2012 2075 2078 Deus,

492 2115 648 2182 longe
695 2113 952 2180 majorem
991 2124 1050 2164 se
1091 2122 1304 2178 poenam
1330 2123 1361 2162 a
1390 2107 1629 2177 principe
1650 2147 1664 2172 ,
1699 2120 1860 2175 quam
1886 2119 1914 2156 a
1947 2104 2078 2158 sub-

491 2205 617 2258 ditis
645 2203 969 2272 exposcere?
997 2201 1176 2270 Neque
1204 2199 1344 2253 enim
1373 2198 1464 2267 qui
1509 2199 1558 2250 in
1591 2196 1887 2252 sacerdotis
1913 2195 2073 2249 filiam

496 2295 662 2364 patris
702 2309 862 2347 causa
903 2292 1148 2362 gravius,
1191 2305 1349 2360 quam
1398 2289 1454 2344 in
1497 2289 1630 2342 alias
1678 2286 2074 2353 animadvertit,

494 2401 651 2448 cum,
685 2383 773 2453 qui
818 2384 892 2438 illi
939 2381 1358 2436 additamentum
1412 2394 1584 2449 pmnze
1632 2389 1912 2448 procurat,
1966 2376 2078 2448 pari

491 2493 612 2532 cum
655 2477 776 2529 aliis
805 2490 958 2544 paena
1007 2473 1224 2543 plectet,
1255 2471 1349 2526 sed
1393 2471 1558 2525 multo
1598 2471 1844 2539 graviore
1877 2487 1889 2522 ε
1921 2469 2079 2539 idque

492 2570 610 2639 jure
636 2583 702 2623 ac
729 2567 939 2622 merito.
972 2565 1085 2619 Non
1110 2565 1251 2618 enim
1280 2563 1532 2616 damnum
1574 2563 1625 2616 in
1655 2563 1770 2632 ipso
1805 2561 1921 2615 solo
1946 2576 2077 2614 con-

493 2663 654 2724 sistit,
678 2661 770 2715 sed
795 2659 954 2714 etiam
980 2658 1354 2722 iufirmiorum,
1380 2656 1468 2726 qui
1493 2657 1545 2708 in
1569 2655 1742 2724 ipsum
1767 2653 2076 2722 respiciunt,

495 2755 705 2805 animos
730 2751 931 2820 dejicit.
965 2749 1077 2803 Hoc
1111 2749 1282 2816 ipsum
1327 2747 1519 2802 docere
1548 2747 1565 2778 ί
1593 2761 1713 2800 cum
1756 2744 1919 2798 Vellet
1948 2744 2080 2797 Eze-

494 2845 631 2898 chiel
654 2884 669 2906 ,
701 2843 897 2896 arietes
937 2841 1004 2895 ab
1030 2841 1217 2893 ovibus
1253 2840 1510 2894 discernit
1550 2839 1600 2892 in
1627 2837 1826 2905 judicio
1866 2834 2076 2906 (Ezech.

502 2940 590 2995 5i.
631 2936 741 3006 Π).
784 2936 864 2988 An
894 2934 984 2988 tibi
1015 2948 1156 2988 nunc
1195 2933 1438 2986 videmur
1463 2933 1584 3000 jure
1632 2929 1909 2984 timuisse?
1939 2929 2072 2983 Nam
2134 2950 2138 2953 ·

499 3040 694 3099 pr:eter
723 3028 830 3090 illa,
861 3041 979 3095 quae
1009 3025 1147 3078 dicta
1170 3031 1312 3089 sunt,
1342 3037 1663 3092 quamquam
1689 3021 1910 3074 multum
1942 3033 2082 3074 nunc

497 3123 732 3176 laborem
755 3118 936 3172 subire
957 3124 1187 3186 oportet,
1210 3130 1274 3169 ne
1302 3115 1369 3168 ab
1391 3113 1551 3167 animi
1574 3112 1849 3167 affectibus
1865 3110 2082 3164 omnino

497 3222 836 3284 prosternar,
870 3219 1105 3264 attamen
1134 3207 1368 3262 laborem
1395 3206 1651 3275 suscipio,
1682 3220 1781 3259 nec
1806 3214 2079 3258 certamen

497 3300 848 3370 subterfugio.
891 3299 1100 3353 Etenim
1129 3313 1158 3350 a
1198 3311 1328 3350 vana
1371 3296 1585 3366 quidem
1624 3295 1791 3365 gloria
1829 3309 1968 3348 nunc
1992 3308 2082 3346 ca-

501 3396 644 3464 pior;
673 3403 909 3446 attamen
953 3405 1096 3459 smpe
1135 3388 1423 3458 resipisco,
1454 3395 1509 3442 et
1547 3403 1632 3441 me
1671 3396 1882 3456 captum
1920 3386 2082 3440 fuisse

499 3488 691 3541 video:
732 3483 998 3538 interdum
1041 3497 1166 3535 vero
1207 3481 1258 3534 in
1295 3480 1606 3533 servitutem
1655 3478 1928 3534 reduetum
1968 3478 2083 3530 ani-

502 3596 646 3634 llltlltl
672 3579 908 3645 increpo.
941 3573 1201 3628 Absurda:
1227 3572 1502 3643 cupidines
1529 3587 1616 3626 me
1645 3572 1809 3626 etiam
1836 3585 1976 3625 nunc
2005 3571 2084 3625 in-

497 3675 737 3730 cessunt,
783 3666 877 3720 sed
917 3680 1033 3736 qua:
1063 3665 1426 3718 remissiorem
1454 3662 1724 3717 flammam
1765 3664 2079 3727 accendant,

496 3759 640 3830 quod
667 3757 904 3812 externis
927 3755 1095 3810 oculis
1123 3755 1344 3808 materia
1371 3755 1514 3808 nulla
1537 3755 1642 3823 igni
1667 3760 1788 3821 apta
1811 3763 2080 3822 suppetat.

502 3854 541 3904 Α
577 3849 980 3904 maledictorum
1011 3845 1205 3916 probro
1234 3854 1288 3900 et
1316 3845 1497 3899 auditu
1527 3859 1749 3914 prorsus
1777 3858 1929 3908 vaco,
1961 3858 2084 3898 cum

503 3943 654 4010 nulli,
687 3942 778 4012 qui
805 3957 890 3995 me
914 3941 1271 4009 alloquantur,
1297 3937 1477 3992 adsint
1501 3955 1513 3990 :
1545 3952 1716 4006 neque
1742 3937 1883 3991 enim
1916 3936 1971 3990 hi
1995 3952 2085 4005 pa-

504 4036 667 4088 rietes
711 4033 955 4087 emittere
992 4045 1174 4085 vocem
1205 4039 1421 4099 queant.
1451 4027 1555 4084 Sed
1596 4043 1695 4082 nec
1723 4027 1791 4081 ab
1839 4027 1916 4081 ira
1946 4036 2084 4082 tem-

503 4141 692 4196 perare
733 4138 974 4194 possum,
1005 4121 1216 4176 etiamsi
1261 4120 1437 4174 nullus
1465 4117 1604 4172 adsit
1639 4119 1727 4186 qui
1757 4125 2038 4186 exasperet
2068 4134 2083 4173 :

502 4215 802 4284 iniquorum
855 4212 1051 4282 quippe
1097 4211 1333 4264 virorum
1389 4208 1731 4277 ipsorumque
1784 4205 2079 4261 facinorum

423 4372 428 4376 _
503 4304 760 4360 memoria
785 4303 1023 4356 animum
1070 4300 1202 4354 mihi
1231 4301 1586 4354 intumescere
1627 4297 1784 4364 facit;
1823 4313 2008 4352 verum
2034 4297 2086 4353 id

501 4413 607 4451 non
639 4411 809 4466 usque
850 4396 902 4449 in
944 4397 1105 4448 linem
1135 4411 1148 4447 :
1181 4393 1360 4446 statim
1405 4392 1548 4446 enim
1592 4391 1764 4460 ipsum
1810 4389 2085 4444 ardentem
2167 4404 2175 4413 ί

497 4487 915 4556 compescimus,
940 4495 994 4540 et
1013 4484 1079 4537 ad
1097 4484 1477 4554 quiescendum
1505 4482 1836 4546 deducimus,
1865 4482 1915 4534 in
1935 4480 2088 4536 nobis

506 4580 636 4649 ipsis
681 4578 957 4639 dicentes,
1025 4577 1311 4631 admodum
1366 4576 1623 4630 insulsum
1665 4577 1685 4606 ²
1730 4585 2089 4645 extremaque

505 4669 735 4724 miseria:
757 4682 899 4730 esse,
933 4665 1057 4719 dum
1086 4675 1266 4721 nostra
1293 4665 1587 4719 omittimus
1618 4665 1778 4731 mala,
1808 4665 1875 4718 de
1898 4664 2088 4720 alienis

505 4772 614 4816 tam
631 4759 871 4814 curiosos
892 4772 1030 4812 esse.
1055 4757 1251 4810 Verum
1281 4757 1324 4810 si
1355 4757 1420 4810 ad
1445 4755 1650 4810 turbam
1680 4771 1766 4810 me
1792 4754 2085 4823 conferam,

507 4851 907 4919 innumerisque
931 4848 1240 4902 tumultibus
1258 4847 1630 4917 occuper,jam
1654 4864 1760 4901 non
1786 4847 2090 4918 hnjnsmodi

505 4942 869 5000 admonitione
910 4938 1103 5008 perfrui
1137 4950 1343 5008 potero,
1387 4955 1558 5009 neque
1582 4941 1930 5010 cogitationes
1970 4944 2088 4997 illas

508 5052 594 5090 me
625 5034 788 5103 probe
821 5033 1162 5085 iristitucntes
1188 5032 1426 5098 reperire
1458 5048 1470 5082 :
1517 5029 1610 5084 sed
1641 5033 2085 5100 quemadmodum

507 5129 575 5190 ii,
621 5126 709 5195 qui
738 5141 834 5194 per
858 5122 1146 5192 praecipitia
1179 5122 1258 5176 vel
1287 5121 1498 5175 fluentis
1523 5122 1784 5192 aliquibus
1803 5163 1818 5190 ,
1847 5125 1930 5179 vel
1981 5127 2086 5182 alio

506 5220 734 5288 quodam
751 5212 1224 5277 modo'ducuntur,
1251 5217 1545 5284 proximam
1565 5217 1774 5286 quidem
1799 5222 2084 5287 perniciem

509 5309 804 5380 pt'tut‘itlcre
834 5316 1076 5376 possunt,
1108 5306 1360 5360 auxilium
1391 5321 1517 5360 vero
1548 5308 1746 5363 nullum
1789 5311 1892 5366 sibi
1919 5327 2082 5368 exco-
2123 5348 2155 5360 ι.

503 5405 674 5472 gitare
703 5401 913 5455 valent:
947 5400 1022 5454 sic
1059 5409 1114 5455 et
1155 5415 1271 5468 ego,
1314 5399 1358 5453 si
1403 5400 1453 5453 in
1483 5409 1682 5456 tantum
1714 5404 2082 5474 a‘gritudinum

569 5563 584 5592 ί
624 5555 765 5606 savil.
791 5563 842 5605 et
867 5555 966 5614 alii,
989 5555 1253 5606 ostendere.

565 5625 586 5655 ι
628 5619 728 5675 alii,
752 5617 964 5666 noxium.

567 5685 587 5714 ο
623 5682 695 5728 sic
717 5677 952 5750 atorel._et
975 5678 1052 5728 alii
1075 5692 1087 5738 ;
1115 5678 1200 5726 sed
1226 5681 1361 5730 satil.
1406 5689 1451 5731 et
1494 5680 1672 5745 aliquot
1695 5693 1822 5748 3155.,
1843 5685 1939 5736 alia
1960 5698 2078 5750 qua-

503 5747 620 5794 dam
644 5745 936 5788 net‘cssttule.

1237 353 1292 409 S.
1335 349 1610 409 JOANNIS
1648 344 2120 404 οιιιὶῖδυετωιί
2163 342 2477 399 Αιιριιιερ.
2517 346 3052 405 CONSTANTINOP.

2435 211 2472 232 ο

2180 461 2458 514 tumultum
2491 455 2742 528 incidam,
2771 463 3085 533 supplicium
3132 464 3344 534 quidem
3370 468 3605 537 quotidie
3631 473 3762 528 mihi

2176 553 2355 621 augeri
2395 567 2616 608 cernere
2650 563 2869 624 potero:
2902 555 2956 608 in
2991 555 3194 624 meipso
3231 567 3410 612 autem
3439 562 3676 630 cogitare
3707 573 3764 617 ut

2174 657 2318 698 nunc
2345 647 2540 715 cogito,
2571 661 2634 700 ac
2662 645 2901 702 furentes
2928 647 3092 703 animi
3121 649 3349 718 impetus
3379 650 3625 721 frmnare,
3653 671 3761 710 non

2177 735 2250 790 ita
2282 736 2434 792 facile
2463 739 2564 792 erit
2598 739 2746 805 mihi,
2775 749 2833 794 ut
2861 741 3007 809 prius
3036 751 3170 796 erat.
3209 742 3337 797 Mihi
3363 746 3559 814 quippe
3588 747 3766 802 anima

2177 840 2259 882 est
2280 829 2507 896 infirma,
2537 831 2745 900 pusilla,
2774 841 3037 901 captuque
3078 832 3265 898 facilis,
3309 849 3415 889 non
3468 836 3552 890 bis
3592 839 3766 892 solum

2178 918 2481 986 affectibus,
2515 919 2609 974 sed
2653 929 2707 975 et
2751 921 2988 976 omnium
3035 922 3401 991 acerbissimo,
3444 941 3636 996 nempe
3684 927 3770 980 in-

2180 1011 2339 1065 vidia:
2366 1030 2380 1064 :
2409 1027 2582 1082 neque
2629 1013 2715 1067 illa
2757 1015 3126 1080 contumelias,
3160 1031 3332 1086 neque
3383 1017 3618 1074 honores
3645 1034 3766 1076 mo-

2179 1102 2363 1158 derate
2384 1103 2524 1159 ferre
2551 1105 2728 1171 novit;
2754 1105 2848 1160 sed
2874 1114 2928 1160 et
2955 1106 3057 1160 illis
3075 1107 3359 1162 admodum
3389 1109 3686 1177 extollitur,
3711 1123 3769 1167 et

2179 1194 2263 1249 bis
2292 1195 2445 1250 valde
2485 1195 2822 1264 deprimitur.
2850 1195 3305 1266 Quemadmodum
3350 1214 3479 1270 ergo
3513 1200 3639 1256 fera:
3665 1202 3770 1256 im-

2180 1302 2385 1354 manes,
2415 1287 2541 1341 dum
2570 1302 2795 1357 corpore
2821 1288 2956 1343 bene
2982 1290 3160 1344 valent
3184 1305 3249 1346 ac
3272 1292 3526 1360 gestiunt,
3551 1307 3611 1348 se
3631 1293 3758 1348 ado-

2179 1377 2379 1431 ricntes
2423 1377 2576 1432 facile
2621 1378 2872 1444 vincunt,
2915 1379 2958 1434 si
3007 1380 3236 1434 maxime
3265 1381 3302 1436 ii
3350 1381 3546 1436 infirmi
3584 1383 3692 1438 sint
3710 1395 3768 1440 et

2180 1471 2447 1539 imperiti;
2475 1473 2520 1526 si
2542 1473 2658 1541 quis
2687 1489 2816 1527 vero
2847 1474 2962 1528 illas
2989 1473 3126 1529 fame
3158 1477 3459 1543 maeerarit,
3490 1475 3613 1532 hinc
3641 1493 3767 1533 eve-

2182 1565 2260 1615 nit
2285 1571 2339 1616 ut
2361 1564 2567 1617 illarum
2612 1564 2759 1618 furor
2797 1567 3064 1634 sopiatnr.
3095 1566 3395 1637 viriumque
3427 1584 3612 1638 magna
3645 1584 3770 1639 pars

2182 1653 2554 1722 exstinguatur
2587 1670 2600 1706 :
2625 1655 2702 1708 sic
2721 1655 2956 1709 etanimi
2983 1655 3302 1728 aﬂectusqui
3320 1659 3621 1715 imbecillos
3643 1661 3769 1715 red-

2181 1743 2276 1804 dit,
2311 1745 2528 1799 eosdem
2561 1755 2723 1801 rectae
2761 1747 2952 1801 rationi
2981 1749 3228 1818 subjicit;
3254 1750 3298 1804 si
3329 1751 3448 1820 quis
3476 1761 3662 1806 contra
3689 1751 3771 1807 di-

2183 1835 2410 1903 ligenter
2447 1835 2675 1902 aluerit,
2730 1839 3028 1907 graviorem
3069 1840 3169 1893 sibi
3220 1840 3490 1900 adversus.
3521 1856 3617 1897 eos
3667 1858 3773 1921 pu-

2180 1941 2338 1996 gnam
2367 1935 2538 1995 parat,
2568 1937 2623 1983 et
2650 1928 2720 1982 ita
2762 1929 3026 1985 terribiles
3058 1939 3075 1970 ι
3095 1931 3288 1998 reddit,
3334 1941 3393 1986 ut
3413 1933 3467 1987 in
3510 1935 3772 1991 servitute

2154 2016 2156 2018 ’
2181 2033 2243 2072 ac
2266 2029 2408 2073 metu
2433 2029 2595 2075 totam
2619 2021 2779 2076 vitam
2804 2022 2982 2079 ducat.
3009 2023 3262 2091 Quaenam
3287 2027 3444 2096 igitur
3474 2027 3768 2085 bellnarunt

2184 2109 2372 2164 harum
2420 2111 2706 2167 alimenta?
2756 2114 2917 2170 Vana:
2960 2117 3142 2185 gloriae
3188 2117 3402 2186 quidem
3450 2115 3682 2176 honores
3719 2132 3772 2178 et

2184 2199 2391 2266 laudes,
2441 2205 2758 2272 arrogantia:
2803 2220 2931 2260 vero
2960 2208 3194 2275 potentia
3241 2217 3294 2263 et
3336 2208 3607 2278 dignitatis
3651 2226 3770 2264 ma-

2182 2295 2401 2364 gnitudo
2422 2336 2435 2358 ,
2467 2296 2651 2352 livoris
2676 2297 2900 2352 aliorum
2927 2299 3209 2355 celebritas
3227 2343 3240 2368 ,
3267 2303 3506 2356 avaritia)
3536 2301 3770 2373 largien-

2185 2389 2316 2440 tium
2365 2387 2696 2456 liberalitas,
2725 2389 2947 2444 luxuriae
2989 2390 3224 2458 deliciae,
3255 2401 3308 2447 et
3351 2393 3602 2462 frequens
3645 2410 3767 2448 mu-

2186 2481 2380 2536 lierum
2424 2481 2791 2535 consuetudo:
2823 2490 2878 2536 et
2902 2482 2978 2536 sic
3005 2482 3146 2536 aliud
3173 2483 3240 2538 ab
3271 2483 3376 2537 alio
3414 2483 3639 2539 fovetur.
3677 2484 3771 2540 lla:

2184 2587 2344 2642 porro
2365 2587 2554 2627 omnes
2577 2573 2766 2627 bellua:
2795 2588 2880 2626 me
2901 2574 2952 2626 in
2973 2589 3150 2628 rerum
3175 2574 3406 2629 medium
3430 2577 3772 2632 accedentem

2185 2663 2466 2729 invadent,
2498 2665 2733 2719 animam
2770 2680 2942 2719 meam
2985 2665 3350 2734 dilaniahunt,
3393 2676 3648 2723 terrorem
3692 2670 3772 2724 in-

2189 2758 2427 2823 cutient,
2455 2767 2510 2813 et
2551 2757 2764 2828 gravius
2801 2757 2933 2812 mihi
2960 2757 3215 2813 adversus
3242 2759 3328 2813 illa
3369 2760 3568 2815 bellum
3614 2776 3772 2830 para-

2183 2848 2347 2907 bunt:
2382 2848 2470 2903 hic
2490 2863 2616 2904 vero
2633 2848 2838 2903 sedenti
2872 2848 3024 2915 mihi,
3049 2864 3237 2919 magna
3255 2865 3386 2904 sane
3405 2850 3637 2905 adhibita
3655 2852 3770 2906 vio-

2185 2939 2380 3002 lentia,
2413 2939 2496 2992 vix
2547 2938 2925 3008 subjicientur;
2950 2939 3299 3008 subjicientur
3338 2949 3512 2996 tamen
3541 2957 3637 3011 per
3679 2942 3773 2998 Dei

2183 3031 2437 3100 gratiam,
2472 3032 2540 3084 ita
2589 3039 2646 3084 ut
2674 3039 2868 3100 prmter
2912 3031 3156 3085 latratum
3202 3032 3334 3086 nihil
3377 3032 3493 3101 plus
3523 3032 3772 3088 habeant.

2185 3122 2308 3176 ldeo
2339 3121 2478 3176 hanc
2523 3121 2898 3178 domunculam
2951 3124 3154 3188 incolo,
3187 3124 3386 3178 nemini
3433 3124 3634 3178 aditum
3664 3126 3770 3190 do,

2185 3230 2307 3269 cum
2351 3215 2567 3268 nemine
2594 3215 2920 3269 consortium
2961 3215 3393 3286 colloquiumque
3435 3216 3664 3280 misceo,
3700 3218 3774 3272 si-

2183 3305 2444 3384 milesque
2463 3305 2595 3359 alias
2617 3305 3016 3360 criminationes
3041 3305 3352 3364 innumeras
3369 3306 3592 3360 audiens
3615 3305 3772 3362 facile

2185 3395 2313 3460 fero,
2362 3411 2494 3465 quas
2542 3396 2768 3450 libenter
2809 3395 3020 3465 quidem
3065 3397 3460 3466 abstergerem;
3497 3413 3617 3451 cum
3643 3412 3774 3452 vero

2187 3504 2290 3541 non
2322 3489 2541 3556 possim,
2587 3488 2864 3542 excrucior
2891 3487 3174 3558 doleoque.
3219 3488 3402 3559 Neque
3451 3490 3592 3544 enim
3641 3490 3772 3546 mihi

2186 3579 2338 3634 facile
2367 3589 2450 3634 est
2498 3579 2660 3634 simul
2688 3579 2961 3634 hominum
2991 3580 3377 3636 consuetudine
3414 3583 3511 3649 uti,
3535 3592 3694 3653 atque
3721 3585 3775 3638 in

2188 3673 2437 3740 praesenti
2459 3673 2747 3726 securitate
2773 3687 2988 3726 manere
3017 3690 3029 3727 :
3056 3673 3401 3742 quamobrem
3430 3685 3482 3728 te
3502 3673 3650 3745 rogo.
3668 3676 3773 3731 inci

2187 3764 2362 3832 potius
2417 3771 2558 3815 tanta
2592 3762 2869 3832 intercepti
2896 3762 3207 3819 difficultate
3255 3764 3579 3828 miserearis.
3613 3781 3774 3836 quam

2189 3869 2275 3908 me
2305 3854 2646 3908 calumnieris
2679 3872 2692 3907 :
2721 3863 2776 3908 at
2809 3854 3044 3909 nondum
3097 3855 3150 3909 id
3180 3855 3272 3909 tibi
3320 3857 3643 3926 persuadere
3675 3873 3772 3927 po-

2191 3946 2285 3999 tui.
2318 3945 2548 4015 Tempus
2577 3947 2753 4015 itaque
2780 3956 2883 4013 est,
2916 3957 2972 4002 ut
2997 3947 3139 4017 quod
3164 3963 3330 4003 unum
3359 3950 3486 4004 mihi
3515 3961 3769 4020 superest

2189 4050 2473 4100 arcanum,
2501 4035 2552 4089 id
2599 4037 2650 4090 in
2683 4045 2733 4091 te
2772 4037 2984 4091 tandem
3023 4036 3503 4110 eﬂ‘undam;quod
3546 4041 3774 4097 fortasse

2193 4127 2374 4180 multis
2409 4127 2717 4183 incredibile
2746 4128 3024 4184 videatur:
3052 4145 3226 4200 neque
3253 4140 3432 4186 tamen
3457 4132 3510 4186 in
3535 4132 3770 4188 medium

2189 4218 2427 4286 proferre
2451 4219 2688 4289 pudebit.
2720 4220 2942 4276 Etiamsi
2971 4221 3114 4276 enim
3143 4223 3285 4292 quod
3315 4223 3553 4278 dicturus
3573 4239 3691 4279 sum
3717 4233 3775 4280 et

2191 4309 2346 4366 mala:
2368 4311 2710 4366 conscientiae
2741 4321 2794 4366 et
2828 4313 3227 4368 innumerorum
3269 4314 3584 4370 delictorum
3615 4331 3775 4386 argn-

2192 4411 2428 4457 meututn
2476 4404 2580 4470 sit,
2628 4398 2752 4458 cum
2792 4405 2842 4458 is
2888 4406 2979 4475 qui
3007 4419 3104 4460 nos
3132 4405 3474 4474 iudicaturus
3511 4416 3594 4462 est
3634 4408 3773 4464 Deus

2191 4495 2368 4548 omnia
2390 4503 2640 4550 accurate
2669 4495 2897 4563 noverit,
2925 4495 3051 4566 quid
3073 4496 3210 4550 ultra
3233 4497 3389 4552 nobis
3404 4513 3467 4554 ex
3495 4497 3771 4555 hominum

2193 4583 2488 4652 ignorantia
2530 4585 2758 4640 conferri
2792 4588 3016 4654 poterit?
3045 4587 3182 4653 Quid
3228 4597 3309 4643 est
3335 4589 3494 4659 igitur
3525 4591 3655 4644 illud
3686 4607 3774 4644 ar-

2192 4677 2423 4730 canum?
2449 4678 2530 4732 Ab
2559 4693 2625 4732 eo
2666 4677 2782 4748 ipso
2806 4679 2911 4742 die,
2946 4694 3052 4748 quo
3088 4680 3216 4734 mihi
3247 4679 3384 4734 hanc
3410 4682 3771 4750 suspicionem

2194 4766 2443 4836 injecisti,
2468 4782 2609 4837 saepe
2631 4768 2723 4822 fuit
2755 4769 3050 4838 periculum
3083 4780 3139 4824 ut
3160 4771 3261 4826 hoc
3289 4786 3484 4841 corpus
3513 4773 3641 4827 mihi
3675 4789 3770 4842 pe-

2193 4859 2334 4913 nitus
2376 4859 2790 4927 dissolveretur;
2823 4870 2999 4916 tantus
3039 4863 3197 4916 timor
3243 4872 3523 4935 tantusque
3571 4881 3773 4921 mmror

2191 4950 2426 5004 animum
2485 4966 2662 5006 meum
2717 4954 3014 5022 occupavit.
3066 4954 3269 5008 Mecum
3323 4957 3467 5010 enim
3517 4967 3770 5026 reputans

2190 5040 2387 5095 Christi
2415 5057 2625 5111 sponsa:
2647 5043 2889 5112 gloriam,
2918 5046 3274 5112 sanctitatem,
3297 5047 3626 5116 spiritualem
3651 5051 3770 5118 pul-

2190 5132 2546 5188 chritudinem
2569 5175 2584 5201 ,
2617 5135 2974 5205 prudentiam,
3004 5147 3248 5192 ornatum
3271 5179 3286 5202 ,
3333 5155 3556 5209 meaque
3593 5143 3771 5196 consi-

2189 5223 2386 5277 derans
2418 5224 2573 5285 mala,
2602 5239 2706 5279 non
2732 5227 3004 5280 cessaham
3033 5227 3173 5281 illam
3203 5228 3420 5296 deflere,
3454 5246 3645 5300 meque
3672 5233 3768 5286 mi-

2189 5329 2368 5368 serum
2418 5314 2621 5382 dicere,
2660 5330 2723 5370 ac
2764 5315 3070 5386 frequenter
3116 5333 3369 5388 gemens,
3417 5319 3766 5392 haerensque,

2191 5407 2313 5460 talia
2358 5423 2566 5462 mecum
2617 5407 2907 5476 loquebar:
2958 5409 3086 5476 Quis
3129 5411 3336 5464 consilii
3381 5410 3537 5480 hujus
3585 5423 3769 5467 auctor

2189 5495 2329 5550 fuit?
2395 5497 2522 5566 quid
2583 5505 2783 5550 tantum
2845 5501 3084 5567 peccavit
3151 5500 3387 5556 Ecclesia
3450 5502 3589 5556 Dei?
3646 5518 3766 5570 qua!

2191 5599 2334 5646 tanta
2391 5604 2477 5645 res
2527 5590 2806 5645 Dominum
2857 5592 2972 5663 sejus
3009 5595 3373 5659 exacerbavit,
3430 5603 3485 5649 ut
3526 5595 3767 5654 omnium

2255 5751 2272 5782 ί
2309 5747 2412 5809 Alii,
2431 5744 2758 5798 terribiliorem
