4050 6160
152 239 241 298 θετ
1416 229 1506 288 DE
1544 228 2000 288 SACERDOTIO.
2046 230 2171 286 LIB.
2215 232 2306 289 Vl.

150 355 279 426 δτιὶρ
322 351 435 407 τῶν
470 352 672 424 ἱερέων
711 349 1083 423 προσάγεσθαι
1123 347 1221 412 τὴν
1259 345 1474 413 θυσίαν,
1507 348 1642 419 ὅσην
1674 346 1815 418 ὑπὲρ

150 441 341 506 παντὸς
368 439 466 494 τοῦ
501 440 657 493 λαοῦ.
688 438 860 493 Τοῦτο
885 439 942 492 δὲ
964 438 1118 491 οὑδέν
1145 437 1331 508 ἕτερον
1363 434 1648 505 δηλοῦντος
1669 435 1820 486 ἐστιν

145 532 173 602 ἢ
198 532 282 584 ὅτι
310 527 565 600 μείζονος
599 525 851 598 βοηθείας
876 526 1045 579 δεῖται
1067 523 1136 578 τά
1162 524 1256 577 τοῦ
1294 522 1482 594 ἱερέως
1507 523 1821 594 τραύματα,

145 619 231 672 καὶ
258 615 556 687 τοσαύτης,
584 616 719 685 ὅσης
749 613 885 684 ὁμοῦ
916 612 985 667 τά
1018 612 1220 676 παντὸς
1256 611 1350 665 τοῦ
1380 610 1540 664 λαοῦσ
1577 611 1821 682 μείζονος

142 707 191 760 δὲ
215 707 321 759 οὑκ
356 704 427 759 ἂν
455 704 649 769 ἐδεῖτο,
679 705 729 756 εί
761 701 837 774 μὴ
866 701 1222 773 χαλεπώτερα
1246 695 1342 771 ἦν·
1374 696 1730 771 χαλεπώτερα
1762 696 1820 750 δέ

142 795 369 863 γίνεται,
400 792 461 845 οὑ
482 794 551 863 τῇ
579 789 762 860 φύσει,
785 789 920 843 ἀλλά
940 791 1008 860 τῇ
1032 787 1157 860 ἀξία
1179 799 1205 828 ι
1234 786 1327 840 τοῦ
1352 785 1661 856 τολμῶντος
1679 784 1820 839 αὑτά

145 880 330 952 ἱερέως
365 879 704 951 βαρούμενα.
744 878 857 931 Καὶ
895 876 948 930 τί
977 876 1119 944 λέγω
1148 876 1274 939 τοὺς
1318 873 1519 947 ἄνδρας
1554 873 1679 936 τοὺς
1719 873 1819 945 τὴν

144 967 485 1039 λειτουργίαν
530 966 850 1038 μετιόντας;
883 964 949 1016 Δί
984 963 1093 1036 γὰρ
1133 961 1431 1032 θυγατέρες
1460 960 1569 1013 τῶν
1605 960 1819 1032 ἱερέων,

144 1052 226 1120 αἷς
252 1056 433 1119 οὐδεὶς
463 1054 602 1127 πρὸς
628 1054 730 1124 τὴν
771 1050 1068 1124 ἱερωσύνην
1106 1051 1283 1120 λόγος,
1324 1051 1474 1120 ὅμως
1504 1047 1593 1102 διά
1626 1048 1689 1101 τὸ
1715 1064 1819 1100 πα·-

140 1144 323 1216 τρικὺν
354 1143 575 1214 ἀξίωμα
597 1141 706 1194 τῶν
735 1139 914 1202 αὐτῶν
944 1139 1359 1211 ἁμαρτημάτων
1398 1136 1533 1190 πολὺ
1563 1135 1817 1207 πικροτέο

142 1251 238 1305 ραν
270 1233 539 1303 ὑπέχουσι
580 1229 683 1300 τὴν
720 1227 1022 1299 τιμωρίανο
1060 1227 1156 1279 καὶ
1195 1226 1258 1279 τὸ
1294 1225 1395 1296 μὲν
1438 1224 1816 1296 πλημμέλημα

143 1305 249 1372 ἴσον
294 1320 493 1381 αὑταῖς
529 1316 626 1371 καὶ
654 1317 777 1379 ταῖς
814 1313 921 1369 τῶν
964 1312 1189 1366 ἰδιωτῶν
1226 1311 1547 1383 θυγατράσι,
1588 1311 1814 1381 πορνεία

141 1409 242 1480 γὰρ
274 1407 593 1479 ἀμφότερα,
628 1405 693 1459 τὸ
721 1405 780 1458 δὲ
809 1403 1086 1474 ἐπιτίμιον
1113 1399 1295 1472 πολλῷ
1318 1401 1523 1454 τούτων
1561 1398 1814 1471 χαλεπώ-

142 1512 313 1568 τερον.

205 1674 291 1745 ιβ’.
335 1675 507 1746 Ὁρᾷς
536 1674 655 1745 μεθ’
685 1674 817 1746 ὅσης
844 1691 925 1728 σοι
947 1673 1219 1728 δείκνυσιν
1248 1670 1551 1745 ὑπερϐολῆς
1576 1673 1604 1725 ὁ
1631 1671 1762 1735 Θεὸς
1784 1670 1812 1711 δ

139 1763 213 1816 ὅτι
248 1762 436 1834 πολλῷ
479 1754 703 1816 π’λείονα
737 1761 846 1814 τῶν
876 1762 1195 1833 ἀρχομένων
1219 1761 1437 1813 ἀπαιτεῖ
1462 1760 1553 1812 τὸν
1579 1759 1815 1831 ἄρχοντα

140 1851 405 1922 τιμωρίαν
424 1868 440 1916 ;
457 1851 535 1903 Οὑ
556 1849 668 1920 γάρ
690 1849 866 1920 δήπου
892 1849 1030 1919 ότὴν
1046 1848 1254 1901 ἐκείνου
1281 1846 1559 1918 θυγατέρα
1581 1847 1650 1900 δι’
1679 1849 1815 1900 ἐκεῖ·

136 1956 218 1992 νον
233 1938 504 2009 μειζόνως
517 1937 626 1990 τῶν
643 1937 818 1991 ἀλλων
829 1936 1092 2001 κολάζων,
1110 1936 1198 1989 τὸν
1213 1936 1307 1989 καὶ
1323 1935 1506 2005 ἐκείνῃ
1522 1935 1623 2005 τῆς
1640 1952 1813 2006 προσ-

138 2025 306 2096 θήκης
337 2025 451 2077 τῶν
500 2023 748 2094 βασάνων
787 2024 958 2077 αῐτιον
999 2024 1122 2093 ῐσην
1146 2026 1261 2086 τοῖς
1288 2022 1502 2086 πολλοῖς
1525 2033 1547 2062 ο
1585 2022 1814 2093 εἰσπράσ-

137 2114 286 2179 ξεται
314 2115 496 2186 δίκην,
526 2114 663 2168 ἀλλά
688 2114 869 2185 πολλῷ
896 2115 1118 2185 μείζονα
1140 2131 1153 2144 ⁸
1174 2115 1267 2166 καὶ
1293 2114 1438 2184 μάλα
1465 2131 1528 2182 γε
1564 2115 1810 2176 εἰκότως.

142 2203 211 2255 υὺ
230 2204 341 2274 γάρ
357 2203 439 2266 εἰς
463 2202 626 2256 αὑτὸν
638 2202 985 2274 περιίσταται
1006 2200 1164 2271 μόνον
1187 2204 1219 2272 ή
1242 2199 1436 2271 ζημία,
1458 2200 1593 2253 ἀλλά
1612 2201 1812 2264 καὶτὰς

138 2291 242 2345 τῶν
269 2291 689 2363 ἀσθενεστέρων
722 2291 817 2345 καὶ
847 2291 928 2353 είς
958 2290 1118 2342 αὑτὸν
1153 2289 1455 2359 βλεπόντων
1485 2288 1812 2343 καταϐάλλει

133 2380 330 2449 ψυχάς.
386 2379 560 2433 Τοῦτο
616 2380 711 2432 καὶ
765 2380 793 2432 ὁ
844 2376 1102 2448 Ἰεζεκιὴλ
1154 2376 1359 2443 διδάξαι
1391 2377 1417 2416 ἀ
1466 2377 1810 2447 βουλόμενος,

130 2468 399 2538 διίστησιν
429 2469 527 2521 ἀπ’
553 2466 798 2538 ἀλλήλων
826 2466 923 2536 τὴν
954 2465 1060 2518 τῶν
1093 2464 1264 2537 κριῶν
1289 2466 1383 2517 καὶ
1418 2465 1516 2535 τὴν
1539 2465 1648 2518 τῶν
1682 2482 1812 2536 προ-

131 2557 309 2609 ϐάτων
350 2557 557 2628 κρίσιν.
598 2552 748 2627 ⁷Αρά
790 2572 871 2608 σοι
914 2552 1177 2623 δοκοῦμεν
1226 2551 1383 2620 λόγον
1421 2552 1612 2622 ἔχοντα
1639 2570 1810 2622 πεφο-

130 2644 198 2714 ϐῆ
210 2644 332 2697 σθαι
354 2644 552 2714 φόϐον;
590 2645 733 2715 Πρὸς
762 2642 869 2713 γὰρ
898 2646 1009 2706 τοῖς
1033 2641 1346 2712 εἰρημένοις
1370 2640 1464 2695 νῦν
1499 2641 1599 2711 μὲν
1631 2642 1680 2694 εἰ
1715 2642 1811 2695 καὶ

130 2732 325 2785 πολλοῦ
372 2750 467 2803 μοι
500 2733 583 2785 δεῖ
615 2732 775 2785 πόνου
812 2732 948 2801 πρδς
998 2731 1059 2782 τὸ
1097 2730 1171 2800 μὴ
1213 2730 1276 2800 δὴ
1331 2729 1805 2800 καταγωνισθῆναι

130 2819 310 2873 τέλεον
333 2821 442 2872 ὑπὸ
474 2819 583 2872 τῶν
609 2820 706 2890 τῆς
736 2818 915 2889 ψυχῆς
954 2818 1163 2882 παθῶν,
1211 2818 1326 2870 ἀλλ’
1359 2819 1508 2887 ὅμως
1540 2817 1810 2888 ἀνέχομαι

131 2908 222 2960 τὸν
262 2908 448 2972 πόνον,
499 2907 594 2959 καὶ
633 2908 696 2959 οὑ
750 2906 937 2975 φεύγω
985 2905 1077 2958 τὸν
1122 2904 1328 2972 ἀγῶνα.
1390 2907 1498 2957 Καὶ
1548 2906 1658 2975 γάρ
1704 2907 1810 2959 ὑπὸ

134 2994 441 3058 κενοδοξίας
492 2993 786 3062 ἀλίσκομαι
844 2993 943 3063 μὲν
993 2994 1087 3045 καὶ
1117 2991 1267 3062 [451]
1299 2991 1413 3052 νῦν,
1461 2993 1722 3062 ἀναφέρω
1754 2993 1810 3045 δὲ

135 3081 415 3144 πολλάκις,
457 3082 554 3133 καὶ
586 3081 669 3133 ὅτι
694 3080 864 3134 ἐάλων
906 3079 1144 3151 συνορῶο
1180 3081 1295 3132 ἐστι
1333 3079 1390 3132 δὲ
1426 3081 1516 3132 ὅτε
1550 3082 1644 3134 καὶ
1689 3082 1811 3133 ἐπι-

133 3167 277 3237 τιμῶ
332 3171 397 3239 τῇ
451 3167 781 3239 δουλωθείσῃ
828 3167 996 3239 ψυχῇ.
1050 3167 1367 3238 Ἐπιθυμίαι
1422 3185 1512 3238 μοι
1567 3168 1808 3239 προσπί-

133 3275 330 3311 πτουσι
363 3259 464 3329 μὲν
494 3259 684 3313 ἀτοποι
721 3259 815 3313 καὶ
866 3252 982 3322 νῦν,
1017 3258 1130 3311 ἀλλ’
1164 3257 1469 3329 ἀργοτέραν
1510 3261 1808 3314 ἀνάπτουσι

133 3346 232 3416 τὴν
277 3348 476 3415 φλόγα,
532 3346 641 3401 τῶν
692 3344 989 3417 ὀφθαλμῶν
1033 3346 1141 3400 τῶν
1200 3346 1400 3413 ἔξωθεν
1444 3348 1544 3401 οὑκ
1578 3350 1809 3418 ἐχόντων

135 3434 491 3489 ἐπιλαϐέσθαι
528 3434 628 3504 τῆς
676 3433 770 3487 τοῦ
822 3432 993 3502 πυρὸς
1040 3433 1205 3505 ὑλης’
1249 3432 1343 3487 τοῦ
1386 3433 1442 3488 δὲ
1491 3437 1676 3501 κακῶς
1719 3439 1809 3492 τον

132 3522 282 3575 δεῖνα
312 3523 513 3590 λέγειν,
551 3524 644 3575 καὶ
666 3522 955 3592 λεγόμενον
996 3524 1236 3586 ἀκούειν,
1276 3524 1635 3595 ἀπήλλαγμαι
1671 3545 1810 3579 παν-

128 3610 323 3674 τελῶς,
356 3611 467 3663 τῶν
494 3610 892 3681 διαλεγομένων
929 3610 990 3663 οὑ
1022 3612 1305 3682 παρόντων
1324 3628 1338 3644 ο
1382 3614 1443 3665 οὑ
1491 3613 1601 3683 γὰρ
1629 3613 1693 3685 δὴ
1723 3609 1812 3670 οὗ-

126 3714 212 3751 τοι
241 3699 292 3750 οἱ
317 3700 489 3768 τοῖχοι
530 3697 761 3751 δύναιντ’
794 3697 860 3750 ἂν
887 3700 1104 3766 ἀφεῖναι
1129 3701 1336 3771 φωνήν.
1383 3701 1522 3754 Ἀλλ’
1566 3703 1686 3774 ούχὶ
1714 3705 1809 3757 καὶ

125 3786 229 3858 τὴν
277 3786 454 3857 ὀργὴν
508 3785 710 3856 ὁμοίως
757 3785 979 3839 δυνατὸν
1023 3786 1322 3855 διαφυγεῖν,
1370 3789 1548 3842 καίτοι
1596 3806 1660 3858 γε
1700 3792 1809 3845 τῶν

128 3875 544 3947 παροξυνόντων
569 3874 668 3928 οὑκ
700 3874 888 3930 ὄντων.
919 3875 1123 3948 Μνήμη
1155 3877 1264 3946 γάρ
1291 3877 1554 3942 πολλάκις
1596 3879 1809 3953 ἀνδρῶν

130 3966 351 4018 ἀτόπων
399 3962 804 4035 προσπεσοῦσα,
844 3964 939 4016 καὶ
977 3963 1088 4017 τῶν
1124 3964 1216 4018 ὑπ’
1263 3964 1443 4018 αὐτῶν
1477 3967 1807 4038 γενομένων,

132 4053 356 4119 ἐξοιδεῖν
379 4068 470 4121 μοι
499 4051 599 4121 τὴν
627 4050 854 4121 καρδίαν
890 4055 1052 4115 ποιεῖ,
1078 4052 1216 4123 πλὴν
1247 4052 1360 4107 ἀλλ’
1391 4055 1491 4108 οὑκ
1512 4057 1592 4120 εἰς
1617 4057 1771 4122 τέλος
1789 4074 1804 4088 ·

131 4140 339 4209 ταχέως
375 4136 488 4209 γάρ
521 4137 691 4208 αὑτὴν
730 4137 1169 4209 φλεγμαίνουσαν
1219 4143 1677 4214 καταστέλλομεν,
1714 4147 1807 4201 καὶ

133 4227 392 4297 πείθομεν
418 4225 710 4296 ἡσυχάζειν
738 4227 984 4290 εἰπόντες
1018 4227 1100 4281 ὃτι
1131 4227 1249 4281 λίαν
1275 4229 1606 4300 ἀσύμφωνον
1647 4244 1671 4272 ο
1713 4236 1809 4288 καὶ

131 4313 229 4384 τῆς
253 4315 492 4385 ἐσχάτης
519 4313 865 4384 ἀθλιότητος,
903 4315 972 4368 τά
1005 4318 1182 4370 οἰκεῖα
1230 4317 1467 4386 ἀφέντας
1514 4321 1679 4386 κακὰ,
1739 4323 1809 4379 τά

133 4400 237 4455 τῶν
271 4400 504 4472 πλησίον
549 4402 1028 4474 περιεργάζεσθαι.
1070 4405 1210 4458 Ἀλλ’
1242 4407 1342 4458 οὑκ
1386 4409 1467 4469 εἰς
1503 4408 1566 4461 τὸ
1603 4410 1807 4481 πλῆθος

134 4488 320 4547 ἐλθὼν.
365 4491 464 4544 καὶ
508 4492 631 4554 ταῖς
669 4490 890 4561 μυρίαις
936 4491 1270 4563 ἀποληφθεὶς
1311 4498 1600 4565 ταραχαῖς,
1651 4498 1810 4570 δυνή-

138 4594 297 4649 σομαι
325 4577 532 4649 ταύτης
557 4579 848 4632 ἀπολαύειν
873 4579 972 4649 τῆς
1004 4579 1306 4646 νουθεσίας,
1330 4582 1451 4636 οὑδέ
1475 4585 1600 4649 τοὺς
1636 4586 1808 4641 ταῦτα

134 4666 615 4735 παιδαγωγοῦντας
643 4666 937 4738 λογισμοὺς
965 4670 1176 4738 εὑρείν’
1203 4670 1315 4723 ἀλλ’
1357 4671 1546 4744 ὥσπερ
1579 4675 1628 4726 οἱ
1663 4676 1807 4730 κατά

132 4753 395 4824 κρημνῶν
418 4752 526 4806 ὑπό
559 4770 706 4816 τινος
752 4754 1019 4824 ῥεύματος
1042 4754 1074 4826 ἢ
1099 4756 1195 4808 καὶ
1227 4756 1429 4827 ἑτέρως
1453 4758 1755 4829 ὠθούμενοι
1787 4762 1805 4801 ί

130 4841 227 4910 τὴν
254 4842 355 4911 μὲν
393 4838 693 4904 ἀπώλειαν,
718 4844 798 4905 εἰς
822 4843 888 4913 ἦν
911 4841 1225 4907 τελευτῶσι,
1259 4847 1504 4916 πρωρᾷν
1529 4846 1806 4912 δύνανται,

131 4927 388 5000 βοήθειαν
416 4928 475 4982 δέ
509 4945 632 4982 τινα
669 4930 903 4983 ἐπινοεῖν
937 4931 1036 4983 οὑκ
1085 4928 1299 5000 ἔχουσιν
1324 4948 1338 4962 ’
1372 4931 1516 4986 οὕτω
1563 4936 1658 4987 καὶ
1711 4937 1810 4989 αὑ-

131 5017 215 5081 τὸς
251 5019 335 5082 εἰς
361 5017 460 5071 τὸν
488 5018 657 5072 πολὺν
671 5018 780 5071 τῶν
810 5018 998 5072 παθῶν
1023 5020 1250 5091 θόρυϐον
1272 5021 1549 5091 ἐμπεσὼν,
1580 5023 1679 5094 τὴν
1709 5025 1808 5095 μέν

133 5106 352 5161 κόλασιν
380 5105 507 5159 καθ’
542 5106 781 5178 ἑκάστην
800 5106 1106 5177 αὐξομένην
1140 5126 1231 5178 μοι
1262 5109 1360 5182 τὴν
1401 5111 1616 5183 ἡμέραν
1643 5111 1807 5185 δυνή-

184 5298 212 5360 ξ
232 5298 411 5360 Aliqui
437 5298 544 5346 ἀλλ’
570 5297 663 5345 ὑπὸ
685 5303 769 5356 τῆς
791 5298 939 5354 ἀξίας.

184 5359 214 5401 δ
237 5359 579 5422 Αιὶἷδείκνυσι
595 5365 681 5422 τῇς
703 5362 975 5422 περιουσίας
993 5362 1020 5408 ὀ
1046 5360 1181 5417 Θεὸς.

182 5426 206 5454 ε
233 5422 332 5472 Alii
352 5424 468 5479 ίσ-ην
489 5420 592 5475 τοῖς
615 5420 793 5476 ἄλλοις.

181 5484 208 5524 6
232 5484 391 5534 Savil.
420 5488 478 5531 et
499 5483 585 5530 alii
624 5482 784 5537 δεῖξαι.
1262 5538 1267 5542 ι

183 5558 209 5610 ε
231 5543 809 5610 ᾼΙίίᾲᾲσύμφοροννιηίιά
829 5544 913 5610 ε]ἰί
950 5543 1133 5610 μυρίαις
1156 5543 1466 5610 ἀπολειφθείς.

181 5601 207 5672 ξ’
234 5607 400 5672 Savi_l_._
417 5601 473 5672 ej.
490 5601 684 5672 a‘lfqpo}
708 5607 873 5672 τηατ.ᾀῆ
897 5601 974 5656 καὶ
998 5601 1156 5668 ἑτέρας
1178 5601 1382 5668 ἀνάγκῆς
1402 5601 1678 5672 ὠθούμενοι.
1700 5611 1806 5663 Μο-

124 5665 213 5714 rel.
238 5675 293 5717 ει
315 5668 401 5718 alii
430 5669 461 5726 ἢ
486 5666 572 5715 καὶ
598 5666 768 5728 ἑτέρως
785 5667 867 5715 ὠθ.

3494 244 3599 304 683

1930 364 2093 418 σομαι
2123 352 2375 421 συνορᾷν,
2418 352 2476 404 ἐν
2513 352 2740 423 ἐμαυτῷ
2792 354 2850 408 δὲ
2903 354 3158 423 γενέσθαι
3204 357 3453 431 καθάπερ
3502 363 3598 416 καὶ

1927 435 2043 502 νῦν,
2075 438 2171 491 καὶ
2196 438 2519 511 ἐπιτιμῆσαι
2561 440 2825 495 πάντοθεν
2873 445 2985 506 τοῖς
3041 445 3313 516 νοσήμασι
3363 446 3597 502 λυττῶσι

1925 523 2155 590 τούτοις,
2199 525 2301 579 οὐκ
2357 526 2438 579 ἐτι
2484 528 2688 599 ὁμοίως
2733 529 2964 602 εὔπορον
2996 534 3139 604 ἐμοὶ,
3196 533 3449 606 καθάπερ
3503 539 3599 591 καὶ

1926 611 2208 681 πρότερον.
2255 614 2408 685 Ἐμοὶ
2434 614 2542 687 γάρ
2574 616 2718 689 ψυχή
2750 618 2833 682 τίς
2872 621 3022 674 ἐστιν
3050 621 3281 693 ἀσθενὴς
3302 623 3396 676 καὶ
3426 625 3598 696 μικρά

1924 700 2018 753 καὶ
2049 700 2371 772 εὐχείρωτος
2394 704 2454 757 οὑ
2483 704 2693 770 τούτοις
2724 707 2883 778 μόνον
2913 712 3024 772 τοῖς
3055 710 3303 778 πάθεσιν,
3335 710 3473 765 ἀλλά
3502 715 3598 766 καὶ

1922 787 2002 857 τῷ
2036 789 2253 842 πάντων
2300 792 2612 864 πικροτέρῳ
2665 795 2864 866 φθόνῳ,
2916 797 3010 849 καὶ
3056 796 3183 851 οὑτε
3240 798 3428 871 ὕϐρεις
3471 800 3597 854 οὔτε

1921 874 2089 945 τιμάς
2121 877 2359 948 μετρίως
2384 879 2672 934 ἐπίσταται
2707 883 2925 953 φέρειν,
2948 883 3083 938 ἀλλά
3133 885 3251 955 μεθ’
3292 886 3597 960 ὑπερϐολῆς

1923 963 2126 1016 ἐκεῖναί
2159 980 2220 1016 τε
2249 965 2567 1037 ἐπαίρουσιν
2621 968 2812 1040 αὐτὴν,
2855 971 2952 1025 καὶ
3005 972 3354 1026 ταπεινοῦσιν
3410 968 3591 1030 αὗται.

1924 1049 2138 1121 ’Ὠσπερ
2193 1046 2287 1105 οῦν
2329 1051 2492 1124 θηρία
2537 1054 2769 1125 χαλεπά,
2824 1057 2951 1109 ὃταν
3004 1059 3101 1127 μὲν
3152 1059 3443 1132 εὑσωματῇ
3499 1064 3595 1116 καὶ

1923 1140 2149 1210 σφριγᾷ,
2178 1139 2284 1193 τῶν
2312 1141 2449 1212 πρὸς
2469 1143 2606 1196 αὑτά
2634 1144 2956 1214 μαχομένων
2985 1150 3194 1216 κρατεῖ,
3226 1148 3319 1200 καὶ
3360 1149 3597 1218 μάλιστα

1921 1225 2050 1279 ὃταν
2101 1222 2499 1290 ἀσθενεῖςςῶσι
2552 1230 2646 1283 καὶ
2696 1231 2933 1303 ἄπειροι,
2964 1234 3012 1284 εἰ
3042 1232 3098 1284 δέ
3123 1250 3209 1296 τις
3258 1235 3398 1289 αὐτὰ
3449 1237 3595 1309 λιμῷ

1922 1313 2261 1384 κατατήξειε,
2309 1315 2398 1369 τόν
2436 1333 2495 1370 τε
2543 1316 2711 1389 θυμὸν
2759 1320 2945 1383 αὑτοῖς
3007 1321 3278 1391 ἐκοίμισε,
3348 1324 3445 1377 καὶ
3491 1325 3596 1395 τῆς

1918 1400 2200 1472 δυνάμεως
2225 1404 2287 1458 τὸ
2311 1405 2475 1459 πλέον
2507 1405 2748 1471 ἔσϐεσεν,
2777 1407 2852 1471 ὡς
2877 1409 2968 1463 καὶ
2993 1410 3085 1464 τὸν
3113 1410 3186 1482 μὴ
3210 1410 3327 1465 λίαν
3350 1417 3596 1481 γενναῖον

1917 1491 2277 1557 ἀναδέξασθαι
2314 1494 2405 1548 τὸν
2438 1497 2577 1566 πρὸς
2599 1496 2776 1550 ταῦτα
2797 1498 2983 1566 ἀγῶνα
3011 1500 3106 1553 καὶ
3137 1500 3372 1571 πόλεμον
3393 1518 3407 1532 ·
3448 1502 3594 1557 οὑτω

1919 1580 2014 1634 καὶ
2042 1580 2109 1635 τὰ
2133 1581 2277 1653 πάθη
2303 1582 2404 1653 τῆς
2435 1584 2636 1654 ψυχῆς,
2668 1587 2696 1638 ό
2733 1584 2831 1655 μὲν
2860 1586 3060 1658 ἀσθενῆ
3092 1588 3281 1653 ποιῶν,
3306 1590 3594 1662 ὑποχείρια

1916 1671 2029 1732 τοῖς
2065 1670 2245 1741 ὀρθοῖς
2270 1673 2295 1712 ⁸
2340 1672 2479 1726 αὑτά
2514 1673 2695 1745 τίθησι
2721 1672 3031 1746 λογισμοῖς’
3070 1679 3098 1729 ὁ
3129 1677 3184 1729 δὲ
3211 1678 3425 1749 τρέφων
3469 1680 3595 1732 ἐπι-

1921 1754 2101 1825 μελῶς
2162 1757 2549 1830 χαλεπωτέραν
2594 1759 2742 1829 αὑτῷ
2790 1761 2886 1832 τὴν
2931 1760 3067 1832 πρὸς
3109 1763 3248 1817 αὑτά
3302 1765 3594 1837 καθίστησι

1921 1843 2122 1915 μάχην,
2163 1846 2257 1899 καὶ
2288 1845 2460 1911 οὕτως
2499 1848 2649 1918 αὑτῷ
2691 1848 2898 1920 φοϐερά
2926 1849 2951 1888 δ
2995 1850 3387 1922 ἀπεργάζεται,
3428 1854 3503 1917 ὼς
3536 1856 3594 1908 ἐν

1917 1926 2128 2003 δουλείᾳ
2151 1932 2246 1985 καὶ
2279 1932 2451 2003 δειλία
2487 1933 2576 1987 τὸν
2603 1937 2781 1988 πάντα
2819 1936 3010 2006 χρόνον
3038 1936 3207 2008 βιοῦν.
3241 1939 3337 2002 Τίς
3362 1935 3453 1993 οῦν
3481 1940 3590 1993 τῶν

1918 2016 2122 2089 θηρίων
2171 2019 2373 2074 τούτων
2423 2024 2455 2093 ἡ
2508 2022 2721 2093 τροφής
2781 2024 3103 2089 Κενοδοξίας
3149 2026 3248 2096 μὲν
3292 2027 3451 2097 τιμαὶ
3497 2029 3594 2081 καὶ

1918 2105 2150 2169 ἔπαινοι,
2191 2108 2446 2172 ἀπονοίας
2474 2109 2530 2163 δὲ
2561 2109 2779 2177 ἐξουσία
2826 2112 2920 2163 καὶ
2968 2112 3289 2177 δυναστείας
3326 2114 3581 2185 μέγεθος,

1918 2193 2214 2263 βασκανίας
2264 2195 2321 2247 δὲ
2353 2197 2408 2249 αἱ
2454 2197 2562 2250 τῶν
2608 2197 2837 2268 πλησίον
2877 2199 3281 2271 εὐδοκιμήσεις,
3319 2202 3590 2274 φιλαργυ-

1916 2282 2038 2352 ρίας
2077 2284 2134 2336 αί
2178 2282 2288 2336 τῶν
2332 2285 2678 2356 παρεχόντων
2729 2286 3052 2359 φιλοτιμίαι,
3084 2288 3380 2354 ἀκολασίας
3409 2293 3591 2363 τρυφὴ

1915 2371 2009 2423 καὶ
2061 2371 2117 2423 αἱ
2165 2375 2407 2443 συνεχεῖς
2451 2373 2559 2426 τῶν
2603 2375 2879 2442 γυναικῶν
2922 2376 3215 2441 ἐντεύξεις,
3273 2377 3368 2430 καὶ
3402 2378 3590 2448 ἕτερον

1914 2458 2122 2528 ἐτέρου.
2151 2459 2337 2514 Πάντα
2365 2459 2422 2513 δέ
2453 2460 2624 2515 ταῦτα
2656 2464 2736 2526 εἰς
2772 2463 2870 2534 μὲν
2914 2463 2976 2516 τὸ
3016 2464 3180 2535 μέσον
3217 2464 3424 2520 ἐλθόντι
3459 2481 3591 2534 σφο-

1913 2544 2054 2616 δρῶς
2094 2546 2433 2618 ἐπιθήσεται,
2484 2549 2577 2601 καὶ
2641 2550 2910 2622 σπαράξει
2959 2567 3048 2621 μοι
3101 2551 3201 2622 τὴν
3249 2551 3453 2624 ψυχὴν,
3493 2553 3590 2606 καὶ

1916 2633 2121 2706 φοϐερά
2148 2635 2321 2696 ἔσται,
2362 2638 2456 2690 καὶ
2494 2632 2874 2710 χάλεπὼτερόν
2927 2656 3017 2709 μοι
3069 2639 3163 2692 τὸν
3216 2640 3356 2711 πρὸς
3409 2639 3588 2695 ταῦτα

1917 2722 2131 2793 ποιήσει
2176 2722 2430 2794 πόλεμον.
2479 2724 2743 2779 Ἐνταῦθα
2771 2727 2828 2778 δὲ
2870 2724 3167 2798 καθημένῳ
3207 2728 3346 2798 μετὰ
3388 2727 3591 2799 πολλῆς

1918 2809 2017 2879 μὲν
2050 2811 2142 2864 καὶ
2169 2810 2342 2876 οὕτως
2371 2812 2776 2885 ὑποταγήσεται
2812 2815 2952 2884 βίας,
2990 2817 3397 2889 ὑποταγήσεται
3420 2817 3464 2870 δ’
3495 2815 3589 2870 οὖν

1912 2896 2061 2966 ὅμως
2087 2898 2152 2968 τῇ
2181 2898 2274 2951 τοῦ
2319 2898 2454 2952 Θεοῦ
2482 2900 2686 2971 χάριτι,
2722 2903 2818 2955 καὶ
2846 2905 2945 2972 τῆς
2977 2903 3185 2972 ὑλακῆς
3224 2904 3407 2969 αὑτοῖς
3434 2905 3589 2959 οὐδὲν

1912 2984 2066 3037 ἐσται
2094 2984 2274 3039 πλέον.
2324 2985 2422 3039 Διά
2475 2987 2651 3041 ταῦτα
2682 2988 2774 3042 τὸν
2805 2989 3048 3044 οἰκίσκον
3096 2991 3350 3055 φυλάττω
3399 2989 3589 3045 τοῦτον

1912 3071 2008 3124 καὶ
2051 3071 2307 3143 ἀπρόῖτος
2348 3074 2441 3128 καὶ
2490 3073 2853 3146 ἀκοινώνητός
2900 3078 3014 3146 εἰμι
3045 3075 3194 3149 [452]
3226 3078 3322 3130 καὶ
3361 3078 3589 3132 ἀσυνου-

1917 3158 2153 3222 σίαστος,
2204 3161 2298 3212 καὶ
2343 3161 2540 3233 μυρίας
2574 3161 2769 3233 ἐτέρας
2802 3163 3056 3227 τοιαύτας
3092 3165 3327 3235 μέμψεις
3366 3165 3586 3219 ἀκούειν

1913 3245 2196 3316 ἀνέχομαιο
2250 3246 2423 3318 ἡδέως
2471 3248 2569 3319 μὲν
2604 3249 2670 3303 ἂν
2712 3251 2883 3314 αὑτὰς
2916 3251 3378 3322 ἀποτριψάμενος,
3420 3253 3498 3324 τῷ
3528 3251 3586 3306 δέ

1917 3334 1990 3406 μὴ
2020 3334 2277 3389 δύνασθαι
2313 3337 2639 3407 δακνόμενος
2678 3338 2771 3391 καὶ
2802 3338 3000 3408 ἀλγῶν.
3049 3339 3184 3392 Οὑδέ
3212 3339 3321 3411 γάρ
3350 3339 3583 3411 εὔπορόν

1918 3439 2028 3492 μοι,
2056 3422 2368 3494 ὀμιλητικόν
2390 3442 2445 3476 τε
2468 3424 2602 3495 ὁμοῦ
2633 3425 2910 3492 γενέσθαι,
2938 3427 3032 3480 καὶ
3059 3427 3151 3480 ἐπί
3182 3426 3282 3497 τῆς
3304 3426 3587 3498 παρούσης

1913 3510 2212 3580 ἀσφαλείας
2258 3512 2460 3582 μένειν.
2509 3514 2588 3566 Δι’
2630 3513 2659 3567 ὃ
2708 3515 2804 3568 καὶ
2849 3514 3010 3568 αὑτόν
3046 3532 3102 3567 σε
3136 3514 3459 3585 παρακαλῶ,
3493 3516 3586 3570 τὸν

1913 3597 2017 3650 ὑπὸ
2053 3597 2320 3669 τοσαύτης
2351 3600 2669 3672 δυσχερείας
2714 3601 3114 3673 ἐπειλημμένον
3170 3602 3337 3655 ἐλεεῖν
3387 3602 3587 3673 μᾶλλον

1915 3683 1946 3754 ἢ
1974 3684 2280 3740 διαϐάλλειν
2299 3702 2312 3716 ·
2350 3686 2464 3739 ἀλλ’
2486 3687 2698 3741 οὑδέπω
2727 3705 2787 3741 σε
2809 3689 3087 3760 πείθομεν.
3122 3688 3331 3742 Οὐκοῦν
3351 3688 3467 3760 ῶρα
3496 3707 3586 3761 μοι

1914 3771 2120 3835 λοιπὸν,
2160 3772 2189 3826 ὅ
2228 3774 2388 3844 μόνον
2440 3772 2585 3845 εἶχον
2645 3776 2979 3848 ἀπόρρητον,
3026 3777 3162 3847 πρὸς
3212 3776 3270 3829 σὲ
3310 3776 3589 3831 καὶτοῦτο

1915 3862 2184 3919 ἐκϐαλεῖν.
2220 3865 2332 3919 Καὶ
2364 3865 2494 3928 ἴσως
2536 3866 2636 3936 μὲν
2669 3865 2897 3919 ἄπιστον
2949 3860 3090 3919 εἶναι
3144 3866 3286 3930 δόξει
3339 3865 3584 3929 πολλοῖςο

1914 3949 2026 4018 ἐγὼ
2046 3951 2102 4004 δὲ
2141 3953 2272 4004 αὑτὸ
2299 3953 2421 4006 οὑδέ
2443 3952 2613 4016 οὑτως
2644 3956 2723 4016 εἰς
2754 3953 2917 4023 μέσον
2949 3955 3193 4021 ἐνεγκεῖν
3232 3955 3588 4025 αἰσχυνθήσο-

1918 4056 2035 4109 μαι.
2090 4040 2153 4091 Εἰ
2197 4038 2306 4110 γὰρ
2361 4039 2455 4092 καὶ
2513 4042 2754 4112 πονηράς
2817 4041 3175 4112 συνειδήσεως
3227 4041 3320 4094 καὶ
3374 4041 3585 4112 μυρίων

1916 4128 2329 4198 ἁμαρτημάτων
2379 4128 2597 4200 ἔλεγχος
2629 4129 2690 4181 τὸ
2718 4129 3007 4198 λεγόμενον
3042 4125 3099 4201 ᾖ,
3146 4128 3240 4181 τοῦ
3303 4117 3586 4198 μέλλοντος

1913 4216 2062 4286 ἡμᾶς
2104 4216 2309 4287 κρίνειν
2347 4216 2481 4270 Θεοῦ
2526 4216 2702 4270 πάντα
2752 4217 2952 4280 εἰδότος
3008 4215 3268 4281 ἀκριϐῶς,
3321 4215 3375 4268 τί
3423 4217 3586 4269 πλέον

1917 4304 2046 4373 ἡμῖν
2066 4304 2130 4356 ἐκ
2159 4304 2257 4373 τῆς
2283 4302 2391 4356 τῶν
2422 4302 2724 4375 ἀνθρώπων
2753 4303 2974 4370 ἀγνοίας
3014 4302 3332 4372 ἐγγενέσθαι
3364 4302 3588 4375 δυνήσε-

1913 4407 2032 4459 ται;
2074 4390 2138 4444 Τί
2165 4387 2259 4445 οὖν
2287 4392 2404 4443 ἐστι
2427 4391 2490 4444 τὸ
2520 4391 2859 4464 ἀπόρρητον;
2911 4392 3042 4444 Ἀπὸ
3066 4391 3166 4461 τῆς
3199 4392 3414 4462 ἡμέρας
3439 4395 3554 4447 ἐκεῖ
3572 4420 3585 4435 ε

1914 4496 2031 4549 νης,
2063 4471 2181 4551 ἐνῇ
2215 4480 2416 4548 ταύτην
2441 4478 2702 4549 ἐνέθηκάς
2742 4496 2831 4549 μοι
2870 4479 2970 4550 τὴν
3015 4479 3271 4548 ὑποψίαν,
3319 4480 3583 4545 πολλάκις

1915 4566 2257 4621 ἐκινδύνευσέ
2289 4582 2378 4636 μοι
2412 4567 2790 4639 παραλυθῆναι
2815 4567 2875 4621 τὺ
2907 4567 3066 4638 σῶμα
3087 4568 3269 4622 τέλεον
3291 4586 3304 4598 ·
3331 4568 3586 4633 τοσοῦτος

1919 4655 2017 4726 μὲν
2034 4653 2217 4724 φόϐος,
2250 4653 2487 4725 τοσαύτη
2517 4654 2573 4707 δὲ
2607 4654 2815 4723 ἀθυμία
2860 4657 3092 4725 κατέσχε
3122 4672 3224 4726 μου
3251 4654 3351 4726 τὴν
3380 4654 3579 4725 ψυχήν.

1915 4744 2027 4814 Τῆς
2058 4743 2167 4814 γάρ
2194 4743 2431 4813 Χριστοῦ
2452 4741 2671 4814 νύμφης
2695 4742 2792 4814 τὴν
2819 4742 2977 4810 δόξαν
3021 4743 3238 4808 ἐννοῶν,
3281 4742 3379 4813 τὴν
3412 4744 3583 4810 ἀγιω-

1918 4830 2102 4902 ούνην,
2133 4830 2194 4883 τὸ
2222 4832 2416 4895 κάλλος
2442 4832 2502 4884 τὸ
2533 4832 2924 4901 πνευματικὸν,
2956 4833 3054 4904 τὴν
3087 4832 3322 4894 σύνεσιν,
3360 4832 3458 4903 τὴν
3494 4829 3583 4883 εὑ-

1915 4918 2167 4987 κοσμίαν,
2201 4918 2298 4971 καὶ
2336 4918 2404 4971 τά
2438 4918 2677 4990 ἐμαυτοῦ
2710 4920 3057 4992 λογιζόμενος
3085 4920 3252 4987 κακὰ,
3290 4920 3350 4973 οὑ
3377 4917 3583 4989 διελίμ·

1916 5023 2082 5058 πανον
2108 5007 2323 5077 ἐκείνην
2350 5023 2409 5059 τε
2448 5008 2681 5073 πενθῶν,
2722 5009 2814 5061 καὶ
2857 5009 3092 5078 ἐμαυτὸν
3140 5009 3459 5072 ταλανίζων,
3489 5006 3584 5060 καὶ

1917 5095 2117 5147 στένων
2158 5095 2394 5164 συνεχῶς
2450 5097 2544 5150 καὶ
2593 5097 2866 5168 διαπορῶν
2918 5097 3054 5169 πρὸς
3105 5097 3344 5168 ἐμαυτὸν
3397 5096 3584 5165 ἔλεγον

1914 5180 2112 5235 ταῦτα·
2146 5183 2242 5246 Τίς
2269 5179 2378 5255 ἆρα
2408 5184 2580 5238 ταῦτα
2608 5186 3026 5248 συνεϐούλευσες
3058 5185 3111 5237 τί
3132 5185 3384 5239 τοσοῦτον
3408 5187 3582 5259 ἥμαρ-

1913 5286 2005 5323 τεν
2030 5272 2063 5341 η
2085 5268 2179 5322 τοῦ
2221 5271 2355 5325 Θεοῦ
2390 5269 2718 5345 Ἐκκλησίας
2753 5275 2805 5328 τί
2833 5273 3148 5342 τηλικοῦτον
3182 5273 3464 5344 παρώξυνε
3493 5274 3583 5333 τὸν

1914 5357 2083 5428 αὑτῆς
2107 5358 2407 5430 Δεσπότην,
2436 5359 2510 5423 ὡς
2531 5360 2609 5433 τῷ
2631 5363 2844 5416 πάντων
2874 5362 3185 5433 ἀτιμοτάτῳ
3212 5362 3587 5435 παραδοθῆναι

1963 5553 2003 5626 ‘8
2027 5551 2161 5626 {lapg
2179 5553 2537 5626 co‘greclionem
2560 5566 2585 5604 a
2600 5553 2748 5605 Savil.
2764 5556 2973 5606 mutuati
2990 5568 3175 5607 sumus.
3192 5555 3473 5620 Legebalur
3485 5547 3578 5600 ὑπὸ

1910 5615 2008 5671 τοῖς
2030 5614 2055 5662 ὀ
2086 5613 2197 5669 θοῖς.
2226 5613 2359 5661 Εῐητ.
3263 5613 3274 5645 ἶ

1965 5677 1989 5714 ίι
2027 5631 2121 5725 Αἵίἰ
2147 5675 2463 5740 φοϐερώτερα;
