  <div class='ocr_page' id='page_1' title='image "/cluster/home/n/w/nwhite01/storage/ocr_20150623/48/mdp.39015032114640/169.png"; bbox 0 0 4050 6160; ppageno 0'>
   <div class='ocr_carea' id='block_1_1' title="bbox 407 224 533 278">
    <p class='ocr_par' dir='ltr' id='par_1_1' title="bbox 407 224 533 278">
     <span class='ocr_line' id='line_1_1' title="bbox 407 224 533 278; baseline 0 -1"><span class='ocrx_word' id='word_1_1' title='bbox 407 224 533 278; x_wconf 62' lang='grc'>’(³39</span> 
     </span>
    </p>
   </div>
   <div class='ocr_carea' id='block_1_2' title="bbox 421 338 2101 411">
    <p class='ocr_par' dir='ltr' id='par_1_2' title="bbox 421 338 2101 411">
     <span class='ocr_line' id='line_1_2' title="bbox 421 338 2101 411; baseline -0.001 -17"><span class='ocrx_word' id='word_1_2' title='bbox 421 340 569 411; x_wconf 79' lang='grc' dir='ltr'>ἐμοὶ,</span> <span class='ocrx_word' id='word_1_3' title='bbox 611 339 705 392; x_wconf 81' lang='grc' dir='ltr'>καὶ</span> <span class='ocrx_word' id='word_1_4' title='bbox 735 340 1002 410; x_wconf 82' lang='grc' dir='ltr'>τοσαύτην</span> <span class='ocrx_word' id='word_1_5' title='bbox 1028 338 1321 410; x_wconf 86' lang='grc' dir='ltr'>ὑπομεῖναι</span> <span class='ocrx_word' id='word_1_6' title='bbox 1354 339 1656 410; x_wconf 83' lang='grc' dir='ltr'>αίσχύνην;</span> <span class='ocrx_word' id='word_1_7' title='bbox 1691 338 1876 393; x_wconf 89' lang='grc' dir='ltr'>Ταῦτα</span> <span class='ocrx_word' id='word_1_8' title='bbox 1900 339 2101 392; x_wconf 85' lang='grc' dir='ltr'>πολλά-</span> 
     </span>
    </p>
   </div>
   <div class='ocr_carea' id='block_1_3' title="bbox 425 427 2100 498">
    <p class='ocr_par' dir='ltr' id='par_1_3' title="bbox 425 427 2100 498">
     <span class='ocr_line' id='line_1_3' title="bbox 425 427 2100 498; baseline 0 -18"><span class='ocrx_word' id='word_1_9' title='bbox 425 446 514 490; x_wconf 85' lang='grc' dir='ltr'>κις</span> <span class='ocrx_word' id='word_1_10' title='bbox 548 430 670 482; x_wconf 81' lang='grc' dir='ltr'>κατ’</span> <span class='ocrx_word' id='word_1_11' title='bbox 700 429 936 497; x_wconf 84' lang='grc' dir='ltr'>ἐμαυτὸν</span> <span class='ocrx_word' id='word_1_12' title='bbox 964 428 1331 498; x_wconf 78' lang='grc' dir='ltr'>λογιζόμενος,</span> <span class='ocrx_word' id='word_1_13' title='bbox 1351 427 1446 481; x_wconf 79' lang='grc' dir='ltr'>καὶ</span> <span class='ocrx_word' id='word_1_14' title='bbox 1470 427 1566 480; x_wconf 89' lang='grc' dir='ltr'>τοῦ</span> <span class='ocrx_word' id='word_1_15' title='bbox 1590 427 1711 481; x_wconf 83' lang='grc' dir='ltr'>λίαν</span> <span class='ocrx_word' id='word_1_16' title='bbox 1735 427 1939 480; x_wconf 80' lang='grc' dir='ltr'>ἀτόπου</span> <span class='ocrx_word' id='word_1_17' title='bbox 1967 427 2100 497; x_wconf 82' lang='grc' dir='ltr'>μηδέ</span> 
     </span>
    </p>
   </div>
   <div class='ocr_carea' id='block_1_4' title="bbox 420 514 2098 588">
    <p class='ocr_par' dir='ltr' id='par_1_4' title="bbox 420 514 2098 588">
     <span class='ocr_line' id='line_1_4' title="bbox 420 514 2098 588; baseline -0.001 -20"><span class='ocrx_word' id='word_1_18' title='bbox 420 518 522 586; x_wconf 78' lang='grc' dir='ltr'>τὴν</span> <span class='ocrx_word' id='word_1_19' title='bbox 554 516 850 588; x_wconf 70' lang='grc' dir='ltr'>ἐνθύμησιν</span> <span class='ocrx_word' id='word_1_20' title='bbox 880 517 1176 588; x_wconf 87' lang='grc' dir='ltr'>δυνάμενος</span> <span class='ocrx_word' id='word_1_21' title='bbox 1209 518 1475 584; x_wconf 74' lang='grc' dir='ltr'>ἐνεγκεῖν,</span> <span class='ocrx_word' id='word_1_22' title='bbox 1507 515 1697 586; x_wconf 83' lang='grc' dir='ltr'>ῶσπερ</span> <span class='ocrx_word' id='word_1_23' title='bbox 1725 515 1775 567; x_wconf 86' lang='grc' dir='ltr'>οἱ</span> <span class='ocrx_word' id='word_1_24' title='bbox 1809 514 2098 585; x_wconf 87' lang='grc' dir='ltr'>παραπλῆ-</span> 
     </span>
    </p>
   </div>
   <div class='ocr_carea' id='block_1_5' title="bbox 418 602 2098 676">
    <p class='ocr_par' dir='ltr' id='par_1_5' title="bbox 418 602 2098 676">
     <span class='ocr_line' id='line_1_5' title="bbox 418 602 2098 676; baseline -0.001 -19"><span class='ocrx_word' id='word_1_25' title='bbox 418 621 516 673; x_wconf 81' lang='grc' dir='ltr'>γες</span> <span class='ocrx_word' id='word_1_26' title='bbox 543 605 775 676; x_wconf 67' lang='grc' dir='ltr'>ἐκείμην</span> <span class='ocrx_word' id='word_1_27' title='bbox 809 606 1038 676; x_wconf 79' lang='grc' dir='ltr'>ἀχανὴς,</span> <span class='ocrx_word' id='word_1_28' title='bbox 1065 604 1186 659; x_wconf 75' lang='grc' dir='ltr'>οὔτε</span> <span class='ocrx_word' id='word_1_29' title='bbox 1212 606 1344 675; x_wconf 84' lang='grc' dir='ltr'>όρᾷν</span> <span class='ocrx_word' id='word_1_30' title='bbox 1376 602 1502 656; x_wconf 78' lang='grc' dir='ltr'>οὔτε</span> <span class='ocrx_word' id='word_1_31' title='bbox 1531 602 1752 657; x_wconf 78' lang='grc' dir='ltr'>ἀκούειν</span> <span class='ocrx_word' id='word_1_32' title='bbox 1777 620 1832 656; x_wconf 92' lang='grc' dir='ltr'>τι</span> <span class='ocrx_word' id='word_1_33' title='bbox 1861 602 2098 673; x_wconf 83' lang='grc' dir='ltr'>δυνάμε-</span> 
     </span>
    </p>
   </div>
   <div class='ocr_carea' id='block_1_6' title="bbox 400 690 2100 765">
    <p class='ocr_par' dir='ltr' id='par_1_6' title="bbox 400 690 2100 765">
     <span class='ocr_line' id='line_1_6' title="bbox 400 690 2100 765; baseline -0.006 -13"><span class='ocrx_word' id='word_1_34' title='bbox 400 710 529 756; x_wconf 71' lang='lat' dir='ltr'><strong>.voc.</strong></span> <span class='ocrx_word' id='word_1_35' title='bbox 565 693 678 763; x_wconf 90' lang='grc' dir='ltr'>Τῆς</span> <span class='ocrx_word' id='word_1_36' title='bbox 705 693 761 746; x_wconf 79' lang='grc' dir='ltr'>δὲ</span> <span class='ocrx_word' id='word_1_37' title='bbox 791 691 1098 765; x_wconf 76' lang='grc' dir='ltr'>ἀμηχανίας</span> <span class='ocrx_word' id='word_1_38' title='bbox 1146 708 1215 761; x_wconf 87' lang='grc' dir='ltr'>με</span> <span class='ocrx_word' id='word_1_39' title='bbox 1261 692 1362 762; x_wconf 88' lang='grc' dir='ltr'>τῆς</span> <span class='ocrx_word' id='word_1_40' title='bbox 1407 691 1679 761; x_wconf 79' lang='grc' dir='ltr'>τοσαύτης</span> <span class='ocrx_word' id='word_1_41' title='bbox 1718 691 1951 761; x_wconf 88' lang='grc' dir='ltr'>ἀφείσης</span> <span class='ocrx_word' id='word_1_42' title='bbox 1980 690 2100 759; x_wconf 73' lang='grc' dir='ltr'>(καὶ</span> 
     </span>
    </p>
   </div>
   <div class='ocr_carea' id='block_1_7' title="bbox 417 777 2098 853">
    <p class='ocr_par' dir='ltr' id='par_1_7' title="bbox 417 777 2098 853">
     <span class='ocr_line' id='line_1_7' title="bbox 417 777 2098 853; baseline -0.002 -19"><span class='ocrx_word' id='word_1_43' title='bbox 417 782 526 853; x_wconf 75' lang='grc' dir='ltr'>γάρ</span> <span class='ocrx_word' id='word_1_44' title='bbox 569 780 716 834; x_wconf 77' lang='grc' dir='ltr'>ἐστιν</span> <span class='ocrx_word' id='word_1_45' title='bbox 761 781 849 833; x_wconf 85' lang='grc' dir='ltr'>ὅτε</span> <span class='ocrx_word' id='word_1_46' title='bbox 885 781 979 833; x_wconf 58' lang='grc' dir='ltr'>καὶ⁵</span> <span class='ocrx_word' id='word_1_47' title='bbox 1012 778 1382 849; x_wconf 81' lang='grc' dir='ltr'>ὑπεξίστατο),</span> <span class='ocrx_word' id='word_1_48' title='bbox 1423 778 1693 849; x_wconf 80' lang='grc' dir='ltr'>διεδέχετο</span> <span class='ocrx_word' id='word_1_49' title='bbox 1745 777 1957 847; x_wconf 90' lang='grc' dir='ltr'>δάκρυα</span> <span class='ocrx_word' id='word_1_50' title='bbox 2000 779 2098 831; x_wconf 74' lang='grc' dir='ltr'>καὶ</span> 
     </span>
    </p>
   </div>
   <div class='ocr_carea' id='block_1_8' title="bbox 417 865 2097 939">
    <p class='ocr_par' dir='ltr' id='par_1_8' title="bbox 417 865 2097 939">
     <span class='ocr_line' id='line_1_8' title="bbox 417 865 2097 939; baseline -0.003 -17"><span class='ocrx_word' id='word_1_51' title='bbox 417 867 660 939; x_wconf 87' lang='grc' dir='ltr'>ἀθυμία·</span> <span class='ocrx_word' id='word_1_52' title='bbox 695 869 790 920; x_wconf 80' lang='grc' dir='ltr'>καὶ</span> <span class='ocrx_word' id='word_1_53' title='bbox 827 866 968 939; x_wconf 89' lang='grc' dir='ltr'>μετά</span> <span class='ocrx_word' id='word_1_54' title='bbox 1010 868 1102 920; x_wconf 83' lang='grc' dir='ltr'>τὸν</span> <span class='ocrx_word' id='word_1_55' title='bbox 1151 866 1260 920; x_wconf 92' lang='grc' dir='ltr'>τῶν</span> <span class='ocrx_word' id='word_1_56' title='bbox 1309 866 1563 938; x_wconf 85' lang='grc' dir='ltr'>δακρύων</span> <span class='ocrx_word' id='word_1_57' title='bbox 1607 866 1772 937; x_wconf 75' lang='grc' dir='ltr'>κόρον</span> <span class='ocrx_word' id='word_1_58' title='bbox 1822 865 2097 936; x_wconf 77' lang='grc' dir='ltr'>ἀντεισῄει</span> 
     </span>
    </p>
   </div>
   <div class='ocr_carea' id='block_1_9' title="bbox 420 943 2098 1026">
    <p class='ocr_par' dir='ltr' id='par_1_9' title="bbox 420 943 2098 1026">
     <span class='ocr_line' id='line_1_9' title="bbox 420 943 2098 1026; baseline -0.003 -16"><span class='ocrx_word' id='word_1_59' title='bbox 420 956 583 1011; x_wconf 89' lang='grc' dir='ltr'>πάλιν</span> <span class='ocrx_word' id='word_1_60' title='bbox 610 957 637 1008; x_wconf 84' lang='grc' dir='ltr'><strong>ὁ</strong></span> <span class='ocrx_word' id='word_1_61' title='bbox 666 955 850 1024; x_wconf 84' lang='grc' dir='ltr'>φόϐος,</span> <span class='ocrx_word' id='word_1_62' title='bbox 876 955 1161 1026; x_wconf 77' lang='grc' dir='ltr'>ταράττων</span> <span class='ocrx_word' id='word_1_63' title='bbox 1195 955 1289 1007; x_wconf 74' lang='grc' dir='ltr'>καὶ</span> <span class='ocrx_word' id='word_1_64' title='bbox 1314 943 1563 1026; x_wconf 84' lang='grc' dir='ltr'>θορυϐῶν</span> <span class='ocrx_word' id='word_1_65' title='bbox 1600 954 1695 1007; x_wconf 76' lang='grc' dir='ltr'>καὶ</span> <span class='ocrx_word' id='word_1_66' title='bbox 1724 953 1976 1006; x_wconf 79' lang='grc' dir='ltr'>διασείων</span> <span class='ocrx_word' id='word_1_67' title='bbox 2006 968 2098 1022; x_wconf 89' lang='grc' dir='ltr'>μοι</span> 
     </span>
    </p>
   </div>
   <div class='ocr_carea' id='block_1_10' title="bbox 416 1039 2098 1116">
    <p class='ocr_par' dir='ltr' id='par_1_10' title="bbox 416 1039 2098 1116">
     <span class='ocr_line' id='line_1_10' title="bbox 416 1039 2098 1116; baseline -0.003 -19"><span class='ocrx_word' id='word_1_68' title='bbox 416 1045 517 1116; x_wconf 80' lang='grc' dir='ltr'>τὴν</span> <span class='ocrx_word' id='word_1_69' title='bbox 549 1044 809 1098; x_wconf 86' lang='grc' dir='ltr'>διάνοιαν.</span> <span class='ocrx_word' id='word_1_70' title='bbox 860 1043 1112 1114; x_wconf 81' lang='grc' dir='ltr'>Τοσαύτη</span> <span class='ocrx_word' id='word_1_71' title='bbox 1158 1041 1298 1115; x_wconf 78' lang='grc' dir='ltr'>ζάλῃ</span> <span class='ocrx_word' id='word_1_72' title='bbox 1342 1040 1433 1095; x_wconf 86' lang='grc' dir='ltr'>τὸν</span> <span class='ocrx_word' id='word_1_73' title='bbox 1476 1040 1816 1111; x_wconf 78' lang='grc' dir='ltr'>παρελθόντα</span> <span class='ocrx_word' id='word_1_74' title='bbox 1857 1039 2098 1105; x_wconf 74' lang='grc' dir='ltr'>συνέζων</span> 
     </span>
    </p>
   </div>
   <div class='ocr_carea' id='block_1_11' title="bbox 416 1124 2135 1200">
    <p class='ocr_par' dir='ltr' id='par_1_11' title="bbox 416 1124 2135 1200">
     <span class='ocr_line' id='line_1_11' title="bbox 416 1124 2135 1200; baseline -0.002 -18"><span class='ocrx_word' id='word_1_75' title='bbox 416 1130 637 1200; x_wconf 86' lang='grc' dir='ltr'>χρόνον·</span> <span class='ocrx_word' id='word_1_76' title='bbox 672 1129 736 1183; x_wconf 85' lang='grc' dir='ltr'>σὺ</span> <span class='ocrx_word' id='word_1_77' title='bbox 765 1128 823 1182; x_wconf 80' lang='grc' dir='ltr'>δὲ</span> <span class='ocrx_word' id='word_1_78' title='bbox 860 1128 1097 1199; x_wconf 79' lang='grc' dir='ltr'>ἠγνόεις,</span> <span class='ocrx_word' id='word_1_79' title='bbox 1141 1129 1236 1180; x_wconf 77' lang='grc' dir='ltr'>καὶ</span> <span class='ocrx_word' id='word_1_80' title='bbox 1272 1128 1330 1180; x_wconf 87' lang='grc' dir='ltr'>ἐν</span> <span class='ocrx_word' id='word_1_81' title='bbox 1370 1126 1582 1197; x_wconf 83' lang='grc' dir='ltr'>γαλήνῃ</span> <span class='ocrx_word' id='word_1_82' title='bbox 1638 1143 1705 1196; x_wconf 89' lang='grc' dir='ltr'>με</span> <span class='ocrx_word' id='word_1_83' title='bbox 1740 1124 1949 1191; x_wconf 89' lang='grc' dir='ltr'>διάγειν</span> <span class='ocrx_word' id='word_1_84' title='bbox 1978 1125 2100 1178; x_wconf 83' lang='grc' dir='ltr'>ἐνό-</span> <span class='ocrx_word' id='word_1_85' title='bbox 2132 1184 2135 1185; x_wconf 22' lang='grc' dir='ltr'>ν</span> 
     </span>
    </p>
   </div>
   <div class='ocr_carea' id='block_1_12' title="bbox 419 1208 2095 1283">
    <p class='ocr_par' dir='ltr' id='par_1_12' title="bbox 419 1208 2095 1283">
     <span class='ocr_line' id='line_1_12' title="bbox 419 1208 2095 1283; baseline -0.004 -16"><span class='ocrx_word' id='word_1_86' title='bbox 419 1215 592 1283; x_wconf 77' lang='grc' dir='ltr'>μιξες.</span> <span class='ocrx_word' id='word_1_87' title='bbox 638 1212 800 1266; x_wconf 84' lang='grc' dir='ltr'>Ἀλλά</span> <span class='ocrx_word' id='word_1_88' title='bbox 830 1212 926 1267; x_wconf 91' lang='grc' dir='ltr'>νῦν</span> <span class='ocrx_word' id='word_1_89' title='bbox 964 1228 1044 1266; x_wconf 88' lang='grc' dir='ltr'>σοι</span> <span class='ocrx_word' id='word_1_90' title='bbox 1089 1211 1436 1280; x_wconf 81' lang='grc' dir='ltr'>ἀποκαλύψαι</span> <span class='ocrx_word' id='word_1_91' title='bbox 1477 1210 1814 1281; x_wconf 78' lang='grc' dir='ltr'>πειράσομαι</span> <span class='ocrx_word' id='word_1_92' title='bbox 1857 1208 1948 1262; x_wconf 82' lang='grc' dir='ltr'>τὸν</span> <span class='ocrx_word' id='word_1_93' title='bbox 1980 1226 2095 1279; x_wconf 88' lang='grc' dir='ltr'>χει-</span> 
     </span>
    </p>
   </div>
   <div class='ocr_carea' id='block_1_13' title="bbox 419 1290 2094 1366">
    <p class='ocr_par' dir='ltr' id='par_1_13' title="bbox 419 1290 2094 1366">
     <span class='ocr_line' id='line_1_13' title="bbox 419 1290 2094 1366; baseline -0.002 -18"><span class='ocrx_word' id='word_1_94' title='bbox 419 1295 573 1366; x_wconf 89' lang='grc' dir='ltr'>μῶνα</span> <span class='ocrx_word' id='word_1_95' title='bbox 600 1295 699 1366; x_wconf 88' lang='grc' dir='ltr'>τῆς</span> <span class='ocrx_word' id='word_1_96' title='bbox 742 1296 882 1366; x_wconf 87' lang='grc' dir='ltr'>ἐμῆς</span> <span class='ocrx_word' id='word_1_97' title='bbox 921 1295 1131 1365; x_wconf 81' lang='grc' dir='ltr'>ψυχῆς·</span> <span class='ocrx_word' id='word_1_98' title='bbox 1170 1295 1312 1364; x_wconf 84' lang='grc' dir='ltr'>τάχα</span> <span class='ocrx_word' id='word_1_99' title='bbox 1356 1293 1465 1364; x_wconf 87' lang='grc' dir='ltr'>γάρ</span> <span class='ocrx_word' id='word_1_100' title='bbox 1513 1309 1602 1362; x_wconf 88' lang='grc' dir='ltr'>μοι</span> <span class='ocrx_word' id='word_1_101' title='bbox 1627 1292 1722 1345; x_wconf 71' lang='grc' dir='ltr'>καὶ</span> <span class='ocrx_word' id='word_1_102' title='bbox 1763 1290 1870 1345; x_wconf 72' lang='grc' dir='ltr'>ἀπὸ</span> <span class='ocrx_word' id='word_1_103' title='bbox 1906 1291 2094 1345; x_wconf 83' lang='grc' dir='ltr'>τούτου</span> 
     </span>
    </p>
   </div>
   <div class='ocr_carea' id='block_1_14' title="bbox 416 1373 2094 1452">
    <p class='ocr_par' dir='ltr' id='par_1_14' title="bbox 416 1373 2094 1452">
     <span class='ocr_line' id='line_1_14' title="bbox 416 1373 2094 1452; baseline -0.001 -21"><span class='ocrx_word' id='word_1_104' title='bbox 416 1379 728 1452; x_wconf 82' lang='grc' dir='ltr'>συγγνώσῃ,</span> <span class='ocrx_word' id='word_1_105' title='bbox 769 1378 838 1432; x_wconf 86' lang='grc' dir='ltr'>τὰ</span> <span class='ocrx_word' id='word_1_106' title='bbox 873 1379 1192 1448; x_wconf 79' lang='grc' dir='ltr'>ἐγκλήματα</span> <span class='ocrx_word' id='word_1_107' title='bbox 1222 1377 1400 1446; x_wconf 86' lang='grc' dir='ltr'>ἀφείς.</span> <span class='ocrx_word' id='word_1_108' title='bbox 1430 1377 1553 1439; x_wconf 89' lang='grc' dir='ltr'>Πῶς</span> <span class='ocrx_word' id='word_1_109' title='bbox 1583 1373 1674 1431; x_wconf 83' lang='grc' dir='ltr'>οὖν</span> <span class='ocrx_word' id='word_1_110' title='bbox 1712 1394 1815 1440; x_wconf 91' lang='grc' dir='ltr'>σοι,</span> <span class='ocrx_word' id='word_1_111' title='bbox 1846 1376 1966 1441; x_wconf 88' lang='grc' dir='ltr'>πῶς</span> <span class='ocrx_word' id='word_1_112' title='bbox 1995 1376 2094 1430; x_wconf 90' lang='grc' dir='ltr'>αὑ-</span> 
     </span>
    </p>
   </div>
   <div class='ocr_carea' id='block_1_15' title="bbox 415 1463 2093 1538">
    <p class='ocr_par' dir='ltr' id='par_1_15' title="bbox 415 1463 2093 1538">
     <span class='ocr_line' id='line_1_15' title="bbox 415 1463 2093 1538; baseline -0.002 -19"><span class='ocrx_word' id='word_1_113' title='bbox 415 1467 505 1519; x_wconf 87' lang='grc' dir='ltr'>τὸν</span> <span class='ocrx_word' id='word_1_114' title='bbox 532 1465 967 1538; x_wconf 81' lang='grc' dir='ltr'>ἐκκαλύψωμεν;</span> <span class='ocrx_word' id='word_1_115' title='bbox 1008 1467 1069 1517; x_wconf 88' lang='grc' dir='ltr'><strong>Εἰ</strong></span> <span class='ocrx_word' id='word_1_116' title='bbox 1101 1465 1202 1536; x_wconf 88' lang='grc' dir='ltr'>μὲν</span> <span class='ocrx_word' id='word_1_117' title='bbox 1243 1463 1432 1532; x_wconf 92' lang='grc' dir='ltr'>σαφῶς</span> <span class='ocrx_word' id='word_1_118' title='bbox 1471 1464 1677 1528; x_wconf 89' lang='grc' dir='ltr'>ἐθέλοις</span> <span class='ocrx_word' id='word_1_119' title='bbox 1713 1464 1866 1530; x_wconf 89' lang='grc' dir='ltr'>ἰδεῖν,</span> <span class='ocrx_word' id='word_1_120' title='bbox 1890 1464 2093 1536; x_wconf 88' lang='grc' dir='ltr'>ἐτέρως</span> 
     </span>
    </p>
   </div>
   <div class='ocr_carea' id='block_1_16' title="bbox 414 1546 2096 1620">
    <p class='ocr_par' dir='ltr' id='par_1_16' title="bbox 414 1546 2096 1620">
     <span class='ocr_line' id='line_1_16' title="bbox 414 1546 2096 1620; baseline -0.002 -16"><span class='ocrx_word' id='word_1_121' title='bbox 414 1551 516 1604; x_wconf 71' lang='grc' dir='ltr'>οὐκ</span> <span class='ocrx_word' id='word_1_122' title='bbox 549 1549 614 1604; x_wconf 81' lang='grc' dir='ltr'>ἂν</span> <span class='ocrx_word' id='word_1_123' title='bbox 645 1550 729 1620; x_wconf 89' lang='grc' dir='ltr'>εῖη</span> <span class='ocrx_word' id='word_1_124' title='bbox 769 1562 817 1614; x_wconf 72' lang='grc' dir='ltr'>α,</span> <span class='ocrx_word' id='word_1_125' title='bbox 863 1550 976 1602; x_wconf 78' lang='grc' dir='ltr'>ἀλλ’</span> <span class='ocrx_word' id='word_1_126' title='bbox 1008 1550 1040 1619; x_wconf 84' lang='grc' dir='ltr'>ἢ</span> <span class='ocrx_word' id='word_1_127' title='bbox 1085 1548 1183 1620; x_wconf 81' lang='grc' dir='ltr'>τὴν</span> <span class='ocrx_word' id='word_1_128' title='bbox 1226 1548 1456 1619; x_wconf 81' lang='grc' dir='ltr'>καρδίαν</span> <span class='ocrx_word' id='word_1_129' title='bbox 1495 1547 1862 1617; x_wconf 87' lang='grc' dir='ltr'>γυμνώσαντα</span> <span class='ocrx_word' id='word_1_130' title='bbox 1895 1551 1954 1588; x_wconf 68' lang='grc'>³⁵</span> <span class='ocrx_word' id='word_1_131' title='bbox 1997 1546 2096 1619; x_wconf 80' lang='grc' dir='ltr'>τὴν</span> 
     </span>
    </p>
   </div>
   <div class='ocr_carea' id='block_1_17' title="bbox 404 1624 2096 1704">
    <p class='ocr_par' dir='ltr' id='par_1_17' title="bbox 404 1624 2096 1704">
     <span class='ocr_line' id='line_1_17' title="bbox 404 1624 2096 1704; baseline -0.001 -18"><span class='ocrx_word' id='word_1_132' title='bbox 404 1624 587 1704; x_wconf 75' lang='grc' dir='ltr'>ἐμήν·</span> <span class='ocrx_word' id='word_1_133' title='bbox 617 1631 801 1703; x_wconf 83' lang='grc' dir='ltr'>ἐπειδὴ</span> <span class='ocrx_word' id='word_1_134' title='bbox 830 1632 887 1685; x_wconf 80' lang='grc' dir='ltr'>δὲ</span> <span class='ocrx_word' id='word_1_135' title='bbox 923 1631 1080 1684; x_wconf 81' lang='grc' dir='ltr'>τοῦτο</span> <span class='ocrx_word' id='word_1_136' title='bbox 1129 1630 1410 1693; x_wconf 74' lang='grc' dir='ltr'>ἀδύνατον,</span> <span class='ocrx_word' id='word_1_137' title='bbox 1450 1630 1516 1683; x_wconf 87' lang='grc' dir='ltr'>δι’</span> <span class='ocrx_word' id='word_1_138' title='bbox 1555 1631 1807 1700; x_wconf 68' lang='grc' dir='ltr'>ἀμυδράς</span> <span class='ocrx_word' id='word_1_139' title='bbox 1841 1647 1990 1691; x_wconf 87' lang='grc' dir='ltr'>τινος</span> <span class='ocrx_word' id='word_1_140' title='bbox 2014 1633 2096 1684; x_wconf 87' lang='grc' dir='ltr'>εί-</span> 
     </span>
    </p>
   </div>
   <div class='ocr_carea' id='block_1_18' title="bbox 415 1708 2095 1786">
    <p class='ocr_par' dir='ltr' id='par_1_18' title="bbox 415 1708 2095 1786">
     <span class='ocr_line' id='line_1_18' title="bbox 415 1708 2095 1786; baseline -0.001 -16"><span class='ocrx_word' id='word_1_141' title='bbox 415 1716 595 1780; x_wconf 87' lang='grc' dir='ltr'>κόνος,</span> <span class='ocrx_word' id='word_1_142' title='bbox 630 1716 706 1777; x_wconf 84' lang='grc' dir='ltr'>ὡς</span> <span class='ocrx_word' id='word_1_143' title='bbox 736 1715 801 1768; x_wconf 85' lang='grc' dir='ltr'>ἂν</span> <span class='ocrx_word' id='word_1_144' title='bbox 838 1709 947 1778; x_wconf 72' lang='grc' dir='ltr'>οἶός</span> <span class='ocrx_word' id='word_1_145' title='bbox 981 1732 1039 1767; x_wconf 93' lang='grc' dir='ltr'>τε</span> <span class='ocrx_word' id='word_1_146' title='bbox 1078 1708 1143 1777; x_wconf 82' lang='grc' dir='ltr'>ὧ,</span> <span class='ocrx_word' id='word_1_147' title='bbox 1197 1714 1531 1786; x_wconf 87' lang='grc' dir='ltr'>πειράσομαί</span> <span class='ocrx_word' id='word_1_148' title='bbox 1574 1733 1654 1768; x_wconf 92' lang='grc' dir='ltr'>σοι</span> <span class='ocrx_word' id='word_1_149' title='bbox 1700 1714 1793 1768; x_wconf 81' lang='grc' dir='ltr'>τὸν</span> <span class='ocrx_word' id='word_1_150' title='bbox 1826 1714 1927 1785; x_wconf 88' lang='grc' dir='ltr'>τῆς</span> <span class='ocrx_word' id='word_1_151' title='bbox 1957 1715 2095 1769; x_wconf 88' lang='grc' dir='ltr'>ἀθυ-</span> 
     </span>
    </p>
   </div>
   <div class='ocr_carea' id='block_1_19' title="bbox 419 1797 2096 1869">
    <p class='ocr_par' dir='ltr' id='par_1_19' title="bbox 419 1797 2096 1869">
     <span class='ocr_line' id='line_1_19' title="bbox 419 1797 2096 1869; baseline 0 -17"><span class='ocrx_word' id='word_1_152' title='bbox 419 1800 547 1869; x_wconf 83' lang='grc' dir='ltr'>μίας</span> <span class='ocrx_word' id='word_1_153' title='bbox 568 1800 704 1861; x_wconf 90' lang='grc' dir='ltr'>τέως</span> <span class='ocrx_word' id='word_1_154' title='bbox 736 1797 1009 1863; x_wconf 82' lang='grc' dir='ltr'>ὑποδεῖξαι</span> <span class='ocrx_word' id='word_1_155' title='bbox 1040 1798 1244 1852; x_wconf 90' lang='grc' dir='ltr'>καπνόν</span> <span class='ocrx_word' id='word_1_156' title='bbox 1265 1814 1278 1828; x_wconf 86' lang='grc'>·</span> <span class='ocrx_word' id='word_1_157' title='bbox 1324 1798 1388 1849; x_wconf 80' lang='grc' dir='ltr'>σὺ</span> <span class='ocrx_word' id='word_1_158' title='bbox 1423 1797 1481 1850; x_wconf 78' lang='grc' dir='ltr'>δὲ</span> <span class='ocrx_word' id='word_1_159' title='bbox 1524 1800 1587 1850; x_wconf 83' lang='grc' dir='ltr'>ὲκ</span> <span class='ocrx_word' id='word_1_160' title='bbox 1615 1798 1712 1866; x_wconf 87' lang='grc' dir='ltr'>τῆς</span> <span class='ocrx_word' id='word_1_161' title='bbox 1744 1798 1954 1861; x_wconf 84' lang='grc' dir='ltr'>εἰκόνος</span> <span class='ocrx_word' id='word_1_162' title='bbox 1994 1798 2096 1869; x_wconf 84' lang='grc' dir='ltr'>τὴν</span> 
     </span>
    </p>
   </div>
   <div class='ocr_carea' id='block_1_20' title="bbox 413 1877 2096 1954">
    <p class='ocr_par' dir='ltr' id='par_1_20' title="bbox 413 1877 2096 1954">
     <span class='ocr_line' id='line_1_20' title="bbox 413 1877 2096 1954; baseline -0.002 -17"><span class='ocrx_word' id='word_1_163' title='bbox 413 1883 651 1954; x_wconf 83' lang='grc' dir='ltr'>ἀθυμίαν</span> <span class='ocrx_word' id='word_1_164' title='bbox 727 1883 950 1951; x_wconf 86' lang='grc' dir='ltr'>σύλλεγε</span> <span class='ocrx_word' id='word_1_165' title='bbox 1022 1884 1181 1952; x_wconf 88' lang='grc' dir='ltr'>μόνον</span> <span class='ocrx_word' id='word_1_166' title='bbox 1226 1881 1274 1935; x_wconf 69' lang='grc' dir='ltr'>δ.</span> <span class='ocrx_word' id='word_1_167' title='bbox 1344 1879 1708 1951; x_wconf 83' lang='grc' dir='ltr'>’Υποθώμεθα</span> <span class='ocrx_word' id='word_1_168' title='bbox 1784 1877 1925 1935; x_wconf 83' lang='grc' dir='ltr'>εἷναί</span> <span class='ocrx_word' id='word_1_169' title='bbox 1989 1899 2096 1935; x_wconf 90' lang='grc' dir='ltr'>τινι</span> 
     </span>
    </p>
   </div>
   <div class='ocr_carea' id='block_1_21' title="bbox 417 1963 2099 2037">
    <p class='ocr_par' dir='ltr' id='par_1_21' title="bbox 417 1963 2099 2037">
     <span class='ocr_line' id='line_1_21' title="bbox 417 1963 2099 2037; baseline 0 -19"><span class='ocrx_word' id='word_1_170' title='bbox 417 1965 659 2037; x_wconf 83' lang='grc' dir='ltr'>μνηστὴν</span> <span class='ocrx_word' id='word_1_171' title='bbox 684 1964 779 2018; x_wconf 84' lang='grc' dir='ltr'>τοῦ</span> <span class='ocrx_word' id='word_1_172' title='bbox 811 1967 992 2037; x_wconf 80' lang='grc' dir='ltr'>πάσης</span> <span class='ocrx_word' id='word_1_173' title='bbox 1019 1966 1117 2036; x_wconf 85' lang='grc' dir='ltr'>τῆς</span> <span class='ocrx_word' id='word_1_174' title='bbox 1162 1965 1253 2033; x_wconf 82' lang='grc' dir='ltr'>ὑφ’</span> <span class='ocrx_word' id='word_1_175' title='bbox 1287 1964 1438 2035; x_wconf 80' lang='grc' dir='ltr'>ἥλιον</span> <span class='ocrx_word' id='word_1_176' title='bbox 1481 1965 1742 2035; x_wconf 79' lang='grc' dir='ltr'>κειμένης</span> <span class='ocrx_word' id='word_1_177' title='bbox 1788 1965 1891 2035; x_wconf 86' lang='grc' dir='ltr'>γῆς</span> <span class='ocrx_word' id='word_1_178' title='bbox 1946 1963 2099 2034; x_wconf 89' lang='grc' dir='ltr'>βασι-</span> 
     </span>
    </p>
   </div>
   <div class='ocr_carea' id='block_1_22' title="bbox 412 2047 2095 2119">
    <p class='ocr_par' dir='ltr' id='par_1_22' title="bbox 412 2047 2095 2119">
     <span class='ocr_line' id='line_1_22' title="bbox 412 2047 2095 2119; baseline 0 -18"><span class='ocrx_word' id='word_1_179' title='bbox 412 2050 659 2113; x_wconf 86' lang='grc' dir='ltr'>λεύοντος</span> <span class='ocrx_word' id='word_1_180' title='bbox 717 2048 1011 2119; x_wconf 78' lang='grc' dir='ltr'>θυγατέρα,</span> <span class='ocrx_word' id='word_1_181' title='bbox 1060 2047 1263 2116; x_wconf 88' lang='grc' dir='ltr'>ταύτην</span> <span class='ocrx_word' id='word_1_182' title='bbox 1316 2064 1374 2099; x_wconf 89' lang='grc' dir='ltr'>τε</span> <span class='ocrx_word' id='word_1_183' title='bbox 1420 2048 1520 2118; x_wconf 83' lang='grc' dir='ltr'>τῆν</span> <span class='ocrx_word' id='word_1_184' title='bbox 1575 2048 1745 2117; x_wconf 82' lang='grc' dir='ltr'>κόρην</span> <span class='ocrx_word' id='word_1_185' title='bbox 1790 2048 1989 2111; x_wconf 83' lang='grc' dir='ltr'>κάλλος</span> <span class='ocrx_word' id='word_1_186' title='bbox 2036 2064 2095 2101; x_wconf 88' lang='grc' dir='ltr'>τε</span> 
     </span>
    </p>
   </div>
   <div class='ocr_carea' id='block_1_23' title="bbox 413 2127 2096 2204">
    <p class='ocr_par' dir='ltr' id='par_1_23' title="bbox 413 2127 2096 2204">
     <span class='ocr_line' id='line_1_23' title="bbox 413 2127 2096 2204; baseline -0.001 -18"><span class='ocrx_word' id='word_1_187' title='bbox 413 2133 557 2204; x_wconf 73' lang='grc' dir='ltr'>ἔχειν</span> <span class='ocrx_word' id='word_1_188' title='bbox 589 2134 887 2204; x_wconf 86' lang='grc' dir='ltr'>ἀμήχανον,</span> <span class='ocrx_word' id='word_1_189' title='bbox 934 2127 1046 2184; x_wconf 74' lang='grc' dir='ltr'>οἷον</span> <span class='ocrx_word' id='word_1_190' title='bbox 1081 2132 1175 2183; x_wconf 74' lang='grc' dir='ltr'>καὶ</span> <span class='ocrx_word' id='word_1_191' title='bbox 1218 2132 1317 2202; x_wconf 80' lang='grc' dir='ltr'>τὴν</span> <span class='ocrx_word' id='word_1_192' title='bbox 1352 2130 1701 2201; x_wconf 86' lang='grc' dir='ltr'>ἀνθρωπίνην</span> <span class='ocrx_word' id='word_1_193' title='bbox 1746 2131 2096 2201; x_wconf 86' lang='grc' dir='ltr'>ὑπερϐαίνειν</span> 
     </span>
    </p>
   </div>
   <div class='ocr_carea' id='block_1_24' title="bbox 415 2212 2097 2286">
    <p class='ocr_par' dir='ltr' id='par_1_24' title="bbox 415 2212 2097 2286">
     <span class='ocr_line' id='line_1_24' title="bbox 415 2212 2097 2286; baseline -0.001 -17"><span class='ocrx_word' id='word_1_194' title='bbox 415 2217 598 2284; x_wconf 82' lang='grc' dir='ltr'>φύσιν,</span> <span class='ocrx_word' id='word_1_195' title='bbox 653 2217 744 2270; x_wconf 78' lang='grc' dir='ltr'>καὶ</span> <span class='ocrx_word' id='word_1_196' title='bbox 788 2216 962 2286; x_wconf 83' lang='grc' dir='ltr'>τούτῳ</span> <span class='ocrx_word' id='word_1_197' title='bbox 998 2214 1060 2266; x_wconf 84' lang='grc' dir='ltr'>τὸ</span> <span class='ocrx_word' id='word_1_198' title='bbox 1090 2214 1199 2266; x_wconf 91' lang='grc' dir='ltr'>τῶν</span> <span class='ocrx_word' id='word_1_199' title='bbox 1234 2212 1513 2281; x_wconf 72' lang='grc' dir='ltr'>γυναικῶν</span> <span class='ocrx_word' id='word_1_200' title='bbox 1550 2214 1778 2266; x_wconf 86' lang='grc' dir='ltr'>ἀπασῶν</span> <span class='ocrx_word' id='word_1_201' title='bbox 1822 2215 1990 2282; x_wconf 89' lang='grc' dir='ltr'>φῦλον</span> <span class='ocrx_word' id='word_1_202' title='bbox 2032 2216 2097 2268; x_wconf 83' lang='grc' dir='ltr'>ἐκ</span> 
     </span>
    </p>
   </div>
   <div class='ocr_carea' id='block_1_25' title="bbox 414 2296 2099 2368">
    <p class='ocr_par' dir='ltr' id='par_1_25' title="bbox 414 2296 2099 2368">
     <span class='ocr_line' id='line_1_25' title="bbox 414 2296 2099 2368; baseline -0.001 -15"><span class='ocrx_word' id='word_1_203' title='bbox 414 2300 609 2353; x_wconf 84' lang='grc' dir='ltr'>πολλοῦ</span> <span class='ocrx_word' id='word_1_204' title='bbox 639 2299 732 2353; x_wconf 79' lang='grc' dir='ltr'>τοῦ</span> <span class='ocrx_word' id='word_1_205' title='bbox 760 2298 1124 2368; x_wconf 85' lang='grc' dir='ltr'>διαστήματος</span> <span class='ocrx_word' id='word_1_206' title='bbox 1152 2298 1327 2367; x_wconf 77' lang='grc' dir='ltr'>νικᾷν,</span> <span class='ocrx_word' id='word_1_207' title='bbox 1356 2298 1454 2349; x_wconf 71' lang='grc' dir='ltr'>καὶ</span> <span class='ocrx_word' id='word_1_208' title='bbox 1492 2296 1671 2367; x_wconf 79' lang='grc' dir='ltr'>ψυχῆς</span> <span class='ocrx_word' id='word_1_209' title='bbox 1703 2298 1907 2368; x_wconf 86' lang='grc' dir='ltr'>ἀρετὴν</span> <span class='ocrx_word' id='word_1_210' title='bbox 1951 2315 2099 2351; x_wconf 89' lang='grc' dir='ltr'>τοσ-</span> 
     </span>
    </p>
   </div>
   <div class='ocr_carea' id='block_1_26' title="bbox 413 2379 2091 2455">
    <p class='ocr_par' dir='ltr' id='par_1_26' title="bbox 413 2379 2091 2455">
     <span class='ocr_line' id='line_1_26' title="bbox 413 2379 2091 2455; baseline -0.002 -18"><span class='ocrx_word' id='word_1_211' title='bbox 413 2384 605 2455; x_wconf 84' lang='grc' dir='ltr'>αύτην,</span> <span class='ocrx_word' id='word_1_212' title='bbox 634 2384 710 2447; x_wconf 85' lang='grc' dir='ltr'>ὡς</span> <span class='ocrx_word' id='word_1_213' title='bbox 735 2384 827 2436; x_wconf 70' lang='grc' dir='ltr'>καὶ</span> <span class='ocrx_word' id='word_1_214' title='bbox 850 2382 909 2435; x_wconf 77' lang='grc' dir='ltr'>τὸ</span> <span class='ocrx_word' id='word_1_215' title='bbox 942 2381 1051 2433; x_wconf 89' lang='grc' dir='ltr'>τῶν</span> <span class='ocrx_word' id='word_1_216' title='bbox 1079 2379 1289 2446; x_wconf 87' lang='grc' dir='ltr'>ἀνδρῶν</span> <span class='ocrx_word' id='word_1_217' title='bbox 1314 2380 1491 2449; x_wconf 85' lang='grc' dir='ltr'>γένος,</span> <span class='ocrx_word' id='word_1_218' title='bbox 1539 2380 1651 2433; x_wconf 83' lang='grc' dir='ltr'>τῶν</span> <span class='ocrx_word' id='word_1_219' title='bbox 1674 2398 1733 2433; x_wconf 89' lang='grc' dir='ltr'>τε</span> <span class='ocrx_word' id='word_1_220' title='bbox 1761 2382 2091 2449; x_wconf 85' lang='grc' dir='ltr'>γενομένων,</span> 
     </span>
    </p>
   </div>
   <div class='ocr_carea' id='block_1_27' title="bbox 412 2462 2095 2536">
    <p class='ocr_par' dir='ltr' id='par_1_27' title="bbox 412 2462 2095 2536">
     <span class='ocr_line' id='line_1_27' title="bbox 412 2462 2095 2536; baseline -0.003 -15"><span class='ocrx_word' id='word_1_221' title='bbox 412 2468 522 2521; x_wconf 86' lang='grc' dir='ltr'>τῶν</span> <span class='ocrx_word' id='word_1_222' title='bbox 545 2486 600 2521; x_wconf 87' lang='grc' dir='ltr'>τε</span> <span class='ocrx_word' id='word_1_223' title='bbox 628 2467 902 2536; x_wconf 77' lang='grc' dir='ltr'>ἐσομένων</span> <span class='ocrx_word' id='word_1_224' title='bbox 932 2465 1083 2523; x_wconf 79' lang='grc' dir='ltr'>ποτὲ,</span> <span class='ocrx_word' id='word_1_225' title='bbox 1112 2463 1293 2532; x_wconf 84' lang='grc' dir='ltr'>πολλῷ</span> <span class='ocrx_word' id='word_1_226' title='bbox 1320 2462 1399 2532; x_wconf 82' lang='grc' dir='ltr'>τῷ</span> <span class='ocrx_word' id='word_1_227' title='bbox 1438 2462 1625 2533; x_wconf 88' lang='grc' dir='ltr'>μέτρῳ</span> <span class='ocrx_word' id='word_1_228' title='bbox 1666 2463 1899 2516; x_wconf 86' lang='grc' dir='ltr'>κατόπιν</span> <span class='ocrx_word' id='word_1_229' title='bbox 1936 2465 2095 2531; x_wconf 79' lang='grc' dir='ltr'>ἀφεῖ-</span> 
     </span>
    </p>
   </div>
   <div class='ocr_carea' id='block_1_28' title="bbox 412 2546 2097 2619">
    <p class='ocr_par' dir='ltr' id='par_1_28' title="bbox 412 2546 2097 2619">
     <span class='ocr_line' id='line_1_28' title="bbox 412 2546 2097 2619; baseline -0.002 -14"><span class='ocrx_word' id='word_1_230' title='bbox 412 2566 533 2605; x_wconf 81' lang='grc' dir='ltr'>ναι·</span> <span class='ocrx_word' id='word_1_231' title='bbox 566 2552 658 2604; x_wconf 69' lang='grc' dir='ltr'>καὶ</span> <span class='ocrx_word' id='word_1_232' title='bbox 686 2550 894 2612; x_wconf 79' lang='grc' dir='ltr'>πάντας</span> <span class='ocrx_word' id='word_1_233' title='bbox 934 2549 1032 2618; x_wconf 84' lang='grc' dir='ltr'>μὲν</span> <span class='ocrx_word' id='word_1_234' title='bbox 1059 2546 1215 2618; x_wconf 71' lang='grc'>[455]</span> <span class='ocrx_word' id='word_1_235' title='bbox 1244 2546 1555 2614; x_wconf 84' lang='grc' dir='ltr'>ὑπερϐῆναι</span> <span class='ocrx_word' id='word_1_236' title='bbox 1591 2546 1909 2615; x_wconf 73' lang='grc' dir='ltr'>φιλοσοφίας</span> <span class='ocrx_word' id='word_1_237' title='bbox 1938 2550 2097 2619; x_wconf 86' lang='grc' dir='ltr'>ὅρους</span> 
     </span>
    </p>
   </div>
   <div class='ocr_carea' id='block_1_29' title="bbox 409 2629 2097 2706">
    <p class='ocr_par' dir='ltr' id='par_1_29' title="bbox 409 2629 2097 2706">
     <span class='ocr_line' id='line_1_29' title="bbox 409 2629 2097 2706; baseline -0.003 -18"><span class='ocrx_word' id='word_1_238' title='bbox 409 2637 478 2706; x_wconf 81' lang='grc' dir='ltr'>τῇ</span> <span class='ocrx_word' id='word_1_239' title='bbox 524 2634 633 2687; x_wconf 87' lang='grc' dir='ltr'>τῶν</span> <span class='ocrx_word' id='word_1_240' title='bbox 672 2629 1220 2704; x_wconf 62' lang='grc' dir='ltr'>τρόπωνεὺιωσμίᾳ,</span> <span class='ocrx_word' id='word_1_241' title='bbox 1274 2630 1457 2681; x_wconf 75' lang='grc' dir='ltr'>πᾶσαν</span> <span class='ocrx_word' id='word_1_242' title='bbox 1501 2629 1558 2681; x_wconf 79' lang='grc' dir='ltr'>δὲ</span> <span class='ocrx_word' id='word_1_243' title='bbox 1594 2629 1803 2700; x_wconf 67' lang='grc' dir='ltr'>κρύψαι</span> <span class='ocrx_word' id='word_1_244' title='bbox 1846 2630 2097 2699; x_wconf 88' lang='grc' dir='ltr'>σώματος</span> 
     </span>
    </p>
   </div>
   <div class='ocr_carea' id='block_1_30' title="bbox 412 2711 2095 2787">
    <p class='ocr_par' dir='ltr' id='par_1_30' title="bbox 412 2711 2095 2787">
     <span class='ocr_line' id='line_1_30' title="bbox 412 2711 2095 2787; baseline -0.002 -18"><span class='ocrx_word' id='word_1_245' title='bbox 412 2718 562 2787; x_wconf 76' lang='grc' dir='ltr'>ὥραν</span> <span class='ocrx_word' id='word_1_246' title='bbox 601 2715 679 2784; x_wconf 80' lang='grc' dir='ltr'>τῷ</span> <span class='ocrx_word' id='word_1_247' title='bbox 719 2716 818 2784; x_wconf 89' lang='grc' dir='ltr'>τῆς</span> <span class='ocrx_word' id='word_1_248' title='bbox 870 2712 1077 2774; x_wconf 78' lang='grc' dir='ltr'>οἰκείας</span> <span class='ocrx_word' id='word_1_249' title='bbox 1134 2713 1312 2781; x_wconf 73' lang='grc' dir='ltr'>ὅψεως</span> <span class='ocrx_word' id='word_1_250' title='bbox 1365 2711 1594 2765; x_wconf 86' lang='grc' dir='ltr'>κάλλει·</span> <span class='ocrx_word' id='word_1_251' title='bbox 1652 2713 1743 2766; x_wconf 77' lang='grc' dir='ltr'>τὸν</span> <span class='ocrx_word' id='word_1_252' title='bbox 1794 2711 1851 2764; x_wconf 87' lang='grc' dir='ltr'>δέ</span> <span class='ocrx_word' id='word_1_253' title='bbox 1891 2713 2095 2784; x_wconf 82' lang='grc' dir='ltr'>ταύτης</span> 
     </span>
    </p>
   </div>
   <div class='ocr_carea' id='block_1_31' title="bbox 416 2794 2095 2870">
    <p class='ocr_par' dir='ltr' id='par_1_31' title="bbox 416 2794 2095 2870">
     <span class='ocr_line' id='line_1_31' title="bbox 416 2794 2095 2870; baseline -0.001 -19"><span class='ocrx_word' id='word_1_254' title='bbox 416 2800 725 2870; x_wconf 79' lang='grc' dir='ltr'>μνηστῆρα,</span> <span class='ocrx_word' id='word_1_255' title='bbox 755 2798 826 2868; x_wconf 83' lang='grc' dir='ltr'>μὴ</span> <span class='ocrx_word' id='word_1_256' title='bbox 851 2795 938 2848; x_wconf 79' lang='grc' dir='ltr'>διὰ</span> <span class='ocrx_word' id='word_1_257' title='bbox 968 2795 1141 2849; x_wconf 77' lang='grc' dir='ltr'>ταῦτα</span> <span class='ocrx_word' id='word_1_258' title='bbox 1183 2795 1341 2864; x_wconf 86' lang='grc' dir='ltr'>μόνον</span> <span class='ocrx_word' id='word_1_259' title='bbox 1389 2794 1770 2866; x_wconf 86' lang='grc' dir='ltr'>περικαίεσθαι</span> <span class='ocrx_word' id='word_1_260' title='bbox 1809 2796 1911 2866; x_wconf 86' lang='grc' dir='ltr'>τῆς</span> <span class='ocrx_word' id='word_1_261' title='bbox 1953 2814 2095 2867; x_wconf 88' lang='grc' dir='ltr'>παρ-</span> 
     </span>
    </p>
   </div>
   <div class='ocr_carea' id='block_1_32' title="bbox 413 2878 2091 2950">
    <p class='ocr_par' dir='ltr' id='par_1_32' title="bbox 413 2878 2091 2950">
     <span class='ocr_line' id='line_1_32' title="bbox 413 2878 2091 2950; baseline -0.002 -15"><span class='ocrx_word' id='word_1_262' title='bbox 413 2883 590 2943; x_wconf 87' lang='grc' dir='ltr'>θένου,</span> <span class='ocrx_word' id='word_1_263' title='bbox 625 2881 763 2934; x_wconf 85' lang='grc' dir='ltr'>ἀλλά</span> <span class='ocrx_word' id='word_1_264' title='bbox 796 2881 893 2933; x_wconf 71' lang='grc' dir='ltr'>καὶ</span> <span class='ocrx_word' id='word_1_265' title='bbox 921 2880 1090 2950; x_wconf 76' lang='grc' dir='ltr'>χωρὶς</span> <span class='ocrx_word' id='word_1_266' title='bbox 1115 2878 1321 2931; x_wconf 88' lang='grc' dir='ltr'>τούτων</span> <span class='ocrx_word' id='word_1_267' title='bbox 1353 2879 1585 2949; x_wconf 77' lang='grc' dir='ltr'>πάσχειν</span> <span class='ocrx_word' id='word_1_268' title='bbox 1618 2896 1671 2930; x_wconf 84' lang='grc' dir='ltr'>τι</span> <span class='ocrx_word' id='word_1_269' title='bbox 1715 2879 1851 2948; x_wconf 69' lang='grc' dir='ltr'>πρὸς</span> <span class='ocrx_word' id='word_1_270' title='bbox 1899 2880 2091 2950; x_wconf 78' lang='grc' dir='ltr'>αὐτὴν,</span> 
     </span>
    </p>
   </div>
   <div class='ocr_carea' id='block_1_33' title="bbox 411 2960 2093 3035">
    <p class='ocr_par' dir='ltr' id='par_1_33' title="bbox 411 2960 2093 3035">
     <span class='ocr_line' id='line_1_33' title="bbox 411 2960 2093 3035; baseline -0.001 -17"><span class='ocrx_word' id='word_1_271' title='bbox 411 2965 507 3018; x_wconf 80' lang='grc' dir='ltr'>καὶ</span> <span class='ocrx_word' id='word_1_272' title='bbox 547 2964 624 3035; x_wconf 82' lang='grc' dir='ltr'>τῷ</span> <span class='ocrx_word' id='word_1_273' title='bbox 671 2963 832 3017; x_wconf 86' lang='grc' dir='ltr'>πάθει</span> <span class='ocrx_word' id='word_1_274' title='bbox 884 2961 1061 3031; x_wconf 77' lang='grc' dir='ltr'>τούτῳ</span> <span class='ocrx_word' id='word_1_275' title='bbox 1102 2962 1229 3025; x_wconf 72' lang='grc' dir='ltr'>τοὺς</span> <span class='ocrx_word' id='word_1_276' title='bbox 1269 2962 1683 3028; x_wconf 81' lang='grc' dir='ltr'>μανικωτάτους</span> <span class='ocrx_word' id='word_1_277' title='bbox 1729 2961 1835 3014; x_wconf 90' lang='grc' dir='ltr'>τῶν</span> <span class='ocrx_word' id='word_1_278' title='bbox 1872 2960 2093 3016; x_wconf 86' lang='grc' dir='ltr'>πώποτε</span> 
     </span>
    </p>
   </div>
   <div class='ocr_carea' id='block_1_34' title="bbox 411 3039 2094 3118">
    <p class='ocr_par' dir='ltr' id='par_1_34' title="bbox 411 3039 2094 3118">
     <span class='ocr_line' id='line_1_34' title="bbox 411 3039 2094 3118; baseline -0.002 -17"><span class='ocrx_word' id='word_1_279' title='bbox 411 3049 716 3118; x_wconf 84' lang='grc' dir='ltr'>γενομένων</span> <span class='ocrx_word' id='word_1_280' title='bbox 738 3044 1054 3117; x_wconf 71' lang='grc' dir='ltr'>ἀποκρύψαι</span> <span class='ocrx_word' id='word_1_281' title='bbox 1080 3043 1327 3115; x_wconf 74' lang='grc' dir='ltr'>ἐραστῶν</span> <span class='ocrx_word' id='word_1_282' title='bbox 1349 3061 1360 3073; x_wconf 97' lang='grc'>·</span> <span class='ocrx_word' id='word_1_283' title='bbox 1388 3039 1509 3097; x_wconf 79' lang='grc' dir='ltr'>εἶτα</span> <span class='ocrx_word' id='word_1_284' title='bbox 1539 3043 1745 3114; x_wconf 76' lang='grc' dir='ltr'>μεταξὺ</span> <span class='ocrx_word' id='word_1_285' title='bbox 1770 3043 1849 3115; x_wconf 83' lang='grc' dir='ltr'>τῷ</span> <span class='ocrx_word' id='word_1_286' title='bbox 1884 3045 2094 3117; x_wconf 83' lang='grc' dir='ltr'>φίλτρῳ</span> 
     </span>
    </p>
   </div>
   <div class='ocr_carea' id='block_1_35' title="bbox 410 3125 2097 3202">
    <p class='ocr_par' dir='ltr' id='par_1_35' title="bbox 410 3125 2097 3202">
     <span class='ocr_line' id='line_1_35' title="bbox 410 3125 2097 3202; baseline -0.002 -18"><span class='ocrx_word' id='word_1_287' title='bbox 410 3131 699 3202; x_wconf 87' lang='grc' dir='ltr'>καιόμενον</span> <span class='ocrx_word' id='word_1_288' title='bbox 738 3129 833 3183; x_wconf 81' lang='grc' dir='ltr'>καὶ</span> <span class='ocrx_word' id='word_1_289' title='bbox 867 3127 1098 3183; x_wconf 78' lang='grc' dir='ltr'>ἀκοῦσαί</span> <span class='ocrx_word' id='word_1_290' title='bbox 1143 3125 1329 3187; x_wconf 90' lang='grc' dir='ltr'>ποθεν,</span> <span class='ocrx_word' id='word_1_291' title='bbox 1364 3126 1446 3180; x_wconf 85' lang='grc' dir='ltr'>ὅτι</span> <span class='ocrx_word' id='word_1_292' title='bbox 1479 3126 1578 3198; x_wconf 82' lang='grc' dir='ltr'>τὴν</span> <span class='ocrx_word' id='word_1_293' title='bbox 1609 3126 1929 3197; x_wconf 86' lang='grc' dir='ltr'>θαυμαστὴν</span> <span class='ocrx_word' id='word_1_294' title='bbox 1958 3130 2097 3197; x_wconf 81' lang='grc' dir='ltr'>ἐρω-</span> 
     </span>
    </p>
   </div>
   <div class='ocr_carea' id='block_1_36' title="bbox 412 3208 2094 3285">
    <p class='ocr_par' dir='ltr' id='par_1_36' title="bbox 412 3208 2094 3285">
     <span class='ocr_line' id='line_1_36' title="bbox 412 3208 2094 3285; baseline -0.004 -18"><span class='ocrx_word' id='word_1_295' title='bbox 412 3214 581 3285; x_wconf 82' lang='grc' dir='ltr'>μένην</span> <span class='ocrx_word' id='word_1_296' title='bbox 604 3213 818 3284; x_wconf 85' lang='grc' dir='ltr'>ὲκείνην</span> <span class='ocrx_word' id='word_1_297' title='bbox 853 3211 964 3265; x_wconf 91' lang='grc' dir='ltr'>τῶν</span> <span class='ocrx_word' id='word_1_298' title='bbox 993 3208 1225 3264; x_wconf 82' lang='grc' dir='ltr'>εὐτελῶν</span> <span class='ocrx_word' id='word_1_299' title='bbox 1270 3226 1356 3272; x_wconf 92' lang='grc' dir='ltr'>τις</span> <span class='ocrx_word' id='word_1_300' title='bbox 1393 3209 1488 3263; x_wconf 77' lang='grc' dir='ltr'>καὶ</span> <span class='ocrx_word' id='word_1_301' title='bbox 1535 3210 1969 3281; x_wconf 69' lang='grc' dir='ltr'>ἀπερριμμένων</span> <span class='ocrx_word' id='word_1_302' title='bbox 2001 3212 2094 3264; x_wconf 79' lang='grc' dir='ltr'>ἁν-</span> 
     </span>
    </p>
   </div>
   <div class='ocr_carea' id='block_1_37' title="bbox 406 3292 2094 3368">
    <p class='ocr_par' dir='ltr' id='par_1_37' title="bbox 406 3292 2094 3368">
     <span class='ocr_line' id='line_1_37' title="bbox 406 3292 2094 3368; baseline -0.008 -17"><span class='ocrx_word' id='word_1_303' title='bbox 406 3297 570 3368; x_wconf 86' lang='grc' dir='ltr'>δρῶν,</span> <span class='ocrx_word' id='word_1_304' title='bbox 603 3298 698 3351; x_wconf 71' lang='grc' dir='ltr'>καί¹</span> <span class='ocrx_word' id='word_1_305' title='bbox 729 3295 994 3365; x_wconf 81' lang='grc' dir='ltr'>δυσγενὴς</span> <span class='ocrx_word' id='word_1_306' title='bbox 1026 3295 1120 3346; x_wconf 76' lang='grc' dir='ltr'>καὶ</span> <span class='ocrx_word' id='word_1_307' title='bbox 1151 3292 1213 3345; x_wconf 79' lang='grc' dir='ltr'>τὸ</span> <span class='ocrx_word' id='word_1_308' title='bbox 1253 3292 1412 3362; x_wconf 90' lang='grc' dir='ltr'>σῶμα</span> <span class='ocrx_word' id='word_1_309' title='bbox 1461 3292 1764 3364; x_wconf 81' lang='grc' dir='ltr'>ἀνάπηρος,</span> <span class='ocrx_word' id='word_1_310' title='bbox 1804 3294 1899 3347; x_wconf 82' lang='grc' dir='ltr'>καὶ</span> <span class='ocrx_word' id='word_1_311' title='bbox 1956 3294 2094 3348; x_wconf 89' lang='grc' dir='ltr'>πάν-</span> 
     </span>
    </p>
   </div>
   <div class='ocr_carea' id='block_1_38' title="bbox 406 3375 2091 3451">
    <p class='ocr_par' dir='ltr' id='par_1_38' title="bbox 406 3375 2091 3451">
     <span class='ocr_line' id='line_1_38' title="bbox 406 3375 2091 3451; baseline -0.008 -16"><span class='ocrx_word' id='word_1_312' title='bbox 406 3400 515 3435; x_wconf 91' lang='grc' dir='ltr'>των</span> <span class='ocrx_word' id='word_1_313' title='bbox 540 3381 648 3435; x_wconf 88' lang='grc' dir='ltr'>τῶν</span> <span class='ocrx_word' id='word_1_314' title='bbox 669 3380 837 3434; x_wconf 71' lang='grc' dir='ltr'>ὅντων</span> <span class='ocrx_word' id='word_1_315' title='bbox 881 3378 1287 3451; x_wconf 87' lang='grc' dir='ltr'>μοχθηρότατος</span> <span class='ocrx_word' id='word_1_316' title='bbox 1342 3376 1523 3447; x_wconf 80' lang='grc' dir='ltr'>μέλλοι</span> <span class='ocrx_word' id='word_1_317' title='bbox 1565 3375 1705 3447; x_wconf 80' lang='grc' dir='ltr'>πρὸς</span> <span class='ocrx_word' id='word_1_318' title='bbox 1748 3377 1927 3447; x_wconf 85' lang='grc' dir='ltr'>γάμον</span> <span class='ocrx_word' id='word_1_319' title='bbox 1959 3379 2091 3448; x_wconf 77' lang='grc' dir='ltr'>ἄγε-</span> 
     </span>
    </p>
   </div>
   <div class='ocr_carea' id='block_1_39' title="bbox 409 3459 2092 3535">
    <p class='ocr_par' dir='ltr' id='par_1_39' title="bbox 409 3459 2092 3535">
     <span class='ocr_line' id='line_1_39' title="bbox 409 3459 2092 3535; baseline -0.001 -19"><span class='ocrx_word' id='word_1_320' title='bbox 409 3464 532 3518; x_wconf 86' lang='grc' dir='ltr'>σθαι</span> <span class='ocrx_word' id='word_1_321' title='bbox 564 3475 612 3519; x_wconf 71' lang='grc' dir='ltr'><strong>ο.</strong></span> <span class='ocrx_word' id='word_1_322' title='bbox 646 3459 796 3534; x_wconf 73' lang='grc' dir='ltr'>Ἀρά</span> <span class='ocrx_word' id='word_1_323' title='bbox 822 3480 903 3516; x_wconf 87' lang='grc' dir='ltr'>σοι</span> <span class='ocrx_word' id='word_1_324' title='bbox 928 3462 1122 3533; x_wconf 88' lang='grc' dir='ltr'>μικρόν</span> <span class='ocrx_word' id='word_1_325' title='bbox 1144 3478 1198 3514; x_wconf 89' lang='grc' dir='ltr'>τι</span> <span class='ocrx_word' id='word_1_326' title='bbox 1233 3459 1397 3530; x_wconf 87' lang='grc' dir='ltr'>μέρος</span> <span class='ocrx_word' id='word_1_327' title='bbox 1439 3459 1541 3524; x_wconf 80' lang='grc' dir='ltr'>τῆς</span> <span class='ocrx_word' id='word_1_328' title='bbox 1585 3459 1861 3531; x_wconf 82' lang='grc' dir='ltr'>ἡμετέρας</span> <span class='ocrx_word' id='word_1_329' title='bbox 1898 3462 2092 3535; x_wconf 85' lang='grc' dir='ltr'>ὀδύνης</span> 
     </span>
    </p>
   </div>
   <div class='ocr_carea' id='block_1_40' title="bbox 407 3542 2092 3618">
    <p class='ocr_par' dir='ltr' id='par_1_40' title="bbox 407 3542 2092 3618">
     <span class='ocr_line' id='line_1_40' title="bbox 407 3542 2092 3618; baseline 0.001 -20"><span class='ocrx_word' id='word_1_330' title='bbox 407 3548 852 3618; x_wconf 78' lang='grc' dir='ltr'>παρεστήσαμεν,</span> <span class='ocrx_word' id='word_1_331' title='bbox 893 3546 985 3598; x_wconf 70' lang='grc' dir='ltr'>καὶ</span> <span class='ocrx_word' id='word_1_332' title='bbox 1023 3546 1186 3615; x_wconf 86' lang='grc' dir='ltr'>ἀρκεῖ</span> <span class='ocrx_word' id='word_1_333' title='bbox 1221 3545 1383 3614; x_wconf 85' lang='grc' dir='ltr'>μέχρι</span> <span class='ocrx_word' id='word_1_334' title='bbox 1426 3542 1619 3595; x_wconf 84' lang='grc' dir='ltr'>τούτου</span> <span class='ocrx_word' id='word_1_335' title='bbox 1655 3543 1852 3612; x_wconf 87' lang='grc' dir='ltr'>στῆσαι</span> <span class='ocrx_word' id='word_1_336' title='bbox 1889 3545 1990 3616; x_wconf 75' lang='grc' dir='ltr'>τὴν</span> <span class='ocrx_word' id='word_1_337' title='bbox 2014 3550 2092 3602; x_wconf 80' lang='grc' dir='ltr'>ει-</span> 
     </span>
    </p>
   </div>
   <div class='ocr_carea' id='block_1_41' title="bbox 407 3623 2091 3702">
    <p class='ocr_par' dir='ltr' id='par_1_41' title="bbox 407 3623 2091 3702">
     <span class='ocr_line' id='line_1_41' title="bbox 407 3623 2091 3702; baseline 0.001 -20"><span class='ocrx_word' id='word_1_338' title='bbox 407 3629 571 3693; x_wconf 89' lang='grc' dir='ltr'>κόνα;</span> <span class='ocrx_word' id='word_1_339' title='bbox 604 3630 715 3699; x_wconf 85' lang='grc' dir='ltr'>Τῆς</span> <span class='ocrx_word' id='word_1_340' title='bbox 757 3628 858 3699; x_wconf 75' lang='grc' dir='ltr'>μὲν</span> <span class='ocrx_word' id='word_1_341' title='bbox 894 3628 1135 3697; x_wconf 83' lang='grc' dir='ltr'>ἀθυμίας</span> <span class='ocrx_word' id='word_1_342' title='bbox 1173 3626 1359 3679; x_wconf 75' lang='grc' dir='ltr'>ἕνεκεν</span> <span class='ocrx_word' id='word_1_343' title='bbox 1404 3628 1595 3697; x_wconf 88' lang='grc' dir='ltr'>ἀρκεῖν</span> <span class='ocrx_word' id='word_1_344' title='bbox 1638 3623 1827 3698; x_wconf 76' lang='grc' dir='ltr'>οἶμαι·</span> <span class='ocrx_word' id='word_1_345' title='bbox 1859 3629 2091 3702; x_wconf 80' lang='grc' dir='ltr'>καὶγὰρ</span> 
     </span>
    </p>
   </div>
   <div class='ocr_carea' id='block_1_42' title="bbox 406 3709 2091 3782">
    <p class='ocr_par' dir='ltr' id='par_1_42' title="bbox 406 3709 2091 3782">
     <span class='ocr_line' id='line_1_42' title="bbox 406 3709 2091 3782; baseline 0 -17"><span class='ocrx_word' id='word_1_346' title='bbox 406 3712 497 3766; x_wconf 90' lang='grc' dir='ltr'>διά</span> <span class='ocrx_word' id='word_1_347' title='bbox 530 3712 689 3765; x_wconf 90' lang='grc' dir='ltr'>τοῦτο</span> <span class='ocrx_word' id='word_1_348' title='bbox 735 3713 895 3782; x_wconf 90' lang='grc' dir='ltr'>μόνον</span> <span class='ocrx_word' id='word_1_349' title='bbox 929 3710 1102 3781; x_wconf 87' lang='grc' dir='ltr'>αὐτὴν</span> <span class='ocrx_word' id='word_1_350' title='bbox 1146 3709 1600 3781; x_wconf 82' lang='grc' dir='ltr'>παρειλήφαμεν·</span> <span class='ocrx_word' id='word_1_351' title='bbox 1649 3710 1737 3763; x_wconf 81' lang='grc' dir='ltr'>ἵνα</span> <span class='ocrx_word' id='word_1_352' title='bbox 1769 3709 1826 3763; x_wconf 90' lang='grc' dir='ltr'>δέ</span> <span class='ocrx_word' id='word_1_353' title='bbox 1875 3728 1958 3764; x_wconf 92' lang='grc' dir='ltr'>σοι</span> <span class='ocrx_word' id='word_1_354' title='bbox 1995 3713 2091 3765; x_wconf 76' lang='grc' dir='ltr'>καὶ</span> 
     </span>
    </p>
   </div>
   <div class='ocr_carea' id='block_1_43' title="bbox 405 3793 2088 3865">
    <p class='ocr_par' dir='ltr' id='par_1_43' title="bbox 405 3793 2088 3865">
     <span class='ocr_line' id='line_1_43' title="bbox 405 3793 2088 3865; baseline -0.002 -16"><span class='ocrx_word' id='word_1_355' title='bbox 405 3796 500 3849; x_wconf 91' lang='grc' dir='ltr'>τοῦ</span> <span class='ocrx_word' id='word_1_356' title='bbox 527 3794 694 3864; x_wconf 89' lang='grc' dir='ltr'>φόϐου</span> <span class='ocrx_word' id='word_1_357' title='bbox 724 3796 819 3848; x_wconf 80' lang='grc' dir='ltr'>καὶ</span> <span class='ocrx_word' id='word_1_358' title='bbox 842 3794 943 3865; x_wconf 88' lang='grc' dir='ltr'>τῆς</span> <span class='ocrx_word' id='word_1_359' title='bbox 966 3794 1280 3864; x_wconf 80' lang='grc' dir='ltr'>ἐκπλήξεως</span> <span class='ocrx_word' id='word_1_360' title='bbox 1306 3793 1573 3857; x_wconf 79' lang='grc' dir='ltr'>ὑποδείξω</span> <span class='ocrx_word' id='word_1_361' title='bbox 1602 3793 1662 3846; x_wconf 82' lang='grc' dir='ltr'>τὸ</span> <span class='ocrx_word' id='word_1_362' title='bbox 1697 3793 1896 3864; x_wconf 82' lang='grc' dir='ltr'>μέτρον</span> <span class='ocrx_word' id='word_1_363' title='bbox 1916 3793 1965 3857; x_wconf 73' lang='grc' dir='ltr'>ἀ,</span> <span class='ocrx_word' id='word_1_364' title='bbox 2002 3795 2088 3864; x_wconf 74' lang='grc' dir='ltr'>ἐφ’</span> 
     </span>
    </p>
   </div>
   <div class='ocr_carea' id='block_1_44' title="bbox 407 3875 2090 3948">
    <p class='ocr_par' dir='ltr' id='par_1_44' title="bbox 407 3875 2090 3948">
     <span class='ocr_line' id='line_1_44' title="bbox 407 3875 2090 3948; baseline -0.001 -17"><span class='ocrx_word' id='word_1_365' title='bbox 407 3879 601 3948; x_wconf 72' lang='grc' dir='ltr'>ἐςέραν</span> <span class='ocrx_word' id='word_1_366' title='bbox 633 3876 795 3931; x_wconf 83' lang='grc' dir='ltr'>πάλιν</span> <span class='ocrx_word' id='word_1_367' title='bbox 831 3875 1001 3946; x_wconf 71' lang='grc' dir='ltr'>ἴωμεν</span> <span class='ocrx_word' id='word_1_368' title='bbox 1033 3877 1381 3947; x_wconf 74' lang='grc' dir='ltr'>ὑπογραφὴν.</span> <span class='ocrx_word' id='word_1_369' title='bbox 1415 3876 1525 3928; x_wconf 75' lang='grc' dir='ltr'>Καὶ</span> <span class='ocrx_word' id='word_1_370' title='bbox 1554 3875 1694 3929; x_wconf 74' lang='grc' dir='ltr'>ἔστω</span> <span class='ocrx_word' id='word_1_371' title='bbox 1722 3877 2090 3947; x_wconf 87' lang='grc' dir='ltr'>στρατόπεδον</span> 
     </span>
    </p>
   </div>
   <div class='ocr_carea' id='block_1_45' title="bbox 406 3958 2087 4031">
    <p class='ocr_par' dir='ltr' id='par_1_45' title="bbox 406 3958 2087 4031">
     <span class='ocr_line' id='line_1_45' title="bbox 406 3958 2087 4031; baseline 0.001 -19"><span class='ocrx_word' id='word_1_372' title='bbox 406 3961 471 4013; x_wconf 79' lang='grc' dir='ltr'>ἐκ</span> <span class='ocrx_word' id='word_1_373' title='bbox 526 3958 706 4025; x_wconf 76' lang='grc' dir='ltr'>πεζῶν</span> <span class='ocrx_word' id='word_1_374' title='bbox 760 3960 855 4014; x_wconf 75' lang='grc' dir='ltr'>καὶ</span> <span class='ocrx_word' id='word_1_375' title='bbox 916 3960 1124 4012; x_wconf 90' lang='grc' dir='ltr'>ίππέων</span> <span class='ocrx_word' id='word_1_376' title='bbox 1171 3958 1266 4012; x_wconf 73' lang='grc' dir='ltr'>καὶ</span> <span class='ocrx_word' id='word_1_377' title='bbox 1328 3960 1622 4030; x_wconf 88' lang='grc' dir='ltr'>ναυμάχων</span> <span class='ocrx_word' id='word_1_378' title='bbox 1674 3960 2087 4031; x_wconf 77' lang='grc' dir='ltr'>συνειλεγμένον</span> 
     </span>
    </p>
   </div>
   <div class='ocr_carea' id='block_1_46' title="bbox 404 4042 2088 4115">
    <p class='ocr_par' dir='ltr' id='par_1_46' title="bbox 404 4042 2088 4115">
     <span class='ocr_line' id='line_1_46' title="bbox 404 4042 2088 4115; baseline 0 -18"><span class='ocrx_word' id='word_1_379' title='bbox 404 4044 648 4115; x_wconf 88' lang='grc' dir='ltr'>ἀνδρῶν,</span> <span class='ocrx_word' id='word_1_380' title='bbox 722 4044 820 4097; x_wconf 74' lang='grc' dir='ltr'>καὶ</span> <span class='ocrx_word' id='word_1_381' title='bbox 879 4042 1204 4097; x_wconf 87' lang='grc' dir='ltr'>καλυπτέτω</span> <span class='ocrx_word' id='word_1_382' title='bbox 1270 4042 1368 4113; x_wconf 82' lang='grc' dir='ltr'>μὲν</span> <span class='ocrx_word' id='word_1_383' title='bbox 1438 4044 1539 4114; x_wconf 81' lang='grc' dir='ltr'>τὴν</span> <span class='ocrx_word' id='word_1_384' title='bbox 1591 4043 1863 4097; x_wconf 84' lang='grc' dir='ltr'>θάλατταν</span> <span class='ocrx_word' id='word_1_385' title='bbox 1902 4047 1930 4096; x_wconf 86' lang='grc' dir='ltr'>ὁ</span> <span class='ocrx_word' id='word_1_386' title='bbox 1978 4043 2088 4097; x_wconf 91' lang='grc' dir='ltr'>τῶν</span> 
     </span>
    </p>
   </div>
   <div class='ocr_carea' id='block_1_47' title="bbox 404 4128 2086 4203">
    <p class='ocr_par' dir='ltr' id='par_1_47' title="bbox 404 4128 2086 4203">
     <span class='ocr_line' id='line_1_47' title="bbox 404 4128 2086 4203; baseline 0 -20"><span class='ocrx_word' id='word_1_387' title='bbox 404 4132 641 4202; x_wconf 87' lang='grc' dir='ltr'>τριήρων</span> <span class='ocrx_word' id='word_1_388' title='bbox 692 4130 958 4203; x_wconf 84' lang='grc' dir='ltr'>ἀριθμὸς,</span> <span class='ocrx_word' id='word_1_389' title='bbox 1018 4128 1446 4184; x_wconf 87' lang='grc' dir='ltr'>καλυπτέτωσαν</span> <span class='ocrx_word' id='word_1_390' title='bbox 1493 4129 1550 4182; x_wconf 80' lang='grc' dir='ltr'>δὲ</span> <span class='ocrx_word' id='word_1_391' title='bbox 1603 4129 1672 4182; x_wconf 85' lang='grc' dir='ltr'>τά</span> <span class='ocrx_word' id='word_1_392' title='bbox 1726 4130 1834 4183; x_wconf 90' lang='grc' dir='ltr'>τῶν</span> <span class='ocrx_word' id='word_1_393' title='bbox 1888 4130 2086 4183; x_wconf 82' lang='grc' dir='ltr'>πεδίων</span> 
     </span>
    </p>
   </div>
   <div class='ocr_carea' id='block_1_48' title="bbox 404 4212 2085 4284">
    <p class='ocr_par' dir='ltr' id='par_1_48' title="bbox 404 4212 2085 4284">
     <span class='ocr_line' id='line_1_48' title="bbox 404 4212 2085 4284; baseline 0.001 -19"><span class='ocrx_word' id='word_1_394' title='bbox 404 4213 585 4284; x_wconf 85' lang='grc' dir='ltr'>πλήθη</span> <span class='ocrx_word' id='word_1_395' title='bbox 614 4224 637 4252; x_wconf 77' lang='grc' dir='ltr'>θ</span> <span class='ocrx_word' id='word_1_396' title='bbox 668 4215 765 4267; x_wconf 81' lang='grc' dir='ltr'>καὶ</span> <span class='ocrx_word' id='word_1_397' title='bbox 806 4212 904 4277; x_wconf 85' lang='grc' dir='ltr'>τὰς</span> <span class='ocrx_word' id='word_1_398' title='bbox 945 4212 1054 4266; x_wconf 87' lang='grc' dir='ltr'>τῶν</span> <span class='ocrx_word' id='word_1_399' title='bbox 1085 4212 1229 4283; x_wconf 87' lang='grc' dir='ltr'>ὀρῶν</span> <span class='ocrx_word' id='word_1_400' title='bbox 1265 4212 1512 4284; x_wconf 73' lang='grc' dir='ltr'>κορυφὰς</span> <span class='ocrx_word' id='word_1_401' title='bbox 1545 4215 1601 4266; x_wconf 88' lang='grc' dir='ltr'>αἱ</span> <span class='ocrx_word' id='word_1_402' title='bbox 1631 4212 1738 4266; x_wconf 90' lang='grc' dir='ltr'>τῶν</span> <span class='ocrx_word' id='word_1_403' title='bbox 1772 4212 1957 4276; x_wconf 75' lang='grc' dir='ltr'>πεζῶν</span> <span class='ocrx_word' id='word_1_404' title='bbox 1992 4215 2085 4267; x_wconf 77' lang='grc' dir='ltr'>καὶ</span> 
     </span>
    </p>
   </div>
   <div class='ocr_carea' id='block_1_49' title="bbox 407 4295 2084 4366">
    <p class='ocr_par' dir='ltr' id='par_1_49' title="bbox 407 4295 2084 4366">
     <span class='ocr_line' id='line_1_49' title="bbox 407 4295 2084 4366; baseline 0.003 -20"><span class='ocrx_word' id='word_1_405' title='bbox 407 4295 618 4348; x_wconf 83' lang='grc' dir='ltr'>ίππέων</span> <span class='ocrx_word' id='word_1_406' title='bbox 670 4296 979 4364; x_wconf 85' lang='grc' dir='ltr'>φάλαγγες·</span> <span class='ocrx_word' id='word_1_407' title='bbox 1041 4297 1136 4348; x_wconf 78' lang='grc' dir='ltr'>καὶ</span> <span class='ocrx_word' id='word_1_408' title='bbox 1196 4295 1584 4366; x_wconf 86' lang='grc' dir='ltr'>ἀντιλαμπέτω</span> <span class='ocrx_word' id='word_1_409' title='bbox 1645 4296 1742 4366; x_wconf 81' lang='grc' dir='ltr'>μὲν</span> <span class='ocrx_word' id='word_1_410' title='bbox 1793 4296 1929 4366; x_wconf 71' lang='grc' dir='ltr'>ἡλίῳ</span> <span class='ocrx_word' id='word_1_411' title='bbox 1975 4298 2084 4351; x_wconf 90' lang='grc' dir='ltr'>τῶν</span> 
     </span>
    </p>
   </div>
   <div class='ocr_carea' id='block_1_50' title="bbox 399 4377 2084 4449">
    <p class='ocr_par' dir='ltr' id='par_1_50' title="bbox 399 4377 2084 4449">
     <span class='ocr_line' id='line_1_50' title="bbox 399 4377 2084 4449; baseline 0.002 -18"><span class='ocrx_word' id='word_1_412' title='bbox 399 4377 583 4431; x_wconf 83' lang='grc' dir='ltr'>ὅπλων</span> <span class='ocrx_word' id='word_1_413' title='bbox 609 4380 637 4430; x_wconf 90' lang='grc' dir='ltr'>ὁ</span> <span class='ocrx_word' id='word_1_414' title='bbox 660 4379 882 4447; x_wconf 81' lang='grc' dir='ltr'>χαλκὸς,</span> <span class='ocrx_word' id='word_1_415' title='bbox 925 4380 1021 4432; x_wconf 69' lang='grc' dir='ltr'>καὶ</span> <span class='ocrx_word' id='word_1_416' title='bbox 1052 4381 1173 4441; x_wconf 91' lang='grc' dir='ltr'>ταῖς</span> <span class='ocrx_word' id='word_1_417' title='bbox 1204 4379 1414 4432; x_wconf 84' lang='grc' dir='ltr'>ἐκεῖθεν</span> <span class='ocrx_word' id='word_1_418' title='bbox 1454 4379 1836 4449; x_wconf 81' lang='grc' dir='ltr'>πεμπομέναις</span> <span class='ocrx_word' id='word_1_419' title='bbox 1870 4381 2084 4435; x_wconf 83' lang='grc' dir='ltr'>ἀκτῖσιν</span> 
     </span>
    </p>
   </div>
   <div class='ocr_carea' id='block_1_51' title="bbox 403 4461 2082 4532">
    <p class='ocr_par' dir='ltr' id='par_1_51' title="bbox 403 4461 2082 4532">
     <span class='ocr_line' id='line_1_51' title="bbox 403 4461 2082 4532; baseline 0.004 -21"><span class='ocrx_word' id='word_1_420' title='bbox 403 4462 438 4531; x_wconf 86' lang='grc' dir='ltr'><strong>ἡ</strong></span> <span class='ocrx_word' id='word_1_421' title='bbox 487 4461 596 4512; x_wconf 92' lang='grc' dir='ltr'>τῶν</span> <span class='ocrx_word' id='word_1_422' title='bbox 646 4461 1090 4530; x_wconf 89' lang='grc' dir='ltr'>περικεφαλαίων</span> <span class='ocrx_word' id='word_1_423' title='bbox 1130 4462 1226 4515; x_wconf 72' lang='grc' dir='ltr'>καὶ</span> <span class='ocrx_word' id='word_1_424' title='bbox 1274 4462 1383 4515; x_wconf 90' lang='grc' dir='ltr'>τῶν</span> <span class='ocrx_word' id='word_1_425' title='bbox 1435 4462 1677 4515; x_wconf 78' lang='grc' dir='ltr'>ἀσπίδιον</span> <span class='ocrx_word' id='word_1_426' title='bbox 1741 4464 2082 4532; x_wconf 88' lang='grc' dir='ltr'>ἀνταφιέσθω</span> 
     </span>
    </p>
   </div>
   <div class='ocr_carea' id='block_1_52' title="bbox 407 4543 2080 4614">
    <p class='ocr_par' dir='ltr' id='par_1_52' title="bbox 407 4543 2080 4614">
     <span class='ocr_line' id='line_1_52' title="bbox 407 4543 2080 4614; baseline 0.005 -19"><span class='ocrx_word' id='word_1_427' title='bbox 407 4544 770 4614; x_wconf 78' lang='grc' dir='ltr'>μαρμαρυγή·</span> <span class='ocrx_word' id='word_1_428' title='bbox 793 4544 823 4594; x_wconf 85' lang='grc' dir='ltr'><strong>ὁ</strong></span> <span class='ocrx_word' id='word_1_429' title='bbox 853 4544 910 4594; x_wconf 83' lang='grc' dir='ltr'>δὲ</span> <span class='ocrx_word' id='word_1_430' title='bbox 939 4543 1049 4595; x_wconf 91' lang='grc' dir='ltr'>τῶν</span> <span class='ocrx_word' id='word_1_431' title='bbox 1082 4544 1322 4613; x_wconf 78' lang='grc' dir='ltr'>δοράτων</span> <span class='ocrx_word' id='word_1_432' title='bbox 1345 4544 1550 4606; x_wconf 82' lang='grc' dir='ltr'>κτύπος</span> <span class='ocrx_word' id='word_1_433' title='bbox 1581 4545 1675 4598; x_wconf 70' lang='grc' dir='ltr'>καὶ</span> <span class='ocrx_word' id='word_1_434' title='bbox 1706 4547 1734 4597; x_wconf 90' lang='grc' dir='ltr'>ὁ</span> <span class='ocrx_word' id='word_1_435' title='bbox 1755 4546 1865 4598; x_wconf 90' lang='grc' dir='ltr'>τῶν</span> <span class='ocrx_word' id='word_1_436' title='bbox 1894 4547 2080 4603; x_wconf 79' lang='grc' dir='ltr'>ἵππων</span> 
     </span>
    </p>
   </div>
   <div class='ocr_carea' id='block_1_53' title="bbox 403 4625 2081 4698">
    <p class='ocr_par' dir='ltr' id='par_1_53' title="bbox 403 4625 2081 4698">
     <span class='ocr_line' id='line_1_53' title="bbox 403 4625 2081 4698; baseline 0.005 -21"><span class='ocrx_word' id='word_1_437' title='bbox 403 4626 771 4696; x_wconf 85' lang='grc' dir='ltr'>χρεμετισμὸς</span> <span class='ocrx_word' id='word_1_438' title='bbox 821 4625 958 4697; x_wconf 71' lang='grc' dir='ltr'>πρὸς</span> <span class='ocrx_word' id='word_1_439' title='bbox 1012 4627 1176 4679; x_wconf 78' lang='grc' dir='ltr'>αὑτὸν</span> <span class='ocrx_word' id='word_1_440' title='bbox 1226 4626 1475 4698; x_wconf 84' lang='grc' dir='ltr'>φερέσθω</span> <span class='ocrx_word' id='word_1_441' title='bbox 1518 4626 1607 4679; x_wconf 75' lang='grc' dir='ltr'>τὸν</span> <span class='ocrx_word' id='word_1_442' title='bbox 1670 4628 1929 4698; x_wconf 75' lang='grc' dir='ltr'>οὐρανόν·</span> <span class='ocrx_word' id='word_1_443' title='bbox 1986 4633 2081 4685; x_wconf 77' lang='grc' dir='ltr'>καὶ</span> 
     </span>
    </p>
   </div>
   <div class='ocr_carea' id='block_1_54' title="bbox 404 4707 2082 4780">
    <p class='ocr_par' dir='ltr' id='par_1_54' title="bbox 404 4707 2082 4780">
     <span class='ocr_line' id='line_1_54' title="bbox 404 4707 2082 4780; baseline 0.003 -20"><span class='ocrx_word' id='word_1_444' title='bbox 404 4708 544 4778; x_wconf 88' lang='grc' dir='ltr'>μήτε</span> <span class='ocrx_word' id='word_1_445' title='bbox 574 4707 817 4763; x_wconf 87' lang='grc' dir='ltr'>θάλασσα</span> <span class='ocrx_word' id='word_1_446' title='bbox 856 4708 1128 4777; x_wconf 84' lang='grc' dir='ltr'>φαινέσθω</span> <span class='ocrx_word' id='word_1_447' title='bbox 1170 4713 1304 4780; x_wconf 86' lang='grc' dir='ltr'>μήτε</span> <span class='ocrx_word' id='word_1_448' title='bbox 1327 4710 1420 4779; x_wconf 85' lang='grc' dir='ltr'>γῆ,</span> <span class='ocrx_word' id='word_1_449' title='bbox 1455 4707 1593 4762; x_wconf 80' lang='grc' dir='ltr'>ἀλλά</span> <span class='ocrx_word' id='word_1_450' title='bbox 1635 4708 1837 4779; x_wconf 84' lang='grc' dir='ltr'>χαλκὸς</span> <span class='ocrx_word' id='word_1_451' title='bbox 1869 4712 1965 4764; x_wconf 71' lang='grc' dir='ltr'>καὶ</span> <span class='ocrx_word' id='word_1_452' title='bbox 2003 4714 2082 4765; x_wconf 87' lang='grc' dir='ltr'>σί-</span> 
     </span>
    </p>
   </div>
   <div class='ocr_carea' id='block_1_55' title="bbox 399 4791 2138 4864">
    <p class='ocr_par' dir='ltr' id='par_1_55' title="bbox 399 4791 2138 4864">
     <span class='ocr_line' id='line_1_55' title="bbox 399 4791 2138 4864; baseline 0.002 -20"><span class='ocrx_word' id='word_1_453' title='bbox 399 4791 564 4864; x_wconf 90' lang='grc' dir='ltr'>δηρος</span> <span class='ocrx_word' id='word_1_454' title='bbox 604 4791 916 4864; x_wconf 78' lang='grc' dir='ltr'>πανταχοῦ·</span> <span class='ocrx_word' id='word_1_455' title='bbox 964 4791 1618 4864; x_wconf 82' lang='grc' dir='ltr'>ἀντιπαραταττέσθωσαν</span> <span class='ocrx_word' id='word_1_456' title='bbox 1661 4791 1719 4845; x_wconf 83' lang='grc' dir='ltr'>δὲ</span> <span class='ocrx_word' id='word_1_457' title='bbox 1758 4793 1943 4859; x_wconf 82' lang='grc' dir='ltr'>αὐτοῖς</span> <span class='ocrx_word' id='word_1_458' title='bbox 1988 4793 2138 4848; x_wconf 38' lang='grc' dir='ltr'>καὶκ</span> 
     </span>
    </p>
   </div>
   <div class='ocr_carea' id='block_1_56' title="bbox 399 4874 2078 4949">
    <p class='ocr_par' dir='ltr' id='par_1_56' title="bbox 399 4874 2078 4949">
     <span class='ocr_line' id='line_1_56' title="bbox 399 4874 2078 4949; baseline 0 -20"><span class='ocrx_word' id='word_1_459' title='bbox 399 4875 673 4946; x_wconf 83' lang='grc' dir='ltr'>πολέμιοι,</span> <span class='ocrx_word' id='word_1_460' title='bbox 722 4875 906 4948; x_wconf 81' lang='grc' dir='ltr'>ἀγριοί</span> <span class='ocrx_word' id='word_1_461' title='bbox 947 4892 1095 4938; x_wconf 92' lang='grc' dir='ltr'>τινες</span> <span class='ocrx_word' id='word_1_462' title='bbox 1140 4875 1332 4944; x_wconf 79' lang='grc' dir='ltr'>ἄνδρες</span> <span class='ocrx_word' id='word_1_463' title='bbox 1384 4875 1477 4927; x_wconf 67' lang='grc' dir='ltr'>καὶ¹</span> <span class='ocrx_word' id='word_1_464' title='bbox 1516 4874 1813 4945; x_wconf 87' lang='grc' dir='ltr'>ἀνήμεροι·</span> <span class='ocrx_word' id='word_1_465' title='bbox 1858 4876 2078 4949; x_wconf 83' lang='grc' dir='ltr'>ἐνεστη-</span> 
     </span>
    </p>
   </div>
   <div class='ocr_carea' id='block_1_57' title="bbox 399 4951 2075 5031">
    <p class='ocr_par' dir='ltr' id='par_1_57' title="bbox 399 4951 2075 5031">
     <span class='ocr_line' id='line_1_57' title="bbox 399 4951 2075 5031; baseline 0.001 -18"><span class='ocrx_word' id='word_1_466' title='bbox 399 4959 544 5013; x_wconf 85' lang='grc' dir='ltr'>κέτω</span> <span class='ocrx_word' id='word_1_467' title='bbox 587 4959 644 5013; x_wconf 87' lang='grc' dir='ltr'>δὲ</span> <span class='ocrx_word' id='word_1_468' title='bbox 670 4959 770 5031; x_wconf 81' lang='grc' dir='ltr'>ήδη</span> <span class='ocrx_word' id='word_1_469' title='bbox 810 4960 904 5013; x_wconf 56' lang='grc' dir='ltr'>καὶ⁹</span> <span class='ocrx_word' id='word_1_470' title='bbox 936 4960 964 5013; x_wconf 83' lang='grc' dir='ltr'>ὁ</span> <span class='ocrx_word' id='word_1_471' title='bbox 992 4958 1091 5030; x_wconf 89' lang='grc' dir='ltr'>τῆς</span> <span class='ocrx_word' id='word_1_472' title='bbox 1125 4956 1435 5028; x_wconf 86' lang='grc' dir='ltr'>συμϐουλῆς</span> <span class='ocrx_word' id='word_1_473' title='bbox 1479 4958 1700 5028; x_wconf 88' lang='grc' dir='ltr'>καιρός·</span> <span class='ocrx_word' id='word_1_474' title='bbox 1740 4951 1860 5011; x_wconf 82' lang='grc' dir='ltr'>εἶτα</span> <span class='ocrx_word' id='word_1_475' title='bbox 1891 4960 2075 5030; x_wconf 78' lang='grc' dir='ltr'>ἀρπά-</span> 
     </span>
    </p>
   </div>
   <div class='ocr_carea' id='block_1_58' title="bbox 399 5038 2074 5114">
    <p class='ocr_par' dir='ltr' id='par_1_58' title="bbox 399 5038 2074 5114">
     <span class='ocr_line' id='line_1_58' title="bbox 399 5038 2074 5114; baseline 0.002 -18"><span class='ocrx_word' id='word_1_476' title='bbox 399 5060 501 5108; x_wconf 92' lang='grc' dir='ltr'>σας</span> <span class='ocrx_word' id='word_1_477' title='bbox 538 5061 623 5107; x_wconf 91' lang='grc' dir='ltr'>τις</span> <span class='ocrx_word' id='word_1_478' title='bbox 656 5042 919 5113; x_wconf 79' lang='grc' dir='ltr'>ἐξαίφνης</span> <span class='ocrx_word' id='word_1_479' title='bbox 964 5041 1247 5114; x_wconf 88' lang='grc' dir='ltr'>μειράκιον</span> <span class='ocrx_word' id='word_1_480' title='bbox 1290 5038 1400 5093; x_wconf 89' lang='grc' dir='ltr'>τῶν</span> <span class='ocrx_word' id='word_1_481' title='bbox 1439 5042 1496 5092; x_wconf 81' lang='grc' dir='ltr'>ἐν</span> <span class='ocrx_word' id='word_1_482' title='bbox 1543 5039 1698 5111; x_wconf 87' lang='grc' dir='ltr'>ἀγρῷ</span> <span class='ocrx_word' id='word_1_483' title='bbox 1757 5044 2074 5114; x_wconf 84' lang='grc' dir='ltr'>τραφέντων</span> 
     </span>
    </p>
   </div>
   <div class='ocr_carea' id='block_1_59' title="bbox 397 5121 2071 5198">
    <p class='ocr_par' dir='ltr' id='par_1_59' title="bbox 397 5121 2071 5198">
     <span class='ocr_line' id='line_1_59' title="bbox 397 5121 2071 5198; baseline 0 -18"><span class='ocrx_word' id='word_1_484' title='bbox 397 5127 616 5198; x_wconf 76' lang='grc' dir='ltr'>καὶτῆς</span> <span class='ocrx_word' id='word_1_485' title='bbox 643 5125 905 5197; x_wconf 86' lang='grc' dir='ltr'>πηκτίδος</span> <span class='ocrx_word' id='word_1_486' title='bbox 934 5125 1029 5178; x_wconf 78' lang='grc' dir='ltr'>καὶ</span> <span class='ocrx_word' id='word_1_487' title='bbox 1065 5125 1165 5193; x_wconf 78' lang='grc' dir='ltr'>τῆς</span> <span class='ocrx_word' id='word_1_488' title='bbox 1211 5121 1558 5194; x_wconf 81' lang='grc' dir='ltr'>καλαύροπος</span> <span class='ocrx_word' id='word_1_489' title='bbox 1598 5123 1617 5161; x_wconf 72' lang='grc' dir='ltr'>ί</span> <span class='ocrx_word' id='word_1_490' title='bbox 1653 5121 1817 5178; x_wconf 90' lang='grc' dir='ltr'>πλέον</span> <span class='ocrx_word' id='word_1_491' title='bbox 1851 5125 2071 5181; x_wconf 72' lang='grc' dir='ltr'>εἰδότων</span> 
     </span>
    </p>
   </div>
   <div class='ocr_carea' id='block_1_60' title="bbox 460 5240 2067 5304">
    <p class='ocr_par' dir='ltr' id='par_1_60' title="bbox 460 5240 2067 5304">
     <span class='ocr_line' id='line_1_60' title="bbox 460 5240 2067 5304; baseline 0.003 -13"><span class='ocrx_word' id='word_1_492' title='bbox 460 5244 489 5274; x_wconf 78' lang='grc'>⁸</span> <span class='ocrx_word' id='word_1_493' title='bbox 512 5241 583 5293; x_wconf 80' lang='lat' dir='ltr'>Ita</span> <span class='ocrx_word' id='word_1_494' title='bbox 606 5244 827 5293; x_wconf 81' lang='lat' dir='ltr'>Savil.et</span> <span class='ocrx_word' id='word_1_495' title='bbox 848 5243 1032 5304; x_wconf 70' lang='lat' dir='ltr'><strong>aliquot</strong></span> <span class='ocrx_word' id='word_1_496' title='bbox 1054 5241 1381 5304; x_wconf 60' lang='lat' dir='ltr'>m&amp;&lt;.,m0lius</span> <span class='ocrx_word' id='word_1_497' title='bbox 1403 5254 1548 5303; x_wconf 84' lang='lat' dir='ltr'><strong>quam</strong></span> <span class='ocrx_word' id='word_1_498' title='bbox 1574 5240 1705 5304; x_wconf 79' lang='lat' dir='ltr'>vulg.</span> <span class='ocrx_word' id='word_1_499' title='bbox 1728 5242 1816 5291; x_wconf 80' lang='grc' dir='ltr'>οὑκ</span> <span class='ocrx_word' id='word_1_500' title='bbox 1837 5244 1959 5303; x_wconf 87' lang='grc' dir='ltr'>ἐνῆν.</span> <span class='ocrx_word' id='word_1_501' title='bbox 1974 5244 2067 5296; x_wconf 83' lang='grc' dir='ltr'>Εο.</span> 
     </span>
    </p>
   </div>
   <div class='ocr_carea' id='block_1_61' title="bbox 458 5303 1361 5366">
    <p class='ocr_par' dir='ltr' id='par_1_61' title="bbox 458 5303 1361 5366">
     <span class='ocr_line' id='line_1_61' title="bbox 458 5303 1361 5366; baseline -0.003 -12"><span class='ocrx_word' id='word_1_502' title='bbox 458 5306 507 5334; x_wconf 77' lang='grc'><strong><em>⁸⁸</em></strong></span> <span class='ocrx_word' id='word_1_503' title='bbox 530 5307 680 5354; x_wconf 83' lang='lat' dir='ltr'>Savil.</span> <span class='ocrx_word' id='word_1_504' title='bbox 706 5306 918 5366; x_wconf 75' lang='lat' dir='ltr'><strong>etaliqui</strong></span> <span class='ocrx_word' id='word_1_505' title='bbox 933 5303 1361 5366; x_wconf 58' lang='lat' dir='ltr'>anoyupvgbaavm.</span> 
     </span>
    </p>
   </div>
   <div class='ocr_carea' id='block_1_62' title="bbox 454 5364 2067 5427">
    <p class='ocr_par' dir='ltr' id='par_1_62' title="bbox 454 5364 2067 5427">
     <span class='ocr_line' id='line_1_62' title="bbox 454 5364 2067 5427; baseline 0.002 -12"><span class='ocrx_word' id='word_1_506' title='bbox 454 5366 483 5407; x_wconf 74' lang='grc' dir='ltr'>Ι)</span> <span class='ocrx_word' id='word_1_507' title='bbox 508 5366 592 5416; x_wconf 87' lang='lat' dir='ltr'>Sic</span> <span class='ocrx_word' id='word_1_508' title='bbox 614 5369 764 5416; x_wconf 82' lang='lat' dir='ltr'><strong>Savil.</strong></span> <span class='ocrx_word' id='word_1_509' title='bbox 793 5364 1073 5427; x_wconf 71' lang='lat' dir='ltr'>Légebalur</span> <span class='ocrx_word' id='word_1_510' title='bbox 1095 5365 1173 5412; x_wconf 90' lang='grc' dir='ltr'><strong>σοὶ</strong></span> <span class='ocrx_word' id='word_1_511' title='bbox 1194 5366 1246 5412; x_wconf 81' lang='grc' dir='ltr'>δὲ</span> <span class='ocrx_word' id='word_1_512' title='bbox 1285 5366 1339 5412; x_wconf 85' lang='grc' dir='ltr'>ἐκ</span> <span class='ocrx_word' id='word_1_513' title='bbox 1357 5382 1400 5412; x_wconf 90' lang='grc' dir='ltr'>τ.</span> <span class='ocrx_word' id='word_1_514' title='bbox 1432 5366 1520 5413; x_wconf 84' lang='grc' dir='ltr'>εἰκ.</span> <span class='ocrx_word' id='word_1_515' title='bbox 1558 5364 1708 5427; x_wconf 73' lang='grc' dir='ltr'>ἔνεστι</span> <span class='ocrx_word' id='word_1_516' title='bbox 1729 5383 1773 5414; x_wconf 89' lang='grc' dir='ltr'>τ.</span> <span class='ocrx_word' id='word_1_517' title='bbox 1796 5367 1868 5416; x_wconf 87' lang='grc' dir='ltr'>ἀθ.</span> <span class='ocrx_word' id='word_1_518' title='bbox 1898 5371 2067 5419; x_wconf 74' lang='grc' dir='ltr'>συ).λέ-</span> 
     </span>
    </p>
   </div>
   <div class='ocr_carea' id='block_1_63' title="bbox 391 5424 2068 5494">
    <p class='ocr_par' dir='ltr' id='par_1_63' title="bbox 391 5424 2068 5494">
     <span class='ocr_line' id='line_1_63' title="bbox 391 5424 2068 5494; baseline 0.002 -17"><span class='ocrx_word' id='word_1_519' title='bbox 391 5444 564 5494; x_wconf 17' lang='grc' dir='ltr'>γεινᾼμ.</span> <span class='ocrx_word' id='word_1_520' title='bbox 607 5430 705 5477; x_wconf 81' lang='lat' dir='ltr'><strong>Alii</strong></span> <span class='ocrx_word' id='word_1_521' title='bbox 722 5424 944 5494; x_wconf 42' lang='grc' dir='ltr'>ἀθυμίαν.</span> <span class='ocrx_word' id='word_1_522' title='bbox 969 5427 1311 5494; x_wconf 70' lang='grc' dir='ltr'>συλλεγομένην</span> <span class='ocrx_word' id='word_1_523' title='bbox 1335 5428 1438 5491; x_wconf 82' lang='grc' dir='ltr'>ὅρα.</span> <span class='ocrx_word' id='word_1_524' title='bbox 1467 5427 1593 5476; x_wconf 76' lang='lat' dir='ltr'><strong>Infra</strong></span> <span class='ocrx_word' id='word_1_525' title='bbox 1625 5424 1709 5475; x_wconf 74' lang='lat' dir='ltr'><strong>alii</strong></span> <span class='ocrx_word' id='word_1_526' title='bbox 1740 5430 1817 5491; x_wconf 79' lang='grc' dir='ltr'>ὑφ’</span> <span class='ocrx_word' id='word_1_527' title='bbox 1838 5433 1978 5494; x_wconf 77' lang='grc' dir='ltr'>ἡλίῳ,</span> <span class='ocrx_word' id='word_1_528' title='bbox 2015 5440 2068 5482; x_wconf 80' lang='lat' dir='ltr'>el.</span> 
     </span>
    </p>
   </div>
   <div class='ocr_carea' id='block_1_64' title="bbox 392 5487 1189 5552">
    <p class='ocr_par' dir='ltr' id='par_1_64' title="bbox 392 5487 1189 5552">
     <span class='ocr_line' id='line_1_64' title="bbox 392 5487 1189 5552; baseline -0.006 -14"><span class='ocrx_word' id='word_1_529' title='bbox 392 5487 542 5551; x_wconf 71' lang='lat' dir='ltr'><strong>paulb</strong></span> <span class='ocrx_word' id='word_1_530' title='bbox 578 5498 689 5552; x_wconf 73' lang='lat' dir='ltr'>post</span> <span class='ocrx_word' id='word_1_531' title='bbox 712 5487 1003 5552; x_wconf 79' lang='grc' dir='ltr'>ἀνθρωπείαν</span> <span class='ocrx_word' id='word_1_532' title='bbox 1024 5488 1189 5550; x_wconf 83' lang='grc' dir='ltr'>ὑπερϐ.</span> 
     </span>
    </p>
   </div>
   <div class='ocr_carea' id='block_1_65' title="bbox 458 5551 905 5611">
    <p class='ocr_par' dir='ltr' id='par_1_65' title="bbox 458 5551 905 5611">
     <span class='ocr_line' id='line_1_65' title="bbox 458 5551 905 5611; baseline -0.007 -11"><span class='ocrx_word' id='word_1_533' title='bbox 458 5553 482 5583; x_wconf 67' lang='grc' dir='ltr'>θ</span> <span class='ocrx_word' id='word_1_534' title='bbox 512 5552 613 5611; x_wconf 77' lang='lat' dir='ltr'><strong>Alli</strong></span> <span class='ocrx_word' id='word_1_535' title='bbox 631 5551 905 5611; x_wconf 85' lang='grc' dir='ltr'>ἀγαγέσθαι.</span> 
     </span>
    </p>
   </div>
   <div class='ocr_carea' id='block_1_66' title="bbox 453 5610 1681 5674">
    <p class='ocr_par' dir='ltr' id='par_1_66' title="bbox 453 5610 1681 5674">
     <span class='ocr_line' id='line_1_66' title="bbox 453 5610 1681 5674; baseline 0 -14"><span class='ocrx_word' id='word_1_536' title='bbox 453 5611 481 5653; x_wconf 73' lang='grc' dir='ltr'>ἆ</span> <span class='ocrx_word' id='word_1_537' title='bbox 506 5610 657 5674; x_wconf 69' lang='lat' dir='ltr'>_S_a\i1.</span> <span class='ocrx_word' id='word_1_538' title='bbox 678 5610 741 5674; x_wconf 56' lang='grc' dir='ltr'>ιιι</span> <span class='ocrx_word' id='word_1_539' title='bbox 764 5613 945 5671; x_wconf 74' lang='lat' dir='ltr'><strong>aliquot</strong></span> <span class='ocrx_word' id='word_1_540' title='bbox 971 5624 1086 5658; x_wconf 79' lang='lat' dir='ltr'>mss.</span> <span class='ocrx_word' id='word_1_541' title='bbox 1109 5611 1404 5674; x_wconf 79' lang='grc' dir='ltr'>παραστήσω</span> <span class='ocrx_word' id='word_1_542' title='bbox 1422 5610 1476 5659; x_wconf 88' lang='grc' dir='ltr'>τὸ</span> <span class='ocrx_word' id='word_1_543' title='bbox 1499 5613 1681 5674; x_wconf 75' lang='grc' dir='ltr'>μέτρον.</span> 
     </span>
    </p>
   </div>
   <div class='ocr_carea' id='block_1_67' title="bbox 454 5628 2059 5742">
    <p class='ocr_par' dir='ltr' id='par_1_67' title="bbox 454 5628 2059 5742">
     <span class='ocr_line' id='line_1_67' title="bbox 454 5628 1681 5674; baseline 0.001 -15"><span class='ocrx_word' id='word_1_544' title='bbox 454 5628 481 5653; x_wconf 77' lang='grc' dir='ltr'>α</span> <span class='ocrx_word' id='word_1_545' title='bbox 506 5628 657 5660; x_wconf 64' lang='grc' dir='ltr'>δὲυιῖ.</span> <span class='ocrx_word' id='word_1_546' title='bbox 689 5628 741 5658; x_wconf 68' lang='grc' dir='ltr'>ει</span> <span class='ocrx_word' id='word_1_547' title='bbox 764 5628 945 5671; x_wconf 71' lang='grc' dir='ltr'>ιιιιιιυιιι</span> <span class='ocrx_word' id='word_1_548' title='bbox 971 5628 1086 5658; x_wconf 71' lang='lat' dir='ltr'>MSS.</span> <span class='ocrx_word' id='word_1_549' title='bbox 1109 5628 1404 5673; x_wconf 80' lang='grc' dir='ltr'>παραστησω</span> <span class='ocrx_word' id='word_1_550' title='bbox 1422 5628 1476 5659; x_wconf 88' lang='grc' dir='ltr'>το</span> <span class='ocrx_word' id='word_1_551' title='bbox 1499 5629 1584 5674; x_wconf 84' lang='grc' dir='ltr'>μετ</span> <span class='ocrx_word' id='word_1_552' title='bbox 1614 5628 1681 5661; x_wconf 90' lang='grc' dir='ltr'>ον,</span> 
     </span>
     <span class='ocr_line' id='line_1_68' title="bbox 454 5628 2059 5742; baseline 0.005 -25"><span class='ocrx_word' id='word_1_553' title='bbox 454 5672 627 5742; x_wconf 42' lang='lat' dir='ltr'>{Nota</span> <span class='ocrx_word' id='word_1_554' title='bbox 650 5672 802 5728; x_wconf 84' lang='grc' dir='ltr'>πλήθη</span> <span class='ocrx_word' id='word_1_555' title='bbox 833 5674 881 5720; x_wconf 91' lang='lat' dir='ltr'>in</span> <span class='ocrx_word' id='word_1_556' title='bbox 923 5685 1068 5742; x_wconf 54' lang='lat' dir='ltr'><strong>sensi</strong></span> <span class='ocrx_word' id='word_1_557' title='bbox 1105 5672 1157 5742; x_wconf 73' lang='lat' dir='ltr'><strong>la</strong></span> <span class='ocrx_word' id='word_1_558' title='bbox 1183 5674 1403 5742; x_wconf 36' lang='lat' dir='ltr'><strong>illudillis...</strong></span> <span class='ocrx_word' id='word_1_559' title='bbox 1439 5674 1522 5742; x_wconf 70' lang='lat' dir='ltr'>Sic</span> <span class='ocrx_word' id='word_1_560' title='bbox 1563 5628 1861 5742; x_wconf 42' lang='grc' dir='ltr'>Ιείῗρτοιίοιιιε,</span> <span class='ocrx_word' id='word_1_561' title='bbox 1898 5676 2059 5729; x_wconf 82' lang='grc' dir='ltr'>πεδίον</span> 
     </span>
    </p>
   </div>
   <div class='ocr_carea' id='block_1_68' title="bbox 390 5732 1707 5797">
    <p class='ocr_par' dir='ltr' id='par_1_68' title="bbox 390 5732 1707 5797">
     <span class='ocr_line' id='line_1_69' title="bbox 390 5732 1707 5797; baseline 0.009 -21"><span class='ocrx_word' id='word_1_562' title='bbox 390 5739 440 5789; x_wconf 67' lang='grc' dir='ltr'>η·</span> <span class='ocrx_word' id='word_1_563' title='bbox 454 5738 565 5789; x_wconf 73' lang='grc' dir='ltr'>ἦθος</span> <span class='ocrx_word' id='word_1_564' title='bbox 586 5733 797 5797; x_wconf 80' lang='grc' dir='ltr'>ἄπειρον,</span> <span class='ocrx_word' id='word_1_565' title='bbox 818 5746 1015 5797; x_wconf 75' lang='grc' dir='ltr'>εαηιριιε</span> <span class='ocrx_word' id='word_1_566' title='bbox 1047 5732 1294 5786; x_wconf 74' lang='lat' dir='ltr'><strong>lalilwliue</strong></span> <span class='ocrx_word' id='word_1_567' title='bbox 1318 5732 1547 5797; x_wconf 72' lang='lat' dir='ltr'>inﬁnitus.</span> <span class='ocrx_word' id='word_1_568' title='bbox 1573 5735 1707 5788; x_wconf 78' lang='grc' dir='ltr'>Εοιτ.</span> 
     </span>
    </p>
   </div>
   <div class='ocr_carea' id='block_1_69' title="bbox 459 5794 976 5853">
    <p class='ocr_par' dir='ltr' id='par_1_69' title="bbox 459 5794 976 5853">
     <span class='ocr_line' id='line_1_70' title="bbox 459 5794 976 5853; baseline -0.004 -10"><span class='ocrx_word' id='word_1_569' title='bbox 459 5800 478 5838; x_wconf 79' lang='grc' dir='ltr'><em>τ</em></span> <span class='ocrx_word' id='word_1_570' title='bbox 510 5799 539 5848; x_wconf 74' lang='grc' dir='ltr'>ι’</span> <span class='ocrx_word' id='word_1_571' title='bbox 550 5809 642 5844; x_wconf 86' lang='lat' dir='ltr'>nus</span> <span class='ocrx_word' id='word_1_572' title='bbox 662 5794 976 5853; x_wconf 70' lang='grc' dir='ltr'>καλαυρόπης.</span> 
     </span>
    </p>
   </div>
   <div class='ocr_carea' id='block_1_70' title="bbox 1201 222 3057 288">
    <p class='ocr_par' dir='ltr' id='par_1_70' title="bbox 1201 222 3057 288">
     <span class='ocr_line' id='line_1_71' title="bbox 1201 222 3057 288; baseline 0.004 -8"><span class='ocrx_word' id='word_1_573' title='bbox 1201 225 1260 280; x_wconf 92' lang='lat' dir='ltr'>S.</span> <span class='ocrx_word' id='word_1_574' title='bbox 1295 224 1580 281; x_wconf 82' lang='lat' dir='ltr'>JOANNIS</span> <span class='ocrx_word' id='word_1_575' title='bbox 1614 222 2105 280; x_wconf 76' lang='lat' dir='ltr'>CHRYSOSTOMI</span> <span class='ocrx_word' id='word_1_576' title='bbox 2139 224 2462 285; x_wconf 75' lang='lat' dir='ltr'>ARCHIEP.</span> <span class='ocrx_word' id='word_1_577' title='bbox 2505 226 3057 288; x_wconf 65' lang='lat' dir='ltr'>CONSTANTINOP.</span> 
     </span>
    </p>
   </div>
   <div class='ocr_carea' id='block_1_71' title="bbox 3782 239 3882 303">
    <p class='ocr_par' dir='ltr' id='par_1_71' title="bbox 3782 239 3882 303">
     <span class='ocr_line' id='line_1_72' title="bbox 3782 239 3882 303; baseline 0 0"><span class='ocrx_word' id='word_1_578' title='bbox 3782 239 3882 303; x_wconf 72' lang='lat'>690</span> 
     </span>
    </p>
   </div>
   <div class='ocr_carea' id='block_1_72' title="bbox 2203 339 3882 430">
    <p class='ocr_par' dir='ltr' id='par_1_72' title="bbox 2203 339 3882 430">
     <span class='ocr_line' id='line_1_73' title="bbox 2203 339 3882 430; baseline 0.011 -37"><span class='ocrx_word' id='word_1_579' title='bbox 2203 339 2828 430; x_wconf 46' lang='lat' dir='ltr'>06§év.uxa_9m:).i§é0w</span> <span class='ocrx_word' id='word_1_580' title='bbox 2853 346 2990 430; x_wconf 54' lang='grc' dir='ltr'>Δμὲν</span> <span class='ocrx_word' id='word_1_581' title='bbox 3014 345 3149 402; x_wconf 66' lang='grc' dir='ltr'>αὐτὸ</span> <span class='ocrx_word' id='word_1_582' title='bbox 3198 348 3387 430; x_wconf 60' lang='lat'>01:10:;</span> <span class='ocrx_word' id='word_1_583' title='bbox 3425 351 3680 423; x_wconf 76' lang='grc' dir='ltr'>χαλκοῖς,</span> <span class='ocrx_word' id='word_1_584' title='bbox 3731 373 3882 430; x_wconf 59' lang='grc' dir='ltr'>περι.</span> 
     </span>
    </p>
   </div>
   <div class='ocr_carea' id='block_1_73' title="bbox 2200 420 3884 506">
    <p class='ocr_par' dir='ltr' id='par_1_73' title="bbox 2200 420 3884 506">
     <span class='ocr_line' id='line_1_74' title="bbox 2200 420 3884 506; baseline 0.013 -35"><span class='ocrx_word' id='word_1_585' title='bbox 2200 420 2453 506; x_wconf 72' lang='grc' dir='ltr'>αγέτωδὲ</span> <span class='ocrx_word' id='word_1_586' title='bbox 2482 423 2546 476; x_wconf 80' lang='grc' dir='ltr'>τὸ</span> <span class='ocrx_word' id='word_1_587' title='bbox 2574 426 2938 506; x_wconf 80' lang='grc' dir='ltr'>στρατόπεδον</span> <span class='ocrx_word' id='word_1_588' title='bbox 2966 426 3132 506; x_wconf 81' lang='grc' dir='ltr'>ἀπαν,</span> <span class='ocrx_word' id='word_1_589' title='bbox 3155 428 3251 481; x_wconf 72' lang='grc' dir='ltr'>καὶ</span> <span class='ocrx_word' id='word_1_590' title='bbox 3288 420 3552 486; x_wconf 79' lang='grc' dir='ltr'>δεικνύτω</span> <span class='ocrx_word' id='word_1_591' title='bbox 3580 420 3770 506; x_wconf 75' lang='grc' dir='ltr'>λόχους</span> <span class='ocrx_word' id='word_1_592' title='bbox 3790 420 3884 492; x_wconf 76' lang='grc' dir='ltr'>καὶ</span> 
     </span>
    </p>
   </div>
   <div class='ocr_carea' id='block_1_74' title="bbox 2200 497 3884 589">
    <p class='ocr_par' dir='ltr' id='par_1_74' title="bbox 2200 497 3884 589">
     <span class='ocr_line' id='line_1_75' title="bbox 2200 497 3884 589; baseline 0.011 -37"><span class='ocrx_word' id='word_1_593' title='bbox 2200 497 2504 589; x_wconf 36' lang='grc' dir='ltr'>λοχαγοὺςη</span> <span class='ocrx_word' id='word_1_594' title='bbox 2534 503 2794 589; x_wconf 63' lang='grc' dir='ltr'>τοξότας,⁸</span> <span class='ocrx_word' id='word_1_595' title='bbox 2836 505 3222 589; x_wconf 79' lang='grc' dir='ltr'>σφενδονήτας,</span> <span class='ocrx_word' id='word_1_596' title='bbox 3262 507 3611 582; x_wconf 76' lang='grc' dir='ltr'>ταξιάρχους,</span> <span class='ocrx_word' id='word_1_597' title='bbox 3642 497 3884 589; x_wconf 60' lang='grc' dir='ltr'>’στρατη-</span> 
     </span>
    </p>
   </div>
   <div class='ocr_carea' id='block_1_75' title="bbox 2199 580 3884 668">
    <p class='ocr_par' dir='ltr' id='par_1_75' title="bbox 2199 580 3884 668">
     <span class='ocr_line' id='line_1_76' title="bbox 2199 580 3884 668; baseline 0.01 -38"><span class='ocrx_word' id='word_1_598' title='bbox 2199 581 2351 646; x_wconf 84' lang='grc' dir='ltr'>γοὺς,</span> <span class='ocrx_word' id='word_1_599' title='bbox 2380 580 2889 668; x_wconf 40' lang='grc' dir='ltr'>ὁπλίταςζὶππέας,</span> <span class='ocrx_word' id='word_1_600' title='bbox 2932 585 3286 668; x_wconf 81' lang='grc' dir='ltr'>ἀκοντιστὰς,</span> <span class='ocrx_word' id='word_1_601' title='bbox 3315 580 3585 668; x_wconf 81' lang='grc' dir='ltr'>τριήρεις,</span> <span class='ocrx_word' id='word_1_602' title='bbox 3618 580 3884 668; x_wconf 75' lang='grc' dir='ltr'>τριηράρ-</span> 
     </span>
    </p>
   </div>
   <div class='ocr_carea' id='block_1_76' title="bbox 2199 662 3883 741">
    <p class='ocr_par' dir='ltr' id='par_1_76' title="bbox 2199 662 3883 741">
     <span class='ocr_line' id='line_1_77' title="bbox 2199 662 3883 741; baseline 0.011 -31"><span class='ocrx_word' id='word_1_603' title='bbox 2199 674 2348 741; x_wconf 63' lang='grc' dir='ltr'>χους,</span> <span class='ocrx_word' id='word_1_604' title='bbox 2378 662 2503 741; x_wconf 83' lang='grc' dir='ltr'>τοὺς</span> <span class='ocrx_word' id='word_1_605' title='bbox 2525 662 2644 714; x_wconf 88' lang='grc' dir='ltr'>ἐκεῖ</span> <span class='ocrx_word' id='word_1_606' title='bbox 2666 664 3091 734; x_wconf 89' lang='grc' dir='ltr'>πεφραγμένους</span> <span class='ocrx_word' id='word_1_607' title='bbox 3128 665 3490 737; x_wconf 86' lang='grc' dir='ltr'>στρατιώτας,</span> <span class='ocrx_word' id='word_1_608' title='bbox 3521 669 3630 723; x_wconf 91' lang='grc' dir='ltr'>τῶν</span> <span class='ocrx_word' id='word_1_609' title='bbox 3656 662 3883 741; x_wconf 40' lang='grc' dir='ltr'>ἐνΠταῖς</span> 
     </span>
    </p>
   </div>
   <div class='ocr_carea' id='block_1_77' title="bbox 2198 738 3883 817">
    <p class='ocr_par' dir='ltr' id='par_1_77' title="bbox 2198 738 3883 817">
     <span class='ocr_line' id='line_1_78' title="bbox 2198 738 3883 817; baseline 0.011 -30"><span class='ocrx_word' id='word_1_610' title='bbox 2198 738 2390 789; x_wconf 78' lang='grc' dir='ltr'>ναυσὶν</span> <span class='ocrx_word' id='word_1_611' title='bbox 2416 738 2797 810; x_wconf 86' lang='grc' dir='ltr'>ἀποκειμένων</span> <span class='ocrx_word' id='word_1_612' title='bbox 2834 743 3242 813; x_wconf 86' lang='grc' dir='ltr'>μηχανημάτων</span> <span class='ocrx_word' id='word_1_613' title='bbox 3263 745 3324 797; x_wconf 79' lang='grc' dir='ltr'>τὸ</span> <span class='ocrx_word' id='word_1_614' title='bbox 3353 744 3586 817; x_wconf 85' lang='grc' dir='ltr'>πλῆθος·</span> <span class='ocrx_word' id='word_1_615' title='bbox 3617 738 3883 807; x_wconf 83' lang='grc' dir='ltr'>δεικνύτω</span> 
     </span>
    </p>
   </div>
   <div class='ocr_carea' id='block_1_78' title="bbox 2197 817 3884 901">
    <p class='ocr_par' dir='ltr' id='par_1_78' title="bbox 2197 817 3884 901">
     <span class='ocr_line' id='line_1_79' title="bbox 2197 817 3884 901; baseline 0.009 -32"><span class='ocrx_word' id='word_1_616' title='bbox 2197 817 2253 901; x_wconf 83' lang='grc' dir='ltr'>δὲ</span> <span class='ocrx_word' id='word_1_617' title='bbox 2282 819 2379 871; x_wconf 74' lang='grc' dir='ltr'>καὶ</span> <span class='ocrx_word' id='word_1_618' title='bbox 2414 818 2514 901; x_wconf 84' lang='grc' dir='ltr'>τὴν</span> <span class='ocrx_word' id='word_1_619' title='bbox 2545 820 2652 873; x_wconf 88' lang='grc' dir='ltr'>τῶν</span> <span class='ocrx_word' id='word_1_620' title='bbox 2686 821 2963 894; x_wconf 76' lang='grc' dir='ltr'>πολεμίων</span> <span class='ocrx_word' id='word_1_621' title='bbox 2992 824 3301 894; x_wconf 81' lang='grc' dir='ltr'>παράταξιν</span> <span class='ocrx_word' id='word_1_622' title='bbox 3336 825 3577 891; x_wconf 80' lang='grc' dir='ltr'>ἃπασαν,</span> <span class='ocrx_word' id='word_1_623' title='bbox 3610 831 3705 883; x_wconf 77' lang='grc' dir='ltr'>καὶ</span> <span class='ocrx_word' id='word_1_624' title='bbox 3731 831 3884 901; x_wconf 73' lang='grc' dir='ltr'>ὄψεις</span> 
     </span>
    </p>
   </div>
   <div class='ocr_carea' id='block_1_79' title="bbox 2196 896 3880 981">
    <p class='ocr_par' dir='ltr' id='par_1_79' title="bbox 2196 896 3880 981">
     <span class='ocr_line' id='line_1_80' title="bbox 2196 896 3880 981; baseline 0.009 -33"><span class='ocrx_word' id='word_1_625' title='bbox 2196 896 2599 981; x_wconf 72' lang='grc' dir='ltr'>ἀποτροπαίους</span> <span class='ocrx_word' id='word_1_626' title='bbox 2625 901 2798 965; x_wconf 86' lang='grc' dir='ltr'>τινάς.</span> <span class='ocrx_word' id='word_1_627' title='bbox 2839 902 2935 955; x_wconf 77' lang='grc' dir='ltr'>καὶ</span> <span class='ocrx_word' id='word_1_628' title='bbox 2979 904 3183 976; x_wconf 84' lang='grc' dir='ltr'>σκευὴν</span> <span class='ocrx_word' id='word_1_629' title='bbox 3224 904 3405 958; x_wconf 86' lang='grc' dir='ltr'>ὅπλων</span> <span class='ocrx_word' id='word_1_630' title='bbox 3440 896 3880 981; x_wconf 66' lang='grc' dir='ltr'>ἐξηλλαγμένην,</span> 
     </span>
    </p>
   </div>
   <div class='ocr_carea' id='block_1_80' title="bbox 2198 976 3882 1059">
    <p class='ocr_par' dir='ltr' id='par_1_80' title="bbox 2198 976 3882 1059">
     <span class='ocr_line' id='line_1_81' title="bbox 2198 976 3882 1059; baseline 0.009 -31"><span class='ocrx_word' id='word_1_631' title='bbox 2198 977 2292 1059; x_wconf 68' lang='grc' dir='ltr'>καί⁵</span> <span class='ocrx_word' id='word_1_632' title='bbox 2326 976 2531 1059; x_wconf 78' lang='grc' dir='ltr'>πλῆθος</span> <span class='ocrx_word' id='word_1_633' title='bbox 2566 979 2815 1050; x_wconf 79' lang='grc' dir='ltr'>ἄπειρον,</span> <span class='ocrx_word' id='word_1_634' title='bbox 2868 982 2963 1035; x_wconf 77' lang='grc' dir='ltr'>καὶ</span> <span class='ocrx_word' id='word_1_635' title='bbox 3004 983 3294 1054; x_wconf 81' lang='grc' dir='ltr'>φάραγγας</span> <span class='ocrx_word' id='word_1_636' title='bbox 3330 985 3428 1038; x_wconf 79' lang='grc' dir='ltr'>καὶ</span> <span class='ocrx_word' id='word_1_637' title='bbox 3468 976 3751 1058; x_wconf 65' lang='grc' dir='ltr'>κρημνούς</span> <span class='ocrx_word' id='word_1_638' title='bbox 3781 976 3882 1059; x_wconf 62' lang='grc' dir='ltr'>βαὲ-</span> 
     </span>
    </p>
   </div>
   <div class='ocr_carea' id='block_1_81' title="bbox 2199 1053 3883 1138">
    <p class='ocr_par' dir='ltr' id='par_1_81' title="bbox 2199 1053 3883 1138">
     <span class='ocr_line' id='line_1_82' title="bbox 2199 1053 3883 1138; baseline 0.009 -31"><span class='ocrx_word' id='word_1_639' title='bbox 2199 1053 2312 1138; x_wconf 87' lang='grc' dir='ltr'>θεῖς</span> <span class='ocrx_word' id='word_1_640' title='bbox 2337 1056 2432 1138; x_wconf 76' lang='grc' dir='ltr'>καὶ</span> <span class='ocrx_word' id='word_1_641' title='bbox 2459 1056 2765 1129; x_wconf 89' lang='grc' dir='ltr'>δυσχωρίας</span> <span class='ocrx_word' id='word_1_642' title='bbox 2792 1061 2968 1131; x_wconf 83' lang='grc' dir='ltr'>ὀρῶν·</span> <span class='ocrx_word' id='word_1_643' title='bbox 3014 1053 3280 1117; x_wconf 79' lang='grc' dir='ltr'>δεικνύτω</span> <span class='ocrx_word' id='word_1_644' title='bbox 3331 1064 3390 1117; x_wconf 81' lang='grc' dir='ltr'>δὲ</span> <span class='ocrx_word' id='word_1_645' title='bbox 3437 1053 3518 1119; x_wconf 60' lang='lat' dir='ltr'>Eri</span> <span class='ocrx_word' id='word_1_646' title='bbox 3565 1053 3726 1138; x_wconf 57' lang='grc' dir='ltr'>’παρά</span> <span class='ocrx_word' id='word_1_647' title='bbox 3768 1053 3883 1133; x_wconf 78' lang='grc' dir='ltr'>τοῖς</span> 
     </span>
    </p>
   </div>
   <div class='ocr_carea' id='block_1_82' title="bbox 2197 1135 3879 1216">
    <p class='ocr_par' dir='ltr' id='par_1_82' title="bbox 2197 1135 3879 1216">
     <span class='ocr_line' id='line_1_83' title="bbox 2197 1135 3879 1216; baseline 0.008 -29"><span class='ocrx_word' id='word_1_648' title='bbox 2197 1135 2457 1199; x_wconf 80' lang='grc' dir='ltr'>ἐναντίοις</span> <span class='ocrx_word' id='word_1_649' title='bbox 2483 1139 2578 1192; x_wconf 81' lang='grc' dir='ltr'>καὶ</span> <span class='ocrx_word' id='word_1_650' title='bbox 2602 1139 2933 1210; x_wconf 85' lang='grc' dir='ltr'>πετομένους</span> <span class='ocrx_word' id='word_1_651' title='bbox 2960 1141 3161 1206; x_wconf 83' lang='grc' dir='ltr'>ἵππους</span> <span class='ocrx_word' id='word_1_652' title='bbox 3197 1142 3286 1197; x_wconf 89' lang='grc' dir='ltr'>διά</span> <span class='ocrx_word' id='word_1_653' title='bbox 3319 1160 3464 1209; x_wconf 91' lang='grc' dir='ltr'>τινος</span> <span class='ocrx_word' id='word_1_654' title='bbox 3509 1135 3879 1216; x_wconf 79' lang='grc' dir='ltr'>μαγγανείας,</span> 
     </span>
    </p>
   </div>
   <div class='ocr_carea' id='block_1_83' title="bbox 2197 1215 3882 1299">
    <p class='ocr_par' dir='ltr' id='par_1_83' title="bbox 2197 1215 3882 1299">
     <span class='ocr_line' id='line_1_84' title="bbox 2197 1215 3882 1299; baseline 0.008 -32"><span class='ocrx_word' id='word_1_655' title='bbox 2197 1215 2293 1299; x_wconf 72' lang='grc' dir='ltr'>καὶ</span> <span class='ocrx_word' id='word_1_656' title='bbox 2323 1216 2549 1299; x_wconf 77' lang='grc' dir='ltr'>ὁπλίτας</span> <span class='ocrx_word' id='word_1_657' title='bbox 2581 1218 2648 1299; x_wconf 80' lang='grc' dir='ltr'>δι’</span> <span class='ocrx_word' id='word_1_658' title='bbox 2676 1220 2838 1299; x_wconf 84' lang='grc' dir='ltr'>ἀέρος</span> <span class='ocrx_word' id='word_1_659' title='bbox 2866 1221 3224 1293; x_wconf 84' lang='grc' dir='ltr'>φερομένους,</span> <span class='ocrx_word' id='word_1_660' title='bbox 3259 1223 3356 1277; x_wconf 82' lang='grc' dir='ltr'>καὶ</span> <span class='ocrx_word' id='word_1_661' title='bbox 3403 1215 3587 1296; x_wconf 84' lang='grc' dir='ltr'>πάσης</span> <span class='ocrx_word' id='word_1_662' title='bbox 3619 1226 3882 1299; x_wconf 83' lang='grc' dir='ltr'>γοητείας</span> 
     </span>
    </p>
   </div>
   <div class='ocr_carea' id='block_1_84' title="bbox 2196 1293 3884 1368">
    <p class='ocr_par' dir='ltr' id='par_1_84' title="bbox 2196 1293 3884 1368">
     <span class='ocr_line' id='line_1_85' title="bbox 2196 1293 3884 1368; baseline 0.007 -21"><span class='ocrx_word' id='word_1_663' title='bbox 2196 1293 2426 1365; x_wconf 89' lang='grc' dir='ltr'>δύναμίν</span> <span class='ocrx_word' id='word_1_664' title='bbox 2452 1312 2513 1348; x_wconf 91' lang='grc' dir='ltr'>τε</span> <span class='ocrx_word' id='word_1_665' title='bbox 2551 1296 2645 1349; x_wconf 77' lang='grc' dir='ltr'>καὶ</span> <span class='ocrx_word' id='word_1_666' title='bbox 2673 1296 2846 1350; x_wconf 83' lang='grc' dir='ltr'>ἰδέαν·</span> <span class='ocrx_word' id='word_1_667' title='bbox 2874 1300 3226 1368; x_wconf 87' lang='grc' dir='ltr'>καταλεγέτω</span> <span class='ocrx_word' id='word_1_668' title='bbox 3247 1301 3305 1354; x_wconf 77' lang='grc' dir='ltr'>δέ</span> <span class='ocrx_word' id='word_1_669' title='bbox 3341 1302 3437 1355; x_wconf 82' lang='grc' dir='ltr'>καὶ</span> <span class='ocrx_word' id='word_1_670' title='bbox 3470 1293 3569 1367; x_wconf 78' lang='grc' dir='ltr'>τὰς</span> <span class='ocrx_word' id='word_1_671' title='bbox 3590 1293 3685 1358; x_wconf 87' lang='grc' dir='ltr'>τοῦ</span> <span class='ocrx_word' id='word_1_672' title='bbox 3709 1293 3884 1358; x_wconf 61' lang='grc' dir='ltr'>’πολέ-</span> 
     </span>
    </p>
   </div>
   <div class='ocr_carea' id='block_1_85' title="bbox 2201 1373 3884 1451">
    <p class='ocr_par' dir='ltr' id='par_1_85' title="bbox 2201 1373 3884 1451">
     <span class='ocr_line' id='line_1_86' title="bbox 2201 1373 3884 1451; baseline 0.008 -28"><span class='ocrx_word' id='word_1_673' title='bbox 2201 1388 2302 1441; x_wconf 91' lang='grc' dir='ltr'>μου</span> <span class='ocrx_word' id='word_1_674' title='bbox 2337 1373 2643 1444; x_wconf 86' lang='grc' dir='ltr'>συμφοράς,</span> <span class='ocrx_word' id='word_1_675' title='bbox 2665 1374 2776 1427; x_wconf 88' lang='grc' dir='ltr'>τῶν</span> <span class='ocrx_word' id='word_1_676' title='bbox 2809 1376 3075 1431; x_wconf 86' lang='grc' dir='ltr'>ἀκοντίων</span> <span class='ocrx_word' id='word_1_677' title='bbox 3110 1378 3172 1431; x_wconf 83' lang='grc' dir='ltr'>τὸ</span> <span class='ocrx_word' id='word_1_678' title='bbox 3216 1379 3398 1449; x_wconf 83' lang='grc' dir='ltr'>νέφος,</span> <span class='ocrx_word' id='word_1_679' title='bbox 3427 1381 3537 1434; x_wconf 90' lang='grc' dir='ltr'>τῶν</span> <span class='ocrx_word' id='word_1_680' title='bbox 3578 1381 3749 1451; x_wconf 88' lang='grc' dir='ltr'>βελῶν</span> <span class='ocrx_word' id='word_1_681' title='bbox 3783 1385 3884 1448; x_wconf 83' lang='grc' dir='ltr'>τάς</span> 
     </span>
    </p>
   </div>
   <div class='ocr_carea' id='block_1_86' title="bbox 2198 1452 3883 1532">
    <p class='ocr_par' dir='ltr' id='par_1_86' title="bbox 2198 1452 3883 1532">
     <span class='ocr_line' id='line_1_87' title="bbox 2198 1452 3883 1532; baseline 0.008 -29"><span class='ocrx_word' id='word_1_682' title='bbox 2198 1452 2444 1532; x_wconf 85' lang='grc' dir='ltr'>νιφάδας,</span> <span class='ocrx_word' id='word_1_683' title='bbox 2470 1453 2571 1523; x_wconf 82' lang='grc' dir='ltr'>τὴν</span> <span class='ocrx_word' id='word_1_684' title='bbox 2604 1454 2805 1526; x_wconf 84' lang='grc' dir='ltr'>πολλὴν</span> <span class='ocrx_word' id='word_1_685' title='bbox 2845 1455 3014 1525; x_wconf 83' lang='grc' dir='ltr'>ἀχλὺν</span> <span class='ocrx_word' id='word_1_686' title='bbox 3052 1457 3289 1529; x_wconf 86' lang='grc' dir='ltr'>ἐκείνην,</span> <span class='ocrx_word' id='word_1_687' title='bbox 3331 1461 3428 1512; x_wconf 82' lang='grc' dir='ltr'>καὶ</span> <span class='ocrx_word' id='word_1_688' title='bbox 3465 1459 3566 1532; x_wconf 83' lang='grc' dir='ltr'>τήν</span> <span class='ocrx_word' id='word_1_689' title='bbox 3592 1462 3883 1532; x_wconf 84' lang='grc' dir='ltr'>ἀορασίαν,</span> 
     </span>
    </p>
   </div>
   <div class='ocr_carea' id='block_1_87' title="bbox 2196 1531 3885 1610">
    <p class='ocr_par' dir='ltr' id='par_1_87' title="bbox 2196 1531 3885 1610">
     <span class='ocr_line' id='line_1_88' title="bbox 2196 1531 3885 1610; baseline 0.008 -28"><span class='ocrx_word' id='word_1_690' title='bbox 2196 1531 2296 1601; x_wconf 80' lang='grc' dir='ltr'>τὴν</span> <span class='ocrx_word' id='word_1_691' title='bbox 2327 1532 2744 1606; x_wconf 80' lang='grc' dir='ltr'>ζοφωδεστάτην</span> <span class='ocrx_word' id='word_1_692' title='bbox 2775 1535 2970 1601; x_wconf 85' lang='grc' dir='ltr'>νύκτα,</span> <span class='ocrx_word' id='word_1_693' title='bbox 3004 1538 3071 1608; x_wconf 79' lang='grc' dir='ltr'>ἣν</span> <span class='ocrx_word' id='word_1_694' title='bbox 3102 1538 3163 1590; x_wconf 81' lang='grc' dir='ltr'>τὸ</span> <span class='ocrx_word' id='word_1_695' title='bbox 3199 1538 3307 1592; x_wconf 90' lang='grc' dir='ltr'>τῶν</span> <span class='ocrx_word' id='word_1_696' title='bbox 3358 1531 3710 1610; x_wconf 85' lang='grc' dir='ltr'>τοξευμάτων</span> <span class='ocrx_word' id='word_1_697' title='bbox 3755 1558 3885 1595; x_wconf 89' lang='grc' dir='ltr'>συν-</span> 
     </span>
    </p>
   </div>
   <div class='ocr_carea' id='block_1_88' title="bbox 2202 1611 3882 1688">
    <p class='ocr_par' dir='ltr' id='par_1_88' title="bbox 2202 1611 3882 1688">
     <span class='ocr_line' id='line_1_89' title="bbox 2202 1611 3882 1688; baseline 0.007 -25"><span class='ocrx_word' id='word_1_698' title='bbox 2202 1611 2381 1682; x_wconf 83' lang='grc' dir='ltr'>ίστησι</span> <span class='ocrx_word' id='word_1_699' title='bbox 2415 1613 2639 1684; x_wconf 88' lang='grc' dir='ltr'>πλῆθος,</span> <span class='ocrx_word' id='word_1_700' title='bbox 2662 1615 3008 1688; x_wconf 89' lang='grc' dir='ltr'>ἀποστρέφον</span> <span class='ocrx_word' id='word_1_701' title='bbox 3045 1619 3112 1688; x_wconf 83' lang='grc' dir='ltr'>τῇ</span> <span class='ocrx_word' id='word_1_702' title='bbox 3159 1617 3459 1688; x_wconf 89' lang='grc' dir='ltr'>πυκνότητι</span> <span class='ocrx_word' id='word_1_703' title='bbox 3501 1619 3602 1684; x_wconf 81' lang='grc' dir='ltr'>τὰς</span> <span class='ocrx_word' id='word_1_704' title='bbox 3630 1621 3882 1684; x_wconf 82' lang='grc' dir='ltr'>ἀκτῖνας,</span> 
     </span>
    </p>
   </div>
   <div class='ocr_carea' id='block_1_89' title="bbox 2196 1688 3884 1772">
    <p class='ocr_par' dir='ltr' id='par_1_89' title="bbox 2196 1688 3884 1772">
     <span class='ocr_line' id='line_1_90' title="bbox 2196 1688 3884 1772; baseline 0.008 -30"><span class='ocrx_word' id='word_1_705' title='bbox 2196 1692 2297 1761; x_wconf 84' lang='grc' dir='ltr'>τὴν</span> <span class='ocrx_word' id='word_1_706' title='bbox 2318 1692 2464 1745; x_wconf 87' lang='grc' dir='ltr'>κόνιν</span> <span class='ocrx_word' id='word_1_707' title='bbox 2476 1693 2574 1762; x_wconf 86' lang='grc' dir='ltr'>οὑχ</span> <span class='ocrx_word' id='word_1_708' title='bbox 2587 1688 2749 1765; x_wconf 85' lang='grc' dir='ltr'>ἦττον</span> <span class='ocrx_word' id='word_1_709' title='bbox 2768 1695 2860 1748; x_wconf 89' lang='grc' dir='ltr'>τοῦ</span> <span class='ocrx_word' id='word_1_710' title='bbox 2885 1695 3112 1759; x_wconf 88' lang='grc' dir='ltr'>σκότους</span> <span class='ocrx_word' id='word_1_711' title='bbox 3122 1697 3249 1760; x_wconf 82' lang='grc' dir='ltr'>τοὺς</span> <span class='ocrx_word' id='word_1_712' title='bbox 3268 1696 3581 1768; x_wconf 83' lang='grc' dir='ltr'>ὀφθαλμοὺς</span> <span class='ocrx_word' id='word_1_713' title='bbox 3597 1700 3884 1772; x_wconf 84' lang='grc' dir='ltr'>ἀμαυροῦ-</span> 
     </span>
    </p>
   </div>
   <div class='ocr_carea' id='block_1_90' title="bbox 2202 1774 3885 1849">
    <p class='ocr_par' dir='ltr' id='par_1_90' title="bbox 2202 1774 3885 1849">
     <span class='ocr_line' id='line_1_91' title="bbox 2202 1774 3885 1849; baseline 0.006 -25"><span class='ocrx_word' id='word_1_714' title='bbox 2202 1788 2323 1836; x_wconf 91' lang='grc' dir='ltr'>σαν,</span> <span class='ocrx_word' id='word_1_715' title='bbox 2351 1777 2477 1837; x_wconf 79' lang='grc' dir='ltr'>τοὺς</span> <span class='ocrx_word' id='word_1_716' title='bbox 2501 1774 2612 1829; x_wconf 84' lang='grc' dir='ltr'>τῶν</span> <span class='ocrx_word' id='word_1_717' title='bbox 2638 1775 2888 1846; x_wconf 84' lang='grc' dir='ltr'>αἱμάτων</span> <span class='ocrx_word' id='word_1_718' title='bbox 2918 1777 3275 1849; x_wconf 79' lang='grc' dir='ltr'>χειμάρρους,</span> <span class='ocrx_word' id='word_1_719' title='bbox 3304 1779 3412 1831; x_wconf 89' lang='grc' dir='ltr'>τῶν</span> <span class='ocrx_word' id='word_1_720' title='bbox 3438 1780 3747 1834; x_wconf 86' lang='grc' dir='ltr'>πιπτόντων</span> <span class='ocrx_word' id='word_1_721' title='bbox 3779 1781 3885 1846; x_wconf 59' lang='grc' dir='ltr'>τὰς</span> 
     </span>
    </p>
   </div>
   <div class='ocr_carea' id='block_1_91' title="bbox 2199 1851 3884 1931">
    <p class='ocr_par' dir='ltr' id='par_1_91' title="bbox 2199 1851 3884 1931">
     <span class='ocr_line' id='line_1_92' title="bbox 2199 1851 3884 1931; baseline 0.006 -27"><span class='ocrx_word' id='word_1_722' title='bbox 2199 1851 2465 1921; x_wconf 81' lang='grc' dir='ltr'>οἰμωγάς,</span> <span class='ocrx_word' id='word_1_723' title='bbox 2497 1853 2607 1906; x_wconf 87' lang='grc' dir='ltr'>τῶν</span> <span class='ocrx_word' id='word_1_724' title='bbox 2639 1855 2891 1910; x_wconf 81' lang='grc' dir='ltr'>ἑστώτων</span> <span class='ocrx_word' id='word_1_725' title='bbox 2951 1858 3080 1919; x_wconf 79' lang='grc' dir='ltr'>τοὺς</span> <span class='ocrx_word' id='word_1_726' title='bbox 3114 1857 3487 1927; x_wconf 81' lang='grc' dir='ltr'>ἀλαλαγμοὺς,</span> <span class='ocrx_word' id='word_1_727' title='bbox 3535 1858 3647 1912; x_wconf 87' lang='grc' dir='ltr'>τῶν</span> <span class='ocrx_word' id='word_1_728' title='bbox 3690 1864 3884 1931; x_wconf 80' lang='grc' dir='ltr'>κειμέ-</span> 
     </span>
    </p>
   </div>
   <div class='ocr_carea' id='block_1_92' title="bbox 2199 1934 3881 2009">
    <p class='ocr_par' dir='ltr' id='par_1_92' title="bbox 2199 1934 3881 2009">
     <span class='ocr_line' id='line_1_93' title="bbox 2199 1934 3881 2009; baseline 0.006 -26"><span class='ocrx_word' id='word_1_729' title='bbox 2199 1947 2305 1983; x_wconf 89' lang='grc' dir='ltr'>νων</span> <span class='ocrx_word' id='word_1_730' title='bbox 2345 1935 2470 1997; x_wconf 87' lang='grc' dir='ltr'>τοὺς</span> <span class='ocrx_word' id='word_1_731' title='bbox 2525 1934 2769 2005; x_wconf 82' lang='grc' dir='ltr'>σωροὺς,</span> <span class='ocrx_word' id='word_1_732' title='bbox 2830 1936 3057 2007; x_wconf 78' lang='grc' dir='ltr'>τροχοὺς</span> <span class='ocrx_word' id='word_1_733' title='bbox 3113 1939 3138 1976; x_wconf 69' lang='grc' dir='ltr'><strong>ε</strong></span> <span class='ocrx_word' id='word_1_734' title='bbox 3183 1937 3374 2007; x_wconf 76' lang='grc' dir='ltr'>αἵματι</span> <span class='ocrx_word' id='word_1_735' title='bbox 3426 1937 3881 2009; x_wconf 81' lang='grc' dir='ltr'>βαπτιζομένους,</span> 
     </span>
    </p>
   </div>
   <div class='ocr_carea' id='block_1_93' title="bbox 2199 2012 3882 2088">
    <p class='ocr_par' dir='ltr' id='par_1_93' title="bbox 2199 2012 3882 2088">
     <span class='ocr_line' id='line_1_94' title="bbox 2199 2012 3882 2088; baseline 0.005 -23"><span class='ocrx_word' id='word_1_736' title='bbox 2199 2012 2399 2076; x_wconf 84' lang='grc' dir='ltr'>ἵππους</span> <span class='ocrx_word' id='word_1_737' title='bbox 2430 2015 2613 2080; x_wconf 89' lang='grc' dir='ltr'>αὑτοῖς</span> <span class='ocrx_word' id='word_1_738' title='bbox 2660 2016 2959 2079; x_wconf 89' lang='grc' dir='ltr'>ἀναϐάταις</span> <span class='ocrx_word' id='word_1_739' title='bbox 3003 2019 3231 2088; x_wconf 87' lang='grc' dir='ltr'>πρηνεῖς</span> <span class='ocrx_word' id='word_1_740' title='bbox 3261 2018 3596 2088; x_wconf 84' lang='grc' dir='ltr'>φερομένους</span> <span class='ocrx_word' id='word_1_741' title='bbox 3627 2019 3737 2072; x_wconf 79' lang='grc' dir='ltr'>ἀπὸ</span> <span class='ocrx_word' id='word_1_742' title='bbox 3779 2019 3882 2073; x_wconf 84' lang='grc' dir='ltr'>τοῦ</span> 
     </span>
    </p>
   </div>
   <div class='ocr_carea' id='block_1_94' title="bbox 2200 2092 3884 2169">
    <p class='ocr_par' dir='ltr' id='par_1_94' title="bbox 2200 2092 3884 2169">
     <span class='ocr_line' id='line_1_95' title="bbox 2200 2092 3884 2169; baseline 0.005 -25"><span class='ocrx_word' id='word_1_743' title='bbox 2200 2092 2436 2163; x_wconf 81' lang='grc' dir='ltr'>πλήθους</span> <span class='ocrx_word' id='word_1_744' title='bbox 2461 2093 2569 2169; x_wconf 85' lang='grc' dir='ltr'>τῶν</span> <span class='ocrx_word' id='word_1_745' title='bbox 2596 2096 2865 2167; x_wconf 88' lang='grc' dir='ltr'>κειμένων</span> <span class='ocrx_word' id='word_1_746' title='bbox 2887 2096 3119 2167; x_wconf 89' lang='grc' dir='ltr'>νεκρῶν,</span> <span class='ocrx_word' id='word_1_747' title='bbox 3160 2097 3259 2166; x_wconf 82' lang='grc' dir='ltr'>τὴν</span> <span class='ocrx_word' id='word_1_748' title='bbox 3291 2097 3398 2167; x_wconf 86' lang='grc' dir='ltr'>γῆν</span> <span class='ocrx_word' id='word_1_749' title='bbox 3426 2097 3637 2169; x_wconf 86' lang='grc' dir='ltr'>φύρδην</span> <span class='ocrx_word' id='word_1_750' title='bbox 3661 2099 3884 2153; x_wconf 74' lang='grc' dir='ltr'>ἅπαντα.</span> 
     </span>
    </p>
   </div>
   <div class='ocr_carea' id='block_1_95' title="bbox 2199 2168 3885 2246">
    <p class='ocr_par' dir='ltr' id='par_1_95' title="bbox 2199 2168 3885 2246">
     <span class='ocr_line' id='line_1_96' title="bbox 2199 2168 3885 2246; baseline 0.004 -23"><span class='ocrx_word' id='word_1_751' title='bbox 2199 2172 2449 2241; x_wconf 81' lang='grc' dir='ltr'>ἔχουσαν,</span> <span class='ocrx_word' id='word_1_752' title='bbox 2485 2168 2624 2244; x_wconf 73' lang='grc' dir='ltr'>αἷμα</span> <span class='ocrx_word' id='word_1_753' title='bbox 2660 2176 2754 2228; x_wconf 74' lang='grc' dir='ltr'>καὶ</span> <span class='ocrx_word' id='word_1_754' title='bbox 2783 2173 2915 2239; x_wconf 90' lang='grc' dir='ltr'>τόξα</span> <span class='ocrx_word' id='word_1_755' title='bbox 2943 2176 3038 2228; x_wconf 75' lang='grc' dir='ltr'>καὶ</span> <span class='ocrx_word' id='word_1_756' title='bbox 3067 2174 3217 2246; x_wconf 85' lang='grc' dir='ltr'>βέλη,</span> <span class='ocrx_word' id='word_1_757' title='bbox 3252 2176 3435 2229; x_wconf 80' lang='grc' dir='ltr'>ἵππων</span> <span class='ocrx_word' id='word_1_758' title='bbox 3468 2168 3641 2240; x_wconf 84' lang='grc' dir='ltr'>ὁπλάς</span> <span class='ocrx_word' id='word_1_759' title='bbox 3672 2179 3764 2231; x_wconf 83' lang='grc' dir='ltr'>καὶ</span> <span class='ocrx_word' id='word_1_760' title='bbox 3785 2179 3885 2230; x_wconf 81' lang='grc' dir='ltr'>άν-</span> 
     </span>
    </p>
   </div>
   <div class='ocr_carea' id='block_1_96' title="bbox 2200 2252 3883 2327">
    <p class='ocr_par' dir='ltr' id='par_1_96' title="bbox 2200 2252 3883 2327">
     <span class='ocr_line' id='line_1_97' title="bbox 2200 2252 3883 2327; baseline 0.004 -22"><span class='ocrx_word' id='word_1_761' title='bbox 2200 2252 2433 2323; x_wconf 89' lang='grc' dir='ltr'>θρώπων</span> <span class='ocrx_word' id='word_1_762' title='bbox 2474 2254 2715 2322; x_wconf 80' lang='grc' dir='ltr'>κεφαλὰς</span> <span class='ocrx_word' id='word_1_763' title='bbox 2758 2255 2894 2324; x_wconf 85' lang='grc' dir='ltr'>ὁμοῦ</span> <span class='ocrx_word' id='word_1_764' title='bbox 2943 2257 3237 2326; x_wconf 86' lang='grc' dir='ltr'>κειμένας,</span> <span class='ocrx_word' id='word_1_765' title='bbox 3284 2256 3381 2310; x_wconf 77' lang='grc' dir='ltr'>καὶ</span> <span class='ocrx_word' id='word_1_766' title='bbox 3429 2255 3720 2327; x_wconf 84' lang='grc' dir='ltr'>βραχίονας</span> <span class='ocrx_word' id='word_1_767' title='bbox 3780 2259 3883 2312; x_wconf 74' lang='grc' dir='ltr'>καὶ</span> 
     </span>
    </p>
   </div>
   <div class='ocr_carea' id='block_1_97' title="bbox 2199 2334 3881 2412">
    <p class='ocr_par' dir='ltr' id='par_1_97' title="bbox 2199 2334 3881 2412">
     <span class='ocr_line' id='line_1_98' title="bbox 2199 2334 3881 2412; baseline 0.003 -26"><span class='ocrx_word' id='word_1_768' title='bbox 2199 2334 2468 2405; x_wconf 87' lang='grc' dir='ltr'>τράχηλον</span> <span class='ocrx_word' id='word_1_769' title='bbox 2506 2335 2556 2401; x_wconf 84' lang='grc' dir='ltr'>ιι,</span> <span class='ocrx_word' id='word_1_770' title='bbox 2598 2337 2690 2387; x_wconf 80' lang='grc' dir='ltr'>καὶ</span> <span class='ocrx_word' id='word_1_771' title='bbox 2724 2334 2980 2406; x_wconf 84' lang='grc' dir='ltr'>κνημῖδα,</span> <span class='ocrx_word' id='word_1_772' title='bbox 3039 2337 3134 2389; x_wconf 70' lang='grc' dir='ltr'>καὶ</span> <span class='ocrx_word' id='word_1_773' title='bbox 3171 2336 3365 2407; x_wconf 83' lang='grc' dir='ltr'>στῆθος</span> <span class='ocrx_word' id='word_1_774' title='bbox 3409 2335 3686 2401; x_wconf 81' lang='grc' dir='ltr'>διακοπὲν,</span> <span class='ocrx_word' id='word_1_775' title='bbox 3719 2336 3881 2412; x_wconf 63' lang='grc'>[454]</span> 
     </span>
    </p>
   </div>
   <div class='ocr_carea' id='block_1_98' title="bbox 2199 2413 3883 2487">
    <p class='ocr_par' dir='ltr' id='par_1_98' title="bbox 2199 2413 3883 2487">
     <span class='ocr_line' id='line_1_99' title="bbox 2199 2413 3883 2487; baseline 0.004 -21"><span class='ocrx_word' id='word_1_776' title='bbox 2199 2413 2532 2481; x_wconf 77' lang='grc' dir='ltr'>ἐγκεφάλους</span> <span class='ocrx_word' id='word_1_777' title='bbox 2596 2413 2772 2482; x_wconf 81' lang='grc' dir='ltr'>ξίφεσι</span> <span class='ocrx_word' id='word_1_778' title='bbox 2825 2415 3415 2485; x_wconf 85' lang='grc' dir='ltr'>προσπεπλασμένους,</span> <span class='ocrx_word' id='word_1_779' title='bbox 3470 2418 3632 2471; x_wconf 85' lang='grc' dir='ltr'>ἀκίδα</span> <span class='ocrx_word' id='word_1_780' title='bbox 3688 2418 3883 2487; x_wconf 82' lang='grc' dir='ltr'>βέλους</span> 
     </span>
    </p>
   </div>
   <div class='ocr_carea' id='block_1_99' title="bbox 2198 2493 3883 2568">
    <p class='ocr_par' dir='ltr' id='par_1_99' title="bbox 2198 2493 3883 2568">
     <span class='ocr_line' id='line_1_100' title="bbox 2198 2493 3883 2568; baseline 0.002 -22"><span class='ocrx_word' id='word_1_781' title='bbox 2198 2493 2663 2563; x_wconf 86' lang='grc' dir='ltr'>ἐκκεκλασμένην,</span> <span class='ocrx_word' id='word_1_782' title='bbox 2694 2494 2788 2546; x_wconf 66' lang='grc' dir='ltr'>καὶ</span> <span class='ocrx_word' id='word_1_783' title='bbox 2826 2493 3104 2565; x_wconf 86' lang='grc' dir='ltr'>ὀφθαλμὸν</span> <span class='ocrx_word' id='word_1_784' title='bbox 3148 2494 3380 2565; x_wconf 76' lang='grc' dir='ltr'>ἔχουσαν</span> <span class='ocrx_word' id='word_1_785' title='bbox 3422 2498 3883 2568; x_wconf 83' lang='grc' dir='ltr'>ἐμπεπερονημέ-</span> 
     </span>
    </p>
   </div>
   <div class='ocr_carea' id='block_1_100' title="bbox 2198 2572 3882 2647">
    <p class='ocr_par' dir='ltr' id='par_1_100' title="bbox 2198 2572 3882 2647">
     <span class='ocr_line' id='line_1_101' title="bbox 2198 2572 3882 2647; baseline 0.001 -19"><span class='ocrx_word' id='word_1_786' title='bbox 2198 2589 2318 2629; x_wconf 92' lang='grc' dir='ltr'>νον·</span> <span class='ocrx_word' id='word_1_787' title='bbox 2350 2572 2699 2640; x_wconf 87' lang='grc' dir='ltr'>καταλεγέτω</span> <span class='ocrx_word' id='word_1_788' title='bbox 2728 2574 2821 2626; x_wconf 74' lang='grc' dir='ltr'>καὶ</span> <span class='ocrx_word' id='word_1_789' title='bbox 2849 2574 2919 2626; x_wconf 80' lang='grc' dir='ltr'>τά</span> <span class='ocrx_word' id='word_1_790' title='bbox 2949 2572 3044 2626; x_wconf 82' lang='grc' dir='ltr'>τοῦ</span> <span class='ocrx_word' id='word_1_791' title='bbox 3094 2574 3352 2627; x_wconf 84' lang='grc' dir='ltr'>ναυτικοῦ</span> <span class='ocrx_word' id='word_1_792' title='bbox 3403 2574 3574 2647; x_wconf 89' lang='grc' dir='ltr'>πάθη,</span> <span class='ocrx_word' id='word_1_793' title='bbox 3626 2578 3882 2647; x_wconf 81' lang='grc' dir='ltr'>τριήρεις</span> 
     </span>
    </p>
   </div>
   <div class='ocr_carea' id='block_1_101' title="bbox 2196 2653 3876 2724">
    <p class='ocr_par' dir='ltr' id='par_1_101' title="bbox 2196 2653 3876 2724">
     <span class='ocr_line' id='line_1_102' title="bbox 2196 2653 3876 2724; baseline 0.001 -17"><span class='ocrx_word' id='word_1_794' title='bbox 2196 2655 2297 2717; x_wconf 85' lang='grc' dir='ltr'>τὰς</span> <span class='ocrx_word' id='word_1_795' title='bbox 2328 2654 2428 2724; x_wconf 78' lang='grc' dir='ltr'>μὲν</span> <span class='ocrx_word' id='word_1_796' title='bbox 2457 2655 2514 2706; x_wconf 86' lang='grc' dir='ltr'>ἐν</span> <span class='ocrx_word' id='word_1_797' title='bbox 2561 2653 2746 2723; x_wconf 85' lang='grc' dir='ltr'>μέσοις</span> <span class='ocrx_word' id='word_1_798' title='bbox 2784 2654 3167 2723; x_wconf 83' lang='grc' dir='ltr'>ἀναπτομένας</span> <span class='ocrx_word' id='word_1_799' title='bbox 3190 2657 3303 2718; x_wconf 91' lang='grc' dir='ltr'>τοῖς</span> <span class='ocrx_word' id='word_1_800' title='bbox 3345 2654 3524 2718; x_wconf 81' lang='grc' dir='ltr'>ὕδασι,</span> <span class='ocrx_word' id='word_1_801' title='bbox 3555 2654 3656 2719; x_wconf 83' lang='grc' dir='ltr'>τὰς</span> <span class='ocrx_word' id='word_1_802' title='bbox 3688 2656 3747 2709; x_wconf 80' lang='grc' dir='ltr'>δὲ</span> <span class='ocrx_word' id='word_1_803' title='bbox 3776 2657 3876 2709; x_wconf 82' lang='grc' dir='ltr'>αὑ-</span> 
     </span>
    </p>
   </div>
   <div class='ocr_carea' id='block_1_102' title="bbox 2195 2732 3881 2807">
    <p class='ocr_par' dir='ltr' id='par_1_102' title="bbox 2195 2732 3881 2807">
     <span class='ocr_line' id='line_1_103' title="bbox 2195 2732 3881 2807; baseline 0 -19"><span class='ocrx_word' id='word_1_804' title='bbox 2195 2739 2307 2799; x_wconf 88' lang='grc' dir='ltr'>τοῖς</span> <span class='ocrx_word' id='word_1_805' title='bbox 2337 2735 2583 2795; x_wconf 89' lang='grc' dir='ltr'>ὁπλίταις</span> <span class='ocrx_word' id='word_1_806' title='bbox 2625 2733 3057 2802; x_wconf 83' lang='grc' dir='ltr'>καταδυομένας,</span> <span class='ocrx_word' id='word_1_807' title='bbox 3097 2737 3191 2788; x_wconf 79' lang='grc' dir='ltr'>τὸν</span> <span class='ocrx_word' id='word_1_808' title='bbox 3223 2735 3334 2788; x_wconf 88' lang='grc' dir='ltr'>τῶν</span> <span class='ocrx_word' id='word_1_809' title='bbox 3361 2736 3571 2790; x_wconf 82' lang='grc' dir='ltr'>ὑδάτων</span> <span class='ocrx_word' id='word_1_810' title='bbox 3602 2732 3759 2807; x_wconf 79' lang='grc' dir='ltr'>ἦχον,</span> <span class='ocrx_word' id='word_1_811' title='bbox 3781 2737 3881 2790; x_wconf 78' lang='grc' dir='ltr'>τὸν</span> 
     </span>
    </p>
   </div>
   <div class='ocr_carea' id='block_1_103' title="bbox 2195 2812 3882 2888">
    <p class='ocr_par' dir='ltr' id='par_1_103' title="bbox 2195 2812 3882 2888">
     <span class='ocr_line' id='line_1_104' title="bbox 2195 2812 3882 2888; baseline 0.002 -21"><span class='ocrx_word' id='word_1_812' title='bbox 2195 2815 2306 2868; x_wconf 91' lang='grc' dir='ltr'>τῶν</span> <span class='ocrx_word' id='word_1_813' title='bbox 2344 2812 2556 2867; x_wconf 90' lang='grc' dir='ltr'>ναυτῶν</span> <span class='ocrx_word' id='word_1_814' title='bbox 2590 2812 2840 2884; x_wconf 88' lang='grc' dir='ltr'>θόρυϐον,</span> <span class='ocrx_word' id='word_1_815' title='bbox 2886 2815 2986 2885; x_wconf 85' lang='grc' dir='ltr'>τὴν</span> <span class='ocrx_word' id='word_1_816' title='bbox 3027 2813 3138 2867; x_wconf 90' lang='grc' dir='ltr'>τῶν</span> <span class='ocrx_word' id='word_1_817' title='bbox 3194 2815 3542 2884; x_wconf 89' lang='grc' dir='ltr'>στρατιωτῶν</span> <span class='ocrx_word' id='word_1_818' title='bbox 3587 2815 3741 2888; x_wconf 78' lang='grc' dir='ltr'>βοὴν,</span> <span class='ocrx_word' id='word_1_819' title='bbox 3784 2818 3882 2871; x_wconf 78' lang='grc' dir='ltr'>τὸν</span> 
     </span>
    </p>
   </div>
   <div class='ocr_carea' id='block_1_104' title="bbox 2195 2891 3880 2966">
    <p class='ocr_par' dir='ltr' id='par_1_104' title="bbox 2195 2891 3880 2966">
     <span class='ocr_line' id='line_1_105' title="bbox 2195 2891 3880 2966; baseline 0.002 -18"><span class='ocrx_word' id='word_1_820' title='bbox 2195 2895 2305 2948; x_wconf 90' lang='grc' dir='ltr'>τῶν</span> <span class='ocrx_word' id='word_1_821' title='bbox 2332 2894 2592 2963; x_wconf 88' lang='grc' dir='ltr'>κυμάτων</span> <span class='ocrx_word' id='word_1_822' title='bbox 2625 2892 2719 2946; x_wconf 80' lang='grc' dir='ltr'>καὶ</span> <span class='ocrx_word' id='word_1_823' title='bbox 2745 2891 2856 2945; x_wconf 89' lang='grc' dir='ltr'>τῶν</span> <span class='ocrx_word' id='word_1_824' title='bbox 2885 2894 3134 2962; x_wconf 85' lang='grc' dir='ltr'>αἱμάτων</span> <span class='ocrx_word' id='word_1_825' title='bbox 3165 2893 3303 2964; x_wconf 89' lang='grc' dir='ltr'>ὁμοῦ</span> <span class='ocrx_word' id='word_1_826' title='bbox 3334 2895 3666 2966; x_wconf 88' lang='grc' dir='ltr'>μιγνύμενον</span> <span class='ocrx_word' id='word_1_827' title='bbox 3693 2897 3880 2966; x_wconf 79' lang='grc' dir='ltr'>ἀφρὸν</span> 
     </span>
    </p>
   </div>
   <div class='ocr_carea' id='block_1_105' title="bbox 2196 2973 3882 3044">
    <p class='ocr_par' dir='ltr' id='par_1_105' title="bbox 2196 2973 3882 3044">
     <span class='ocr_line' id='line_1_106' title="bbox 2196 2973 3882 3044; baseline -0.002 -15"><span class='ocrx_word' id='word_1_828' title='bbox 2196 2977 2291 3030; x_wconf 76' lang='grc' dir='ltr'>καὶ</span> <span class='ocrx_word' id='word_1_829' title='bbox 2338 2974 2476 3044; x_wconf 76' lang='grc' dir='ltr'>ὁμοῦ</span> <span class='ocrx_word' id='word_1_830' title='bbox 2519 2976 2632 3039; x_wconf 90' lang='grc' dir='ltr'>τοῖς</span> <span class='ocrx_word' id='word_1_831' title='bbox 2665 2973 2874 3037; x_wconf 89' lang='grc' dir='ltr'>πλοίοις</span> <span class='ocrx_word' id='word_1_832' title='bbox 2915 2975 3227 3028; x_wconf 77' lang='grc' dir='ltr'>ἐπεισιόντα</span> <span class='ocrx_word' id='word_1_833' title='bbox 3269 2977 3425 3036; x_wconf 78' lang='grc' dir='ltr'>πᾶσι,</span> <span class='ocrx_word' id='word_1_834' title='bbox 3473 2975 3598 3039; x_wconf 79' lang='grc' dir='ltr'>τοὺς</span> <span class='ocrx_word' id='word_1_835' title='bbox 3639 2976 3732 3028; x_wconf 79' lang='grc' dir='ltr'>ἐπὶ</span> <span class='ocrx_word' id='word_1_836' title='bbox 3766 2975 3882 3029; x_wconf 87' lang='grc' dir='ltr'>τῶν</span> 
     </span>
    </p>
   </div>
   <div class='ocr_carea' id='block_1_106' title="bbox 2192 3053 3872 3128">
    <p class='ocr_par' dir='ltr' id='par_1_106' title="bbox 2192 3053 3872 3128">
     <span class='ocr_line' id='line_1_107' title="bbox 2192 3053 3872 3128; baseline -0.002 -17"><span class='ocrx_word' id='word_1_837' title='bbox 2192 3058 2678 3128; x_wconf 78' lang='grc' dir='ltr'>’καταστρωμάτων</span> <span class='ocrx_word' id='word_1_838' title='bbox 2737 3056 2996 3125; x_wconf 80' lang='grc' dir='ltr'>νεκροὺς,</span> <span class='ocrx_word' id='word_1_839' title='bbox 3064 3053 3192 3118; x_wconf 69' lang='grc' dir='ltr'>τοὺς</span> <span class='ocrx_word' id='word_1_840' title='bbox 3257 3054 3872 3124; x_wconf 79' lang='grc' dir='ltr'>καταποντιξομένους,</span> 
     </span>
    </p>
   </div>
   <div class='ocr_carea' id='block_1_107' title="bbox 2194 3134 3881 3206">
    <p class='ocr_par' dir='ltr' id='par_1_107' title="bbox 2194 3134 3881 3206">
     <span class='ocr_line' id='line_1_108' title="bbox 2194 3134 3881 3206; baseline -0.002 -13"><span class='ocrx_word' id='word_1_841' title='bbox 2194 3141 2320 3203; x_wconf 81' lang='grc' dir='ltr'>τοὺς</span> <span class='ocrx_word' id='word_1_842' title='bbox 2349 3138 2727 3203; x_wconf 81' lang='grc' dir='ltr'>ἐπιπλέοντας,</span> <span class='ocrx_word' id='word_1_843' title='bbox 2755 3137 2882 3199; x_wconf 85' lang='grc' dir='ltr'>τοὺς</span> <span class='ocrx_word' id='word_1_844' title='bbox 2914 3136 2992 3198; x_wconf 85' lang='grc' dir='ltr'>είς</span> <span class='ocrx_word' id='word_1_845' title='bbox 3025 3135 3152 3199; x_wconf 78' lang='grc' dir='ltr'>τοὺς</span> <span class='ocrx_word' id='word_1_846' title='bbox 3185 3134 3465 3202; x_wconf 75' lang='grc' dir='ltr'>αἰγιαλοὺς</span> <span class='ocrx_word' id='word_1_847' title='bbox 3495 3136 3881 3206; x_wconf 80' lang='grc' dir='ltr'>ἐκϐρασσομέ-</span> 
     </span>
    </p>
   </div>
   <div class='ocr_carea' id='block_1_108' title="bbox 2194 3214 3879 3287">
    <p class='ocr_par' dir='ltr' id='par_1_108' title="bbox 2194 3214 3879 3287">
     <span class='ocr_line' id='line_1_109' title="bbox 2194 3214 3879 3287; baseline -0.002 -15"><span class='ocrx_word' id='word_1_848' title='bbox 2194 3237 2337 3282; x_wconf 89' lang='grc' dir='ltr'>νους,</span> <span class='ocrx_word' id='word_1_849' title='bbox 2364 3219 2491 3282; x_wconf 74' lang='grc' dir='ltr'>τοὺς</span> <span class='ocrx_word' id='word_1_850' title='bbox 2526 3218 2672 3271; x_wconf 76' lang='grc' dir='ltr'>ἔνδον</span> <span class='ocrx_word' id='word_1_851' title='bbox 2702 3220 2814 3281; x_wconf 85' lang='grc' dir='ltr'>τοῖς</span> <span class='ocrx_word' id='word_1_852' title='bbox 2842 3214 3050 3286; x_wconf 89' lang='grc' dir='ltr'>κύμασι</span> <span class='ocrx_word' id='word_1_853' title='bbox 3084 3215 3600 3287; x_wconf 76' lang='grc' dir='ltr'>περικλυζομένους,</span> <span class='ocrx_word' id='word_1_854' title='bbox 3631 3217 3726 3270; x_wconf 70' lang='grc' dir='ltr'>καὶ</span> <span class='ocrx_word' id='word_1_855' title='bbox 3750 3220 3879 3281; x_wconf 85' lang='grc' dir='ltr'>ταῖς</span> 
     </span>
    </p>
   </div>
   <div class='ocr_carea' id='block_1_109' title="bbox 2193 3295 3880 3370">
    <p class='ocr_par' dir='ltr' id='par_1_109' title="bbox 2193 3295 3880 3370">
     <span class='ocr_line' id='line_1_110' title="bbox 2193 3295 3880 3370; baseline -0.002 -18"><span class='ocrx_word' id='word_1_856' title='bbox 2193 3299 2382 3352; x_wconf 75' lang='grc' dir='ltr'>ναυσὶν</span> <span class='ocrx_word' id='word_1_857' title='bbox 2427 3297 2872 3370; x_wconf 86' lang='grc' dir='ltr'>ἀποφράττοντας</span> <span class='ocrx_word' id='word_1_858' title='bbox 2904 3297 3004 3366; x_wconf 81' lang='grc' dir='ltr'>τὴν</span> <span class='ocrx_word' id='word_1_859' title='bbox 3052 3296 3169 3349; x_wconf 83' lang='grc' dir='ltr'>ὁδόν</span> <span class='ocrx_word' id='word_1_860' title='bbox 3189 3313 3202 3326; x_wconf 90' lang='grc'>·</span> <span class='ocrx_word' id='word_1_861' title='bbox 3259 3297 3356 3349; x_wconf 77' lang='grc' dir='ltr'>καὶ</span> <span class='ocrx_word' id='word_1_862' title='bbox 3403 3295 3583 3359; x_wconf 88' lang='grc' dir='ltr'>πάσας</span> <span class='ocrx_word' id='word_1_863' title='bbox 3628 3298 3880 3367; x_wconf 83' lang='grc' dir='ltr'>ἀκριϐῶς</span> 
     </span>
    </p>
   </div>
   <div class='ocr_carea' id='block_1_110' title="bbox 2191 3374 3878 3447">
    <p class='ocr_par' dir='ltr' id='par_1_110' title="bbox 2191 3374 3878 3447">
     <span class='ocr_line' id='line_1_111' title="bbox 2191 3374 3878 3447; baseline -0.001 -15"><span class='ocrx_word' id='word_1_864' title='bbox 2191 3378 2404 3445; x_wconf 79' lang='grc' dir='ltr'>διδάξας</span> <span class='ocrx_word' id='word_1_865' title='bbox 2442 3377 2539 3441; x_wconf 79' lang='grc' dir='ltr'>τὰς</span> <span class='ocrx_word' id='word_1_866' title='bbox 2570 3377 2664 3431; x_wconf 89' lang='grc' dir='ltr'>τοῦ</span> <span class='ocrx_word' id='word_1_867' title='bbox 2699 3376 2938 3447; x_wconf 85' lang='grc' dir='ltr'>πολέμου</span> <span class='ocrx_word' id='word_1_868' title='bbox 2962 3374 3291 3446; x_wconf 83' lang='grc' dir='ltr'>τραγῳδίας,</span> <span class='ocrx_word' id='word_1_869' title='bbox 3329 3375 3666 3445; x_wconf 88' lang='grc' dir='ltr'>προστιθέτω</span> <span class='ocrx_word' id='word_1_870' title='bbox 3690 3377 3785 3429; x_wconf 79' lang='grc' dir='ltr'>καὶ</span> <span class='ocrx_word' id='word_1_871' title='bbox 3804 3377 3878 3430; x_wconf 82' lang='grc' dir='ltr'>τά</span> 
     </span>
    </p>
   </div>
   <div class='ocr_carea' id='block_1_111' title="bbox 2190 3452 3877 3529">
    <p class='ocr_par' dir='ltr' id='par_1_111' title="bbox 2190 3452 3877 3529">
     <span class='ocr_line' id='line_1_112' title="bbox 2190 3452 3877 3529; baseline -0.003 -16"><span class='ocrx_word' id='word_1_872' title='bbox 2190 3459 2294 3529; x_wconf 89' lang='grc' dir='ltr'>τῆς</span> <span class='ocrx_word' id='word_1_873' title='bbox 2334 3457 2713 3529; x_wconf 76' lang='grc' dir='ltr'>αἰχμαλωσίας</span> <span class='ocrx_word' id='word_1_874' title='bbox 2751 3455 2922 3519; x_wconf 84' lang='grc' dir='ltr'>δεινὰ,</span> <span class='ocrx_word' id='word_1_875' title='bbox 2957 3456 3051 3509; x_wconf 72' lang='grc' dir='ltr'>καὶ</span> <span class='ocrx_word' id='word_1_876' title='bbox 3086 3453 3185 3525; x_wconf 82' lang='grc' dir='ltr'>τὴν</span> <span class='ocrx_word' id='word_1_877' title='bbox 3224 3452 3425 3517; x_wconf 85' lang='grc' dir='ltr'>παντὸς</span> <span class='ocrx_word' id='word_1_878' title='bbox 3452 3453 3683 3508; x_wconf 89' lang='grc' dir='ltr'>θανάτου</span> <span class='ocrx_word' id='word_1_879' title='bbox 3717 3455 3877 3525; x_wconf 82' lang='grc' dir='ltr'>χαλε-</span> 
     </span>
    </p>
   </div>
   <div class='ocr_carea' id='block_1_112' title="bbox 2192 3533 3878 3608">
    <p class='ocr_par' dir='ltr' id='par_1_112' title="bbox 2192 3533 3878 3608">
     <span class='ocr_line' id='line_1_113' title="bbox 2192 3533 3878 3608; baseline -0.001 -17"><span class='ocrx_word' id='word_1_880' title='bbox 2192 3539 2443 3608; x_wconf 89' lang='grc' dir='ltr'>πωτέραν</span> <span class='ocrx_word' id='word_1_881' title='bbox 2463 3536 2708 3590; x_wconf 83' lang='grc' dir='ltr'>δουλείαν</span> <span class='ocrx_word' id='word_1_882' title='bbox 2727 3552 2741 3566; x_wconf 90' lang='grc'>·</span> <span class='ocrx_word' id='word_1_883' title='bbox 2786 3536 2881 3589; x_wconf 78' lang='grc' dir='ltr'>καὶ</span> <span class='ocrx_word' id='word_1_884' title='bbox 2923 3534 3098 3589; x_wconf 88' lang='grc' dir='ltr'>ταῦτα</span> <span class='ocrx_word' id='word_1_885' title='bbox 3132 3533 3324 3595; x_wconf 88' lang='grc' dir='ltr'>εἰπὼν,</span> <span class='ocrx_word' id='word_1_886' title='bbox 3363 3533 3631 3587; x_wconf 86' lang='grc' dir='ltr'>κελευέτω</span> <span class='ocrx_word' id='word_1_887' title='bbox 3663 3535 3755 3587; x_wconf 79' lang='grc' dir='ltr'>τὸν</span> <span class='ocrx_word' id='word_1_888' title='bbox 3782 3537 3878 3589; x_wconf 81' lang='grc' dir='ltr'>ἵπ-</span> 
     </span>
    </p>
   </div>
   <div class='ocr_carea' id='block_1_113' title="bbox 2191 3613 3877 3684">
    <p class='ocr_par' dir='ltr' id='par_1_113' title="bbox 2191 3613 3877 3684">
     <span class='ocr_line' id='line_1_114' title="bbox 2191 3613 3877 3684; baseline 0.001 -15"><span class='ocrx_word' id='word_1_889' title='bbox 2191 3635 2293 3670; x_wconf 87' lang='grc' dir='ltr'>πον</span> <span class='ocrx_word' id='word_1_890' title='bbox 2332 3618 2645 3671; x_wconf 83' lang='grc' dir='ltr'>ἀναϐαίνειν</span> <span class='ocrx_word' id='word_1_891' title='bbox 2693 3615 2914 3680; x_wconf 84' lang='grc' dir='ltr'>εὐθέως,</span> <span class='ocrx_word' id='word_1_892' title='bbox 2968 3615 3061 3668; x_wconf 64' lang='grc' dir='ltr'>καὶ⁵</span> <span class='ocrx_word' id='word_1_893' title='bbox 3104 3614 3197 3668; x_wconf 88' lang='grc' dir='ltr'>τοῦ</span> <span class='ocrx_word' id='word_1_894' title='bbox 3247 3613 3614 3684; x_wconf 86' lang='grc' dir='ltr'>στρατοπέδου</span> <span class='ocrx_word' id='word_1_895' title='bbox 3665 3618 3877 3682; x_wconf 74' lang='grc' dir='ltr'>παντὸς</span> 
     </span>
    </p>
   </div>
   <div class='ocr_carea' id='block_1_114' title="bbox 2189 3692 3878 3767">
    <p class='ocr_par' dir='ltr' id='par_1_114' title="bbox 2189 3692 3878 3767">
     <span class='ocr_line' id='line_1_115' title="bbox 2189 3692 3878 3767; baseline -0.001 -16"><span class='ocrx_word' id='word_1_896' title='bbox 2189 3699 2398 3751; x_wconf 83' lang='grc' dir='ltr'>ἐκείνου</span> <span class='ocrx_word' id='word_1_897' title='bbox 2447 3698 2792 3767; x_wconf 84' lang='grc' dir='ltr'>στρατηγεῖν.</span> <span class='ocrx_word' id='word_1_898' title='bbox 2842 3692 2990 3766; x_wconf 72' lang='grc' dir='ltr'>Ἆρα</span> <span class='ocrx_word' id='word_1_899' title='bbox 3029 3696 3128 3749; x_wconf 81' lang='grc' dir='ltr'>οἴει</span> <span class='ocrx_word' id='word_1_900' title='bbox 3159 3695 3298 3766; x_wconf 82' lang='grc' dir='ltr'>πρὸς</span> <span class='ocrx_word' id='word_1_901' title='bbox 3337 3694 3436 3765; x_wconf 81' lang='grc' dir='ltr'>τήν</span> <span class='ocrx_word' id='word_1_902' title='bbox 3487 3695 3741 3765; x_wconf 87' lang='grc' dir='ltr'>διήγησιν</span> <span class='ocrx_word' id='word_1_903' title='bbox 3773 3699 3878 3767; x_wconf 76' lang='grc' dir='ltr'>μό-</span> 
     </span>
    </p>
   </div>
   <div class='ocr_carea' id='block_1_115' title="bbox 2188 3775 3879 3849">
    <p class='ocr_par' dir='ltr' id='par_1_115' title="bbox 2188 3775 3879 3849">
     <span class='ocr_line' id='line_1_116' title="bbox 2188 3775 3879 3849; baseline 0.003 -20"><span class='ocrx_word' id='word_1_904' title='bbox 2188 3780 2332 3847; x_wconf 88' lang='grc' dir='ltr'>νηνὶ</span> <span class='ocrx_word' id='word_1_905' title='bbox 2369 3777 2623 3849; x_wconf 89' lang='grc' dir='ltr'>ἀρκέσειν</span> <span class='ocrx_word' id='word_1_906' title='bbox 2669 3776 2760 3829; x_wconf 79' lang='grc' dir='ltr'>τὸν</span> <span class='ocrx_word' id='word_1_907' title='bbox 2800 3776 3153 3847; x_wconf 88' lang='grc' dir='ltr'>μειρακίσκον</span> <span class='ocrx_word' id='word_1_908' title='bbox 3193 3776 3420 3837; x_wconf 83' lang='grc' dir='ltr'>ἐκεῖνον,</span> <span class='ocrx_word' id='word_1_909' title='bbox 3472 3775 3586 3830; x_wconf 84' lang='grc' dir='ltr'>ἀλλ’</span> <span class='ocrx_word' id='word_1_910' title='bbox 3623 3776 3725 3830; x_wconf 86' lang='grc' dir='ltr'>οὐκ</span> <span class='ocrx_word' id='word_1_911' title='bbox 3763 3778 3879 3834; x_wconf 78' lang='grc' dir='ltr'>ἀπὸ</span> 
     </span>
    </p>
   </div>
   <div class='ocr_carea' id='block_1_116' title="bbox 2190 3853 3469 3927">
    <p class='ocr_par' dir='ltr' id='par_1_116' title="bbox 2190 3853 3469 3927">
     <span class='ocr_line' id='line_1_117' title="bbox 2190 3853 3469 3927; baseline -0.002 -18"><span class='ocrx_word' id='word_1_912' title='bbox 2190 3856 2414 3927; x_wconf 81' lang='grc' dir='ltr'>πρώτης</span> <span class='ocrx_word' id='word_1_913' title='bbox 2436 3856 2612 3926; x_wconf 74' lang='grc' dir='ltr'>ὄψεως</span> <span class='ocrx_word' id='word_1_914' title='bbox 2636 3854 2838 3918; x_wconf 80' lang='grc' dir='ltr'>εὐθέως</span> <span class='ocrx_word' id='word_1_915' title='bbox 2873 3856 3104 3926; x_wconf 86' lang='grc' dir='ltr'>ἀφήσειν</span> <span class='ocrx_word' id='word_1_916' title='bbox 3135 3853 3234 3924; x_wconf 81' lang='grc' dir='ltr'>τὴν</span> <span class='ocrx_word' id='word_1_917' title='bbox 3257 3853 3469 3925; x_wconf 73' lang='grc' dir='ltr'>ψυχήνς</span> 
     </span>
    </p>
   </div>
   <div class='ocr_carea' id='block_1_117' title="bbox 2264 3934 3874 4009">
    <p class='ocr_par' dir='ltr' id='par_1_117' title="bbox 2264 3934 3874 4009">
     <span class='ocr_line' id='line_1_118' title="bbox 2264 3934 3874 4009; baseline 0.002 -22"><span class='ocrx_word' id='word_1_918' title='bbox 2264 3943 2349 4006; x_wconf 88' lang='grc' dir='ltr'>ιγ’.</span> <span class='ocrx_word' id='word_1_919' title='bbox 2367 3936 2478 3990; x_wconf 73' lang='grc' dir='ltr'>Καὶ</span> <span class='ocrx_word' id='word_1_920' title='bbox 2498 3938 2658 4008; x_wconf 89' lang='grc' dir='ltr'>μήτοι</span> <span class='ocrx_word' id='word_1_921' title='bbox 2680 3953 2747 4006; x_wconf 87' lang='grc' dir='ltr'>με</span> <span class='ocrx_word' id='word_1_922' title='bbox 2766 3934 2994 4004; x_wconf 81' lang='grc' dir='ltr'>νομίσῃς</span> <span class='ocrx_word' id='word_1_923' title='bbox 3013 3935 3261 4003; x_wconf 79' lang='grc' dir='ltr'>ἐπαίρειν</span> <span class='ocrx_word' id='word_1_924' title='bbox 3274 3935 3335 3988; x_wconf 77' lang='grc' dir='ltr'>τὸ</span> <span class='ocrx_word' id='word_1_925' title='bbox 3356 3937 3587 4006; x_wconf 80' lang='grc' dir='ltr'>πρᾶγμα</span> <span class='ocrx_word' id='word_1_926' title='bbox 3604 3935 3683 4006; x_wconf 84' lang='grc' dir='ltr'>τῷ</span> <span class='ocrx_word' id='word_1_927' title='bbox 3696 3935 3874 4009; x_wconf 80' lang='grc' dir='ltr'>λόγῳ·</span> 
     </span>
    </p>
   </div>
   <div class='ocr_carea' id='block_1_118' title="bbox 2191 4013 3873 4089">
    <p class='ocr_par' dir='ltr' id='par_1_118' title="bbox 2191 4013 3873 4089">
     <span class='ocr_line' id='line_1_119' title="bbox 2191 4013 3873 4089; baseline 0 -20"><span class='ocrx_word' id='word_1_928' title='bbox 2191 4017 2313 4087; x_wconf 81' lang='grc' dir='ltr'>μηδ’</span> <span class='ocrx_word' id='word_1_929' title='bbox 2360 4017 2442 4069; x_wconf 81' lang='grc' dir='ltr'>ὅτι</span> <span class='ocrx_word' id='word_1_930' title='bbox 2493 4016 2571 4086; x_wconf 85' lang='grc' dir='ltr'>τῷ</span> <span class='ocrx_word' id='word_1_931' title='bbox 2607 4015 2820 4086; x_wconf 86' lang='grc' dir='ltr'>σώματι</span> <span class='ocrx_word' id='word_1_932' title='bbox 2851 4014 3026 4085; x_wconf 84' lang='grc' dir='ltr'>τούτῳ</span> <span class='ocrx_word' id='word_1_933' title='bbox 3078 4013 3331 4085; x_wconf 87' lang='grc' dir='ltr'>καθάπερ</span> <span class='ocrx_word' id='word_1_934' title='bbox 3368 4015 3475 4069; x_wconf 78' lang='grc' dir='ltr'>τινὶ</span> <span class='ocrx_word' id='word_1_935' title='bbox 3504 4016 3873 4089; x_wconf 81' lang='grc' dir='ltr'>δεσμωτηρίῳ</span> 
     </span>
    </p>
   </div>
   <div class='ocr_carea' id='block_1_119' title="bbox 2186 4094 3868 4165">
    <p class='ocr_par' dir='ltr' id='par_1_119' title="bbox 2186 4094 3868 4165">
     <span class='ocr_line' id='line_1_120' title="bbox 2186 4094 3868 4165; baseline 0.001 -17"><span class='ocrx_word' id='word_1_936' title='bbox 2186 4096 2672 4158; x_wconf 86' lang='grc' dir='ltr'>κατακλεισθέντες</span> <span class='ocrx_word' id='word_1_937' title='bbox 2721 4096 2832 4148; x_wconf 90' lang='grc' dir='ltr'>τῶν</span> <span class='ocrx_word' id='word_1_938' title='bbox 2881 4095 3130 4165; x_wconf 86' lang='grc' dir='ltr'>ἀοράτων</span> <span class='ocrx_word' id='word_1_939' title='bbox 3179 4094 3331 4147; x_wconf 83' lang='grc' dir='ltr'>οὐδὲν</span> <span class='ocrx_word' id='word_1_940' title='bbox 3388 4094 3663 4164; x_wconf 89' lang='grc' dir='ltr'>δυνάμεθα</span> <span class='ocrx_word' id='word_1_941' title='bbox 3714 4096 3868 4159; x_wconf 84' lang='grc' dir='ltr'>ἰδεῖν,</span> 
     </span>
    </p>
   </div>
   <div class='ocr_carea' id='block_1_120' title="bbox 2189 4170 3872 4247">
    <p class='ocr_par' dir='ltr' id='par_1_120' title="bbox 2189 4170 3872 4247">
     <span class='ocr_line' id='line_1_121' title="bbox 2189 4170 3872 4247; baseline -0.001 -20"><span class='ocrx_word' id='word_1_942' title='bbox 2189 4175 2400 4245; x_wconf 86' lang='grc' dir='ltr'>μεγάλα</span> <span class='ocrx_word' id='word_1_943' title='bbox 2425 4174 2496 4229; x_wconf 86' lang='grc' dir='ltr'>τά</span> <span class='ocrx_word' id='word_1_944' title='bbox 2527 4175 2794 4247; x_wconf 78' lang='grc' dir='ltr'>εἰρημένα</span> <span class='ocrx_word' id='word_1_945' title='bbox 2828 4170 2968 4228; x_wconf 80' lang='grc' dir='ltr'>εἶναι</span> <span class='ocrx_word' id='word_1_946' title='bbox 2996 4174 3224 4246; x_wconf 84' lang='grc' dir='ltr'>νομίσῃς</span> <span class='ocrx_word' id='word_1_947' title='bbox 3249 4171 3296 4227; x_wconf 80' lang='lat' dir='ltr'><strong>i.</strong></span> <span class='ocrx_word' id='word_1_948' title='bbox 3334 4172 3476 4227; x_wconf 76' lang='grc' dir='ltr'>Πολὺ</span> <span class='ocrx_word' id='word_1_949' title='bbox 3516 4174 3625 4247; x_wconf 83' lang='grc' dir='ltr'>γὰρ</span> <span class='ocrx_word' id='word_1_950' title='bbox 3659 4175 3872 4241; x_wconf 58' lang='grc' dir='ltr'>ταύτης</span> 
     </span>
    </p>
   </div>
   <div class='ocr_carea' id='block_1_121' title="bbox 2182 4248 3869 4326">
    <p class='ocr_par' dir='ltr' id='par_1_121' title="bbox 2182 4248 3869 4326">
     <span class='ocr_line' id='line_1_122' title="bbox 2182 4248 3869 4326; baseline 0.002 -20"><span class='ocrx_word' id='word_1_951' title='bbox 2182 4255 2283 4324; x_wconf 88' lang='grc' dir='ltr'>τῆς</span> <span class='ocrx_word' id='word_1_952' title='bbox 2319 4255 2498 4326; x_wconf 84' lang='grc' dir='ltr'>μάχης</span> <span class='ocrx_word' id='word_1_953' title='bbox 2532 4255 2751 4324; x_wconf 82' lang='grc' dir='ltr'>μείζονα</span> <span class='ocrx_word' id='word_1_954' title='bbox 2790 4253 2884 4307; x_wconf 74' lang='grc' dir='ltr'>καὶ</span> <span class='ocrx_word' id='word_1_955' title='bbox 2913 4253 3352 4325; x_wconf 85' lang='grc' dir='ltr'>φρικωδεστέραν</span> <span class='ocrx_word' id='word_1_956' title='bbox 3384 4248 3521 4317; x_wconf 74' lang='grc' dir='ltr'>εἶδες</span> <span class='ocrx_word' id='word_1_957' title='bbox 3550 4253 3615 4306; x_wconf 82' lang='grc' dir='ltr'>ἂν</span> <span class='ocrx_word' id='word_1_958' title='bbox 3638 4298 3651 4318; x_wconf 85' lang='grc'>,</span> <span class='ocrx_word' id='word_1_959' title='bbox 3694 4256 3744 4307; x_wconf 85' lang='grc' dir='ltr'>εί</span> <span class='ocrx_word' id='word_1_960' title='bbox 3766 4255 3869 4309; x_wconf 86' lang='grc' dir='ltr'>τοῦ</span> 
     </span>
    </p>
   </div>
   <div class='ocr_carea' id='block_1_122' title="bbox 2182 4331 3866 4407">
    <p class='ocr_par' dir='ltr' id='par_1_122' title="bbox 2182 4331 3866 4407">
     <span class='ocr_line' id='line_1_123' title="bbox 2182 4331 3866 4407; baseline 0.001 -21"><span class='ocrx_word' id='word_1_961' title='bbox 2182 4332 2427 4388; x_wconf 89' lang='grc' dir='ltr'>διαϐόλου</span> <span class='ocrx_word' id='word_1_962' title='bbox 2461 4334 2559 4405; x_wconf 83' lang='grc' dir='ltr'>τὴν</span> <span class='ocrx_word' id='word_1_963' title='bbox 2588 4333 2998 4402; x_wconf 81' lang='grc' dir='ltr'>ζοφωδεστάτην</span> <span class='ocrx_word' id='word_1_964' title='bbox 3026 4331 3332 4400; x_wconf 87' lang='grc' dir='ltr'>παράταξιν</span> <span class='ocrx_word' id='word_1_965' title='bbox 3364 4333 3457 4385; x_wconf 76' lang='grc' dir='ltr'>καὶ</span> <span class='ocrx_word' id='word_1_966' title='bbox 3487 4332 3584 4405; x_wconf 78' lang='grc' dir='ltr'>τὴν</span> <span class='ocrx_word' id='word_1_967' title='bbox 3614 4334 3866 4407; x_wconf 83' lang='grc' dir='ltr'>μανιώδη</span> 
     </span>
    </p>
   </div>
   <div class='ocr_carea' id='block_1_123' title="bbox 2186 4410 3861 4484">
    <p class='ocr_par' dir='ltr' id='par_1_123' title="bbox 2186 4410 3861 4484">
     <span class='ocr_line' id='line_1_124' title="bbox 2186 4410 3861 4484; baseline 0.002 -19"><span class='ocrx_word' id='word_1_968' title='bbox 2186 4412 2459 4484; x_wconf 82' lang='grc' dir='ltr'>συμϐολὴν</span> <span class='ocrx_word' id='word_1_969' title='bbox 2485 4411 2696 4475; x_wconf 91' lang='grc' dir='ltr'>τούτοις</span> <span class='ocrx_word' id='word_1_970' title='bbox 2731 4414 2844 4472; x_wconf 84' lang='grc' dir='ltr'>τοῖς</span> <span class='ocrx_word' id='word_1_971' title='bbox 2889 4410 3191 4481; x_wconf 82' lang='grc' dir='ltr'>ὀφθαλμοῖς</span> <span class='ocrx_word' id='word_1_972' title='bbox 3240 4412 3369 4464; x_wconf 76' lang='grc' dir='ltr'>ἰδεῖν</span> <span class='ocrx_word' id='word_1_973' title='bbox 3397 4412 3668 4483; x_wconf 85' lang='grc' dir='ltr'>ῆδυνήθης</span> <span class='ocrx_word' id='word_1_974' title='bbox 3703 4417 3861 4468; x_wconf 86' lang='grc' dir='ltr'>ποτέ.</span> 
     </span>
    </p>
   </div>
   <div class='ocr_carea' id='block_1_124' title="bbox 2183 4491 3866 4565">
    <p class='ocr_par' dir='ltr' id='par_1_124' title="bbox 2183 4491 3866 4565">
     <span class='ocr_line' id='line_1_125' title="bbox 2183 4491 3866 4565; baseline 0.001 -19"><span class='ocrx_word' id='word_1_975' title='bbox 2183 4495 2256 4546; x_wconf 91' lang='grc' dir='ltr'>Ού</span> <span class='ocrx_word' id='word_1_976' title='bbox 2283 4495 2391 4562; x_wconf 80' lang='grc' dir='ltr'>γὰρ</span> <span class='ocrx_word' id='word_1_977' title='bbox 2414 4492 2614 4564; x_wconf 75' lang='grc' dir='ltr'>χαλκὸς</span> <span class='ocrx_word' id='word_1_978' title='bbox 2643 4495 2760 4546; x_wconf 75' lang='grc' dir='ltr'>ἐκεῖ</span> <span class='ocrx_word' id='word_1_979' title='bbox 2791 4493 2885 4546; x_wconf 73' lang='grc' dir='ltr'>καὶ</span> <span class='ocrx_word' id='word_1_980' title='bbox 2912 4493 3027 4559; x_wconf 88' lang='grc' dir='ltr'>σίδη</span> <span class='ocrx_word' id='word_1_981' title='bbox 3040 4508 3158 4561; x_wconf 90' lang='grc' dir='ltr'>ρος,</span> <span class='ocrx_word' id='word_1_982' title='bbox 3189 4491 3309 4545; x_wconf 84' lang='grc' dir='ltr'>οὐδὲ</span> <span class='ocrx_word' id='word_1_983' title='bbox 3333 4492 3490 4545; x_wconf 80' lang='grc' dir='ltr'>ἵπποι</span> <span class='ocrx_word' id='word_1_984' title='bbox 3511 4494 3605 4545; x_wconf 77' lang='grc' dir='ltr'>καὶ</span> <span class='ocrx_word' id='word_1_985' title='bbox 3634 4494 3866 4565; x_wconf 77' lang='grc' dir='ltr'>ἅρματα</span> 
     </span>
    </p>
   </div>
   <div class='ocr_carea' id='block_1_125' title="bbox 2182 4570 3861 4644">
    <p class='ocr_par' dir='ltr' id='par_1_125' title="bbox 2182 4570 3861 4644">
     <span class='ocr_line' id='line_1_126' title="bbox 2182 4570 3861 4644; baseline 0.001 -19"><span class='ocrx_word' id='word_1_986' title='bbox 2182 4573 2274 4625; x_wconf 83' lang='grc' dir='ltr'>καὶ</span> <span class='ocrx_word' id='word_1_987' title='bbox 2316 4574 2530 4644; x_wconf 77' lang='grc' dir='ltr'>τροχοὶ,</span> <span class='ocrx_word' id='word_1_988' title='bbox 2561 4573 2683 4626; x_wconf 79' lang='grc' dir='ltr'>οὑδὲ</span> <span class='ocrx_word' id='word_1_989' title='bbox 2713 4572 2823 4643; x_wconf 89' lang='grc' dir='ltr'>πῦρ</span> <span class='ocrx_word' id='word_1_990' title='bbox 2849 4572 2944 4625; x_wconf 72' lang='grc' dir='ltr'>καὶ</span> <span class='ocrx_word' id='word_1_991' title='bbox 2973 4572 3100 4642; x_wconf 84' lang='grc' dir='ltr'>βέλη</span> <span class='ocrx_word' id='word_1_992' title='bbox 3120 4612 3135 4631; x_wconf 95' lang='grc'>,</span> <span class='ocrx_word' id='word_1_993' title='bbox 3172 4570 3338 4643; x_wconf 81' lang='grc' dir='ltr'>[οὐδὲ]</span> <span class='ocrx_word' id='word_1_994' title='bbox 3366 4571 3541 4624; x_wconf 87' lang='grc' dir='ltr'>ταῦτα</span> <span class='ocrx_word' id='word_1_995' title='bbox 3565 4573 3634 4626; x_wconf 91' lang='grc' dir='ltr'>τά</span> <span class='ocrx_word' id='word_1_996' title='bbox 3659 4574 3861 4643; x_wconf 81' lang='grc' dir='ltr'>όρατά,</span> 
     </span>
    </p>
   </div>
   <div class='ocr_carea' id='block_1_126' title="bbox 2179 4649 3862 4724">
    <p class='ocr_par' dir='ltr' id='par_1_126' title="bbox 2179 4649 3862 4724">
     <span class='ocr_line' id='line_1_127' title="bbox 2179 4649 3862 4724; baseline 0.002 -22"><span class='ocrx_word' id='word_1_997' title='bbox 2179 4651 2294 4703; x_wconf 87' lang='grc' dir='ltr'>ἀλλ’</span> <span class='ocrx_word' id='word_1_998' title='bbox 2319 4650 2485 4722; x_wconf 70' lang='grc' dir='ltr'>ἕτερα</span> <span class='ocrx_word' id='word_1_999' title='bbox 2530 4650 2665 4704; x_wconf 82' lang='grc' dir='ltr'>πολὺ</span> <span class='ocrx_word' id='word_1_1000' title='bbox 2718 4651 2922 4704; x_wconf 87' lang='grc' dir='ltr'>τούτων</span> <span class='ocrx_word' id='word_1_1001' title='bbox 2971 4649 3325 4724; x_wconf 83' lang='grc' dir='ltr'>φοϐερώτερα</span> <span class='ocrx_word' id='word_1_1002' title='bbox 3357 4652 3748 4721; x_wconf 82' lang='grc' dir='ltr'>μηχανήματα.</span> <span class='ocrx_word' id='word_1_1003' title='bbox 3781 4653 3862 4706; x_wconf 81' lang='grc' dir='ltr'>Ού</span> 
     </span>
    </p>
   </div>
   <div class='ocr_carea' id='block_1_127' title="bbox 2176 4727 3864 4800">
    <p class='ocr_par' dir='ltr' id='par_1_127' title="bbox 2176 4727 3864 4800">
     <span class='ocr_line' id='line_1_128' title="bbox 2176 4727 3864 4800; baseline 0.004 -20"><span class='ocrx_word' id='word_1_1004' title='bbox 2176 4731 2257 4781; x_wconf 70' lang='grc' dir='ltr'>δεῖ</span> <span class='ocrx_word' id='word_1_1005' title='bbox 2286 4730 2495 4794; x_wconf 88' lang='grc' dir='ltr'>τούτοις</span> <span class='ocrx_word' id='word_1_1006' title='bbox 2524 4733 2637 4793; x_wconf 86' lang='grc' dir='ltr'>τοῖς</span> <span class='ocrx_word' id='word_1_1007' title='bbox 2660 4728 2938 4798; x_wconf 89' lang='grc' dir='ltr'>πολεμίοις</span> <span class='ocrx_word' id='word_1_1008' title='bbox 2967 4727 3217 4800; x_wconf 89' lang='grc' dir='ltr'>θώρακος</span> <span class='ocrx_word' id='word_1_1009' title='bbox 3236 4770 3251 4793; x_wconf 93' lang='grc'>,</span> <span class='ocrx_word' id='word_1_1010' title='bbox 3293 4729 3417 4782; x_wconf 81' lang='grc' dir='ltr'>οὐδὲ</span> <span class='ocrx_word' id='word_1_1011' title='bbox 3449 4731 3672 4794; x_wconf 89' lang='grc' dir='ltr'>ἀσπίδος</span> <span class='ocrx_word' id='word_1_1012' title='bbox 3692 4772 3708 4791; x_wconf 93' lang='grc'>,</span> <span class='ocrx_word' id='word_1_1013' title='bbox 3735 4732 3864 4786; x_wconf 63' lang='grc' dir='ltr'>οὐδὲ</span> 
     </span>
    </p>
   </div>
   <div class='ocr_carea' id='block_1_128' title="bbox 2178 4806 3863 4883">
    <p class='ocr_par' dir='ltr' id='par_1_128' title="bbox 2178 4806 3863 4883">
     <span class='ocr_line' id='line_1_129' title="bbox 2178 4806 3863 4883; baseline 0.005 -25"><span class='ocrx_word' id='word_1_1014' title='bbox 2178 4806 2348 4876; x_wconf 64' lang='grc' dir='ltr'>ξιφῶν</span> <span class='ocrx_word' id='word_1_1015' title='bbox 2379 4810 2474 4863; x_wconf 84' lang='grc' dir='ltr'>καὶ</span> <span class='ocrx_word' id='word_1_1016' title='bbox 2492 4810 2735 4881; x_wconf 88' lang='grc' dir='ltr'>δοράτων</span> <span class='ocrx_word' id='word_1_1017' title='bbox 2754 4826 2768 4840; x_wconf 89' lang='grc'>·</span> <span class='ocrx_word' id='word_1_1018' title='bbox 2800 4809 2913 4863; x_wconf 75' lang='grc' dir='ltr'>ἀλλ’</span> <span class='ocrx_word' id='word_1_1019' title='bbox 2944 4810 3107 4879; x_wconf 88' lang='grc' dir='ltr'>ἀρκεῖ</span> <span class='ocrx_word' id='word_1_1020' title='bbox 3141 4809 3276 4880; x_wconf 87' lang='grc' dir='ltr'>μόνη</span> <span class='ocrx_word' id='word_1_1021' title='bbox 3306 4811 3339 4880; x_wconf 91' lang='grc' dir='ltr'>ή</span> <span class='ocrx_word' id='word_1_1022' title='bbox 3368 4809 3491 4880; x_wconf 73' lang='grc' dir='ltr'>ὄψις</span> <span class='ocrx_word' id='word_1_1023' title='bbox 3516 4810 3615 4878; x_wconf 88' lang='grc' dir='ltr'>τῆς</span> <span class='ocrx_word' id='word_1_1024' title='bbox 3642 4812 3863 4883; x_wconf 80' lang='grc' dir='ltr'>ἐπαρά-</span> 
     </span>
    </p>
   </div>
   <div class='ocr_carea' id='block_1_129' title="bbox 2174 4886 3864 4962">
    <p class='ocr_par' dir='ltr' id='par_1_129' title="bbox 2174 4886 3864 4962">
     <span class='ocr_line' id='line_1_130' title="bbox 2174 4886 3864 4962; baseline 0.004 -23"><span class='ocrx_word' id='word_1_1025' title='bbox 2174 4904 2269 4939; x_wconf 88' lang='grc' dir='ltr'>του</span> <span class='ocrx_word' id='word_1_1026' title='bbox 2300 4891 2561 4961; x_wconf 84' lang='grc' dir='ltr'>στρατιᾶς</span> <span class='ocrx_word' id='word_1_1027' title='bbox 2594 4890 2809 4961; x_wconf 80' lang='grc' dir='ltr'>ἐκείνης</span> <span class='ocrx_word' id='word_1_1028' title='bbox 2842 4888 3152 4959; x_wconf 87' lang='grc' dir='ltr'>παραλῦσαι</span> <span class='ocrx_word' id='word_1_1029' title='bbox 3180 4886 3280 4959; x_wconf 74' lang='grc' dir='ltr'>τήν</span> <span class='ocrx_word' id='word_1_1030' title='bbox 3307 4888 3507 4959; x_wconf 80' lang='grc' dir='ltr'>ψυχὴν,</span> <span class='ocrx_word' id='word_1_1031' title='bbox 3531 4890 3599 4960; x_wconf 80' lang='grc' dir='ltr'>ἦν</span> <span class='ocrx_word' id='word_1_1032' title='bbox 3628 4890 3703 4962; x_wconf 82' lang='grc' dir='ltr'>μὴ</span> <span class='ocrx_word' id='word_1_1033' title='bbox 3735 4890 3864 4945; x_wconf 82' lang='grc' dir='ltr'>λίαν</span> 
     </span>
    </p>
   </div>
   <div class='ocr_carea' id='block_1_130' title="bbox 2174 4963 3862 5043">
    <p class='ocr_par' dir='ltr' id='par_1_130' title="bbox 2174 4963 3862 5043">
     <span class='ocr_line' id='line_1_131' title="bbox 2174 4963 3862 5043; baseline 0.002 -24"><span class='ocrx_word' id='word_1_1034' title='bbox 2174 4963 2309 5021; x_wconf 83' lang='grc' dir='ltr'>οῦσα</span> <span class='ocrx_word' id='word_1_1035' title='bbox 2343 4969 2566 5036; x_wconf 89' lang='grc' dir='ltr'>γενναία</span> <span class='ocrx_word' id='word_1_1036' title='bbox 2588 4968 2758 5040; x_wconf 83' lang='grc' dir='ltr'>τύχῃ,</span> <span class='ocrx_word' id='word_1_1037' title='bbox 2799 4970 2894 5022; x_wconf 69' lang='grc' dir='ltr'>καὶ</span> <span class='ocrx_word' id='word_1_1038' title='bbox 2924 4968 3029 5039; x_wconf 84' lang='grc' dir='ltr'>πρὸ</span> <span class='ocrx_word' id='word_1_1039' title='bbox 3056 4967 3155 5036; x_wconf 86' lang='grc' dir='ltr'>τῆς</span> <span class='ocrx_word' id='word_1_1040' title='bbox 3194 4969 3399 5032; x_wconf 80' lang='grc' dir='ltr'>οἰκείας</span> <span class='ocrx_word' id='word_1_1041' title='bbox 3434 4968 3686 5043; x_wconf 82' lang='grc' dir='ltr'>ἀνδρείας</span> <span class='ocrx_word' id='word_1_1042' title='bbox 3721 4969 3862 5023; x_wconf 66' lang='grc' dir='ltr'>πολε</span> 
     </span>
    </p>
   </div>
   <div class='ocr_carea' id='block_1_131' title="bbox 2172 5044 3863 5121">
    <p class='ocr_par' dir='ltr' id='par_1_131' title="bbox 2172 5044 3863 5121">
     <span class='ocr_line' id='line_1_132' title="bbox 2172 5044 3863 5121; baseline 0.001 -20"><span class='ocrx_word' id='word_1_1043' title='bbox 2172 5044 2270 5120; x_wconf 84' lang='grc' dir='ltr'>λῆς</span> <span class='ocrx_word' id='word_1_1044' title='bbox 2315 5049 2603 5121; x_wconf 81' lang='grc' dir='ltr'>ἀπολαύσῃ</span> <span class='ocrx_word' id='word_1_1045' title='bbox 2644 5051 2743 5121; x_wconf 85' lang='grc' dir='ltr'>τῆς</span> <span class='ocrx_word' id='word_1_1046' title='bbox 2776 5049 2927 5120; x_wconf 79' lang='grc' dir='ltr'>παρὰ</span> <span class='ocrx_word' id='word_1_1047' title='bbox 2959 5046 3056 5101; x_wconf 88' lang='grc' dir='ltr'>τοῦ</span> <span class='ocrx_word' id='word_1_1048' title='bbox 3099 5047 3234 5101; x_wconf 86' lang='grc' dir='ltr'>Θεοῦ</span> <span class='ocrx_word' id='word_1_1049' title='bbox 3270 5048 3543 5120; x_wconf 89' lang='grc' dir='ltr'>προνοίας.</span> <span class='ocrx_word' id='word_1_1050' title='bbox 3575 5049 3687 5102; x_wconf 74' lang='grc' dir='ltr'>Καὶ</span> <span class='ocrx_word' id='word_1_1051' title='bbox 3714 5048 3772 5103; x_wconf 73' lang='grc' dir='ltr'>εἴ</span> <span class='ocrx_word' id='word_1_1052' title='bbox 3790 5064 3863 5116; x_wconf 71' lang='grc' dir='ltr'>γε</span> 
     </span>
    </p>
   </div>
   <div class='ocr_carea' id='block_1_132' title="bbox 2168 5123 3863 5200">
    <p class='ocr_par' dir='ltr' id='par_1_132' title="bbox 2168 5123 3863 5200">
     <span class='ocr_line' id='line_1_133' title="bbox 2168 5123 3863 5200; baseline 0.001 -19"><span class='ocrx_word' id='word_1_1053' title='bbox 2168 5123 2238 5199; x_wconf 82' lang='grc' dir='ltr'>ἦν</span> <span class='ocrx_word' id='word_1_1054' title='bbox 2261 5128 2506 5193; x_wconf 81' lang='grc' dir='ltr'>δυνατὸν,</span> <span class='ocrx_word' id='word_1_1055' title='bbox 2538 5129 2599 5183; x_wconf 81' lang='grc' dir='ltr'>τὸ</span> <span class='ocrx_word' id='word_1_1056' title='bbox 2623 5129 2782 5200; x_wconf 87' lang='grc' dir='ltr'>σῶμα</span> <span class='ocrx_word' id='word_1_1057' title='bbox 2810 5129 3087 5182; x_wconf 90' lang='grc' dir='ltr'>ἀποδύντα</span> <span class='ocrx_word' id='word_1_1058' title='bbox 3116 5126 3294 5191; x_wconf 90' lang='grc' dir='ltr'>τοῦτο,</span> <span class='ocrx_word' id='word_1_1059' title='bbox 3330 5127 3363 5199; x_wconf 72' lang='grc' dir='ltr'><strong>ἢ</strong></span> <span class='ocrx_word' id='word_1_1060' title='bbox 3396 5129 3490 5181; x_wconf 80' lang='grc' dir='ltr'>καὶ</span> <span class='ocrx_word' id='word_1_1061' title='bbox 3519 5128 3656 5198; x_wconf 83' lang='grc' dir='ltr'>μετά</span> <span class='ocrx_word' id='word_1_1062' title='bbox 3682 5124 3863 5182; x_wconf 80' lang='grc' dir='ltr'>αὑτοῦ</span> 
     </span>
    </p>
   </div>
   <div class='ocr_carea' id='block_1_133' title="bbox 2168 5206 3864 5280">
    <p class='ocr_par' dir='ltr' id='par_1_133' title="bbox 2168 5206 3864 5280">
     <span class='ocr_line' id='line_1_134' title="bbox 2168 5206 3864 5280; baseline 0 -18"><span class='ocrx_word' id='word_1_1063' title='bbox 2168 5207 2264 5262; x_wconf 85' lang='grc' dir='ltr'>τοῦ</span> <span class='ocrx_word' id='word_1_1064' title='bbox 2316 5208 2567 5280; x_wconf 84' lang='grc' dir='ltr'>σώματος</span> <span class='ocrx_word' id='word_1_1065' title='bbox 2602 5208 2896 5280; x_wconf 87' lang='grc' dir='ltr'>δυνηθῆναι</span> <span class='ocrx_word' id='word_1_1066' title='bbox 2930 5207 3188 5279; x_wconf 83' lang='grc' dir='ltr'>καθαρῶς</span> <span class='ocrx_word' id='word_1_1067' title='bbox 3229 5207 3324 5261; x_wconf 67' lang='grc' dir='ltr'>καί⁴</span> <span class='ocrx_word' id='word_1_1068' title='bbox 3369 5206 3587 5275; x_wconf 82' lang='grc' dir='ltr'>ἀφόϐως</span> <span class='ocrx_word' id='word_1_1069' title='bbox 3631 5208 3864 5262; x_wconf 79' lang='grc' dir='ltr'>ἃπασαν</span> 
     </span>
    </p>
   </div>
   <div class='ocr_carea' id='block_1_134' title="bbox 2235 5369 3863 5434">
    <p class='ocr_par' dir='ltr' id='par_1_134' title="bbox 2235 5369 3863 5434">
     <span class='ocr_line' id='line_1_135' title="bbox 2235 5369 3863 5434; baseline 0.002 -15"><span class='ocrx_word' id='word_1_1070' title='bbox 2235 5373 2260 5410; x_wconf 76' lang='grc' dir='ltr'><strong><em>ε</em></strong></span> <span class='ocrx_word' id='word_1_1071' title='bbox 2281 5370 2435 5434; x_wconf 71' lang='lat' dir='ltr'><strong>SaVil.</strong></span> <span class='ocrx_word' id='word_1_1072' title='bbox 2460 5376 2515 5418; x_wconf 80' lang='lat' dir='ltr'><strong>el</strong></span> <span class='ocrx_word' id='word_1_1073' title='bbox 2535 5369 2719 5433; x_wconf 79' lang='lat' dir='ltr'><strong>aliquot</strong></span> <span class='ocrx_word' id='word_1_1074' title='bbox 2747 5384 2862 5434; x_wconf 73' lang='lat' dir='ltr'>mss.</span> <span class='ocrx_word' id='word_1_1075' title='bbox 2888 5372 3117 5432; x_wconf 70' lang='grc' dir='ltr'>κειμένων</span> <span class='ocrx_word' id='word_1_1076' title='bbox 3133 5371 3217 5434; x_wconf 74' lang='grc' dir='ltr'>τὰς</span> <span class='ocrx_word' id='word_1_1077' title='bbox 3249 5370 3470 5434; x_wconf 84' lang='grc' dir='ltr'>σωρείας,</span> <span class='ocrx_word' id='word_1_1078' title='bbox 3496 5369 3712 5433; x_wconf 86' lang='grc' dir='ltr'>τροχούς.</span> <span class='ocrx_word' id='word_1_1079' title='bbox 3749 5370 3863 5423; x_wconf 70' lang='lat' dir='ltr'><strong>Alii</strong></span> 
     </span>
    </p>
   </div>
   <div class='ocr_carea' id='block_1_135' title="bbox 2166 5432 3258 5507">
    <p class='ocr_par' dir='ltr' id='par_1_135' title="bbox 2166 5432 3258 5507">
     <span class='ocr_line' id='line_1_136' title="bbox 2166 5432 3258 5507; baseline 0 -25"><span class='ocrx_word' id='word_1_1080' title='bbox 2166 5433 2664 5507; x_wconf 37' lang='grc' dir='ltr'>ΘιιΜριςξιζκειμένων</span> <span class='ocrx_word' id='word_1_1081' title='bbox 2683 5433 2793 5507; x_wconf 78' lang='grc' dir='ltr'>τοὺς</span> <span class='ocrx_word' id='word_1_1082' title='bbox 2816 5434 3016 5507; x_wconf 73' lang='grc' dir='ltr'>σωροὺς,</span> <span class='ocrx_word' id='word_1_1083' title='bbox 3036 5432 3258 5507; x_wconf 48' lang='grc' dir='ltr'>ἱροχρύς.</span> 
     </span>
    </p>
   </div>
   <div class='ocr_carea' id='block_1_136' title="bbox 2228 5492 3864 5559">
    <p class='ocr_par' dir='ltr' id='par_1_136' title="bbox 2228 5492 3864 5559">
     <span class='ocr_line' id='line_1_137' title="bbox 2228 5492 3864 5559; baseline 0 -15"><span class='ocrx_word' id='word_1_1084' title='bbox 2228 5495 2254 5533; x_wconf 78' lang='grc' dir='ltr'>Ιι</span> <span class='ocrx_word' id='word_1_1085' title='bbox 2288 5494 2383 5544; x_wconf 83' lang='lat' dir='ltr'>Alii</span> <span class='ocrx_word' id='word_1_1086' title='bbox 2411 5492 2640 5559; x_wconf 68' lang='grc' dir='ltr'>βραχίονα</span> <span class='ocrx_word' id='word_1_1087' title='bbox 2659 5496 2741 5559; x_wconf 76' lang='grc' dir='ltr'>καὶ</span> <span class='ocrx_word' id='word_1_1088' title='bbox 2762 5492 3104 5559; x_wconf 33' lang='grc' dir='ltr'>τροχόνκιιιῐίᾗ</span> <span class='ocrx_word' id='word_1_1089' title='bbox 3131 5492 3217 5559; x_wconf 65' lang='lat' dir='ltr'><strong>iilii</strong></span> <span class='ocrx_word' id='word_1_1090' title='bbox 3258 5494 3655 5559; x_wconf 75' lang='grc' dir='ltr'>ἐγκεκλασμένην.</span> <span class='ocrx_word' id='word_1_1091' title='bbox 3697 5494 3864 5544; x_wconf 78' lang='lat' dir='ltr'><strong>Paulo</strong></span> 
     </span>
    </p>
   </div>
   <div class='ocr_carea' id='block_1_137' title="bbox 2162 5556 3861 5667">
    <p class='ocr_par' dir='ltr' id='par_1_137' title="bbox 2162 5556 3861 5667">
     <span class='ocr_line' id='line_1_138' title="bbox 2162 5556 3861 5667; baseline 0.002 -65"><span class='ocrx_word' id='word_1_1092' title='bbox 2162 5562 2277 5667; x_wconf 55' lang='lat'>$09!.</span> <span class='ocrx_word' id='word_1_1093' title='bbox 2300 5556 2425 5607; x_wconf 65' lang='lat' dir='ltr'><strong>unué</strong></span> <span class='ocrx_word' id='word_1_1094' title='bbox 2446 5556 2571 5615; x_wconf 77' lang='grc' dir='ltr'>πάθη</span> <span class='ocrx_word' id='word_1_1095' title='bbox 2595 5556 2743 5620; x_wconf 83' lang='grc' dir='ltr'>μικρά</span> <span class='ocrx_word' id='word_1_1096' title='bbox 2782 5556 2926 5603; x_wconf 82' lang='grc' dir='ltr'>πλοῖα</span> <span class='ocrx_word' id='word_1_1097' title='bbox 2946 5556 3036 5604; x_wconf 88' lang='grc' dir='ltr'>ἀνά</span> <span class='ocrx_word' id='word_1_1098' title='bbox 3077 5557 3199 5620; x_wconf 81' lang='grc' dir='ltr'>τρεῖς</span> <span class='ocrx_word' id='word_1_1099' title='bbox 3222 5556 3511 5614; x_wconf 74' lang='grc' dir='ltr'>κωπηλάτας</span> <span class='ocrx_word' id='word_1_1100' title='bbox 3538 5556 3733 5618; x_wconf 72' lang='grc' dir='ltr'>ἔχοντας</span> <span class='ocrx_word' id='word_1_1101' title='bbox 3750 5571 3861 5618; x_wconf 75' lang='grc' dir='ltr'>τρι-</span> 
     </span>
     <span class='ocr_line' id='line_1_139' title="bbox 2183 5634 2309 5667; baseline -0.016 0"><span class='ocrx_word' id='word_1_1102' title='bbox 2183 5634 2309 5667; x_wconf 80' lang='grc' dir='ltr'>.οεις.</span> 
     </span>
    </p>
   </div>
   <div class='ocr_carea' id='block_1_138' title="bbox 2183 5634 3854 5741">
    <p class='ocr_par' dir='ltr' id='par_1_138' title="bbox 2183 5634 3854 5741">
     <span class='ocr_line' id='line_1_140' title="bbox 2183 5634 3854 5741; baseline -0.002 -13"><span class='ocrx_word' id='word_1_1103' title='bbox 2183 5634 2433 5729; x_wconf 49' lang='grc' dir='ltr'>’ρῖιςέιινὶὶ</span> <span class='ocrx_word' id='word_1_1104' title='bbox 2462 5688 2515 5728; x_wconf 78' lang='grc' dir='ltr'>οι</span> <span class='ocrx_word' id='word_1_1105' title='bbox 2536 5678 2724 5741; x_wconf 78' lang='lat' dir='ltr'><strong>aliquot</strong></span> <span class='ocrx_word' id='word_1_1106' title='bbox 2752 5691 2876 5727; x_wconf 82' lang='lat' dir='ltr'>mss.</span> <span class='ocrx_word' id='word_1_1107' title='bbox 2918 5681 3005 5737; x_wconf 78' lang='grc' dir='ltr'>τὴν</span> <span class='ocrx_word' id='word_1_1108' title='bbox 3028 5679 3261 5737; x_wconf 85' lang='grc' dir='ltr'>διοίκησιν</span> <span class='ocrx_word' id='word_1_1109' title='bbox 3292 5678 3494 5739; x_wconf 77' lang='grc' dir='ltr'>ἐκείνην,</span> <span class='ocrx_word' id='word_1_1110' title='bbox 3541 5677 3708 5727; x_wconf 79' lang='lat' dir='ltr'>Morel.</span> <span class='ocrx_word' id='word_1_1111' title='bbox 3756 5679 3854 5735; x_wconf 69' lang='grc' dir='ltr'>τὴν</span> 
     </span>
    </p>
   </div>
   <div class='ocr_carea' id='block_1_139' title="bbox 2168 5741 2567 5802">
    <p class='ocr_par' dir='ltr' id='par_1_139' title="bbox 2168 5741 2567 5802">
     <span class='ocr_line' id='line_1_141' title="bbox 2168 5741 2567 5802; baseline -0.013 -11"><span class='ocrx_word' id='word_1_1112' title='bbox 2168 5742 2386 5802; x_wconf 81' lang='grc' dir='ltr'>διήγησιν</span> <span class='ocrx_word' id='word_1_1113' title='bbox 2409 5741 2567 5802; x_wconf 78' lang='grc' dir='ltr'>μόνην.</span> 
     </span>
    </p>
   </div>
   <div class='ocr_carea' id='block_1_140' title="bbox 2237 5801 3067 5865">
    <p class='ocr_par' dir='ltr' id='par_1_140' title="bbox 2237 5801 3067 5865">
     <span class='ocr_line' id='line_1_142' title="bbox 2237 5801 3067 5865; baseline -0.007 -12"><span class='ocrx_word' id='word_1_1114' title='bbox 2237 5801 2252 5853; x_wconf 76' lang='lat' dir='ltr'>l</span> <span class='ocrx_word' id='word_1_1115' title='bbox 2281 5801 2428 5852; x_wconf 73' lang='lat' dir='ltr'><strong>Savil.</strong></span> <span class='ocrx_word' id='word_1_1116' title='bbox 2454 5803 2629 5865; x_wconf 77' lang='grc' dir='ltr'>νόμιζε,</span> <span class='ocrx_word' id='word_1_1117' title='bbox 2654 5801 2829 5851; x_wconf 72' lang='lat' dir='ltr'>Morel.</span> <span class='ocrx_word' id='word_1_1118' title='bbox 2855 5802 3067 5865; x_wconf 74' lang='grc' dir='ltr'>νομίσῃς.</span> 
     </span>
    </p>
   </div>
  </div>
