4050 6160
240 265 350 322 689

231 378 748 448 ignominiosissimo
793 378 920 432 mihi
977 378 1304 442 traderetur,
1361 388 1415 431 et
1463 387 1658 431 tantam
1718 393 1811 446 pa-

229 478 442 524 teretur
492 468 804 524 infamiam?
862 469 984 523 litec
1035 469 1341 540 frequenter
1385 486 1590 524 mecum
1644 471 1814 524 revid-

231 575 410 625 vens,
481 576 604 615 cum
676 560 1000 630 indignitatis
1078 568 1237 614 tanta:
1306 576 1374 614 ne
1437 562 1810 630 cogitatimiem

229 653 448 720 quidem
499 651 644 707 ferre
699 668 943 722 possem,
992 652 1143 720 quasi
1191 652 1446 706 attonitus
1495 661 1548 705 et
1593 662 1811 718 stupore

230 743 512 810 perculsus
537 783 552 804 ,
585 758 683 798 nec
713 743 891 797 videre
920 758 1015 796 nec
1045 741 1227 796 audire
1253 742 1517 812 quidpiam
1550 752 1806 811 poteram.

227 833 366 887 Cum
409 849 498 888 me
547 835 647 887 hoc
674 833 830 886 animi
877 833 1163 901 deliquium
1208 831 1476 886 desereret
1509 831 1526 901 (
1551 831 1808 885 interdum

229 925 427 994 quippe
451 924 778 991 desistebat),
799 922 1152 976 succedebant
1180 923 1425 992 lacrymte
1446 929 1498 975 et
1525 923 1806 976 mmstitia:

234 1031 344 1071 ttnn
391 1028 508 1086 post
537 1018 886 1088 lacrymarum
917 1016 1212 1070 satietatem
1259 1015 1445 1067 iterum
1496 1013 1811 1068 adventabat

231 1111 426 1175 timor,
471 1119 699 1162 mentem
752 1107 1004 1170 turbans,
1048 1104 1272 1158 tumultu
1319 1104 1528 1172 replens
1570 1119 1632 1158 ac
1675 1119 1806 1158 cou-

225 1202 456 1253 cntiens.
488 1196 541 1250 lu
571 1209 704 1251 aestu
747 1203 890 1249 tanto
921 1195 1241 1263 praeteritum
1289 1191 1516 1261 transegi
1562 1202 1804 1262 tempus;

227 1302 279 1344 tu
329 1305 460 1345 vero
502 1289 818 1359 ignorabas,
861 1295 918 1341 et
961 1287 1012 1338 in
1062 1285 1437 1353 tranquillitate
1481 1299 1564 1337 me
1606 1284 1806 1338 versari

222 1382 574 1434 arbitrabare.
598 1381 665 1432 At
692 1393 827 1430 nunc
854 1377 944 1429 tibi
971 1377 1160 1428 anima:
1187 1389 1318 1427 meae
1347 1373 1629 1442 procellam
1659 1388 1806 1428 reve-

225 1472 334 1523 lare
382 1469 596 1522 tentabo
629 1483 643 1519 :
677 1466 796 1519 hinc
841 1464 1062 1519 fortasse
1107 1463 1232 1516 mihi
1258 1503 1272 1527 ,
1323 1462 1509 1530 positis
1551 1461 1800 1515 crimina-

224 1561 458 1615 tionibus
482 1601 497 1625 ,
527 1573 734 1613 veniam
762 1557 1041 1612 concedes.
1082 1555 1180 1623 Qui
1211 1555 1349 1608 illam
1381 1555 1468 1608 tibi
1495 1593 1511 1620 ,
1539 1555 1624 1624 qui
1654 1554 1802 1608 dete-

219 1670 347 1724 gere
374 1652 573 1722 passim
594 1652 619 1706 ?
644 1651 699 1706 Si
729 1651 938 1720 quidem
965 1648 1108 1704 clare
1137 1647 1314 1701 videre
1338 1647 1501 1701 velles
1525 1687 1540 1712 ,
1571 1661 1674 1700 non
1700 1647 1803 1701 alio

221 1745 382 1801 modo
410 1759 642 1815 possem,
660 1759 816 1813 quam
841 1757 933 1796 cor
947 1739 1240 1810 detegendo
1259 1754 1432 1794 meum
1456 1755 1468 1793 :
1488 1753 1606 1792 cum
1626 1745 1800 1792 autem

220 1841 269 1893 id
301 1839 418 1893 tieri
463 1846 725 1907 nequeat,
769 1851 863 1905 per
889 1834 1166 1887 obscuram
1210 1830 1490 1902 quamdam
1523 1830 1799 1898 imaginem

221 1947 319 1999 pro
362 1929 611 1984 facultate
638 1943 754 1982 mea
786 1926 1048 1981 mmstitize
1078 1939 1207 1977 mea:
1238 1922 1443 1976 interim
1473 1920 1671 1974 fummn
1704 1919 1796 1975 tibi

218 2020 504 2090 depingere
529 2018 790 2080 conabor;
817 2025 869 2069 tu
887 2031 1010 2070 vero
1027 2030 1091 2068 ex
1117 2014 1227 2082 ipsa
1245 2013 1470 2082 imagine
1495 2011 1797 2065 mcestitiam

218 2112 390 2165 solum
440 2109 661 2177 colligas
709 2113 935 2176 Oportet.
987 2105 1353 2173 Supponamus
1404 2115 1523 2155 eSse
1575 2099 1797 2168 puellam

218 2202 425 2256 cuidam
455 2200 794 2268 desponsam,
812 2197 950 2265 regis
978 2195 1064 2265 qui
1096 2193 1339 2246 universo
1367 2191 1479 2245 orbi
1498 2191 1798 2244 dominetur

219 2293 377 2345 tiliam
406 2331 421 2355 ,
454 2288 790 2344 inenarrabili
838 2284 1222 2356 pulchritudine
1245 2323 1260 2349 ,
1296 2283 1362 2335 ita
1409 2290 1465 2334 ut
1514 2280 1795 2333 humanam

219 2382 559 2438 transcendat
601 2389 838 2434 naturam
865 2419 878 2444 ,
908 2385 962 2431 et
1006 2376 1102 2429 hac
1147 2375 1197 2428 in
1242 2389 1300 2427 re
1341 2381 1505 2426 totum
1537 2370 1797 2424 muliebre

215 2491 382 2545 genus
411 2486 606 2541 magno
633 2469 914 2524 admodum
943 2466 1248 2521 discrimine
1285 2473 1498 2532 superet
1530 2475 1543 2514 :
1578 2461 1642 2514 ad
1684 2461 1796 2516 huic

215 2565 376 2618 animi
405 2564 599 2616 virtute
629 2570 770 2615 tanta
795 2601 810 2626 ,
839 2566 896 2612 ut
922 2560 1155 2611 virorum
1186 2569 1354 2624 genus
1381 2569 1562 2607 eorum
1593 2551 1680 2620 qui
1710 2551 1794 2605 vel

215 2669 337 2711 ante
383 2656 631 2718 fuerunt,
678 2653 762 2707 vel
809 2659 926 2720 post
967 2649 1122 2702 futuri
1167 2657 1328 2712 Sunt,
1376 2647 1531 2713 longo
1575 2651 1690 2712 post
1736 2657 1796 2698 se

218 2747 498 2801 intervallo
553 2745 850 2813 relinquat;
911 2753 1221 2808 morumque
1279 2737 1552 2790 honestate
1607 2749 1793 2788 omnes

216 2837 564 2907 plailosOphia:
615 2833 864 2888 terminos
910 2830 1168 2892 excedat,
1215 2825 1471 2895 facieque
1519 2832 1795 2878 venustate

218 2943 528 2997 corporeum
575 2940 785 2980 omnem
827 2921 1074 2976 decorem
1121 2918 1369 2972 obscuret
1414 2933 1426 2966 :
1472 2928 1795 2983 proeumque

219 3022 332 3090 ejus
360 3038 464 3074 non
495 3019 564 3072 ob
593 3033 653 3072 ea
687 3023 905 3077 tantum,
937 3026 1053 3081 qua:
1083 3009 1330 3070 diximus,
1362 3005 1580 3074 virginis
1611 3019 1793 3058 amore

220 3115 405 3167 ardere
429 3153 444 3173 ,
473 3110 565 3165 sed
611 3119 862 3180 prmterea
906 3105 1011 3158 alio
1039 3102 1218 3156 nescio
1256 3113 1360 3168 quo
1385 3112 1505 3166 erga
1536 3096 1677 3150 illam
1711 3096 1792 3149 fu-

220 3222 338 3261 rore
363 3205 498 3258 aflici
527 3246 540 3265 ,
573 3203 640 3255 ita
670 3211 725 3254 ut
753 3197 1112 3253 insanissimos
1137 3233 1153 3260 ,
1183 3192 1269 3261 qui
1301 3205 1546 3259 umquam
1578 3187 1789 3252 fuerint,

220 3305 481 3350 amatores
508 3293 661 3360 longe
691 3301 833 3343 retro
863 3286 1125 3353 relinquat
1150 3301 1162 3334 :
1189 3282 1310 3335 hinc
1337 3292 1594 3350 ponamus
1622 3278 1791 3340 illum,

218 3389 296 3442 sic
321 3399 501 3439 amore
531 3381 862 3451 ï¬‚agrantem,
890 3375 1132 3430 alicunde
1157 3372 1441 3437 audivisse,
1477 3369 1708 3423 futurum
1739 3377 1794 3422 ut

220 3479 447 3550 puellam
477 3476 617 3529 illam
649 3473 715 3526 ab
742 3487 801 3527 se
825 3469 1120 3524 adamatam
1145 3507 1160 3531 ,
1187 3465 1454 3518 vilissima:
1479 3461 1794 3516 conditionis

218 3575 300 3628 vir
322 3615 337 3639 ,
366 3568 610 3641 ignobilis
633 3608 648 3631 ,
693 3579 916 3634 corpore
947 3562 1160 3616 mutilus
1184 3600 1197 3620 ,
1226 3557 1566 3624 onmiumque
1595 3565 1794 3607 morta-

217 3669 347 3721 lium
391 3662 742 3730 nequissimus
773 3659 822 3712 iu
856 3669 1073 3710 uxorem
1115 3653 1289 3706 ducat.
1320 3653 1402 3703 An
1432 3649 1520 3702 tibi
1550 3647 1791 3716 exiguam

217 3757 420 3812 doloris
472 3753 637 3807 nostri
692 3748 970 3818 imaginem
1016 3739 1552 3812 reprzesentavimus?
1594 3739 1794 3792 satisne

213 3851 314 3904 erit
342 3847 623 3916 imaginem
667 3841 936 3908 hucusque
960 3834 1240 3891 deduxisse
1259 3833 1284 3884 á¼µ
1311 3831 1438 3884 Mem
1464 3827 1791 3884 declarandae

213 3941 484 3996 maestitize
511 3937 638 3990 satis
661 3948 780 3988 esse
806 3942 951 4001 puto,
975 3929 1124 3996 cujus
1142 3927 1294 3979 unius
1319 3937 1474 3977 causa
1492 3921 1790 3988 exemplum

214 4033 319 4087 hoc
365 4029 723 4083 adhibuimus.
768 4022 836 4077 llt
876 4029 1050 4073 autem
1094 4027 1264 4070 metus
1306 4011 1643 4082 stnporisque
1690 4008 1794 4062 mei

214 4118 633 4191 magnitudinem
684 4115 774 4168 tibi
824 4109 992 4164 oculis
1047 4105 1358 4174 subjiciam,
1411 4101 1476 4156 ad
1520 4099 1658 4153 aliud
1708 4113 1792 4152 me

214 4189 436 4269 confero
478 4206 800 4274 exemplum.
845 4202 1110 4256 Ponamus
1155 4194 1443 4250 exercitum
1493 4189 1790 4259 peditibus,

214 4303 483 4374 equitibus
538 4297 864 4364 nauticisque
925 4290 1050 4343 viris
1107 4289 1416 4340 instructum
1467 4297 1480 4334 :
1533 4296 1597 4335 ac
1650 4295 1794 4334 mare

218 4395 431 4465 quidem
449 4390 654 4458 operiat
670 4384 962 4440 triremium
981 4391 1248 4440 numerus;
1265 4388 1575 4441 rursumque
1592 4386 1798 4440 eampo-

219 4461 332 4538 rum
363 4481 631 4552 planities,
651 4474 1014 4541 montiumque
1041 4468 1264 4522 vertices
1278 4475 1536 4533 occupent
1563 4461 1794 4530 peditum

221 4549 558 4644 eipiitumque
588 4567 872 4636 phalanges
905 4579 918 4614 :
951 4575 1024 4614 ais
1048 4571 1314 4612 armormn
1345 4555 1472 4606 solis
1513 4549 1795 4620 Splendore

220 4643 454 4720 relucent
477 4704 491 4727 ,
530 4672 689 4730 atque
720 4658 840 4710 hinc
866 4653 1073 4709 emissis
1097 4649 1257 4704 radiis
1283 4646 1550 4716 galearum
1577 4643 1794 4712 clypeo-

217 4770 442 4825 rumque
472 4749 769 4808 coruscatio
798 4747 1032 4799 vibretur
1063 4759 1076 4794 :
1109 4741 1374 4794 hastarum
1407 4736 1599 4804 fragor,
1628 4747 1795 4801 equo-

216 4860 444 4915 rumque
490 4841 725 4896 hinnitus
768 4836 832 4889 ad
879 4836 1048 4904 ipsum
1093 4830 1276 4885 caelum
1325 4826 1518 4880 feratur
1563 4839 1576 4874 :
1629 4838 1797 4890 neque

213 4954 387 5000 mare,
407 4952 578 5006 neque
596 4945 733 4988 terra
752 4937 1022 5000 appareat,
1041 4925 1132 4980 sed
1151 4938 1223 4978 aes
1243 4932 1297 4976 et
1321 4921 1511 4974 ferrum
1531 4917 1758 4986 undique
1778 4929 1793 4968 :

212 5034 455 5103 ipsisque
474 5024 816 5083 bellatoribus
827 5017 1032 5074 adversi
1049 5017 1161 5070 acie
1175 5017 1422 5066 instructa
1440 5020 1579 5064 stent
1597 5007 1793 5070 hostes,

210 5096 312 5179 feri
365 5096 585 5190 quidam
641 5125 921 5181 trucesque
973 5107 1090 5162 viri.
1147 5105 1309 5159 lustct
1358 5104 1465 5170 jam
1522 5096 1846 5168 ÏÎ¿Î¹Î¹á½·Î¹á½¶Î¿Î¹Î¹Î¹Îµ,

210 5226 429 5285 tempus
454 5230 467 5263 :
493 5211 617 5264 hinc
643 5216 850 5276 raptum
878 5201 1136 5272 quispiam
1167 5196 1576 5254 adolescentem,
1601 5191 1650 5242 in
1673 5204 1799 5257 agro

208 5279 541 5368 educatum,
573 5299 662 5371 qui
707 5304 898 5366 prmter
929 5289 1249 5361 pastoritiam
1299 5286 1461 5356 lyram
1509 5292 1561 5336 et
1610 5279 1798 5349 pedum

211 5397 346 5450 nihil
380 5370 604 5462 prorsus
627 5389 760 5443 sciat
791 5403 806 5441 :
837 5385 1114 5453 ipsumque
1144 5388 1404 5431 armatura
1432 5388 1568 5429 aerea
1598 5370 1798 5436 induat,

209 5503 273 5540 ac
345 5459 442 5554 per
508 5491 678 5535 totum
743 5474 1034 5530 exercitum
1098 5465 1455 5522 circumducat
1485 5504 1500 5527 ,
1559 5459 1802 5516 ostendat

210 5553 520 5646 manipulos
575 5567 1068 5636 tnatnpulorummte
1119 5559 1404 5620 ductores,
1461 5553 1797 5623 sagtttarios,

212 5643 442 5721 [truditur
457 5678 541 5729 es,
575 5660 821 5716 ordinum
867 5653 1165 5725 praefectos,
1198 5649 1382 5714 duces,
1412 5643 1800 5716 cataphractos,

1451 263 1537 320 DE
1572 263 2018 321 SACERDOTIO.
2060 264 2186 320 LIB.
2237 264 2314 320 á¼¨.

3396 282 3502 336 690

1924 377 2148 446 equites,
2189 377 2525 447 jaculatores,
2565 381 2827 450 triremes,
2861 385 3154 442 triremium
3193 390 3492 458 prata-ctus,

1918 469 2147 523 munitos
2164 470 2356 524 ibidem
2376 473 2590 540 milites,
2607 477 2967 531 machinarum
2982 481 3244 534 navalium
3264 485 3490 552 copiam:

1917 561 2160 615 ostendat
2186 563 2310 617 item
2338 563 2564 618 hostium
2590 567 2757 621 aciem
2782 570 3101 637 universam,
3123 573 3492 632 formidolosus

1916 661 2181 720 aspectus,
2217 669 2480 710 armorum
2526 670 2832 726 apparatum
2861 661 3147 731 diversum,
3181 665 3491 722 immensam

1888 743 2345 808 â€˜multitudinem,
2405 747 2607 813 valles,
2673 749 2776 803 alta
2846 753 3172 822 prtecipitia,
3233 761 3490 813 moutimn

1915 833 2163 887 scabrosa
2213 851 2227 886 :
2274 836 2516 889 ostendat
2560 838 2682 890 item
2727 840 2865 908 apud
2912 840 3240 899 adversarios
3285 849 3492 916 equites

1914 925 2225 994 quibusdam
2271 929 2547 997 praestigiis
2577 929 2817 984 volantes
2844 971 2858 994 ,
2900 942 2952 987 et
2980 936 3346 1005 cataphractos
3395 955 3490 1009 per

1912 1031 2088 1070 aerem
2105 1017 2325 1076 delatos.
2340 1019 2615 1089 omnisque
2633 1023 3000 1078 incantationis
3013 1029 3114 1080 vim
3128 1029 3498 1099 Specicmqnez'

1911 1119 2184 1162 recenseat
2202 1107 2298 1176 ipsi
2315 1108 2572 1162 bellorum
2589 1111 2933 1175 calamitates,
2955 1115 3226 1170 missilium
3252 1119 3445 1174 nubem
3464 1143 3481 1186 ,

1911 1197 2134 1251 telorum
2168 1197 2412 1262 imbrem,
2431 1198 2555 1253 hinc
2581 1216 2820 1269 magnam
2843 1204 3116 1272 caliginem
3145 1215 3197 1259 et
3215 1209 3479 1275 tenebras,

1910 1285 2337 1341 obscurissimam
2369 1299 2598 1358 noctem,
2631 1305 2787 1360 quam
2819 1295 3125 1362 sagittarum
3156 1296 3236 1350 vis
3263 1296 3480 1364 efficiat,

1910 1378 1978 1431 ita
2023 1388 2078 1431 ut
2120 1379 2207 1432 illa
2254 1387 2394 1433 tanta
2436 1378 2727 1449 frequentia
2774 1384 2977 1439 solares
3013 1385 3189 1439 radios
3229 1397 3479 1443 avertat:

1907 1467 2178 1538 pulverem
2209 1486 2312 1522 non
2358 1470 2570 1534 minus,
2617 1487 2772 1540 quam
2824 1474 3107 1542 tenebras,
3153 1477 3337 1532 oculos
3381 1479 3480 1531 ob-

1907 1571 2247 1625 scurantem,
2303 1562 2571 1630 sanguinis
2625 1563 2802 1629 rivos,
2860 1565 3156 1618 cadentium
3212 1569 3476 1637 gemitus,

1906 1653 2156 1706 stamimn
2213 1653 2514 1719 clamores,
2573 1664 2953 1723 prostratorum
3017 1671 3275 1722 acervos,
3335 1670 3480 1714 rotas

1905 1744 2158 1812 sanguine
2203 1745 2426 1806 tinctas,
2468 1761 2631 1812 eqttos
2675 1761 2794 1799 cum
2841 1749 3137 1802 sessmibus
3182 1751 3473 1818 praecipitet

1905 1843 2052 1887 actos
2079 1849 2107 1886 a
2137 1835 2472 1889 multitudine
2513 1835 2825 1890 cadaverum
2850 1877 2866 1904 ,
2914 1848 3104 1892 terram
3133 1842 3332 1894 mixtim
3364 1842 3476 1897 ha-e

1903 1924 2081 1978 omnia
2122 1935 2384 1979 tenentem
2410 1967 2424 1990 ,
2455 1927 2759 1994 sanguinem
2783 1966 2800 1993 ,
2831 1943 2982 1981 arcus
3006 1969 3020 1990 ,
3050 1930 3149 1982 tela
3177 1969 3189 1990 ,
3218 1947 3476 2000 equorum

1904 2015 2144 2084 ungulas,
2169 2015 2542 2084 hominumque
2559 2017 2727 2086 capita
2748 2018 2901 2070 simul
2923 2019 3149 2087 jacentia
3169 2031 3219 2074 et
3239 2019 3472 2085 brachia,

1903 2107 2094 2159 collum
2121 2148 2134 2170 ,
2164 2107 2341 2159 tibiam
2367 2147 2382 2170 ,
2414 2115 2594 2172 pectus
2638 2106 2923 2160 dissectum
2949 2148 2962 2171 ,
2991 2108 3249 2164 cerebella
3289 2109 3476 2179 gladiis

1902 2196 2195 2261 haerentia,
2230 2197 2315 2251 teli
2361 2196 2634 2266 cuspidem
2679 2197 2945 2252 effractam
2971 2240 2987 2262 ,
3019 2200 3334 2270 oculumque
3375 2218 3475 2255 cett

1902 2287 2228 2340 intibulatum
2283 2287 2562 2340 habentem
2612 2302 2626 2340 :
2676 2297 2887 2342 enarret
2933 2290 3058 2344 item
3111 2293 3306 2346 nautici
3351 2293 3474 2348 belli

1901 2379 2058 2445 mala,
2079 2378 2322 2432 triremes
2347 2379 2477 2432 alias
2508 2379 2695 2433 mediis
2721 2381 2770 2433 iu
2802 2379 3043 2436 ï¬‚uctibus
3068 2383 3470 2454 conï¬‚agrantes,

1899 2469 2030 2523 alias
2071 2485 2191 2523 cmn
2238 2469 2488 2523 militibus
2537 2470 2664 2537 ipsis
2705 2471 3012 2538 demersas,
3067 2472 3315 2528 fluctuum
3361 2475 3474 2529 fra-

1897 2574 2117 2629 gorem,
2169 2570 2443 2614 nautarum
2502 2561 2822 2626 tumultum,
2871 2563 3092 2617 militum
3145 2564 3470 2632 clamorem,

1899 2650 2037 2703 unda
2083 2651 2437 2720 sanguineque
2469 2653 2682 2704 mixtam
2728 2667 2968 2720 spumam
2995 2695 3008 2716 ,
3041 2653 3387 2725 eamdemque
3418 2658 3470 2711 in

1898 2738 2120 2792 navibus
2163 2740 2315 2792 simul
2369 2741 2611 2793 omnibus
2662 2741 3081 2810 irrumpentem,
3129 2744 3182 2798 in
3227 2745 3471 2802 tabulatis

1898 2828 2192 2896 cadavera,
2241 2830 2340 2884 alia
2387 2830 2511 2882 item
2557 2831 2794 2884 demersa
2823 2873 2836 2895 ,
2885 2833 2986 2886 alia
3035 2837 3466 2902 supernatantia,

1898 2919 1996 2973 alia
2024 2928 2155 2974 mstu
2201 2920 2362 2972 maris
2387 2919 2452 2972 ad
2497 2919 2642 2973 littus
2683 2922 2897 2989 appulsa
2923 2961 2938 2986 ,
2969 2923 3068 2976 alia
3114 2924 3164 2977 in
3194 2924 3320 2993 ipsis
3363 2924 3468 2979 ï¬‚u-

1897 3012 2070 3066 ctibus
2100 3012 2305 3078 obruta,
2326 3028 2442 3082 quae
2469 3012 2688 3066 navibus
2705 3012 2804 3065 iter
2827 3013 3071 3067 claudant
3091 3031 3104 3066 :
3124 3016 3472 3085 omnibusque

1899 3104 2020 3158 belli
2045 3103 2311 3172 tragmdiis
2341 3111 2584 3157 accurate
2613 3103 2877 3166 exhibitis,
2902 3103 3057 3156 addat
3077 3114 3130 3158 et
3155 3107 3472 3175 captivitatis

1897 3196 2263 3262 ealamitates,
2311 3202 2366 3249 et
2415 3195 2556 3248 omni
2608 3205 2777 3248 morte
2824 3195 3089 3248 duriorem
3137 3198 3467 3252 servitutem.

1898 3287 1989 3344 His
2016 3301 2174 3357 porro
2212 3285 2363 3339 dictis
2387 3327 2402 3349 ,
2429 3285 2615 3355 jubeat
2649 3301 2838 3354 equum
2869 3285 3042 3337 Statim
3071 3287 3460 3352 conscendere,

1899 3380 2238 3449 universique
2281 3379 2418 3432 illius
2448 3378 2710 3448 exercitus
2754 3378 2940 3432 ducem
2984 3392 3160 3445 agere.
3194 3379 3273 3432 An
3317 3384 3463 3448 putat

1897 3470 2349 3524 adolescentulum
2384 3468 2528 3522 illum
2548 3469 2627 3522 vel
2648 3469 2811 3521 solam
2833 3467 3021 3521 hnrttm
3062 3470 3412 3522 narrationem
3445 3476 3461 3505 Î¹

1899 3563 2034 3615 ferre
2067 3574 2220 3629 posse
2244 3601 2259 3625 ,
2305 3574 2366 3613 ac
2411 3574 2514 3612 non
2559 3560 2733 3626 potius
2762 3557 2844 3611 vel
2873 3573 2901 3611 a
2935 3559 3102 3626 primo
3134 3559 3208 3612 rei
3251 3567 3467 3628 aspectu

1897 3653 2077 3704 animo
2098 3650 2424 3704 defecturmu
2448 3648 2600 3703 esse?

1971 3743 2055 3796 15.
2094 3739 2244 3795 Omni
2287 3756 2454 3810 pugna
2483 3739 2888 3793 vehementiorem
2930 3755 3035 3792 esse
3072 3737 3256 3792 diaboli
3283 3738 3334 3790 in
3381 3755 3471 3792 nos

1899 3832 2159 3886 assnllum.
2178 3859 2250 3870 -â€”-
2265 3831 2340 3884 Ac
2358 3845 2424 3884 ne
2449 3838 2600 3898 putes
2625 3845 2708 3882 me
2723 3844 2836 3886 rem
2862 3830 3102 3883 oratiOue
3124 3827 3467 3895 amplificare,

1899 3937 2031 3976 neve
2072 3922 2192 3991 quia
2237 3919 2337 3974 hoc
2360 3935 2582 3988 corpore
2611 3934 2706 3972 ceu
2731 3919 2958 3987 quodam
3000 3933 3212 3974 carcere
3240 3918 3424 3972 inclusi
3451 3958 3466 3982 ,

1900 4013 2238 4068 invisibilium
2271 4011 2397 4066 nihil
2429 4026 2644 4079 prorsus
2686 4025 2905 4064 cernere
2935 4024 3212 4078 possumus
3237 4050 3251 4073 ,
3282 4024 3470 4078 magna

1898 4119 2016 4159 esse
2033 4104 2194 4158 ducas
2217 4119 2298 4166 ea,
2318 4119 2434 4172 qua:
2451 4118 2480 4156 a
2499 4117 2581 4156 me
2596 4101 2732 4156 dicta
2755 4112 2895 4154 sunt.
2917 4101 3078 4154 Multo
3105 4101 3201 4155 hac
3218 4101 3468 4167 majorem

1899 4205 1953 4249 et
1979 4195 2364 4249 horribiliorem
2393 4209 2618 4263 pugnam
2646 4191 2873 4255 videres,
2907 4192 2950 4245 si
2979 4190 3470 4261 caliginosissimam

1899 4288 2092 4342 diaboli
2139 4287 2341 4351 aciem,
2392 4285 2750 4353 furiosumque
2797 4285 3100 4338 conï¬‚ictum
3145 4284 3312 4337 oculis
3357 4284 3473 4337 istis

1899 4395 2120 4433 cernere
2163 4391 2363 4446 posses.
2392 4377 2507 4431 Non
2551 4379 2691 4431 enim
2738 4376 2843 4430 illic
2874 4376 3067 4429 ferrum
3107 4383 3196 4428 aut
3222 4391 3296 4429 tes
3319 4417 3334 4442 ,
3367 4392 3471 4430 nou

1901 4473 2062 4542 equi,
2094 4485 2280 4525 currus
2323 4477 2378 4523 et
2417 4477 2546 4523 rota:
2571 4511 2587 4534 ,
2622 4483 2726 4522 non
2768 4468 2903 4537 ignis
2944 4475 2999 4522 et
3037 4467 3138 4522 tela
3162 4507 3180 4535 ,
3212 4482 3314 4520 non
3361 4468 3474 4522 hzec

1905 4565 2155 4627 visibilia;
2179 4562 2270 4616 sed
2289 4562 2386 4614 alia
2407 4561 2571 4615 multo
2600 4561 2680 4613 his
2698 4559 3008 4614 terribiliora
3031 4560 3472 4613 machinamenta.

1902 4655 2233 4709 Adversariis
2261 4655 2376 4707 istis
2408 4652 2536 4706 nihil
2563 4667 2696 4721 opus
2721 4660 2802 4705 est
2833 4651 3046 4706 thorace
3070 4691 3085 4715 ,
3114 4667 3216 4703 non
3243 4649 3431 4718 clypeo
3454 4689 3470 4709 ,

1903 4761 2004 4800 non
2033 4744 2249 4799 ensibus
2273 4752 2326 4796 et
2353 4744 2515 4796 hastis
2541 4758 2557 4807 ;
2587 4743 2677 4796 sed
2704 4743 2790 4796 vel
2814 4743 2958 4796 solus
2981 4738 3318 4795 exsecranda:
3342 4736 3474 4791 aciei

1903 4847 2148 4905 aSpectus
2199 4835 2426 4887 animam
2457 4833 2747 4886 dissolvere
2799 4833 3005 4900 possit,
3039 4830 3137 4884 nisi
3191 4825 3474 4883 adun:dum

1901 4941 2157 4996 generosa
2187 4924 2344 4978 fuerit
2369 4968 2382 4987 ,
2413 4934 2465 4978 et
2493 4940 2601 4992 prie
2627 4923 2819 4976 virtute
2849 4923 3058 4990 propria
3089 4921 3248 4973 multa
3275 4919 3476 4971 fruatur

1903 5034 1932 5071 a
1967 5019 2072 5071 Deo
2117 5017 2464 5086 providentia.
2495 5017 2572 5069 Ac
2615 5015 2659 5069 si
2705 5014 2815 5068 ï¬eri
2865 5022 3040 5081 posset
3069 5021 3125 5064 ut
3169 5010 3271 5063 hoc
3315 5017 3475 5060 exuto

1904 5125 2164 5178 corpore,
2192 5108 2276 5162 vel
2320 5124 2438 5161 cum
2485 5107 2599 5176 ipso
2641 5120 2902 5176 corpore,
2930 5104 3213 5171 conspicuo
3257 5114 3319 5154 ac
3363 5099 3478 5153 sine

1907 5201 2094 5253 timore
2138 5207 2300 5252 totam
2332 5198 2444 5266 ejus
2488 5197 2656 5250 aciem
2703 5204 2757 5248 et
2803 5193 2995 5248 bellum
3025 5201 3206 5246 centra
3252 5206 3348 5243 nos
3393 5189 3478 5242 iu-

1905 5298 2161 5343 Structum
2210 5289 2336 5358 ipsis
2365 5287 2532 5340 oculis
2572 5301 2819 5340 cerneres
2851 5301 2864 5336 :
2896 5283 3102 5336 videres
3145 5281 3326 5350 utique
3372 5295 3477 5334 non

1906 5380 2173 5449 sanguinis
2224 5386 2486 5432 torrentes
2509 5417 2524 5442 ,
2557 5392 2661 5428 non
2713 5373 2969 5428 cadavera
2995 5411 3010 5437 ,
3043 5371 3135 5424 sed
3182 5371 3476 5424 animarum

1908 5473 2086 5528 ruinas
2127 5479 2299 5524 tantas
2321 5510 2334 5534 ,
2363 5468 2604 5536 adeoque
2643 5465 2823 5536 gravia
2851 5463 3066 5518 vulnera
3092 5503 3108 5527 ,
3141 5470 3196 5514 ut
3241 5469 3350 5515 tota
3394 5459 3480 5514 illa

1972 5649 1989 5678 á½·
2024 5645 2095 5694 sic
2116 5640 2278 5692 Morel.
2300 5654 2314 5703 ;
2336 5638 2425 5689 sed
2443 5637 2580 5688 Savil.
2608 5643 2659 5688 et
2678 5633 2859 5698 aliquot
2889 5639 3016 5694 uss,
3034 5631 3398 5683 ordinationem.
