4050 6160
484 252 577 310 69!

484 365 610 421 belli
660 364 982 435 descriptio,
1032 379 1188 434 quam
1238 363 1396 417 modo
1442 361 1715 429 expressi,
1770 374 2053 429 puerorum

483 457 867 511 oblectamenta
917 464 973 510 et
1020 455 1128 509 ludi
1178 469 1298 509 esse
1325 453 1602 506 videantur
1653 451 1865 522 potius,
1895 466 2051 520 quam

485 547 725 602 bellum:
760 555 862 598 tam
908 546 1054 599 multi
1099 544 1301 599 scilicet
1342 543 1377 598 ii
1420 553 1544 598 sunt
1570 542 1658 612 qui
1697 542 1929 613 quotidie
1974 543 2053 597 fe-

485 641 713 693 riuntur.
735 637 968 692 Vulnera
992 647 1166 690 autent
1192 651 1295 689 non
1320 635 1558 690 eamdem
1587 634 1819 688 inferunt
1845 648 2052 697 necem,

487 729 578 786 sed
606 738 863 799 quantum
886 735 967 781 est
1007 726 1146 782 inter
1173 726 1403 780 animam
1433 733 1488 779 et
1513 739 1706 793 corpus
1730 723 2012 777 discrimen
2037 761 2053 786 ,

488 829 629 873 tanta
673 830 755 873 est
798 819 934 872 inter
976 817 1110 870 hanc
1153 825 1207 871 et
1247 817 1391 871 illam
1421 814 1731 869 differentia.
1760 812 1890 868 Nam
1935 828 2053 867 cum

483 913 659 964 anima
691 910 890 979 plagam
920 909 1109 979 accipit
1148 917 1203 963 ct
1237 909 1418 976 cadit,
1457 923 1561 962 non
1591 907 1707 961 sine
1735 922 1892 962 sensu
1914 906 2058 976 jacet

486 1011 545 1056 nt
586 1016 815 1069 corpus;
844 999 937 1055 sed
975 1000 1085 1069 jam
1127 1001 1250 1055 inde
1291 1017 1354 1054 ex
1383 1001 1517 1053 mala
1559 1000 1881 1055 conscientia
1922 1014 2052 1053 con-

488 1091 745 1156 tabescit,
778 1100 895 1159 post
919 1091 1116 1144 obitum
1150 1106 1276 1144 vero
1299 1132 1314 1156 ,
1337 1090 1521 1159 judicii
1551 1098 1787 1157 tempore
1809 1129 1824 1154 ,
1855 1098 2056 1144 aeterno

487 1181 710 1234 traditur
736 1181 1010 1251 supplicio.
1042 1181 1192 1249 Quod
1218 1182 1261 1236 si
1304 1182 1422 1252 quis
1450 1180 1517 1235 de
1554 1181 1860 1234 vulneribus
1888 1196 1916 1233 a
1946 1181 2061 1235 dia-

488 1269 609 1323 bolo
653 1269 863 1324 inﬂictis
904 1271 1035 1324 nihil
1080 1271 1293 1335 doleat,
1342 1270 1512 1338 majus
1554 1270 1651 1339 ipsi
1695 1269 1943 1323 damnum
1991 1286 2055 1324 ex

490 1359 772 1414 indolentia
799 1361 885 1414 illa
914 1360 1164 1431 inﬂigitur
1194 1378 1208 1415 :
1240 1376 1394 1430 quem
1421 1361 1559 1415 enim
1606 1361 1748 1429 prior
1775 1360 1923 1429 plaga
1954 1376 2057 1413 non

491 1450 699 1505 mordet
720 1492 735 1516 ,
781 1451 825 1504 is
848 1451 1133 1506 secundam
1163 1459 1216 1506 ct
1241 1450 1464 1504 subinde
1489 1450 1643 1503 aliam
1674 1448 1824 1503 facile
1851 1450 2059 1517 recipit.

488 1540 759 1610 Siquidem
800 1541 1031 1596 nefarius
1071 1541 1157 1595 ille
1188 1556 1355 1610 usque
1397 1540 1462 1594 ad
1492 1550 1791 1595 extremum
1837 1539 2057 1593 halitum

489 1646 775 1701 numquam
818 1632 974 1685 linem
1003 1630 1223 1686 feriendi
1264 1629 1429 1697 facit,
1458 1630 1503 1685 si
1545 1629 1787 1698 supinam
1832 1628 2063 1683 inveniat

489 1724 716 1776 animam
741 1763 757 1781 .
790 1723 1097 1792 prioresque
1145 1722 1322 1793 plagas
1368 1729 1793 1776 contemnentem
1819 1737 1833 1783 ;
1863 1721 2060 1776 etenim

488 1816 532 1868 si
574 1814 849 1868 conﬂictus
894 1814 1106 1869 modum
1134 1813 1454 1887 expendere
1497 1813 1664 1880 velis,
1715 1812 1856 1868 hunc
1897 1812 2061 1867 vehe-

489 1906 839 1972 mentiorem,
894 1904 1323 1975 callidioremqne
1380 1904 1632 1973 reperias.
1686 1903 1868 1973 Neque
1919 1904 2060 1958 enim

488 1996 763 2064 quisquam
792 2005 892 2059 est,
917 1996 1004 2065 qui
1034 1995 1234 2050 fraudis
1260 2005 1313 2049 et
1338 1995 1441 2050 doli
1471 2003 1641 2049 tantas
1666 1996 1873 2062 species
1900 1996 2060 2059 norit,

489 2095 713 2155 quantas
760 2087 847 2141 ille
889 2088 1191 2141 scelestus:
1224 2101 1393 2156 neque
1446 2087 1746 2141 inimicitias
1790 2087 1907 2155 quis
1953 2095 2060 2139 tam

490 2177 849 2245 implacabiles
874 2192 1122 2232 exercere
1150 2177 1313 2245 possit
1337 2186 1521 2231 contra
1547 2177 1646 2230 sibi
1675 2176 2062 2230 infcnsissimos

493 2265 690 2327 hostes.
710 2275 935 2335 quantas
952 2266 1209 2333 malignus
1234 2266 1323 2322 ille
1348 2267 1553 2321 daemon
1570 2276 1752 2321 contra
1778 2266 2061 2319 humanam

492 2367 755 2412 naturam.
785 2358 1028 2412 Animum
1074 2367 1247 2414 autem
1273 2357 1318 2413 si
1359 2358 1476 2428 quis
1512 2358 1889 2412 examinaverit
1913 2398 1929 2422 ,
1960 2371 2065 2424 quo

491 2463 719 2517 pugnam
746 2448 1028 2503 committit
1049 2489 1063 2513 ,
1096 2457 1240 2504 certe
1276 2449 1552 2502 ridicuhun
1579 2447 1781 2516 putabit
1823 2446 2066 2501 homines

494 2539 591 2607 ipsi
639 2537 737 2593 hac
778 2544 831 2592 in
883 2548 1031 2609 parte
1074 2538 1326 2594 conferri.
1363 2539 1453 2593 Sin
1496 2538 1921 2592 iraeundissimas
1951 2546 2062 2590 tru-

491 2629 981 2699 colentissimasque
1022 2627 1164 2684 feras
1192 2630 1448 2699 quispiam
1479 2629 1715 2699 deligens
1741 2670 1756 2696 ,
1788 2644 1879 2683 eas
1926 2628 2066 2684 illius

493 2721 712 2775 insania:
763 2736 1072 2791 comparare
1124 2722 1386 2788 voluerit,
1443 2711 1892 2775 mansuetissimas
1944 2720 2064 2774 illas

494 2809 1006 2881 humanissimasque
1032 2827 1150 2867 cum
1177 2812 1266 2866 illo
1290 2821 1623 2881 comparatas
1647 2826 1767 2866 esse
1794 2810 2061 2866 inveniet:

498 2910 696 2961 tantum
749 2901 840 2955 ille
893 2900 1122 2956 furorem
1175 2901 1375 2970 spirat,
1432 2916 1551 2954 cum
1602 2901 1806 2954 animas
1858 2907 2066 2953 nostras

492 2990 750 3045 adoritur.
778 2990 971 3060 Pugna:
1014 3005 1170 3060 porro
1201 2991 1470 3044 hominum
1500 2990 1659 3044 breve
1706 2998 1912 3059 tempus
1941 2997 2060 3057 est;

495 3083 602 3134 imo
629 3082 679 3135 in
708 3081 805 3137 hac
832 3080 1085 3136 brevitate
1111 3082 1364 3151 temporis
1392 3081 1572 3135 multa:
1599 3081 1789 3134 dantur
1816 3080 2060 3135 induciae.

493 3172 604 3227 Nox
632 3173 825 3244 quippe
850 3173 1229 3242 superveniens
1253 3214 1267 3237 ,
1295 3182 1347 3226 et
1371 3172 1642 3227 occidendi
1668 3172 1819 3225 labor
1839 3212 1855 3238 ,
1885 3180 1939 3225 et
1962 3171 2063 3226 cibi

494 3265 732 3335 capiendi
787 3272 992 3334 tempus
1016 3306 1031 3331 ,
1062 3266 1268 3333 aliaque
1321 3265 1485 3318 multa
1511 3306 1523 3327 ,
1557 3264 1706 3317 militi
1757 3262 2062 3334 quiescendi

494 3365 806 3426 potestatem
838 3356 1071 3421 faciunt,
1103 3357 1173 3410 ita
1198 3366 1255 3410 ut
1279 3366 1596 3410 armaturam
1622 3371 1837 3409 omnem
1865 3371 1965 3408 exu
1985 3363 2022 3408 tt
2045 3394 2060 3421 ,

496 3461 782 3516 parumque
822 3447 1082 3516 respiret,
1111 3460 1271 3515 seque
1300 3445 1417 3501 cibo
1460 3456 1691 3515 potuque
1720 3445 1921 3500 reficiat
1945 3487 1959 3509 ,
2002 3459 2066 3498 ac

495 3537 676 3590 multis
704 3537 821 3591 aliis
863 3536 1022 3591 rebus
1066 3537 1309 3604 pristinas
1339 3537 1476 3591 vires
1503 3545 1799 3606 recuperet.
1843 3534 1899 3589 In
1928 3536 2065 3591 bello

495 3637 671 3683 autem
715 3637 898 3682 contra
925 3629 1210 3699 malignum
1256 3628 1400 3681 illum
1442 3643 1726 3698 numquam
1772 3629 1892 3683 licet
1918 3643 2064 3682 arma

497 3732 695 3787 ponere
717 3757 732 3781 ,
776 3730 873 3772 nec
901 3731 1143 3772 somnum
1188 3732 1379 3784 capere
1419 3732 1538 3771 eum
1569 3718 1656 3786 qui
1685 3717 1813 3771 velit
1855 3732 2067 3787 semper

496 3807 855 3865 invulneratus
896 3823 1031 3863 esse.
1060 3808 1138 3863 Ex
1179 3807 1384 3862 duobus
1409 3808 1547 3860 enim
1576 3823 1735 3861 unum
1767 3810 2066 3864 necessario

495 3899 654 3969 eligat
674 3907 884 3970 oportet
907 3940 923 3967 ,
952 3908 1011 3953 ut
1032 3910 1124 3954 aut
1149 3900 1302 3954 cadat
1327 3910 1383 3955 et
1411 3910 1590 3969 pereat
1614 3901 1775 3956 armis
1802 3901 2024 3956 nudatus
2048 3943 2062 3966 ,

494 3999 584 4046 aut
627 4000 860 4045 armatus
905 3999 1012 4046 stet
1052 3991 1331 4061 vigiletqne
1374 4006 1605 4061 semper.
1651 3992 1782 4046 Nam
1832 3993 1919 4047 ille
1962 4003 2068 4047 stat

497 4092 750 4152 perpetuo
775 4099 893 4138 cum
918 4083 1035 4139 acie
1061 4099 1175 4148 sua,
1195 4094 1429 4139 nostram
1451 4085 1727 4155 segnitiem
1754 4084 2063 4149 observans,

494 4172 769 4243 majusque
810 4173 1041 4228 studium
1066 4173 1131 4227 ad
1163 4182 1395 4227 nostram
1440 4173 1726 4243 perniciem
1769 4174 2025 4229 adhibens
2046 4217 2063 4241 ,

493 4279 650 4332 quam
676 4281 773 4320 nos
796 4265 860 4319 ad
889 4266 1111 4320 salutem
1152 4273 1406 4320 nostram.
1436 4269 1514 4320 Ac
1541 4265 1680 4335 quod
1710 4280 1738 4318 a
1770 4265 1921 4319 nobis
1960 4280 2063 4320 non

494 4355 732 4410 videatur
754 4399 768 4421 ,
796 4358 1040 4427 quodque
1063 4358 1350 4428 derepente
1374 4357 1630 4427 irrumpat
1657 4356 1812 4429 (qua:
1836 4355 2065 4412 maxime

1197 251 1252 307 S.
1293 246 1569 305 JOANNIS
1607 245 2075 303 CIIRYSOSTOMI
2113 244 2427 303 ARCHIEP.
2470 243 2984 303 CONSTANTINOP

3629 243 3730 299 σω

2158 365 2212 415 ln
2239 375 2399 415 causa
2427 369 2551 414 sunt
2574 357 3033 414 innumerabilium
3062 358 3371 429 malorum),
3397 356 3448 413 id
3476 369 3624 413 certe
3644 359 3730 425 iis,

2158 452 2245 522 qui
2278 466 2383 505 non
2411 463 2621 519 semper
2647 449 2902 519 vigilant,
2931 449 3098 518 magis
3138 448 3355 504 dubium
3385 449 3543 517 hujus
3575 465 3739 520 quam

2159 542 2301 596 illius
2347 542 2470 596 belli
2521 551 2767 596 eventum
2815 539 2959 595 facit.
3016 541 3112 595 llic
3162 540 3320 611 igitur
3374 556 3472 595 nos
3522 540 3737 595 volebas

2158 632 2355 686 milites
2381 630 2572 687 Christi
2600 631 2838 687 ducere?
2867 632 2934 685 At
2961 631 3061 685 hoc
3085 630 3271 685 fuisset
3312 630 3523 685 diabolo
3547 631 3735 686 ducem

2159 736 2278 776 esse
2299 761 2312 774 .
2333 736 2452 775 nam
2470 737 2590 777 eum
2617 723 2681 787 is,
2701 723 2788 792 qui
2808 722 2965 777 debet
2987 722 3118 777 alios
3143 721 3211 776 ad
3235 722 3430 776 bellum
3451 722 3735 789 instruere,

2161 811 2395 882 ipsisque
2440 816 2702 880 imperare
2724 853 2740 878 ,
2772 812 3008 867 omnium
3039 812 3463 881 imperitissimus
3491 815 3742 867 inﬁrmis-

2160 902 2430 972 simusque
2457 910 2577 967 est,
2606 903 2864 972 imperitia
2909 918 3001 957 sua
3031 901 3367 957 coocreditos
3400 903 3501 957 sibi
3544 903 3743 958 milites

2162 991 2391 1060 prodens
2412 1032 2427 1057 ,
2461 991 2669 1047 diabolo
2707 994 2875 1063 magis
2897 1033 2911 1056 ,
2956 1008 3112 1062 quam
3141 992 3352 1047 Christo
3377 996 3568 1047 ducem
3609 993 3738 1064 agit.

2160 1082 2240 1135 Tu
2292 1097 2419 1137 vero
2469 1081 2595 1152 quid
2651 1083 2988 1152 ingemiscis.
3039 1082 3165 1153 quid
3218 1082 3572 1155 laerymaris?
3621 1084 3741 1139 Non

2161 1174 2302 1227 enim
2331 1190 2448 1243 qua:
2474 1173 2539 1228 ad
2570 1189 2655 1227 me
2686 1176 2949 1242 pertinent
2974 1189 3115 1229 nunc
3142 1175 3390 1245 lacrymis
3414 1174 3570 1245 digna
3593 1186 3740 1242 sunt,

2161 1266 2257 1319 sed
2299 1264 2490 1334 gaudio
2515 1274 2569 1320 et
2612 1265 2808 1319 lzetitia.
2843 1264 3172 1322 BASILIUS.
3202 1268 3271 1320 At
3296 1280 3401 1320 non
3430 1266 3553 1321 item
3582 1281 3698 1321 mea
3722 1306 3740 1333 ,

2162 1354 2351 1425 inquit,
2368 1355 2467 1410 sed
2490 1356 2660 1425 potius
2677 1358 2940 1411 Sexcetttis
2968 1366 3091 1410 sunt
3118 1356 3275 1426 digna
3304 1356 3622 1425 planctibus.
3646 1356 3745 1410 Vix

2162 1447 2303 1501 enim
2356 1447 2610 1501 hactenus
2661 1446 3087 1501 animadvertere
3139 1446 3325 1515 potui,
3383 1446 3435 1499 in
3489 1454 3744 1515 quantum

2163 1540 2423 1593 malorum
2451 1553 2538 1593 me
2580 1539 2892 1607 conjeceris.
2933 1538 3202 1607 Siquidem
3232 1538 3352 1593 ideo
3393 1546 3444 1593 te
3467 1538 3701 1593 adieram
3725 1579 3743 1605 ,

2164 1629 2370 1698 utquid
2399 1629 2830 1684 criminatoribus
2861 1631 2964 1683 tuis
2990 1629 3119 1683 mihi
3146 1629 3573 1699 respondendum
3602 1639 3749 1686 esset

2163 1720 2459 1775 ediscerent
2494 1736 2507 1773 :
2541 1729 2595 1774 tu
2640 1736 2769 1775 vero
2815 1736 2900 1775 me
2944 1720 3167 1775 dimittis
3209 1736 3392 1775 curam
3441 1721 3599 1775 aliam
3647 1737 3745 1791 pro

2164 1811 2264 1864 alia
2293 1809 2554 1880 injiciens.
2582 1810 2697 1865 Non
2740 1811 2883 1865 enim
2905 1811 3015 1881 jam
3047 1811 3172 1865 mihi
3216 1826 3359 1864 curae
3386 1822 3467 1865 est
3490 1811 3614 1880 quid
3642 1812 3746 1866 illis

2167 1917 2263 1971 pro
2290 1909 2341 1956 te
2368 1901 2716 1971 respondeam
2743 1942 2758 1967 ,
2786 1902 2880 1957 sed
2924 1918 3081 1971 quam
3125 1903 3191 1957 ad
3221 1903 3383 1956 Deum
3415 1903 3610 1969 parabo
3650 1918 3747 1971 pro

2166 2009 2252 2048 me
2280 2008 2483 2063 proque
2510 1993 2661 2047 malis
2688 1993 2820 2047 meis
2844 1992 3226 2047 defensionem.
3247 1993 3511 2048 (Ia-terum
3538 2002 3588 2048 te
3618 2008 3749 2064 rogo

2166 2094 2222 2140 et
2248 2084 2472 2139 obsecro
2495 2125 2511 2149 ,
2541 2085 2586 2138 si
2627 2099 2728 2154 qua
2760 2085 2853 2138 tibi
2899 2093 2982 2139 est
3011 2100 3187 2139 rerum
3236 2100 3472 2139 mearum
3503 2099 3628 2138 cura
3650 2125 3667 2150 ,
3698 2084 3748 2139 si

2165 2191 2268 2245 qua
2314 2177 2365 2229 in
2394 2175 2606 2230 Christo
2650 2177 2940 2230 constilatio
2977 2175 3251 2247 (Philipp.
3297 2176 3351 2230 2.
3403 2177 3519 2246 l),
3550 2176 3594 2232 si
3639 2192 3749 2247 qua

2167 2267 2370 2321 viscera
2415 2275 2469 2321 et
2520 2268 3012 2321 commiserationes
3056 2266 3296 2336 (etenim
3340 2266 3480 2321 nosti
3522 2281 3608 2321 me
3658 2276 3748 2320 tua

2169 2356 2502 2424 potissimum
2521 2371 2679 2425 opera
2708 2356 2759 2410 in
2779 2356 2878 2411 hoc
2904 2357 3190 2424 periculum
3208 2358 3504 2426 conjectum
3522 2356 3705 2427 fuisse)
3729 2374 3744 2410 :

2168 2463 2381 2502 manum
2427 2449 2554 2502 mihi
2599 2449 2838 2519 porrigas
2861 2489 2875 2514 ,
2910 2449 2998 2503 illa
3040 2448 3225 2504 dicens
3253 2447 3558 2519 faciensque
3579 2490 3595 2515 ,
3627 2463 3749 2518 qua:

2167 2555 2266 2595 nos
2307 2538 2592 2595 emendare
2634 2539 2837 2610 possint
2869 2559 2882 2593 :
2916 2554 2983 2608 pe
3024 2539 3259 2593 animum
3291 2539 3508 2594 inducas
3529 2578 3545 2604 ,
3588 2547 3646 2592 ut
3680 2536 3751 2592 ad

2166 2631 2532 2687 brevissimum
2553 2646 2647 2686 nos
2665 2640 2869 2701 tempus
2883 2630 3126 2697 deseras;
3143 2631 3235 2686 sed
3255 2647 3395 2686 nunc
3413 2632 3577 2701 magis
3591 2646 3752 2700 quam

2168 2723 2314 2793 prius
2335 2737 2618 2777 comnmne
2642 2724 2713 2777 sit
2740 2722 2892 2777 nobis
2916 2722 3344 2777 contubernium.
3368 2720 3751 2777 CllRYSOST.

2167 2813 2282 2884 Ego
2324 2823 2497 2869 autem
2527 2814 2591 2867 ad
2629 2813 2745 2869 hzec
2769 2816 2927 2870 verba
2970 2815 3252 2870 subridens
3284 2834 3299 2870 :
3331 2817 3397 2870 Et
3421 2831 3523 2886 qua
3565 2815 3617 2870 in
3644 2832 3706 2870 re
3730 2857 3750 2883 ,

2167 2905 2403 2975 inquam,
2426 2904 2518 2959 tibi
2545 2905 2659 2959 usui
2688 2920 2806 2960 esse
2822 2905 3021 2975 possim
3050 2906 3100 2960 in
3129 2917 3270 2960 tanta
3296 2907 3384 2961 illa
3416 2908 3753 2977 negotiorum

2167 2995 2349 3049 mole?
2376 2995 2657 3056 Caeterum,
2689 2998 2809 3065 quia
2842 2996 2892 3050 id
2924 2996 3015 3050 tibi
3043 2998 3094 3050 in
3125 3007 3247 3051 voto
3269 3006 3371 3063 est,
3401 2998 3541 3053 bono
3566 2997 3752 3054 animo

2166 3096 2319 3148 esto,
2369 3101 2402 3140 ο
2448 3085 2700 3140 dilectum
2746 3086 2874 3140 mihi
2919 3096 3077 3156 caput
3117 3103 3131 3140 :
3179 3102 3284 3157 quo
3326 3089 3467 3143 enim
3509 3097 3753 3158 tempore

2166 3191 2195 3229 a
2226 3176 2366 3232 curis
2412 3176 2712 3245 hujusmodi
2757 3177 2847 3231 tibi
2895 3180 3159 3247 respirare
3201 3179 3413 3243 licebit,
3445 3178 3605 3234 adero
3649 3180 3747 3235 tibi

2168 3274 2323 3335 teque
2351 3266 2667 3320 consolabor
2688 3308 2703 3332 ,
2750 3275 3002 3336 quantum
3033 3269 3085 3322 in
3129 3284 3215 3322 me
3256 3274 3359 3322 erit
3401 3270 3542 3323 nulla
3569 3270 3659 3323 tibi
3692 3270 3750 3326 in

2167 3373 2226 3411 re
2268 3356 2567 3413 defuturus.
2595 3358 2673 3412 Ad
2702 3358 2816 3413 lucc
2858 3359 2948 3412 ille
2974 3359 3137 3429 magis
3181 3358 3519 3430 illacrymans
3558 3361 3752 3430 surgit.

2169 3446 2282 3517 Ego
2336 3462 2464 3502 vero
2520 3448 2691 3502 virum
2743 3449 3091 3518 complexus,
3149 3459 3410 3518 caputque
3464 3449 3754 3504 deoscula-

2167 3547 2252 3595 tus
2275 3581 2291 3605 ,
2320 3540 2492 3609 ipsum
2519 3540 2713 3595 deduxi
2759 3540 2996 3595 hortatus
3018 3582 3033 3606 ,
3068 3551 3126 3595 ut
3167 3541 3307 3611 quod
3332 3541 3596 3595 acciderat
3636 3540 3755 3595 for-

2168 3635 2290 3687 titer
2334 3632 2534 3699 ferret,
2583 3632 2665 3686 his
2711 3633 2888 3688 verbis
2920 3647 2934 3685 :
2966 3633 3240 3688 Fiduciam
3290 3634 3340 3687 in
3388 3633 3601 3688 Christo
3650 3634 3754 3688 ha-

2167 3724 2268 3779 beo
2300 3765 2314 3789 ,
2371 3726 2459 3794 qui
2506 3733 2558 3779 te
2604 3726 2818 3779 vocavit
2860 3725 3076 3795 suisque
3126 3724 3360 3795 prmfecit
3402 3724 3591 3779 ovibus
3624 3767 3638 3788 .
3699 3736 3757 3781 to

2168 3825 2366 3868 tantam
2412 3831 2481 3869 ex
2535 3814 2636 3870 hoc
2686 3815 2982 3869 ministerio
3023 3815 3401 3885 acquisiturum
3449 3815 3693 3869 fiduciam
3732 3856 3753 3882 ,

2168 3912 2226 3959 ut
2266 3921 2363 3960 nos
2406 3907 2490 3961 illa
2533 3907 2621 3962 die
2668 3908 3026 3978 periclitantes
3071 3909 3122 3962 in
3167 3918 3365 3963 aeterna
3409 3907 3756 3965 tabernacula

2168 3997 2392 4066 recipias
2434 3998 2473 4051 ⁸.

2233 4242 2248 4303 ξ
2287 4248 2334 4288 ιιι
2358 4239 2451 4289 fixe
2474 4239 2653 4303 addunt
2668 4240 2862 4303 quidam
2883 4240 3076 4303 codices
3104 4239 3241 4303 hanc
3261 4236 3341 4303 vel
3384 4237 3591 4303 similem
3614 4236 3756 4303 elau-

2170 4301 2341 4362 sulazn,
2364 4301 2520 4365 gratia
2543 4308 2588 4365 et
2612 4298 2941 4365 misericordia
2963 4302 3112 4365 nostri
3136 4300 3325 4365 benigm'
3354 4300 3455 4359 Dei,
3474 4299 3553 4349 cui
3572 4298 3757 4362 gloria,

2171 4373 2287 4421 etc.,
2311 4362 2454 4426 quam
2473 4364 2521 4411 in
2544 4362 2640 4412 ﬁne
2665 4363 2961 4412 ltomiliarum
2986 4364 3158 4425 [assint
3181 4362 3416 4411 videmus.

503 4593 3745 4634 Pw—W

1137 4754 1215 4815 IN
1258 4752 1670 4816 HOMILIAM
1713 4754 1877 4816 CUM
1916 4754 2376 4817 PRESBYTER
2424 4756 2605 4817 FUIT
2645 4756 3123 4823 ORDINATUS.

558 4936 709 4994 Hanc
764 4937 995 5008 primam
1052 4937 1244 4993 habuit
1300 4937 1584 4991 homiliam
1641 4938 2071 5011 Chrysostomus

488 5035 776 5099 postquam
829 5041 859 5080 a
896 5026 1155 5081 Flaviano
1190 5026 1494 5081 Antiochia:
1532 5027 1793 5098 episcopo
1841 5030 1894 5084 in
1936 5047 2060 5101 pre-

486 5123 766 5193 sbyterum
800 5120 1045 5175 adlectus
1071 5127 1125 5174 et
1154 5119 1443 5175 ordinatus
1495 5120 1618 5183 fuit,
1669 5121 1890 5177 ineunte
1916 5124 2067 5178 vide-

481 5211 610 5267 licet
645 5228 790 5267 anno
821 5210 969 5278 386;
1019 5221 1260 5280 tuncque
1306 5212 1543 5280 primum
1587 5213 1903 5267 concionari
1956 5229 2068 5270 cte-

482 5303 606 5374 pit,
656 5319 783 5357 eum
844 5304 1122 5366 antehac,
1179 5311 1239 5357 ut
1287 5302 1403 5371 ipse
1465 5304 1577 5368 ait,
1632 5304 1739 5360 hoc
1802 5306 2068 5373 palaestrae

483 5408 657 5463 genus
715 5409 993 5465 nunquam
1044 5395 1334 5466 attigisset.
1400 5394 1634 5460 Quando
1702 5408 1883 5450 autem
1965 5397 2070 5451 hoc

486 5484 724 5553 primum
786 5496 901 5541 tum
978 5488 1347 5559 eloquentize.
1426 5500 1539 5543 tum
1613 5489 1895 5543 modestiae
1957 5505 2070 5544 suae

485 5574 758 5644 specimen
782 5576 948 5643 dedit,
979 5579 1452 5645 adolescentulus,
1486 5579 1861 5650 μειρακίσκος,
1905 5589 2022 5635 erat
2049 5597 2062 5608 '

2173 4939 2278 4995 hoc
2311 4954 2507 5011 nempe
2548 4955 2607 4996 se
2639 4941 2862 4997 nomine
2896 4956 3006 4997 non
3056 4945 3225 5000 semel
3275 4947 3511 5017 appellat
3554 4949 3609 5004 in
3659 4950 3771 5007 hac

2172 5031 2433 5086 humilia:
2470 5048 2811 5103 quanquam,
2850 5034 2897 5089 si
2925 5034 3093 5091 ducto
3142 5037 3353 5093 calculo
3404 5055 3580 5095 annos
3632 5043 3770 5097 vita:

2171 5124 2320 5180 illius
2354 5141 2727 5190 numeremus,
2775 5138 2939 5184 natus
2969 5145 3115 5185 anno
3141 5146 3266 5185 cum
3292 5132 3604 5189 tardissime
3628 5134 3769 5196 547.

2171 5227 2231 5271 ιιι
2271 5218 2324 5271 iu
2360 5217 2483 5272 Vita
2528 5220 2646 5287 ejus
2692 5221 2943 5291 pluribus
2983 5233 3485 5293 commonstratur,
3532 5228 3767 5283 ordina-

2171 5318 2369 5378 tusque
2436 5311 2721 5383 presbyter
2780 5313 3002 5369 ineunte
3063 5315 3213 5382 586,
3272 5319 3766 5389 quadragesimum

2170 5401 2392 5456 circiter
2422 5403 2600 5459 aetatis
2629 5415 2812 5476 ageret
2856 5423 3057 5462 annum
3090 5427 3103 5461 :
3141 5424 3313 5479 usque
3344 5411 3481 5465 adeo
3502 5411 3772 5480 explora-

2171 5502 2285 5547 tum
2321 5509 2442 5550 esse
2486 5495 2669 5562 debet,
2731 5514 2794 5553 ex
2845 5499 3159 5570 hujusmodi
3210 5502 3409 5581 verbis,
3476 5504 3765 5573 puerulus,

2165 5584 2612 5654 adolescentulus,
2638 5600 2693 5647 et
2732 5592 2973 5650 vicissim
3019 5612 3194 5662 senex;
3228 5608 3482 5651 extremm
3505 5608 3760 5653 senectu-
