4050 6160
174 356 266 411 631

176 467 275 539 τὴν
320 466 541 523 ἐκείνου
587 465 899 541 παράταξιν
948 467 1044 520 καὶ
1091 465 1184 519 τὸν
1236 464 1374 537 πρὸς
1431 466 1583 537 ἡμᾶς
1639 466 1875 537 πόλεμον

176 554 625 627 δφθαλμοφανῶς
660 556 827 619 ἰδεῖν,
862 551 1001 618 εἶδες
1041 552 1107 608 ἂν
1139 554 1199 607 ού
1241 553 1578 626 χειμάρρους
1606 554 1872 625 αἱμάτων,

176 643 299 696 οὐδὲ
328 640 565 713 σώματα
593 641 787 714 νεκρὰ,
823 640 960 696 ἀλλά
992 640 1178 713 ψυχῶν
1208 639 1479 711 πτώματα
1500 640 1757 703 τοσαῦτα,
1785 642 1878 694 καὶ

177 729 479 804 τραύματα
515 730 662 785 οὕτω
690 729 905 802 χαλεπά
925 770 941 795 ,
975 730 1052 793 ὡς
1081 728 1300 784 ἀπασαν
1347 729 1564 801 ἐκείνην
1597 727 1691 783 τοῦ
1718 728 1879 783 πολέ-

182 836 286 889 μου
312 820 418 891 τὴν
452 817 783 891 ὑπογραφὴν
805 858 820 882 ,
848 818 917 889 ἣν
966 818 1090 890 ἀρτι
1119 816 1336 890 διῆλθον
1365 817 1503 889 πρὸς
1552 816 1634 882 σέ,
1670 816 1877 871 παίδων

178 907 348 962 τινῶν
374 920 401 949 ⁸
435 907 734 981 ἀθύρματα
765 902 906 960 εἶναι
943 906 1185 977 νομίσαι,
1217 907 1311 960 καὶ
1354 906 1577 961 παιδιὰν
1610 905 1810 978 μᾶλλον
1841 906 1874 976 ἢ

182 998 459 1070 πόλεμον·
504 996 754 1051 τοσοῦτοι
805 997 853 1051 οί
900 996 1022 1050 καθ’
1070 996 1308 1068 ἑκάστην
1359 995 1724 1066 πληττόμενοι
1777 994 1877 1067 τὴν

181 1087 425 1158 ἡμέραν.
456 1085 539 1139 Τά
586 1084 644 1138 δέ
674 1083 971 1157 τραύματα
996 1084 1096 1136 οὐκ
1134 1082 1257 1154 ἴσην
1300 1083 1596 1154 ἐργάζεται
1644 1083 1744 1153 τὴν
1790 1081 1878 1135 νέ-

181 1192 417 1242 κρωσιν,
452 1173 566 1227 ἀλλ’
598 1174 723 1227 ὅσον
753 1173 932 1243 ψυχῆς
962 1172 1058 1225 καὶ
1092 1170 1346 1237 σώματος
1371 1170 1434 1224 τὺ
1462 1170 1652 1242 μέσον,
1684 1168 1877 1223 τοσοῦ-

180 1282 277 1316 τον
311 1264 534 1331 ἐκείνης
566 1262 663 1315 καὶ
715 1260 919 1328 ταύτης
951 1259 1011 1312 τὸ
1043 1259 1318 1328 διάφορον.
1349 1259 1521 1311 Ὅταν
1576 1258 1683 1329 7&9
1734 1257 1878 1331 λάϐῃ

180 1355 284 1424 τήν
319 1351 542 1423 πληγὴν
576 1351 609 1422 ἡ
643 1350 792 1422 ψυχὴ
843 1334 939 1403 καὶ
982 1348 1124 1419 πέσῃ
1148 1386 1164 1410 ,
1212 1349 1274 1400 οὐ
1309 1349 1488 1400 κεῖται
1534 1346 1789 1417 καθάπερ
1817 1346 1880 1400 τὸ

183 1441 352 1511 σῶμα
385 1439 842 1509 ἀνεπαισθήτως,
894 1436 1032 1490 ἀλλά
1077 1434 1423 1506 βασανίζεται
1480 1434 1577 1505 μὲν
1627 1433 1877 1488 ἐντεῦθεν

181 1530 289 1599 ἤδη
321 1532 390 1599 τῇ
438 1527 652 1599 πονηρᾷ
699 1525 1001 1595 συνειδήσει
1033 1523 1316 1595 τηκομένη
1340 1539 1354 1552 ·
1393 1522 1532 1593 μετὰ
1575 1521 1632 1575 δέ
1664 1522 1764 1593 τὴν
1792 1523 1878 1575 ἐν-

182 1617 341 1671 θένδε
373 1614 724 1686 ἀπαλλαγὴν,
762 1614 905 1668 κατά
932 1612 1023 1665 τὸν
1052 1612 1155 1682 τῆς
1186 1610 1423 1682 κρίσεως
1456 1608 1649 1679 καιρὸν
1678 1607 1880 1662 ἀθανιίι⁴

180 1723 260 1775 τῳ
293 1704 650 1776 παραδίδοται
673 1700 935 1774 τιμωρίᾳ.
968 1701 1032 1754 Εἰ
1060 1700 1117 1753 δέ
1145 1716 1230 1762 τις
1254 1698 1576 1769 ἀναλγήτως
1607 1696 1720 1768 ἔχοι
1741 1696 1879 1767 πρὸς

181 1794 284 1856 τὰς
314 1791 411 1847 τοῦ
448 1792 696 1846 διαϐόλου
730 1791 946 1863 πληγάς
967 1830 981 1852 ,
1017 1788 1200 1860 μεῖζον
1234 1785 1342 1841 ὑπὸ
1379 1786 1482 1857 τῆς
1520 1783 1880 1853 ἀναισθησίας

183 1883 388 1952 ἐκείνῳ
420 1881 632 1949 γίνεται
659 1880 723 1933 τὸ
754 1878 959 1932 δεινόν·
999 1877 1028 1928 ὁ
1057 1875 1168 1947 γὰρ
1201 1874 1295 1929 ἐπὶ
1322 1876 1388 1946 τῇ
1426 1872 1669 1944 προτέρᾳ
1695 1871 1877 1942 πληγῇ

189 1971 266 2043 μὴ
292 1969 546 2039 δηχθεὶς,
577 1967 818 2030 εὐκόλως
860 1965 1075 2037 δέχεται
1115 1964 1143 2004 δ
1175 1964 1271 2016 καὶ
1299 1962 1588 2032 δευτέραν,
1618 1960 1714 2013 καὶ
1762 1962 1879 2031 μετ’

186 2060 409 2129 ἐκείνην
459 2057 677 2129 ἑτέραν.
712 2057 787 2110 Οὐ
836 2054 948 2126 7&9
992 2052 1343 2124 διαλιμπάνει
1385 2050 1548 2123 μέχρι
1596 2047 1747 2122 [655]
1788 2048 1882 2101 καὶ

185 2147 291 2216 τῆς
318 2145 553 2216 ἐσχάτης
582 2143 860 2215 ἀναπνοῆς
898 2141 1074 2196 παίων
1101 2144 1130 2195 6
1162 2139 1360 2212 μιαρὸς
1384 2178 1399 2203 ,
1438 2139 1567 2192 ὅταν
1598 2136 1737 2208 εῦρῃ
1780 2137 1883 2206 ψυ-

188 2236 291 2304 χὴν
329 2234 552 2298 ὑπτίαν,
580 2233 677 2287 καὶ
702 2232 813 2285 τῶν
839 2231 1122 2304 προτέρων
1151 2226 1602 2299 καταφρονοῦσαν
1632 2224 1877 2297 πληγῶν.

190 2323 253 2375 Εἰ
290 2322 349 2375 δέ
385 2322 481 2375 καί¹
520 2322 621 2393 τῆς
666 2320 944 2392 συμϐολῆς
988 2319 1080 2372 τὸν
1110 2318 1312 2387 τρόπον
1341 2314 1617 2381 ἐξετάζειν
1654 2313 1879 2377 ἐθέλοις,

189 2412 329 2464 πολὺ
364 2409 572 2481 ταύτην
603 2421 626 2449 ο
661 2408 1028 2481 σφοδροτέραν
1069 2408 1165 2460 καὶ
1201 2404 1600 2475 ποικιλωτέραν
1629 2402 1761 2465 ίδοις
1793 2402 1877 2457 ἄν.

187 2499 331 2551 Οὔτε
380 2499 491 2569 γὰρ
538 2497 749 2566 κλοπῆς
798 2495 893 2549 καὶ
923 2495 1074 2548 δόλου
1100 2493 1370 2557 τοσαύτας
1404 2508 1490 2554 τις
1522 2485 1662 2544 οἶδεν
1706 2489 1880 2553 ἰδέας,

186 2588 321 2649 ὅσας
351 2589 563 2650 ἐκεῖνος
599 2587 629 2639 6
658 2585 853 2657 μιαρός
877 2601 891 2615 ’
918 2582 1092 2658 ταύτῃ
1130 2581 1261 2651 γοῦν
1305 2579 1405 2651 τὴν
1433 2578 1652 2632 πλείονα
1686 2579 1884 2649 κέκτη-

185 2692 279 2728 ται
312 2675 548 2744 δύναμιν
573 2690 587 2706 ·
631 2673 758 2728 οὗτε
805 2672 1006 2746 ἐχθραν
1038 2689 1127 2735 τις
1160 2668 1334 2732 οὕτως
1368 2669 1677 2739 ἀκήρυκτον
1725 2665 1884 2720 δύνα-

186 2781 279 2816 ται
302 2762 330 2802 τι
361 2763 512 2833 ἔχειν
547 2763 685 2835 πρὸς
710 2764 837 2827 τοὺς
875 2763 1014 2831 ἄγαν
1042 2758 1490 2830 πολεμιωτάτους
1522 2754 1670 2825 αὐτῷ
1698 2796 1710 2815 ,
1749 2756 1882 2825 ὅσην

189 2852 331 2921 πρὸς
364 2852 465 2923 τὴν
494 2852 843 2924 ἀνθρωπείαν
873 2849 1036 2920 φύσιν
1076 2851 1105 2903 6
1140 2846 1375 2918 πονηρὸς
1402 2846 1612 2914 δαίμων
1650 2845 1879 2907 ἐκεῖνος.

189 2942 304 2995 Καὶ
330 2941 433 3012 τὴν
466 2938 779 3012 προθυμίαν
807 2939 865 2993 δὲ
897 2939 1053 3000 εἴτις
1085 2934 1354 3000 ἐξετάζοι,
1400 2932 1519 3004 μεθ’
1545 2928 1613 3004 ἦς
1650 2931 1883 3002 μάχεται

189 3031 441 3096 ἐκεῖνος,
496 3028 808 3101 ἀνθρώποις
859 3026 958 3098 μὲν
993 3023 1224 3078 ἐνταῦθα
1256 3023 1348 3076 καί⁸
1400 3022 1609 3090 γελοῖον
1655 3019 1885 3091 περιϐα-

189 3118 306 3172 λεῖν
330 3135 344 3149 ’
370 3120 422 3173 εἰ
444 3118 504 3172 δέ
533 3135 618 3182 τις
656 3116 727 3171 τὰ
765 3114 1109 3187 ὀργιλώτατα
1135 3112 1230 3166 καὶ
1262 3110 1612 3180 ἀπηνέστατα
1642 3108 1751 3160 τῶν
1784 3107 1885 3176 θη-

195 3208 330 3279 ρίων
374 3205 738 3276 ἐκλεξάμενος
787 3201 1116 3257 ἀντιτιθέναι
1165 3199 1307 3253 θέλοι
1341 3201 1408 3269 τῇ
1465 3196 1657 3250 τούτου
1695 3195 1880 3267 μανία,

191 3297 482 3368 πραότατα
512 3295 640 3347 ὄντα
672 3294 766 3347 καὶ
789 3289 1121 3363 ἡμερώτατα
1151 3289 1377 3361 εὑρήσει
1410 3289 1475 3358 τῇ
1504 3285 1791 3358 παραϐολῇ
1818 3296 1841 3323 ε
1866 3298 1880 3314 '

189 3384 455 3438 τοσοῦτον
487 3377 642 3446 οὗτος
669 3384 793 3435 πνεῖ
822 3380 1014 3450 θυμὸν,
1048 3380 1169 3440 ταῖς
1199 3375 1498 3449 ἡμετέραις
1527 3373 1885 3446 προσϐάλλων

190 3473 418 3542 ψυχαῖς.
452 3472 563 3525 Καὶ
584 3472 614 3523 6
641 3470 740 3541 τῆς
773 3469 951 3540 μάχης
972 3467 1029 3521 δέ
1046 3466 1237 3538 χρόνος
1262 3461 1497 3518 ἐνταῦθα
1533 3463 1631 3533 μὲν
1654 3461 1882 3532 βραχὺς.

190 3562 291 3616 καὶ
319 3563 379 3612 ἐν
412 3559 491 3631 τῷ
517 3558 709 3629 βραχεῖ
736 3557 793 3610 δὲ
830 3555 978 3626 αὐτῷ
1010 3553 1200 3607 πολλαὶ
1228 3554 1283 3605 αἱ
1317 3550 1619 3621 ἀνακωχαί.
1645 3550 1753 3602 Kal.
1774 3549 1885 3620 γὰρ

187 3650 293 3703 καὶ
342 3647 442 3712 νὺξ
491 3645 795 3700 ἐπελθοῦσα
820 3689 833 3709 ,
866 3645 958 3698 καὶ
989 3645 1018 3697 ό
1061 3642 1155 3696 τοῦ
1205 3640 1434 3711 σφάζειν
1480 3640 1758 3709 κάματος,
1791 3639 1887 3691 καὶ

185 3736 403 3807 τροφῆς
428 3734 620 3805 καιρὸς
640 3774 655 3797 ,
687 3734 782 3787 καὶ
809 3731 982 3785 πολλὰ
1011 3729 1177 3801 ἐτερα
1212 3726 1567 3782 διαναπαύειν
1597 3725 1689 3778 τὸν
1725 3741 1887 3796 στρα-

185 3824 399 3892 τιώτην
425 3822 693 3891 πέφυκεν,
726 3821 802 3883 ὡς
830 3822 923 3873 καὶ
966 3817 1231 3872 ἀποδῦναι
1265 3817 1364 3886 τὴν
1395 3811 1762 3883 παντευχίαν,
1790 3812 1887 3864 καὶ

187 3911 542 3967 ἀναπνεῦσαι
576 3909 596 3948 τ
630 3909 862 3980 μικρὸν,
898 3908 991 3960 καὶ
1020 3906 1154 3976 σίτῳ
1207 3905 1303 3957 καὶ
1350 3902 1500 3972 ποτῴ
1548 3897 1884 3969 καταψῦξαι,

189 4003 295 4057 καὶ
338 4000 549 4072 ἑτέροις
599 3997 813 4060 πολλοῖς
843 3994 941 4066 τὴν
971 3993 1244 4064 προτέραν
1271 3986 1685 4060 ἀνακτήσασθαι
1727 3985 1888 4040 δύνα-

192 4108 314 4162 μιν.
358 4090 488 4142 Ἐπὶ
512 4087 567 4140 δέ
599 4084 696 4139 τοῦ
727 4082 965 4156 πονηροῦ
1010 4082 1112 4135 οὐκ
1139 4080 1253 4133 ἐστι
1278 4078 1348 4132 τά
1373 4077 1514 4131 ὅπλα
1552 4074 1887 4129 καταθέσθαι

191 4178 353 4241 ποτὲ,
383 4178 487 4230 οὐκ
518 4176 667 4229 ἐστιν
698 4173 866 4227 ῦπνον
898 4170 1136 4243 ἄρασθαι
1178 4169 1267 4222 τὸν
1297 4166 1621 4238 βουλόμενον
1645 4165 1888 4236 ἄτρωτον

194 4267 386 4337 μένειν
418 4264 733 4328 διαπαντός.
766 4262 1008 4330 Ἀνάγκη
1030 4258 1139 4330 γὰρ
1176 4256 1322 4310 δυοῖν
1360 4253 1609 4324 θάτερον,
1644 4252 1676 4324 ἢ
1702 4254 1888 4306 πεσεῖν

261 4428 288 4457 ³
310 4427 467 4476 Sari].
509 4432 560 4475 el
601 4425 793 4485 aliquot
828 4435 952 4485 mss,
968 4421 1163 4485 παίδων.
1176 4417 1300 4485 τινά,
1326 4416 1502 4465 Morel.
1525 4421 1578 4463 et
1601 4414 1684 4463 alii
1704 4412 1889 4461 παίδων

197 4492 356 4538 τινῶν.
389 4487 581 4537 Ibidem
610 4482 736 4533 unus
761 4486 842 4533 καὶ
867 4484 1063 4545 παίγνια
1087 4482 1283 4545 μᾶλλον.

250 4548 289 4591 ’δ
311 4552 465 4601 Savil.
494 4557 547 4597 et
564 4550 650 4597 alii
673 4549 878 4611 δέχεται,
902 4544 1072 4594 MOI-el.
1098 4544 1292 4597 δέξεται.

265 4616 288 4644 ⁸
318 4612 416 4662 Alii
436 4612 631 4668 ταύτης.

262 4673 288 4716 ἀ
319 4673 419 4724 Alii
446 4674 722 4730 δυνήσεται.

266 4749 290 4777 ο
312 4736 409 4787 Alii
433 4735 485 4783 ἐν
502 4740 562 4796 τῇ
582 4732 764 4796 παραϐ.

265 4751 290 4842 ἱ
433 4751 1059 4849 εέιτέαῗῖαὲιαναπνεῦσαι,
1090 4794 1144 4839 et
1166 4798 1276 4835 mox
1298 4785 1547 4848 ἀναψῦξαι.

316 4951 1890 4987 .—_===7—————________—-————:'———__

1991 4952 2081 4973 —._"'
2095 4965 2225 4972 ...φ-
2242 4962 2459 4969 *μὴ-σν-

1486 349 1575 403 DE
1612 348 2071 407 SACERDOTIO.
2113 349 2239 405 LIB.
2290 348 2371 403 Vl.

3551 354 3661 410 692

1978 466 2071 520 καὶ
2102 463 2399 520 ἀπολέσθαι
2439 461 2828 535 γυμνωθέντα,
2864 464 2897 536 ἢ
2926 464 3015 519 διά
3046 467 3249 534 παντὸς
3273 467 3663 540 καθωπλισμέ-

1976 573 2065 610 νον
2098 553 2310 609 ἑστῶτα
2342 553 2372 596 ⁸
2409 551 2502 606 καὶ
2556 552 2897 625 ἐγρηγορότα
2946 550 3109 610 εἶναι.
3149 558 3260 611 Καὶ
3290 557 3402 628 γὰρ
3454 558 3662 622 ἐκεῖνος

1976 642 2268 705 διαπαντὸς
2322 640 2522 713 ἕστηκε
2570 640 2710 712 μετὰ
2762 641 2861 714 τῆς
2912 642 3079 696 αὐτοῦ
3138 645 3531 717 παρατάξεως,
3561 645 3662 710 τὰς

1976 730 2256 801 ἡμετέρας
2306 728 2576 801 ῥᾳθυμίας
2625 727 2961 802 παρατηρῶν
2986 770 3002 795 ,
3041 729 3266 787 πλείονά
3300 750 3361 787 τε
3391 734 3663 806 εἰσφέρων

1980 822 2217 893 σπουδὴν
2248 824 2323 885 εἰς
2365 821 2464 893 τὴν
2491 820 2771 893 ἡμετέραν
2817 820 3095 877 ἀπώλειαν
3116 864 3131 889 ,
3160 822 3193 895 ἢ
3240 824 3320 889 εἰς
3354 823 3452 897 τήν
3484 841 3664 896 σωτη-

1983 911 2103 983 ρίαν
2132 911 2295 981 ἡμεῖς
2340 909 2440 978 τὴν
2488 908 2720 963 ἑαυτῶν.
2750 909 2862 963 Καὶ
2891 909 2953 963 τὸ
2998 910 3074 983 μὴ
3117 910 3349 981 ὁρᾶσθαι
3389 911 3448 965 δέ
3496 912 3661 966 αὐτὸν

1981 999 2070 1069 ὑφ’
2094 996 2274 1069 ἡμῶν,
2303 995 2396 1050 καί
2431 994 2494 1049 τὸ
2535 994 2796 1068 ἐξαπίνης
2823 998 3163 1053 ἐπιτίθεσθαι
3197 998 3256 1070 (ἀ
3286 999 3521 1071 μάλιστα
3550 1000 3662 1056 τῶν

1984 1086 2192 1159 μυρίων
2218 1086 2365 1140 ἐστὶν
2393 1085 2543 1139 αἴτια
2575 1084 2781 1155 κακῶν)
2814 1089 2925 1150 τοῖς
2950 1087 3050 1140 οὐκ
3079 1088 3410 1161 ἐγρηγορόσι
3435 1090 3662 1143 διαπαν-

1978 1176 2069 1238 τὸς
2098 1175 2231 1228 πολὺ
2262 1174 2451 1227 τοῦτον
2486 1172 2838 1244 ἀπορώτερον
2862 1173 3070 1228 ἐκείνου
3111 1175 3353 1229 δείκνυσι
3382 1176 3472 1230 τὸν
3499 1177 3661 1231 πόλε-

1984 1280 2102 1335 μον.
2128 1262 2397 1317 Ἐνταῦθα
2443 1258 2537 1316 οῦν
2578 1262 2729 1333 ἡμᾶς
2763 1260 2954 1332 ήθελες
3001 1266 3326 1334 στρατηγεῖν
3354 1267 3466 1328 τοῖς
3493 1281 3662 1336 στρα-

1977 1352 2201 1415 τιώταις
2231 1349 2326 1404 τοῦ
2348 1349 2622 1423 Χριστοῦ;
2660 1347 2824 1402 Ἀλλά
2856 1348 2933 1420 τῷ
2961 1349 3195 1421 διαϐόλῳ
3224 1351 3382 1405 τοῦτο
3402 1348 3469 1424 ἦν
3500 1370 3663 1424 στρα-

1978 1445 2184 1512 τηγεῖν.
2236 1441 2403 1494 Ὅταν
2453 1439 2559 1513 γὰρ
2614 1440 2643 1492 ὁ
2680 1438 2987 1493 διατάττειν
3038 1440 3132 1493 καὶ
3167 1441 3483 1512 διακοσμεῖν
3535 1441 3664 1504 τοὺς

1978 1531 2202 1595 λοιποὺς
2224 1528 2479 1599 ὀφείλων,
2513 1529 2732 1582 πάντων
2760 1529 3121 1601 ἀπειρότατος
3149 1531 3244 1583 καὶ
3269 1530 3664 1585 ἀσθενέστατοξ

1978 1617 2044 1694 ᾗ,
2080 1620 2314 1692 προδοὺς
2355 1617 2460 1672 ὑπὸ
2508 1617 2608 1686 τῆς
2654 1616 2912 1684 ἀπειρίας
2959 1617 3085 1676 τοὺς
3131 1618 3556 1681 πιστευθέντας,
3587 1618 3665 1675 τῶ

1981 1708 2213 1779 διαϐόλῳ
2268 1706 2466 1777 μᾶλλον
2518 1705 2924 1778 ἐστρατήγησεν
2967 1703 3109 1777 ἢτῷ
3151 1704 3392 1777 Χριστῷ.
3427 1705 3583 1759 Ἀλλὰ
3612 1714 3661 1758 τί

1984 1797 2191 1860 στένεις
2214 1837 2228 1861 ,
2263 1795 2318 1848 τί
2349 1791 2607 1864 δακρύεις
2631 1808 2646 1857 ;
2672 1793 2734 1844 ού
2760 1791 2869 1864 7&9
2902 1790 3117 1863 θρήνων
3158 1793 3284 1857 ἀξια
3324 1792 3391 1845 τὰ
3413 1795 3533 1845 κατ’
3564 1792 3664 1864 ἐμὲ

1982 1882 2098 1948 νῦν,
2125 1882 2240 1937 ἀλλ’
2266 1879 2608 1952 εὐφροσύνης
2628 1879 2721 1932 καὶ
2750 1880 2946 1951 χαρᾶς.
2976 1879 3355 1933 ΒΑΣΙΛΕΙΟΣ.
3378 1878 3520 1933 Ἀλλ’
3544 1880 3667 1951 ούχὶ

1983 1972 2076 2025 καὶ
2113 1970 2183 2024 τά
2210 1968 2340 2041 ἐμά,
2373 1968 2559 2039 φησὶν,
2601 1966 2738 2021 ἀλλά
2768 1966 2976 2037 μυρίων
3007 1965 3133 2031 ἀξια
3165 1967 3339 2021 ταῦτα
3368 1968 3616 2022 κοπετῶν
3647 1985 3662 1999 ’

1983 2058 2078 2112 νῦν
2104 2057 2214 2128 7&9
2246 2056 2401 2127 μόλις
2427 2053 2701 2126 ἠδυνήθην
2734 2053 2963 2107 συνιδεῖν
2992 2048 3050 2107 οἵ
3076 2053 3183 2107 τῶν
3213 2053 3398 2107 κακῶν
3431 2071 3499 2126 με
3529 2057 3667 2127 777a-

1982 2162 2099 2213 γες.
2131 2143 2274 2213 Ἐγὼ
2301 2143 2400 2215 μὲν
2434 2141 2557 2213 γὰρ
2588 2141 2838 2213 εἰσῆλθον
2869 2141 3006 2212 πρὸς
3064 2141 3123 2194 σέ
3148 2182 3163 2206 ,
3214 2142 3241 2194 δ
3282 2158 3334 2195 τι
3369 2142 3498 2194 ποτέ
3526 2142 3668 2214 ὑπὲρ

1986 2236 2081 2288 σοῦ
2134 2234 2270 2305 πρὸς
2321 2234 2449 2296 τοὺς
2507 2230 2873 2299 ἐγκαλοῦντας
2925 2229 3379 2302 ἀπολογήσομαι,
3415 2229 3668 2302 δεόμενος

1988 2322 2213 2394 μαθεῖν·
2251 2321 2316 2375 σὺ
2361 2319 2420 2374 δέ
2457 2338 2526 2392 με
2560 2320 2868 2392 ἐκπέμπεις
2901 2319 3095 2390 ἑτέραν
3124 2319 3240 2373 ἀνθ’
3272 2319 3466 2390 ἐτέρας
3512 2338 3669 2392 φρον·

1983 2411 2104 2464 τίδα
2144 2409 2340 2474 ἐνθείς.
2374 2409 2450 2462 Ού
2479 2407 2589 2480 7&9
2635 2407 2717 2461 ἔτι
2753 2424 2843 2478 μοι
2889 2407 3072 2477 μέλλει
3096 2448 3111 2473 ,
3139 2407 3192 2461 τί
3241 2407 3378 2479 πρὸς
3423 2408 3669 2473 ἐκείνους

1986 2500 2126 2572 ὑπὲρ
2157 2500 2275 2562 σοῦ,
2311 2496 2446 2551 ἀλλά
2481 2496 2534 2549 τί
2565 2496 2702 2568 πρὸς
2722 2496 2812 2549 τὸν
2834 2495 2967 2549 Θεὸν
3001 2496 3140 2566 ὑπὲρ
3165 2495 3405 2567 ἐμαυτοῦ
3434 2499 3532 2550 καὶ
3557 2496 3667 2549 τῶν

1985 2587 2134 2659 ἐμῶν
2167 2586 2580 2659 ἀπολογήσομαι
2611 2585 2818 2639 κακῶν.
2848 2584 2997 2656 Πλὴν
3027 2583 3164 2639 ἀλλά
3205 2582 3299 2639 σοῦ
3350 2584 3544 2656 δέομαι
3573 2585 3666 2638 καί

1983 2676 2251 2733 ἀντιϐολῶ
2273 2720 2288 2746 ,
2323 2678 2378 2731 εί
2400 2695 2454 2731 τι
2495 2695 2579 2731 σοι
2608 2676 2760 2747 μέλει
2788 2674 2897 2730 τῶν
2932 2675 3104 2746 ἐμῶν,
3140 2675 3197 2730 εί
3214 2693 3299 2740 τις
3322 2676 3669 2748 παράκλησις

1984 2768 2041 2820 ἐν
2067 2765 2319 2839 Χριστῷ,
2350 2765 2469 2819 εῖτι
2497 2763 2842 2837 παραμύθιον
2873 2765 3095 2836 ἀγάπης
3120 2804 3134 2826 .
3158 2764 3213 2818 εἴ
3234 2782 3357 2818 τινα
3383 2764 3669 2835 σπλάγχνα

1985 2854 2081 2907 καὶ
2108 2852 2381 2925 οἰκτιρμοί
2414 2850 2531 2923 (καὶ
2565 2852 2674 2923 γὰρ
2729 2848 2906 2914 οἶδας,
2937 2852 3019 2904 ὅτι
3063 2868 3129 2921 με
3185 2850 3421 2922 μάλιστα
3448 2852 3669 2906 πάντων

1986 2941 2148 3003 αὐτὸς
2196 2943 2276 3004 εἰς
2320 2939 2511 2993 τοῦτον
2557 2939 2650 2993 τὸν
2682 2938 2926 2992 κίνδυνον
2969 2938 3236 3010 ἡγαγες),
3266 2943 3425 3011 χεῖρα
3455 2940 3666 3010 δρεξον,

1986 3029 2082 3082 καὶ
2103 3029 2276 3097 λέγων
2317 3028 2410 3082 καὶ
2439 3027 2695 3099 πράττων
2730 3025 2881 3099 [4⁸56]
2923 3026 2992 3079 τά
3019 3027 3294 3097 δυνάμενα
3321 3029 3469 3099 ἡμᾶς
3506 3028 3665 3098 ἀνορ-

1987 3115 2114 3171 θοῦν
2134 3132 2146 3145 ·
2180 3116 2316 3188 μηδέ
2342 3116 2552 3187 ἀνάσχῃ
2582 3115 2718 3186 πρὸς
2747 3113 2878 3182 γοῦν
2904 3115 2966 3167 τὸ
2993 3114 3332 3186 βραχύτατον
3351 3117 3501 3187 ἡμᾶς
3532 3115 3670 3168 ἀποσ

1986 3205 2165 3260 λιπεῖν
2185 3246 2200 3271 ,
2254 3203 2390 3257 ἀλλά
2419 3203 2514 3257 νῦν
2573 3202 2772 3274 μᾶλλον
2801 3202 2835 3274 ἢ
2867 3200 3132 3273 πρότερον
3182 3201 3367 3265 κοινὰς
3395 3201 3664 3255 ποιεῖσθαι

1984 3291 2085 3357 τὰς
2113 3291 2416 3363 διατριϐάς.
2460 3290 2795 3347 ΧΡΥΣΟΣΤ,
2831 3288 2974 3358 Ἐγὼ
3007 3290 3065 3343 δέ
3109 3289 3391 3361 μειδιάσας
3412 3327 3428 3352 ,
3470 3288 3579 3343 Καὶ
3614 3290 3669 3343 τί

1988 3381 2385 3455 συμϐαλέσθαι,
2411 3381 2569 3452 ἔφην,
2604 3379 2658 3434 τί
2685 3380 2743 3433 δέ
2779 3398 2838 3433 σε
2866 3379 3057 3449 ὀνῆσαι
3080 3379 3381 3450 δυνήσομαι
3406 3377 3545 3447 πρὸς
3573 3396 3667 3431 το-

1989 3474 2177 3528 σοῦτον
2207 3471 2547 3544 πραγμάτων
2582 3469 2782 3539 δγκον;
2828 3469 2975 3539 Πλὴν
3014 3467 3129 3522 ἀλλ’
3160 3467 3346 3537 ἐπειδή
3391 3483 3474 3520 σοι
3509 3465 3671 3521 τοῦτο

1988 3562 2106 3633 ήδὺ,
2140 3561 2354 3632 θάρρει,
2381 3552 2426 3612 ὦ
2455 3557 2585 3628 φίλη
2615 3556 2825 3629 κεφαλή
2850 3573 2865 3589 ο
2900 3557 2991 3611 τὸν
3014 3556 3120 3628 7&9
3140 3555 3333 3627 καιρὸν
3366 3554 3486 3609 καθ’
3509 3555 3569 3608 ὃν
3601 3553 3668 3609 ἂν

1988 3650 2084 3722 ἐξῇ
2108 3668 2190 3704 σοι
2215 3648 2323 3717 τῶν
2348 3647 2557 3702 ἐκεῖθεν
2582 3645 2877 3716 φροντίδων
2899 3646 3183 3710 ἀναπνεῖν,
3214 3644 3310 3697 καί⁵
3332 3642 3665 3714 παρέσομαι,

1988 3739 2084 3793 καὶ
2136 3734 2504 3809 παρακαλέσω
2527 3774 2543 3799 ,
2587 3735 2682 3787 καὶ
2730 3731 2839 3787 τῶν
2874 3733 2955 3796 εἰς
3002 3731 3231 3803 δύναμιν
3262 3730 3361 3803 τὴν
3395 3729 3533 3803 ἐμὴν
3579 3731 3668 3785 ἐλ-

1988 3825 2158 3896 λείψω
2184 3823 2210 3861 ιι
2242 3825 2414 3879 οὐδέν.
2438 3822 2564 3876 Ἐπὶ
2584 3820 2796 3885 τούτοις
2827 3820 2991 3874 πλέον
3011 3822 3218 3884 ἐκεῖνος
3258 3818 3539 3892 δακρύσας
3568 3820 3667 3873 ἀν⁸

1993 3918 2205 3969 ίσταται
2223 3930 2240 3948 ο
2269 3913 2380 3982 ἐγὼ
2406 3912 2464 3966 δὲ
2494 3910 2642 3982 αὑτῷ
2667 3908 3006 3981 περιχυθεὶς,
3037 3908 3132 3962 καί⁸
3162 3909 3540 3979 καταφιλήσας
3569 3908 3667 3979 τὴν

1991 4001 2231 4073 κεφαλὴν
2254 4041 2271 4066 ,
2304 3997 2666 4071 προῦπεμπον
2685 4037 2700 4060 ,
2729 3994 3063 4071 παρακαλῶν
3100 3996 3362 4064 γενναίως
3394 3996 3581 4067 φέρειν
3608 3997 3668 4048 τὸ

1992 4089 2359 4162 συμϐεϐηκός.
2393 4084 2642 4141 Πιστεύω
2668 4085 2806 4156 γὰρ,
2832 4083 2991 4155 ἔφην,
3021 4082 3099 4154 τῷ
3126 4082 3415 4136 καλέσαντι
3449 4100 3507 4134 σε
3534 4083 3669 4153 Χρι-

1995 4177 2105 4250 στῷ
2124 4219 2137 4242 ,
2165 4179 2259 4231 καὶ
2284 4180 2397 4241 τοῖς
2430 4175 2581 4238 ἰδίοις
2610 4174 2967 4243 ἐπιστήσαντι
2999 4171 3322 4242 προϐάτοις,
3348 4170 3430 4223 ὃτι
3465 4168 3668 4222 τοσαύ-

1988 4283 2089 4334 την
2113 4266 2177 4317 ἐκ
2202 4264 2301 4335 τῆς
2329 4262 2604 4325 διακονίας
2632 4259 2836 4330 ταύτης
2867 4258 3044 4330 κτήσῃ
3072 4257 3169 4328 τὴν
3204 4256 3517 4327 παρῤησίαν
3536 4296 3550 4320 ,
3592 4256 3669 4321 ὼς

1991 4354 2085 4408 καὶ
2128 4354 2276 4424 ἡμᾶς
2316 4351 2458 4405 κατά
2500 4351 2599 4420 τὴν
2631 4348 2845 4419 ἡμέραν
2893 4345 3108 4416 ἐκείνην
3146 4342 3554 4408 κινδυνεύοντας
3587 4345 3669 4408 είς

1990 4441 2089 4512 τὴν
2120 4439 2338 4494 αἰώνιόν
2372 4457 2465 4493 σου
2494 4436 2748 4503 δέξασθαι
2775 4435 3002 4504 σκηνήν.

2057 4530 2083 4569 8
2110 4528 2206 4577 Alii
2226 4526 2437 4585 ἑστάναι,
2462 4526 2646 4574 omisso
2660 4536 2774 4571 mox
2800 4520 2936 4577 εἶναι,
2968 4526 3022 4585 et
3039 4521 3111 4569 sic
3132 4516 3284 4585 savil.

2059 4589 2085 4628 ιι
2112 4587 2213 4639 Alii
2235 4577 2457 4652 ἑλλείψεὶ.
2478 4587 2533 4636 ln
2549 4588 2654 4652 _ﬁne
2672 4585 2857 4652 addunt
2877 4583 3075 4652 quida_m
3100 4581 3300 4652 codices
3321 4580 3447 4652 lianc
3477 4579 3579 4652 νει
3599 4577 3668 4651 si:

1991 4638 2161 4702 milein
2184 4638 2483 4713 clausulam,
2494 4649 2657 4713 χάριτι
2686 4646 2769 4695 καὶ
2803 4638 3523 4713 οἰκτιρμοῖςτοῦ-φιλανθρὼπου
3541 4638 3668 4713 Θεοῦ

1991 4700 2151 4826 ήμῶν,
2178 4713 2219 4776 ᾧ
2239 4713 2409 4777 πρέπει
2432 4700 2685 4771 δόέᾶ,ὀῑο.
2706 4720 2853 4772 quam
2879 4700 3045 4756 in't'ine
3068 4700 3377 4755 homiliaruni
3398 4700 3576 4765 passim
3597 4703 3669 4751 vi-

2027 4789 2184 4826 emus.

2027 4789 2184 4826 emus.

2188 4944 2657 4956 _.___—————-—

3342 4948 3347 4953 -
3386 4945 3563 4956 ————_

1740 5094 2141 5159 MONlTUM.

295 5274 391 5331 (is.
426 5269 639 5325 nullam
682 5281 845 5338 posse
871 5261 1239 5329 chronologiaa
1276 5260 1545 5329 rationem
1591 5258 1737 5314 duci.
1767 5255 1888 5311 Jam

294 5380 437 5422 sane
457 5361 806 5421 ostendimus
829 5361 934 5415 hoc
958 5354 1309 5426 computandi
1367 5367 1537 5425 genus
1602 5364 1889 5422 aggressos

299 5459 455 5512 viros
482 5458 680 5511 doctos
742 5453 1055 5523 frequenter
1121 5449 1306 5519 lapsos
1361 5460 1502 5501 esse.
1551 5442 1674 5498 Uno
1727 5442 1891 5497 verbo

300 5549 656 5615 concludam,
680 5556 968 5617 postquam
992 5542 1233 5597 vidimus
1253 5547 1482 5593 matrem
1509 5535 1888 5608 Chrysostomi

304 5644 397 5699 vix
424 5639 911 5715 quadragesimum
941 5636 1233 5707 septimum
1264 5633 1441 5688 aetatis
1475 5644 1677 5685 annum
1704 5642 1890 5684 emen-

302 5750 425 5792 sam
455 5750 518 5791 se
547 5742 712 5790 aetate
735 5738 1079 5802 provectam,
1104 5726 1504 5798 γεγηρακυῖαν,
1541 5731 1595 5777 et
1643 5721 1893 5790 sepulcro

305 5832 621 5902 proximam
658 5827 865 5891 dicere,
896 5833 949 5880 ct
973 5824 1152 5895 ipsum
1183 5821 1636 5893 Chrysostomum
1665 5814 1897 5887 quadra-

633 5946 909 6005 PATnuL.
950 5940 1065 6001 Gtt.
1104 5940 1152 6000 Χ
1168 5936 1380 5999 LVNI.

1998 5256 2277 5328 senarium
2306 5271 2365 5311 se
2401 5253 2792 5327 μειρακίσκον,
2822 5248 3102 5320 puerulum
3144 5245 3228 5299 vel
3270 5243 3566 5297 adolescen-

1996 5351 2208 5415 tulum,
2259 5349 2569 5420 appellare,
2627 5347 2695 5401 ab
2748 5342 3060 5414 huiusmodi
3117 5337 3375 5407 temporis
3425 5333 3568 5388 notis

1994 5456 2225 5511 prorsus
2250 5440 2627 5496 abstineamus
2654 5443 2885 5506 oportet.

2068 5533 2260 5588 Incerti
2281 5530 2566 5601 cujusdam
2603 5523 3102 5596 interpretationem
3134 5529 3217 5576 sat
3254 5526 3567 5574 accuratam

1994 5634 2049 5682 et
2077 5627 2403 5696 elegantem,
2433 5622 2640 5693 aliquot
2693 5627 2875 5675 tamen
2934 5619 2988 5673 in
3035 5614 3172 5693 locis
3224 5611 3568 5669 emendatam

1995 5719 2345 5776 retinuimus.

3182 5910 3251 5971 11
