4050 6160
298 306 406 363 695

1148 326 1405 396 SERMO,
1440 328 1581 387 CUM
1619 328 2027 386 PRESBYTER
2066 332 2227 389 FUIT
2266 332 2660 391 OﬂDlNATUS

3439 334 3543 392 69".

310 539 3527 571 mw

1062 797 1906 894 CHRYSOSTOMI
2018 803 2540 897 HOMILIA
2636 812 2670 898 ι
2726 792 2795 930 ί,

747 1074 879 1131 Cum
912 1078 1177 1147 presbyter
1203 1078 1303 1147 fuit
1333 1078 1631 1140 ordinatus,
1666 1078 1728 1130 de
1760 1095 1835 1142 se,
1867 1096 1930 1131 ac
1955 1080 2019 1132 dc
2047 1081 2305 1152 episcopo,
2342 1083 2501 1152 deque
2524 1083 2705 1154 populi
2736 1084 3092 1143 multitudine.

334 1566 387 1618 ι.
420 1564 559 1618 Num
602 1579 727 1618 vera
766 1573 889 1620 sunt
922 1580 1040 1635 qua:
1091 1564 1246 1619 nobis
1268 1562 1757 1619 aceiderunt‘iuum
1781 1576 1864 1613 re—

261 1659 376 1726 ipsa
419 1666 572 1726 gesta
618 1666 780 1718 sunt,
809 1672 908 1711 nec
938 1657 1055 1712 falsi
1084 1672 1287 1718 sumus.
1340 1670 1512 1724 neque
1556 1669 1674 1723 quin
1719 1667 1858 1706 nunc

264 1750 400 1803 ﬂunt
434 1759 563 1803 sunt
627 1764 730 1803 nox
771 1759 825 1802 et
868 1749 1212 1803 somnia‘Ian
1269 1762 1394 1800 vere
1422 1748 1443 1777 ¹
1489 1746 1604 1799 dies
1630 1752 1710 1799 est
1738 1785 1754 1808 ,
1806 1752 1860 1797 et

263 1843 551 1909 vigilamus
576 1841 807 1895 omnes'?
844 1842 907 1896 Et
947 1842 1065 1911 quis
1094 1840 1276 1894 credat
1316 1838 1455 1907 quod
1486 1839 1534 1891 in
1563 1837 1649 1892 die
1671 1876 1687 1899 ,
1736 1850 1855 1891 cum

264 1932 430 1985 sobrii
457 1941 581 1986 sunt
628 1947 691 1986 ac
717 1932 939 2002 vigilant
969 1932 1211 2006 homines
1240 1971 1254 1993 ,
1300 1929 1614 1983 adolescens
1663 1927 1858 1980 inﬁma:

267 2024 432 2077 sortis
458 2034 511 2076 et
550 2024 789 2092 abiectus
814 2024 878 2077 ad
913 2032 1114 2077 tantum
1135 2023 1406 2092 dignitatis
1437 2021 1701 2087 fastigium
1734 2018 1858 2075 sub-

269 2129 453 2172 vectus
494 2118 606 2172 sit?
645 2117 778 2172 Nam
824 2128 979 2173 nocte
1024 2118 1144 2171 talia
1191 2117 1431 2171 accidere
1481 2116 1611 2169 nihil
1656 2114 1726 2168 sit
1773 2113 1856 2166 in-

266 2210 543 2265 credibile.
578 2211 714 2267 Tum
760 2212 901 2266 enim
934 2211 1147 2281 quidam
1176 2219 1229 2263 et
1275 2223 1501 2278 corpore
1558 2207 1762 2272 inutili,
1802 2215 1858 2261 et

265 2300 401 2354 adeo
425 2310 701 2366 tenues,ut
719 2318 785 2355 ne
813 2302 1145 2356 necessarius
1169 2300 1385 2369 quidem
1403 2299 1851 2369 suppetatvictus,

266 2398 317 2450 iu
337 2399 539 2451 somnis
556 2398 658 2453 sibi
680 2398 928 2453 videntur
944 2397 1163 2467 integris
1186 2396 1519 2460 membris,et
1542 2394 1781 2459 formosi,
1802 2403 1855 2447 et

266 2491 428 2559 regali
458 2492 560 2545 frui
591 2506 775 2545 mensa
808 2510 820 2545 :
847 2492 940 2546 sed
967 2507 1085 2561 qua:
1115 2489 1428 2544 videbantur
1456 2494 1856 2551 sonmus,erant

263 2593 311 2635 et
359 2582 746 2637 insomniorum
777 2582 1001 2636 ludibria
1046 2598 1061 2635 :
1096 2579 1360 2649 siquidem
1392 2578 1505 2632 hzec
1543 2587 1626 2632 est
1669 2586 1851 2630 natura

262 2674 596 2727 suumiorum
625 2715 641 2739 ,
671 2674 821 2728 vafra
870 2674 1113 2743 qumdam
1164 2688 1226 2726 ac
1264 2682 1473 2725 versuta
1506 2686 1593 2724 res
1635 2680 1717 2723 est
1744 2710 1758 2734 ,
1791 2684 1853 2723 ac

262 2763 628 2834 prodigiorum
660 2765 849 2820 artifex
874 2807 889 2830 ,
921 2765 1117 2835 gaudet
1160 2764 1310 2817 novis
1361 2772 1415 2816 et
1459 2761 1852 2817 incredibilibus

260 2856 561 2909 simulacris
588 2857 835 2910 illudere.
865 2857 935 2910 At
962 2872 1089 2910 vero
1113 2870 1212 2909 nec
1241 2854 1468 2909 interdiu
1497 2895 1512 2918 ,
1540 2867 1641 2906 nec
1666 2865 1850 2905 revera

261 2947 380 3017 quis
409 2963 661 3017 umquam
683 2948 857 3004 videat
883 2950 984 3003 hoc
1002 2949 1261 3003 accidere.
1291 2947 1483 3002 Verum
1506 2946 1680 3000 omnia
1710 2960 1849 2999 nunc

261 3038 630 3107 contigerunt,
690 3040 825 3094 facta
879 3049 1032 3105 sunt,
1061 3039 1293 3109 perfecta
1322 3048 1477 3104 sunt,
1504 3037 1848 3109 quemadmo-

267 3128 393 3183 dum
412 3129 649 3193 videtis;
683 3130 797 3184 hwc
823 3173 837 3194 ,
870 3131 1085 3199 inquam
1118 3173 1133 3197 ,
1166 3130 1496 3184 somniorum
1522 3130 1648 3183 visis
1674 3128 1847 3182 incre-

259 3219 503 3274 dibiliora
537 3238 550 3274 :
582 3230 634 3274 et
659 3221 846 3276 civitas
879 3231 1035 3275 tanta:
1063 3221 1456 3291 magnitudinis,
1480 3229 1585 3276 tam
1614 3220 1850 3288 frequen-

259 3321 385 3371 tata.
404 3314 633 3382 populus
654 3325 707 3368 et
732 3315 925 3368 multus
946 3324 998 3368 et
1025 3314 1367 3369 admirandus
1384 3313 1449 3367 ad
1477 3328 1647 3367 meam
1679 3312 1848 3366 inhiat

256 3405 602 3473 exiguitatem
638 3448 652 3469 ,
686 3415 952 3475 tamquam
982 3421 1012 3460 a
1052 3406 1206 3461 nobis
1230 3421 1476 3475 magnum
1506 3403 1754 3474 quiddam
1784 3418 1848 3457 ac

257 3498 577 3567 pneelarum
625 3498 919 3551 auditurus.
964 3498 1118 3567 Atqui
1172 3497 1380 3552 etiamsi
1435 3496 1565 3549 mihi
1612 3494 1844 3549 amnium

256 3605 408 3644 more
458 3592 773 3659 perennium
818 3590 1102 3658 proﬂueret
1147 3591 1317 3643 oratio
1341 3630 1354 3649 ,
1387 3590 1537 3658 sique
1560 3588 1842 3642 verborum

256 3678 437 3733 fontes
482 3689 666 3733 essent
717 3679 769 3732 in
816 3695 911 3733 ore
946 3695 1083 3742 meo,
1116 3679 1359 3748 protinus
1384 3694 1449 3733 ex
1477 3687 1636 3731 tante
1664 3677 1843 3731 multi-

255 3769 457 3824 tudinis
480 3768 548 3823 ad
573 3770 895 3824 audiendum
926 3785 1189 3826 concursu
1217 3779 1363 3825 metu
1411 3771 1690 3824 sisteretur
1717 3786 1842 3840 pro-

255 3862 476 3916 ﬂuvium
498 3902 514 3924 ,
554 3869 613 3916 et
641 3870 782 3917 retro
811 3861 1005 3918 ﬂuenta
1055 3863 1341 3917 resilirent.
1368 3861 1517 3916 Nunc
1547 3877 1672 3916 vero
1723 3878 1842 3915 cum

255 3961 460 4005 tantum
509 3951 746 4005 absimus
775 3968 803 4006 a
850 3952 1127 4009 ﬂuminum
1162 3969 1237 4022 ac
1284 3952 1505 4006 fontium
1537 3953 1687 4022 copia
1721 3994 1735 4017 ,
1789 3962 1845 4007 ut

256 4057 354 4097 nec
378 4043 589 4113 exiguae
612 4043 858 4113 pluviolae
900 4045 1324 4099 mediocritatem
1349 4047 1686 4100 obtineamus
1705 4086 1721 4111 ,
1753 4047 1841 4115 qui

256 4132 369 4187 ﬂeri
411 4133 617 4201 possit,
649 4143 707 4187 ut
728 4149 814 4188 me
856 4150 964 4188 non
991 4135 1199 4191 deliciat
1234 4143 1340 4189 tam
1384 4136 1604 4206 exiguus
1631 4136 1801 4191 ﬂuxus
1826 4178 1841 4199 ,

254 4232 403 4278 metu
448 4222 752 4289 arefactus,
781 4224 1026 4295 idemque
1072 4227 1318 4287 eveniat,
1367 4226 1507 4296 quod
1563 4227 1615 4280 in
1651 4241 1841 4296 corpo-

256 4313 408 4367 ribus
456 4314 599 4367 solet
654 4315 899 4370 aeeidere
923 4315 946 4368 ?
973 4316 1110 4383 Quid
1154 4317 1347 4371 accidit
1392 4318 1444 4371 in
1481 4319 1843 4387 corporibus?

252 4402 417 4457 Multa
459 4403 767 4474 frequenter
798 4422 915 4475 quae
963 4422 1122 4460 manu
1170 4418 1444 4472 tenemus,
1500 4425 1619 4478 qua:
1666 4409 1844 4478 digitis

252 4497 569 4566 stringimus
587 4538 604 4563 ,
641 4511 751 4565 pra:
796 4508 941 4553 metu
963 4499 1121 4554 nobis
1148 4500 1401 4555 excidunt
1426 4502 1603 4554 omnia
1627 4542 1641 4565 ,
1672 4500 1846 4555 disso-

257 4586 384 4641 lutis
435 4589 615 4641 nervis
663 4589 898 4653 nostris,
947 4591 1299 4660 corporisque
1363 4593 1547 4662 vigore
1593 4592 1840 4647 remisso.

256 4676 443 4731 Itidem
473 4678 603 4733 mihi
635 4678 873 4748 profecto
900 4696 1040 4735 nunc
1087 4692 1258 4737 metus
1307 4692 1390 4738 est
1410 4725 1424 4745 .
1457 4698 1526 4739 ne
1552 4683 1688 4751 idem
1714 4699 1843 4740 eve—

254 4770 370 4823 niat
409 4769 669 4825 inanimo
712 4782 898 4828 nostro
924 4816 940 4841 ,
969 4774 1216 4830 videlicet
1261 4791 1326 4829 ne
1368 4791 1486 4845 quin
1531 4778 1699 4831 multo
1723 4793 1841 4834 eum

253 4861 442 4917 labore
468 4864 914 4934 exeogitavimus,
952 4881 1271 4936 quamquam
1310 4877 1368 4921 et
1403 4871 1516 4923 haec
1562 4881 1691 4923 sane
1720 4884 1844 4937 per-

250 4967 417 5021 quam
458 4954 616 5009 exilia
668 4957 926 5027 parvique
998 4958 1254 5013 momenti
1283 4999 1298 5022 ,
1327 4974 1439 5029 pra:
1500 4975 1698 5029 pavore
1747 4975 1840 5015 ve-

250 5046 407 5100 niant
481 5046 535 5102 in
596 5048 954 5116 oblivionem,
999 5059 1054 5105 et
1120 5060 1440 5106 evanescant
1509 5052 1842 5121 abeantque,

249 5139 494 5194 animum
522 5148 762 5195 nostrum
804 5143 1071 5197 desertum
1115 5144 1488 5213 relinquentia.
1517 5145 1848 5215 Quapropter

252 5230 462 5297 pariter
503 5245 726 5297 omnes,
773 5242 880 5286 tum
939 5249 1038 5289 vos
1087 5235 1178 5304 qui
1233 5251 1355 5289 cum
1398 5236 1620 5304 imperio
1666 5237 1795 5289 estis
1825 5277 1842 5299 ,

254 5332 371 5377 tum
421 5339 519 5378 vos
569 5324 660 5394 qui
715 5327 912 5395 parctis
953 5327 1215 5397 imperio,
1256 5328 1482 5382 obsecro
1524 5346 1539 5380 :
1590 5337 1643 5381 ut
1682 5343 1845 5396 quan-

254 5424 366 5468 tam
427 5415 586 5470 nobis
668 5416 989 5471 anxietatem
1066 5417 1323 5485 injecistis
1384 5426 1562 5472 vestro
1632 5416 1699 5471 ad
1753 5432 1848 5471 au-

257 5506 512 5561 diendum
566 5521 834 5562 concursu
861 5550 876 5571 ,
925 5507 1248 5562 tantumdem
1303 5508 1455 5563 nobis
1496 5507 1729 5563 audaciae
1765 5510 1845 5562 in-

326 5665 339 5695 ¹
373 5665 549 5715 uallata
575 5674 655 5715 est
677 5680 787 5715 eum
810 5669 978 5718 Pulice
995 5669 1123 5716 t‘olb.
1152 5668 1286 5717 1050.

326 5727 343 5757 ⁸
380 5735 470 5776 \‘ox
495 5766 506 5787 ,
532 5743 658 5787 rure,
686 5731 831 5778 deest
856 5732 902 5779 in
924 5733 1092 5779 (Indice
1116 5729 1242 5777 (Iolb.

1968 1570 2135 1630 spiret
2163 1580 2377 1633 precum
2404 1577 2699 1625 vestrarum
2731 1572 3000 1643 diligentia
3030 1619 3046 1642 ,
3080 1579 3123 1633 si
3154 1583 3348 1648 rogetis
3379 1584 3545 1652 illum,

1966 1653 2055 1720 qui
2086 1653 2175 1708 dat
2220 1671 2519 1713 sermonem
2551 1664 3038 1731 evangelizantibus
3064 1670 3256 1726 virtute
3280 1672 3463 1741 uu'dla,
3496 1686 3550 1733 ut

1971 1744 2124 1795 nobis
2155 1760 2364 1815 quoque
2389 1749 2478 1803 det
2505 1766 2804 1807 sermonem
2830 1758 2881 1810 in
2919 1761 3194 1826 apertione
3235 1762 3343 1817 oris
3384 1769 3550 1822 nostri

1970 1832 2143 1899 (Psal.
2175 1838 2263 1891 (i7.
2308 1840 2375 1895 l9.
2406 1856 2420 1902 ;
2453 1839 2641 1909 Epltcs.
2674 1844 2724 1899 6.
2770 1846 2881 1917 1Q).
2916 1847 3101 1905 Nullus
3132 1853 3350 1907 omnino
3401 1858 3550 1914 vobis

1969 1933 2129 1979 totae
2169 1930 2324 1983 tantis
2356 1930 2481 1987 viris
2521 1933 2668 1986 labor
2689 1935 2788 1989 erit
2832 1938 2987 1995 unius
3014 1941 3372 2000 adulescentis
3427 1950 3544 2002 aui-

1968 2032 2112 2073 mum
2163 2018 2352 2075 timore
2398 2021 2712 2079 dissolutum
2741 2025 2918 2081 denuo
2947 2032 3268 2087 conﬁrmare
3301 2052 3314 2087 :
3341 2037 3466 2105 quin
3496 2051 3548 2096 et

1968 2121 2061 2175 par
2090 2108 2250 2164 fuerit
2276 2151 2291 2173 ,
2322 2120 2376 2165 ut
2405 2114 2548 2183 quod
2580 2132 2719 2171 nunc
2751 2119 3009 2187 petimus,
3040 2127 3301 2191 praestetis
3339 2145 3353 2183 :
3384 2144 3549 2198 quan-

1963 2201 2247 2270 doquidem
2281 2213 2477 2258 tantam
2510 2207 2678 2261 aleam
2718 2210 3012 2267 subivimus
3054 2224 3270 2284 propter
3316 2232 3410 2272 vos
3463 2238 3550 2277 ve-

1963 2302 2233 2364 stramque
2276 2298 2573 2360 caritatem,
2614 2315 2716 2369 qua
2756 2302 2887 2359 nihil
2927 2304 3207 2361 violentius
3254 2318 3345 2363 aut
3383 2310 3550 2381 impe-

1961 2386 2183 2449 riosius,
2213 2395 2270 2439 ut
2316 2404 2435 2456 qua:
2487 2405 2585 2443 nos
2628 2406 2730 2444 non
2767 2393 3051 2449 admodum
3094 2396 3302 2454 dicendi
3347 2404 3550 2472 peritos

1962 2477 2029 2529 ad
2076 2476 2359 2531 dicendmn
2391 2482 2684 2548 pertraxit,
2727 2484 3008 2553 effecitque
3062 2496 3119 2542 ut
3175 2489 3241 2544 ad
3290 2490 3549 2551 doctrinae

1960 2566 2187 2622 stadium
2226 2569 2493 2625 exiremus
2519 2611 2534 2635 ,
2592 2571 2714 2629 licet
2742 2575 2968 2631 antehac
3001 2575 3103 2631 hoc
3150 2580 3410 2651 palaestra:
3455 2600 3546 2656 ge-

1961 2677 2061 2717 nus
2107 2678 2390 2731 numquam
2431 2665 2791 2733 attigerimus,
2832 2667 2926 2722 sed
2968 2684 3181 2740 semper
3225 2672 3278 2727 in
3337 2677 3545 2731 audito-

1959 2768 2075 2805 rum
2108 2754 2296 2808 ordine
2352 2756 2535 2824 quieto
2582 2758 2794 2812 silentio
2838 2760 2937 2814 h'ui
2989 2762 3278 2819 soleamus.
3340 2766 3540 2824 Verum

1958 2843 2078 2909 quis
2129 2844 2196 2897 sit
2239 2844 2372 2899 adeo
2404 2846 2568 2902 durus
2624 2858 2678 2901 et
2707 2849 3091 2917 intractabilis,
3134 2865 3193 2909 ut
3234 2856 3395 2913 istum
3445 2876 3534 2916 ve-

1958 2942 2124 2987 strum
2149 2945 2468 2991 conventum
2498 2938 2710 2993 silentio
2740 2951 3109 3008 pril‘lt‘l‘eill,cl
3134 2947 3332 3002 amicos
3355 2962 3541 3011 nactus

1956 3025 2202 3081 audiendi
2249 3027 2423 3081 studio
2460 3028 2747 3100 ﬂagrantes
2790 3047 2894 3086 non
2947 3034 3277 3105 alloquatur,
3327 3043 3532 3099 etiamst

1957 3119 2193 3173 omnium
2246 3120 2521 3175 hominum
2566 3132 2707 3177 esset
2760 3124 3010 3194 loquendi
3064 3129 3539 3200 imperitissimus?

1956 3209 2245 3278 Cupiebam
2300 3211 2544 3282 equidem
2597 3214 2822 3284 primum
2869 3217 2920 3269 in
2973 3218 3208 3274 Ecclesia
3256 3221 3534 3295 dicturus,

1958 3304 2338 3371 procemiorum
2385 3306 2643 3374 primitias
2670 3307 2740 3361 illi
2772 3307 2948 3365 dieare
2968 3352 2984 3377 ,
3012 3312 3100 3380 qui
3125 3313 3355 3385 linguam
3380 3320 3533 3374 nobis

1955 3396 2095 3453 hanc
2121 3397 2303 3461 dedit,
2335 3398 2583 3455 nimirum
2615 3401 2748 3460 Deo.
2784 3402 2957 3471 Atque
2987 3403 3069 3475 ita~
3085 3418 3214 3460 sane
3243 3406 3358 3463 ﬂeri
3383 3424 3546 3479 Opor-

1954 3490 2055 3544 tuit
2084 3507 2097 3543 :
2125 3506 2295 3560 neque
2323 3492 2470 3547 enim
2501 3507 2640 3547 areae
2687 3501 2889 3548 tantum
2914 3510 2976 3550 ac
3008 3498 3283 3557 torcularis
3302 3543 3318 3566 ,
3349 3517 3535 3561 verum

1952 3583 2112 3636 etiam
2139 3583 2421 3639 verborum
2464 3585 2722 3653 primitias
2746 3596 2957 3655 Oportet
2986 3588 3150 3644 verbo
3181 3593 3484 3659 pet-Solvere
3513 3639 3528 3661 ,

1951 3675 2226 3747 multoque
2254 3677 2423 3746 magis
2454 3677 2734 3731 verborum
2762 3694 2917 3749 quam
2950 3681 3359 3750 manipulorum.
3398 3684 3534 3753 Quin

1951 3767 2111 3821 etiam
2139 3776 2195 3822 ιιι
2228 3767 2295 3823 ad
2325 3782 2419 3821 nos
2470 3768 2556 3823 hic
2584 3767 2789 3824 i’rurtns
2834 3770 2999 3839 magis
3026 3773 3293 3841 pertinet,
3325 3777 3393 3833 ita
3439 3778 3534 3847 ipsi

1952 3859 2063 3913 Deo
2086 3858 2175 3928 qui
2209 3859 2497 3913 honoratur
2515 3860 2781 3929 acceptior
2802 3871 2902 3914 est.
2931 3861 3149 3916 Botrum
3178 3864 3318 3919 enim
3346 3874 3400 3920 et
3427 3867 3535 3937 Spi-

1947 3964 2065 4005 cam
2116 3964 2214 4005 suo
2246 3960 2381 4005 terra
2419 3952 2613 4005 emittit
2654 3952 2890 4020 gremio,
2933 3952 3026 4005 alit
3079 3953 3377 4022 pluviarum
3410 3958 3531 4013 irri-

1951 4043 2092 4111 gatio
2115 4083 2130 4108 ,
2158 4043 2284 4098 colit
2311 4043 2662 4112 agricolarum
2698 4058 2919 4097 manus:
2948 4052 3002 4096 at
3037 4057 3245 4098 sacrum
3275 4046 3528 4116 hymnum

1952 4134 2089 4201 parit
2133 4133 2292 4186 animi
2347 4134 2555 4202 pietas,
2587 4133 2680 4185 alit
2722 4134 2856 4187 bona
2896 4134 3254 4199 conscientia,
3306 4135 3442 4189 Deus
3484 4138 3532 4190 in

1950 4224 2180 4277 ea-lcstia
2233 4224 2419 4292 recipit
2463 4226 2652 4278 horrea
2700 4239 2712 4273 :
2759 4236 2920 4289 porro
2957 4231 3155 4291 quanto
3200 4227 3535 4291 prmstantior

1951 4326 2030 4369 est
2070 4315 2276 4368 animus
2316 4323 2449 4367 terra
2480 4355 2492 4373 ,
2531 4321 2677 4366 tanto
2712 4312 2799 4366 hic
2842 4313 2931 4365 illo
2969 4312 3160 4367 melior
3188 4324 3269 4368 est
3305 4330 3532 4383 proven-

1952 4418 2056 4461 tus.
2090 4406 2423 4473 Quapropter
2449 4412 2502 4457 et
2526 4403 3172 4472 prophetarumquispiam
3209 4405 3290 4459 vir
3310 4421 3531 4477 magnus

1951 4509 2004 4555 et
2044 4498 2402 4561 admirandus,
2437 4511 2629 4549 nomen
2657 4495 2733 4550 illi
2760 4495 2919 4560 Osee,
2945 4510 3039 4549 eos
3063 4497 3150 4566 qui
3180 4497 3344 4552 Deum
3366 4499 3532 4555 oﬂ'en-

1950 4594 2176 4657 derant,
2220 4591 2583 4661 parabantque
2632 4589 2778 4643 illum
2804 4587 2902 4644 sibi
2947 4588 3230 4659 propitium
3262 4591 3484 4648 reddere
3518 4636 3533 4658 ,

1950 4686 2264 4742 adhortatur
2294 4684 2334 4747 ¹,
2366 4692 2424 4737 ιιι
2453 4681 2625 4737 ferant
2666 4695 2846 4735 secum
2900 4696 3008 4736 non
3046 4692 3283 4738 armenta
3329 4683 3489 4739 boum
3514 4725 3528 4750 ,

1951 4794 2124 4850 neque
2149 4778 2338 4834 similae
2369 4790 2644 4830 mensuras
2671 4782 2747 4829 tot
2776 4782 2867 4828 aut
2897 4782 3011 4838 tot,
3042 4789 3215 4844 neque
3242 4782 3525 4841 turturem,

1952 4886 2124 4940 neque
2164 4868 2461 4924 columbam
2494 4907 2510 4932 ,
2540 4882 2712 4933 neque
2752 4865 2896 4919 aliud
2925 4864 3206 4934 quidquam
3239 4865 3532 4921 istiusmodi

1951 4977 2131 5015 rerum
2166 4976 2179 5012 :
2209 4958 2302 5013 sed
2327 4957 2452 5028 quid
2477 4957 2501 5009 ?
2531 4956 2685 5010 Ferte
2702 4955 2953 5009 vobiscum
2979 4954 3124 5008 verba
3158 4952 3311 5026 (Osee
3340 4955 3425 5010 14.
3455 4953 3531 5026 5),

1956 5053 2143 5123 inquit.
2200 5051 2269 5106 Et
2313 5050 2470 5119 quale
2504 5046 2823 5103 sacriﬁcium
2850 5088 2866 5109 ,
2914 5044 3109 5100 dixerit
3148 5044 3367 5115 aliquis,
3412 5057 3536 5101 sunt

1953 5144 2114 5197 verba
2139 5142 2162 5194 ?
2193 5140 2477 5196 Maximum
2507 5138 2717 5208 quidem
2740 5177 2756 5203 ,
2797 5151 2830 5190 ο
2852 5135 3125 5190 carissime
3149 5175 3164 5200 ,
3194 5150 3258 5189 ac
3299 5134 3533 5205 splendi-

1952 5236 2228 5290 dissimum
2258 5275 2273 5298 ,
2308 5229 2621 5299 carterisque
2649 5227 2895 5282 omnibus
2932 5225 3287 5296 przestantius.
3331 5225 3396 5280 Et
3419 5226 3535 5299 quis

1955 5326 2054 5382 iSta
2097 5323 2270 5379 dicit?
2302 5322 2382 5375 his
2424 5320 2669 5374 nimirum
2714 5317 2801 5385 qui
2836 5316 2949 5369 hate
2996 5315 3170 5368 omnia
3195 5315 3341 5370 novit
3366 5317 3535 5371 maxi-

1955 5434 2040 5473 me
2067 5426 2224 5485 atque
2261 5412 2596 5469 exactissime
2620 5451 2635 5474 ,
2680 5408 2922 5462 videlicet
2954 5407 3320 5476 magnanimus
3360 5407 3446 5462 ille
3473 5424 3534 5461 ae.

1957 5522 2178 5580 magnus
2203 5506 2387 5561 David.
2428 5504 2474 5558 ls
2502 5503 2641 5557 enim
2664 5516 2784 5556 cum
2810 5499 3093 5571 aliquando
3113 5498 3225 5555 Deo
3244 5501 3532 5571 gratiaru-u

2019 5729 2036 5758 ¹
2074 5726 2219 5785 mlb.,
2255 5723 2539 5774 adhortatur
2563 5722 2724 5771 dicens
2756 5732 2771 5770 :
2801 5726 2934 5770 Ferte
2959 5719 3210 5771 vobiscum.
