4050 6160
479 315 587 368 (lilii

482 440 726 493 actiones
766 434 1068 491 immolaret
1086 448 1185 505 pro
1211 433 1432 489 victoria
1455 447 1613 503 quam
1654 448 1720 488 ex
1749 434 1901 489 hoste
1926 431 2068 488 tule-

485 538 607 596 rat,
639 528 707 583 ita
739 527 905 582 ferme
932 526 1198 597 loquitur:
1230 523 1474 578 Laudabo
1502 540 1683 578 nomen
1711 521 1811 578 Dei
1835 524 1935 579 mei
1954 539 2070 577 cum

478 624 678 677 cantico
705 637 725 677 :
750 619 1082 691 magniﬁcabo
1107 636 1220 673 eum
1258 619 1311 671 in
1342 618 1493 672 laude
1518 616 1633 690 (Ps.
1665 617 1757 674 68.
1802 616 1917 685 51).
1945 615 2067 671 Mox

483 714 639 784 hujus
667 713 909 769 sacrificii
932 712 1289 782 prtestantiam
1321 710 1477 765 nobis
1511 709 1790 778 aperiens,
1814 707 2062 779 subjecit,

480 808 547 862 Et
579 806 793 879 placebit
824 804 929 859 Deo
958 820 1115 874 supra
1142 803 1351 856 vitulum
1391 801 1643 855 novellum
1668 842 1682 863 ,
1709 815 1900 853 cornua
1945 815 2065 868 pro-

476 901 744 954 ducentem
773 906 820 951 et
859 895 1077 967 ungulas
1103 893 1208 966 (Ib.
1254 909 1303 947 υ.
1332 891 1446 962 5‘2).
1488 891 1777 960 Cupiebam
1820 890 1978 960 igitur
2010 898 2065 945 et

476 994 590 1061 ipse
634 989 792 1044 hodie
823 987 918 1041 has
939 994 1174 1042 mactare
1202 986 1473 1048 victimas,
1521 993 1574 1038 et
1602 983 1767 1038 altare
1788 981 2063 1052 spiritnaie

472 1083 623 1137 hisre
649 1089 927 1135 cruentare
970 1077 1160 1133 hostiis
1181 1117 1194 1142 ,
1222 1076 1316 1131 sed
1351 1075 1476 1145 quid
1532 1074 1763 1128 faciam?
1792 1072 1887 1127 Vir
1939 1073 2059 1141 qui-

469 1176 596 1228 dam
625 1174 841 1242 sapiens
857 1171 1069 1225 obturat
1090 1168 1219 1224 mihi
1236 1183 1318 1235 os,
1338 1169 1675 1237 deterretque
1694 1166 1880 1221 dicens
1902 1181 1915 1218 :
1938 1163 2060 1218 Non

471 1275 543 1319 cst
579 1265 804 1334 speciosa
825 1264 936 1317 laus
964 1262 1017 1316 in
1044 1275 1132 1316 ore
1153 1259 1428 1330 peccatoris
1450 1257 1637 1331 (Eccli.
1663 1256 1841 1329 15.9).
1859 1256 2059 1323 Quem-

471 1355 761 1409 admodum
804 1353 947 1408 enim
1000 1352 1052 1406 in
1100 1350 1313 1406 coronis
1342 1364 1447 1404 non
1488 1358 1569 1404 sat
1606 1357 1688 1403 est
1728 1347 1888 1403 ﬂores
1941 1362 2059 1403 esse

471 1461 668 1518 puros,
710 1446 812 1500 nisi
841 1460 968 1515 pura
998 1444 1068 1498 sit
1102 1452 1155 1497 et
1186 1456 1377 1497 manus
1417 1457 1512 1496 eas
1555 1450 1879 1496 contexens:
1902 1440 1979 1495 sic
2004 1448 2058 1494 et

473 1543 523 1593 in
546 1536 715 1593 sacris
759 1536 970 1607 hymnis
994 1542 1205 1606 oportet
1235 1549 1339 1586 non
1372 1531 1531 1586 verba
1554 1540 1756 1586 tantum
1787 1546 1909 1587 esse
1934 1532 2016 1601 pia
2036 1571 2052 1597 ,

476 1628 826 1683 verumctiam
850 1627 1084 1680 animum
1108 1624 1335 1698 hymnos
1357 1624 1837 1691 concinentem.At
1853 1621 1898 1677 is
1924 1623 2054 1678 mihi

471 1724 710 1791 impurus
753 1729 836 1775 est
859 1761 873 1784 ,
901 1720 1107 1774 fiduciae
1135 1733 1334 1773 vacuus
1366 1759 1381 1782 ,
1418 1726 1602 1787 utp0te
1628 1716 1914 1772 multorum
1941 1716 2056 1789 ple-

469 1829 569 1870 nus
613 1816 895 1870 scelerum.
928 1813 1093 1867 Porro
1136 1812 1214 1867 sic
1252 1811 1456 1868 affectis
1486 1827 1592 1865 non
1624 1810 1739 1865 inec
1763 1811 1923 1864 modo
1968 1811 2053 1865 lex

465 1907 679 1962 obturat
708 1920 770 1960 os
790 1946 806 1970 ,
836 1903 1184 1959 verumetiam
1208 1903 1309 1957 alia
1351 1902 1595 1973 quaedam
1634 1901 1721 1957 illa
1751 1902 2012 1956 vetustior
2034 1942 2049 1965 ,

465 2011 518 2054 ct
546 2008 672 2054 ante
706 1998 850 2053 illam
899 1997 1045 2063 lata,
1071 2011 1230 2067 quam
1275 2005 1329 2050 et
1385 1996 1556 2067 ipsam
1605 1994 1803 2064 adjecit
1846 1994 1928 2061 is,
1961 1993 2053 2064 qui

466 2092 624 2148 modo
654 2091 809 2146 nobis
848 2090 916 2145 de
963 2089 1243 2144 sacrificiis
1270 2088 1522 2158 loquutus
1570 2097 1654 2142 est
1690 2087 1874 2141 David.
1917 2085 2049 2142 Cum

462 2186 605 2239 enim
652 2185 757 2237 ait:
782 2182 1014 2236 Laudate
1038 2182 1309 2236 Dominum
1330 2181 1393 2236 de
1418 2182 1554 2235 uelis
1577 2222 1593 2247 ,
1624 2181 1828 2235 laudate
1853 2198 1968 2236 eum
1997 2181 2051 2235 in

463 2277 669 2331 excelsis
696 2274 867 2345 (Psal.
900 2274 1024 2329 148.
1055 2272 1109 2346 1)
1136 2292 1149 2329 :
1177 2283 1234 2329 et
1277 2274 1436 2344 paulo
1460 2282 1580 2346 post
1610 2289 1792 2329 rursus
1814 2274 2000 2330 dicens
2032 2291 2045 2327 :

467 2366 691 2422 L-audate
719 2364 993 2420 Dominum
1036 2367 1100 2420 de
1151 2374 1285 2420 terra
1312 2381 1334 2421 :
1374 2381 1496 2421 cum
1538 2372 1818 2436 utramque
1863 2367 2050 2421 invitat

461 2468 791 2524 creaturam,
823 2464 877 2511 et
906 2472 1023 2527 quae
1052 2471 1262 2511 sursum
1292 2464 1396 2523 est,
1424 2464 1479 2511 et
1500 2471 1619 2527 qua:
1649 2456 1876 2523 inferne,
1924 2472 2048 2512 scu-

450 2548 668 2605 ‘sibilem
690 2558 849 2619 atque
875 2547 1261 2618 intelligibilem
1280 2589 1295 2613 ,
1327 2548 1667 2616 conspicuam
1698 2558 1751 2601 et
1781 2549 2048 2617 inconspi-

454 2656 634 2705 cuam,
679 2656 798 2710 quae
826 2655 987 2709 supra
1028 2639 1189 2694 caelos
1215 2647 1299 2693 est
1324 2646 1381 2694 et
1422 2655 1541 2708 qua:
1569 2640 1671 2693 sub
1699 2640 1833 2693 czelo
1855 2680 1870 2703 ,
1903 2648 1956 2693 et
1981 2655 2046 2694 ex

461 2742 683 2802 utraque
724 2732 947 2786 chorum
992 2731 1266 2785 constituit
1322 2746 1522 2795 unum;
1563 2740 1723 2800 atque
1775 2731 1845 2785 ita
1894 2730 2048 2801 jubet

461 2823 671 2894 hymnis
719 2823 990 2877 celebrare
1041 2837 1220 2893 regem
1272 2823 1676 2888 universorum,
1711 2837 2043 2893 nequaquam

459 2914 702 2968 invitavit
737 2922 1108 2984 peccatorcm,
1156 2912 1252 2968 sed
1298 2922 1354 2967 et
1390 2913 1477 2968 hic
1507 2913 1583 2968 illi
1616 2914 1754 2969 fores
1797 2915 2042 2970 occlusit.

525 3007 582 3061 ξι..
614 3004 862 3059 Pcccator
906 3006 974 3058 ad
1002 3004 1318 3059 laudandum
1355 3004 1520 3059 Deum
1546 3022 1647 3059 non
1693 3014 1943 3059 evocatur.
1975 3036 2047 3046 —

456 3098 742 3163 Ca‘terum,
777 3107 834 3152 ut
875 3098 1026 3153 vobis
1056 3098 1195 3168 quod
1233 3097 1356 3152 dico
1388 3100 1476 3152 liat
1522 3099 1841 3164 evidentius,
1870 3099 2043 3169 ipsum

459 3191 716 3259 psalmum
774 3191 843 3246 ab
889 3190 1040 3245 initio
1069 3191 1217 3244 vobis
1263 3190 1633 3260 pra-legemus.
1668 3190 1900 3246 Laudate
1936 3190 2047 3245 Do-

456 3286 646 3338 minuat
692 3284 755 3339 de
804 3283 971 3349 uelis,
1018 3283 1224 3336 laudate
1288 3299 1401 3337 eum
1455 3283 1510 3337 in
1551 3284 1793 3348 excelsis;
1840 3285 2046 3337 laudate

457 3392 570 3428 eum
619 3390 791 3428 omnes
830 3374 995 3443 angeli
1031 3374 1180 3444 ejus;
1209 3373 1414 3427 laudate
1448 3390 1560 3428 eum
1605 3391 1775 3429 omnes
1826 3374 2045 3430 Virtutes

456 3467 585 3537 ejus.
630 3464 788 3520 Vides
836 3465 1055 3535 angelos
1086 3465 1406 3520 laudantes?
1454 3466 1602 3522 vides
1655 3467 2043 3537 archangelos?

454 3558 605 3612 vides
639 3556 925 3612 Cherubim
951 3567 1007 3611 et
1028 3556 1311 3625 Seraphim
1332 3596 1347 3621 ,
1374 3572 1609 3613 sunnnas
1637 3558 1753 3613 illas
1782 3559 2043 3615 virtutes?

453 3650 584 3704 Cum
614 3649 758 3705 enim
786 3649 880 3714 ait,
912 3648 1099 3703 Omnes
1131 3647 1352 3703 Virtutes
1381 3650 1510 3722 ejus,
1543 3649 1848 3706 universum
1874 3666 2042 3722 popu-

455 3741 561 3795 lum
588 3740 856 3796 caelestem
905 3740 1299 3810 complectitur.
1326 3741 1587 3797 Numeubi
1619 3743 1772 3799 vides
1799 3753 2043 3812 peccato-

454 3832 612 3888 rem?
661 3833 728 3888 Et
754 3834 1024 3905 quomodo
1051 3876 1066 3900 ,
1098 3834 1292 3889 dixerit
1346 3835 1570 3905 aliquis,
1602 3837 1653 3891 in
1680 3837 1814 3892 caelo
1860 3838 2043 3895 videre

455 3926 714 3994 possum?
737 3926 875 3996 Ergo
903 3942 1001 3995 age
1029 3926 1080 3981 in
1113 3934 1307 3981 terram
1337 3927 1726 3984 descendamus
1752 3970 1767 3995 ,
1794 3929 1863 3985 ad
1905 3931 2041 3987 alte-

454 4035 564 4073 ram
591 4016 738 4073 chori
772 4027 976 4089 partem
1013 4027 1348 4074 transeuntes
1368 4062 1382 4081 .
1413 4035 1511 4075 nec
1554 4020 1641 4075 hic
1671 4036 1855 4076 rursus
1886 4022 2040 4077 vide-

453 4110 532 4166 ltis
575 4108 930 4181 peccatorem.
976 4108 1206 4164 Laudate
1235 4110 1510 4165 Dominum
1538 4112 1601 4166 de
1629 4122 1762 4166 terra
1799 4112 2043 4170 dracones

449 4212 498 4255 et
546 4217 717 4256 omnes
750 4201 957 4271 abyssi,
989 4201 1158 4256 bestia:
1209 4211 1255 4256 et
1296 4204 1462 4257 omnia
1490 4221 1706 4274 pecora,
1737 4207 1938 4275 reptilt’a
1994 4217 2042 4262 et

451 4293 677 4346 volucres
706 4302 938 4363 pennata:
963 4292 1084 4365 (Ps.
1117 4295 1239 4349 HS.
1292 4295 1405 4367 l0).
1441 4295 1589 4351 Haud
1647 4296 1839 4352 frustra
1868 4314 2041 4369 neque
2076 4290 2080 4295 ’

450 4393 654 4437 temere
678 4424 694 4450 ,
726 4386 851 4438 dum
885 4385 997 4439 haec
1026 4386 1217 4456 loquor
1238 4429 1253 4454 ,
1286 4387 1547 4443 intersilui
1579 4390 1734 4460 :qnia
1764 4401 1818 4445 et
1848 4392 2040 4446 tuentis

452 4476 701 4545 cogitatio
740 4486 882 4531 metu
922 4477 1146 4534 confusa
1175 4489 1288 4545 est,
1320 4480 1386 4535 ad
1413 4496 1622 4536 amaras
1666 4498 1832 4553 usque
1863 4484 2038 4554 lacry-

454 4581 568 4620 tuas
593 4579 917 4636 gravemque
943 4568 1196 4636 ejulatum
1225 4568 1337 4625 fere
1380 4571 1653 4640 perducta.
1682 4573 1818 4641 Quid
1871 4575 2036 4642 enim,

449 4658 678 4713 obsecro
702 4700 718 4726 ,
765 4659 939 4730 possit
965 4674 1085 4715 esse
1111 4660 1519 4718 miserabilius?
1547 4663 1753 4735 Scorpii
1770 4706 1784 4730 ,
1817 4681 2040 4737 serpen-

450 4764 530 4807 tes
566 4765 631 4807 ac
653 4750 916 4807 dracones
944 4752 1232 4808 invitantur
1260 4754 1326 4809 ad
1357 4755 1678 4813 laudandum
1705 4774 1828 4814 eum
1858 4776 1890 4815 a
1932 4777 2038 4832 quo

447 4842 649 4899 conditi
694 4853 820 4898 sunt
846 4862 860 4899 :
886 4845 1033 4900 solus
1080 4854 1332 4917 peccator
1376 4848 1445 4904 ab
1480 4850 1580 4905 hac
1640 4866 1791 4909 sacra
1840 4854 2037 4913 chorea

448 4941 729 4994 submotus
769 4945 887 5005 est,
932 4937 1092 5008 idque
1132 4939 1253 5010 jure
1282 4941 1504 5011 optimo.

370 5022 375 5027 ’
520 5029 794 5085 Peccatum
820 5030 957 5084 mala
986 5032 1162 5088 bestia.
1184 5032 1409 5089 —Mala
1446 5044 1501 5090 et
1538 5035 1698 5092 ell‘era
1741 5037 1909 5095 bestia
1956 5053 2040 5095 est

455 5132 759 5194 peceatum,
791 5137 896 5178 non
927 5122 1140 5193 quidem
1181 5124 1236 5179 in
1261 5140 1518 5182 conserva
1565 5142 1789 5199 corpora
1839 5132 2037 5186 malum

455 5215 750 5286 proferens,
800 5215 897 5273 sed
939 5217 992 5273 in
1034 5217 1203 5291 ipsam
1241 5219 1452 5276 Domini
1495 5223 1715 5294 gloriam
1760 5223 2040 5282 effundens

456 5307 707 5364 malitiam
727 5327 740 5364 :
762 5307 983 5381 Propter
1000 5328 1107 5378 vos,
1138 5310 1342 5383 inquit,
1388 5330 1570 5370 nomen
1612 5332 1779 5371 meum
1804 5316 2041 5389 blasphe-

456 5405 634 5448 matur
665 5397 720 5450 in
744 5398 983 5467 gentibus
1014 5398 1172 5469 (lsai.
1210 5400 1302 5456 52.
1334 5400 1404 5471 5;
1436 5402 1589 5459 Rom.
1620 5405 1674 5460 2.
1702 5406 1816 5478 24).
1851 5406 2040 5479 quue

458 5493 803 5554 peceatorem
836 5496 1116 5561 tamquam
1145 5507 1177 5548 e
1205 5507 1367 5550 sacra
1392 5497 1568 5564 patria
1602 5498 1782 5570 abegit
1800 5515 1868 5556 ex
1904 5503 2038 5558 orbe

453 5589 724 5635 terrarum
756 5582 1045 5652 propheta,
1082 5594 1139 5641 et
1168 5586 1431 5643 exsulare
1467 5589 1647 5661 coegit
1685 5609 1700 5647 :
1751 5600 1916 5663 atque
1949 5596 2028 5648 uti

457 5669 690 5724 musicus
719 5672 950 5739 optimus
985 5687 1017 5727 e
1053 5673 1256 5729 cithara
1308 5675 1443 5732 bene
1486 5679 1753 5735 modulata
1781 5682 2034 5741 ehordam

459 5759 724 5815 dissonam
770 5769 1008 5831 resecat,
1054 5779 1122 5819 ne
1162 5765 1483 5835 reliquarum
1526 5783 1715 5826 vocum
1758 5771 2031 5833 harmonia

1206 316 1263 372 S.
1303 312 1580 373 JOANNIS
1618 312 2089 372 CllllYSOSTOMI
2129 317 2451 377 ARCHIEP.
2490 320 3026 382 CONSTANTINOP.

3659 337 3762 395 696

2179 433 2431 502 vitietur;
2472 446 2527 493 et
2556 440 2755 508 peritus
2778 443 2908 498 artis
2937 441 3176 498 medicus
3205 445 3500 501 membrum
3529 454 3766 521 putrefa-

2175 534 2317 580 ctum
2343 539 2616 598 amputat,
2663 547 2730 586 ne
2769 532 2886 590 haec
2917 535 3028 590 lues
3056 535 3122 591 ad
3147 547 3339 593 caetera
3372 542 3606 597 membra
3636 560 3764 601 sana

2175 620 2741 680 transiliatzeumdem
2788 626 2853 680 ad
2901 628 3115 683 modum
3149 631 3403 701 propheta
3435 632 3591 691 fecit.
3637 637 3763 693 dum

2171 712 2333 766 veluti
2362 714 2618 769 ehordam
2645 716 2914 772 dissonatn
2942 735 3005 775 ac
3031 720 3193 775 veluti
3225 723 3527 779 membrum
3559 742 3760 797 :rgrum

2169 804 2237 859 ab
2279 806 2526 862 universo
2573 820 2830 865 creatur-.13
2865 826 3092 882 corpore
3141 824 3475 883 peccatorem
3530 832 3758 874 resecat.

2168 897 2303 965 Quid
2345 898 2501 970 igitur
2526 900 2680 956 nobis
2709 901 3007 958 faciendum
3034 906 3154 959 est?
3194 905 3543 977 Posteaquam
3572 898 3758 979 rejecti

2167 1003 2385 1055 sumus,
2420 1001 2763 1061 posteaquam
2796 997 2984 1050 resecti
3016 1010 3233 1066 sumus,
3264 1001 3483 1054 omnino
3507 1002 3760 1059 sileamus

2166 1091 2379 1149 oportet
2408 1101 2419 1136 ε
2448 1084 2535 1139 dic
2566 1086 2746 1156 igitur,
2777 1086 3031 1154 obsecro,
3065 1106 3191 1144 num
3223 1093 3557 1149 tacebimus?
3585 1112 3758 1167 neque

2164 1171 2424 1241 quispiam
2455 1176 2607 1230 nobis
2635 1178 2904 1245 permittet
2930 1178 3140 1251 hymnis
3167 1181 3443 1237 celebrare
3472 1184 3756 1242 Dominum

2164 1267 2444 1320 nostrum?
2465 1282 2664 1338 ergone
2680 1268 2871 1324 frustra
2893 1280 3100 1329 vestras
3118 1286 3301 1342 preces
3323 1274 3754 1344 imploravimus;

2162 1352 2358 1410 frustra
2402 1357 2468 1412 ad
2525 1368 2698 1414 vestra
2751 1361 3086 1433 confugimus
3137 1364 3467 1433 patrocinia?
3506 1367 3660 1422 Absit
3699 1380 3757 1422 ut

2162 1445 2357 1502 frustra
2383 1466 2398 1504 τ
2423 1451 2594 1519 reperi
2622 1452 2764 1506 enim
2788 1493 2801 1517 ,
2834 1454 3008 1523 reperi
3051 1463 3125 1517 et,
3151 1455 3378 1511 alterum
3424 1457 3753 1527 glorificamli

2163 1538 2405 1603 modum,
2438 1544 2629 1595 vestris
2656 1542 2707 1595 in
2735 1542 2835 1597 hac
2863 1543 3197 1601 hresitatione
3226 1547 3493 1616 precibus,
3523 1563 3619 1603 ceu
3649 1549 3755 1602 ful-

2158 1628 2377 1697 guribus
2408 1630 2459 1683 in
2484 1631 2711 1701 caligine
2738 1634 3116 1703 apparentibus
3133 1649 3449 1691 :conservos
3476 1638 3704 1694 laudabo
3732 1639 3749 1672 '

2158 1718 2261 1774 Fas
2307 1721 2450 1774 enim
2500 1731 2583 1775 est
2634 1733 2689 1778 et
2735 1738 3024 1779 conservos
3071 1734 3283 1781 nostros
3329 1727 3576 1795 laudare,
3626 1731 3750 1800 qui-

2159 1808 2257 1863 bus
2287 1811 2516 1867 laudatis
2548 1812 2686 1868 haud
2714 1813 2930 1869 dubium
2959 1824 3068 1880 est,
3102 1817 3227 1885 quin
3261 1833 3320 1872 ea
3344 1817 3513 1887 gloria
3542 1820 3606 1873 ad
3642 1822 3750 1875 Do-

2157 1901 2358 1956 minum
2389 1912 2622 1959 transeat
2648 1905 2888 1961 omnino.
2919 1907 3068 1972 Quod
3113 1917 3290 1962 autem
3319 1909 3443 1964 hinc
3468 1911 3738 1981 glorifice-

2156 2000 2263 2058 tur,
2295 1995 2452 2048 docet
2480 1995 2591 2064 ipse
2618 1996 2859 2052 Christus
2898 1997 3083 2054 dicens
3115 2017 3128 2052 :
3162 1999 3351 2053 Luceat
3377 2002 3398 2033 ²
3454 2006 3546 2056 tua:
3581 2015 3749 2059 castra

2152 2098 2326 2137 coram
2372 2085 2686 2151 hominibus,
2730 2098 2787 2141 ut
2832 2088 3031 2143 videant
3082 2106 3237 2160 opera
3274 2103 3437 2146 uestra
3479 2092 3646 2161 bona,
3694 2106 3745 2149 et

2153 2174 2435 2245 glori/iectu
2460 2175 2668 2231 Patrem
2695 2190 2912 2233 vestrum
2938 2181 3025 2251 qui
3062 2180 3115 2235 in
3162 2182 3299 2236 ca’lis
3328 2193 3399 2237 est
3434 2183 3454 2256 (
3476 2184 3659 2238 Matth.
3689 2187 3741 2241 5.

2154 2264 2268 2336 16).
2294 2266 2369 2322 Εη
2392 2268 2527 2324 alter
2556 2269 2883 2340 glorificandi
2906 2272 3096 2328 modus
3116 2316 3131 2341 ,
3162 2290 3268 2344 quo
3293 2285 3345 2329 et
3372 2279 3637 2346 peccaturi
3667 2280 3748 2333 fas

2151 2368 2235 2414 est
2277 2361 2351 2414 uti
2373 2402 2388 2425 ,
2430 2371 2489 2416 ut
2516 2362 2685 2433 legem
2719 2373 2894 2419 tamen
2927 2380 3032 2420 non
3062 2366 3243 2423 violet.

2222 2451 2276 2505 '5.
2324 2450 2629 2507 Flavianum
2674 2453 2984 2526 EpisCOpum
3026 2456 3502 2525 laudat.—Quem
3549 2460 3744 2529 igitur,

2151 2554 2351 2610 quem,
2412 2543 2623 2613 inquam
2651 2585 2667 2611 ,
2723 2560 3105 2601 conservorum
3152 2548 3517 2604 laudabimus?
3572 2551 3746 2615 Quem

2150 2630 2310 2685 alium
2332 2673 2347 2699 ,
2401 2648 2561 2702 quam
2605 2635 2751 2688 illum
2793 2650 3130 2692 communem
3163 2638 3319 2710 hujus
3344 2639 3527 2709 patria:
3554 2641 3746 2697 docto-

2150 2736 2261 2776 rem
2283 2763 2296 2787 ,
2329 2732 2384 2777 et
2414 2739 2508 2793 per
2532 2725 2756 2794 patriam
2782 2727 3020 2782 universi
3048 2727 3193 2784 orbis
3220 2731 3521 2784 terrarum?
3544 2731 3745 2799 Quem—

2149 2814 2433 2870 admodum
2475 2818 2617 2871 enim
2664 2832 2759 2873 vos
2788 2818 2878 2874 ille
2920 2819 3102 2876 docuit
3141 2831 3196 2874 ut
3225 2837 3394 2891 usque
3418 2822 3483 2876 ad
3513 2832 3744 2878 mortem

2150 2921 2245 2976 pro
2282 2908 2506 2963 veritate
2540 2910 2751 2964 staretis
2777 2928 2792 2965 :
2816 2911 2885 2965 ita
2911 2919 2967 2967 et
2994 2927 3090 2967 vos
3117 2913 3251 2968 alios
3274 2913 3521 2970 homines
3549 2914 3743 2971 docui-

2148 3001 2276 3064 stis,
2304 3016 2333 3055 a
2362 3001 2467 3054 vita
2503 3001 2661 3056 citius
2698 3019 2856 3072 quam
2901 3019 2931 3057 a
2976 3005 3171 3074 pietate
3215 3006 3570 3062 recedendum
3595 3023 3740 3063 esse.

2150 3090 2322 3145 Vultis
2367 3092 2525 3161 igitur
2557 3093 2629 3146 illi
2664 3095 2885 3162 posthac
2919 3082 3131 3150 laudum
3158 3111 3384 3152 coronas
3412 3098 3746 3168 plectamus?

2149 3180 2404 3237 Volebam
2430 3184 2674 3253 equidem
2705 3193 2759 3239 et
2798 3186 2911 3255 ipse
2930 3228 2945 3250 ,
2979 3187 3074 3241 sed
3105 3188 3260 3244 video
3292 3200 3438 3245 recte
3476 3188 3742 3246 factorum

2148 3275 2371 3346 pelagus
2414 3277 2687 3333 immensae
2718 3279 3122 3348 profunditatis,
3155 3297 3449 3353 vereorque
3468 3299 3536 3338 ne
3560 3298 3745 3339 sermo

2149 3375 2330 3422 noster
2348 3367 2415 3421 ad
2440 3366 2660 3422 fundum
2688 3369 2918 3435 delatus,
2933 3386 3044 3440 prae
3066 3372 3428 3429 imbecillitate
3448 3389 3551 3429 non
3570 3377 3745 3447 possit

2148 3457 2199 3511 in
2246 3459 2411 3512 altum
2458 3475 2756 3515 recurrere.
2806 3458 3030 3531 Oportet
3069 3463 3212 3517 enim
3261 3472 3466 3520 vetusta
3516 3482 3742 3524 narrare

2147 3550 2418 3616 facinora,
2460 3553 2948 3623 peregrinationes,
2991 3556 3219 3625 vigilias,
3268 3571 3459 3624 curas,
3499 3557 3742 3628 judicia,

2148 3659 2371 3714 pugnas,
2402 3654 2601 3715 tr0pzea
2628 3647 2862 3715 tropaeis,
2892 3647 3143 3702 victorias
3164 3650 3398 3704 victoriis
3415 3652 3740 3718 cumulatas,

2144 3749 2234 3789 res
2260 3744 2438 3805 gestas
2466 3751 2575 3791 non
2609 3746 2848 3792 nostram
2877 3738 3038 3794 modo
3057 3780 3072 3804 ,
3104 3739 3198 3797 sed
3225 3750 3277 3795 et
3302 3756 3517 3807 onlnem
3549 3743 3745 3799 buma-

2147 3841 2269 3881 nam
2314 3827 2549 3898 linguam
2591 3839 2922 3898 superantes,
2969 3846 3195 3902 quaeque
3235 3847 3420 3889 vocem
3463 3836 3745 3907 requirunt

2145 3919 2441 3988 apostolico
2466 3920 2657 3990 spiritu
2683 3923 3001 3977 concitatam
3022 3963 3039 3989 ,
3089 3924 3179 3994 qui
3209 3932 3384 3995 potest
3408 3927 3587 3982 omnia
3627 3936 3740 3983 tum

2143 4011 2340 4081 eloqui,
2361 4018 2473 4065 tum
2494 4010 2722 4068 docere:
2745 4012 2840 4068 sed
2864 4014 2999 4069 hanc
3015 4024 3219 4084 partem
3242 4026 3738 4086 praztcrcurrentes,

2146 4103 2214 4158 ad
2244 4103 2466 4160 alteram
2511 4120 2630 4175 quae
2684 4105 2860 4161 minus
2903 4106 3065 4162 habet
3113 4109 3333 4178 periculi
3384 4110 3739 4177 accedemus,

2145 4210 2303 4265 quam
2336 4196 2420 4251 vel
2445 4198 2634 4268 exigua
2661 4198 2857 4267 scapha
2886 4198 3012 4254 licet
3039 4201 3342 4271 enavigare.

2214 4284 2497 4341 Flavianus
2519 4287 2573 4341 in
2603 4288 2753 4343 domo
2772 4299 3067 4361 sumptuosa
3082 4291 3344 4347 educatus.
3364 4324 3436 4335 —
3452 4295 3565 4366 Age
3580 4295 3743 4367 igitur

2143 4377 2210 4434 de
2254 4381 2604 4449 temperantia
2642 4381 2825 4437 dicere
2854 4384 3209 4450 tentabimus,
3254 4388 3529 4457 quomodo
3566 4392 3740 4446 ventri

2146 4472 2445 4543 imperarit,
2473 4475 2744 4544 quomodo
2772 4474 2993 4532 delicias
3017 4480 3436 4549 contempserit,
3467 4483 3742 4551 quomodo

2142 4577 2383 4618 mensam
2415 4575 2781 4634 sumptuosam
2806 4565 3088 4636 deriserit,
3120 4568 3280 4639 idque
3322 4585 3444 4626 eum
3487 4573 3542 4627 in
3576 4572 3743 4629 domo

2142 4664 2454 4728 sumptuosa
2474 4667 2617 4713 esset
2643 4659 2916 4714 educatus.
2940 4660 3072 4715 Nam
3109 4662 3303 4718 mirum
3331 4679 3437 4719 non
3464 4673 3548 4720 est
3566 4708 3582 4733 ,
3614 4681 3740 4721 eum

2132 4750 2229 4819 'qui
2253 4749 2305 4803 in
2325 4759 2634 4820 paupertate
2654 4750 2805 4816 vixit,
2823 4751 2889 4806 ad
2911 4751 3049 4808 hanc
3064 4753 3357 4822 squalidam
3387 4770 3744 4829 asperamque

2142 4841 2325 4895 venire
2345 4840 2528 4908 vitam,
2553 4840 2982 4913 quandoquidem
3006 4844 3052 4899 is
3073 4843 3234 4900 habet
3253 4845 3423 4915 ipsam
3454 4858 3743 4918 pauperta-

2146 4938 2249 4984 tem
2273 4931 2720 5001 peregrinationis
2744 4946 2809 4989 ac
2833 4932 2931 4987 viae
2946 4935 3219 4999 comitem,
3241 4949 3361 5005 qua:
3383 4920 3457 4991 illi
3474 4940 3741 4994 sarcinam

2144 5021 2197 5075 in
2226 5020 2344 5077 dies
2369 5020 2542 5077 reddit
2578 5021 2859 5079 leviorem.
2895 5023 2966 5078 At
2987 5024 3077 5095 qui
3105 5023 3205 5079 fuit
3226 5025 3531 5082 divitiarum
3565 5027 3744 5084 domi-

2143 5128 2245 5168 nus
2264 5153 2279 5177 ,
2320 5111 2464 5167 haud
2503 5112 2658 5169 facile
2686 5128 2810 5171 sese
2833 5114 2902 5171 ab
2927 5115 3140 5171 illarum
3164 5116 3395 5187 explicet
3418 5120 3743 5190 complexu:

2146 5211 2349 5258 tantum
2378 5204 2726 5274 cupiditatum
2749 5220 2973 5262 examen
2993 5207 3227 5263 animam
3249 5208 3394 5265 illam
3416 5211 3744 5267 circumval-

2145 5295 2303 5352 lavit:
2323 5304 2430 5351 tam
2454 5297 2631 5368 gravis
2655 5305 2711 5353 et
2734 5297 3024 5368 caliginosa
3043 5298 3329 5356 affectuum
3353 5302 3523 5358 nubes
3545 5304 3745 5361 mentis

2143 5385 2288 5443 illius
2313 5388 2497 5444 oculos
2521 5387 2759 5455 obducit,
2790 5398 2851 5444 ut
2877 5404 2985 5446 non
3009 5390 3150 5447 sinat
3167 5391 3236 5447 ad
3267 5393 3457 5449 cadum
3485 5393 3744 5450 intuitum

2207 5602 2415 5686 LL“???
2435 5604 2561 5686 3‘99:
2853 5604 3302 5686 έςιμψνρθφηε.
3315 5611 3367 5661 ιη
3383 5610 3664 5686 -(ἒ9¹¹)ν.¹¹θο
3683 5613 3749 5663 δι’

2144 5669 2416 5728 tuterprete
2438 5666 2567 5718 lecta
2588 5678 2722 5726 sunt,
2739 5670 2829 5718 sed
2853 5666 3093 5722 habentur
3109 5671 3159 5721 in
3182 5672 3321 5723 savii.
3348 5682 3402 5724 et
3423 5666 3589 5723 Morel.

2169 5788 2179 5798 .
2205 5727 2227 5757 ³
2259 5728 2492 5798 sicsavil.
2520 5738 2571 5798 et
2599 5730 2785 5798 δίψει,
2807 5731 2896 5798 sed
2918 5731 3047 5782 t‘olb.
3070 5743 3120 5785 et
3144 5735 3406 5798 interpres,
3430 5738 3747 5798 quemadmo-

2207 5749 2227 5757 -
2259 5749 2333 5776 an;
2353 5749 2492 5779 eam.
2520 5749 2571 5779 et.
2599 5749 2785 5789 ntorel.,
2807 5749 2896 5780 seu
2918 5749 3047 5782 ww.
3070 5749 3120 5785 et
3144 5749 3302 5799 mterp

2146 5788 2263 5838 dum
2285 5788 2432 5853 igitur
2454 5798 2501 5842 et
2523 5792 2625 5855 ipse
2648 5792 2801 5853 dicit,
2826 5792 3000 5846 luceat.
