4050 6160
221 273 326 327 695

210 385 415 440 οὑτωσί
444 401 560 446 πως
598 382 813 451 ἐλεγενυ
864 380 1087 436 Αἰνέσω
1119 380 1185 434 τὸ
1229 382 1415 452 ὄνομα
1455 379 1565 435 τοῦ
1599 378 1747 434 Θεοῦ
1776 398 1895 450 μου

206 475 333 542 μετ’
380 468 580 539 ᾠδῆς·
627 468 948 540 μεγαλυνῶ
998 467 1187 522 αὐτὸν
1226 469 1297 521 ἐν
1338 469 1583 523 αἰνέσει.
1624 464 1756 521 Εἶτα
1800 469 1897 539 τῆς

208 560 405 621 ῠυσίας
442 556 652 621 ταύτης
698 555 797 626 τὴν
836 554 1109 625 ὑπεροχὴν
1154 556 1286 625 ἡμῖν
1330 552 1757 625 ἐνδεικνύμενος.
1799 554 1901 607 ἐπ-

207 650 387 717 ήγαγε
405 663 418 677 ·
463 646 578 699 Καὶ
630 645 832 712 ἀρέσει
874 641 955 708 τῷ
994 640 1115 707 Θεῷ
1152 641 1304 711 ὑπὲρ
1340 643 1580 711 μόσχον
1615 640 1759 696 νέον
1805 641 1903 695 κέ-

206 749 358 801 ρατα
391 732 731 801 ἐκφέροντα
763 731 860 784 καὶ
896 729 1111 794 ὁπλάς.
1156 729 1491 800 Ἐϐουλόμην
1526 729 1626 799 μὲν
1671 724 1764 783 οὖν
1807 730 1903 782 καὶ

208 822 373 883 αὐτὸς
406 819 585 874 ταῦτα
616 820 856 890 τήμερον
887 816 1211 870 καταϐαλεῖν
1239 818 1306 870 τά
1349 817 1542 887 ἱερεῖα,
1574 816 1669 869 καὶ
1709 815 1772 869 τὸ
1797 815 1904 870 ,θυ-

212 909 537 978 σιαστήριον
564 906 675 959 ἀπὸ
701 904 807 958 τῶν
833 903 1089 974 θυμάτων
1114 903 1318 957 τούτων
1335 900 1565 974 αἱμάξαι
1584 902 1644 955 τὸ
1660 919 1906 974 πνευμα-

210 997 366 1050 τικόν
386 1013 402 1026 ·
427 995 566 1049 ἀλλά
587 992 642 1046 τί
666 993 852 1057 πάθω;
877 991 1045 1060 Σοφός
1072 1008 1150 1055 τις
1175 991 1313 1063 ἀνὴρ
1335 989 1672 1061 ἐπιστομίζει
1698 1008 1786 1061 με,
1815 990 1907 1043 καὶ

212 1083 378 1152 φοϐεῖ
408 1083 586 1150 λέγων
608 1098 623 1113 ·
662 1083 787 1149 Οὐχ
817 1078 1022 1148 ὡραῖος
1059 1074 1226 1144 αἶνος
1260 1079 1330 1131 ἐν
1357 1080 1608 1147 στόματι
1640 1077 1907 1146 ἀμαρτω-

207 1174 349 1228 λοῦ.
407 1171 680 1242 Καθάπερ
721 1171 828 1240 γὰρ
881 1167 1111 1221 ἐπὶτῶν
1164 1166 1442 1236 στεφάνων
1484 1167 1604 1238 οὐχί⁵
1655 1166 1724 1218 τά
1770 1163 1905 1235 ἀνθη

217 1261 386 1331 μόνον
414 1256 556 1312 εἶναι
576 1258 683 1328 χρὴ
718 1255 953 1325 καθαρά,
998 1254 1134 1309 ἀλλά
1157 1255 1253 1308 καὶ
1282 1254 1380 1325 τὴν
1414 1254 1742 1321 ὐφαίνουσαν
1769 1250 1909 1305 αὐτά

215 1349 415 1417 χεῖρα·
457 1343 604 1397 οῦτω
648 1344 742 1395 καὶ
780 1342 873 1394 ἐπὶ
918 1341 1027 1393 τῶν
1062 1339 1246 1410 ὓμνων
1294 1340 1402 1393 τῶν
1441 1338 1600 1412 ἱερῶν
1634 1338 1753 1409 οὐχ).
1782 1338 1909 1399 τοὺς

214 1434 417 1500 λόγους
466 1429 754 1493 εὐλαϐείας
808 1430 1056 1499 μετέχειν
1100 1427 1206 1500 χρὴ
1260 1427 1440 1498 μόνον,
1493 1425 1630 1480 ἀλλά
1671 1424 1767 1478 καὶ
1813 1423 1910 1495 τὴν

217 1522 537 1574 πλέκουσαν
562 1518 758 1580 αὐτοὺς
790 1516 987 1587 ψυχήν.
1026 1516 1187 1586 Ἡμῖν
1216 1515 1274 1567 δέ
1311 1514 1509 1584 ἐναγής
1538 1513 1621 1575 τίς
1652 1513 1787 1572 ἐστι,
1819 1511 1912 1564 καὶ

216 1609 697 1680 ἀπαρρησίαστος,
738 1606 833 1658 καὶ
876 1603 1085 1657 πολλῶν
1126 1604 1375 1674 γέμουσα
1421 1602 1528 1655 τῶν
1576 1598 1910 1671 ἁμαρτημά-

215 1716 352 1752 των.
386 1698 527 1759 Τοὺς
564 1696 620 1747 δέ
646 1692 789 1747 οὕτω
817 1690 1193 1761 διακειμένους
1239 1690 1337 1760 οὐχ
1380 1684 1535 1752 οὗτος
1572 1684 1911 1758 ἐπιστομίζει

223 1784 389 1855 μόνον
416 1786 445 1837 0
473 1783 657 1853 νόμος,
687 1779 823 1835 ἁλλά
850 1778 945 1832 καὶ
973 1778 1158 1848 ἔτερος
1188 1777 1542 1847 ἀρχαιότερος
1580 1775 1789 1828 ἐκείνου
1820 1774 1914 1826 καὶ

219 1873 330 1944 πρὸ
369 1870 583 1925 ἐκείνου
624 1867 821 1931 τεθείς.
860 1866 972 1920 Καὶ
1005 1864 1113 1936 γάρ
1156 1865 1250 1917 καὶ
1297 1862 1483 1916 τοῦτον
1523 1863 1837 1931 εἰσήνεγκεν
1886 1861 1915 1911 ὁ

222 1961 356 2030 περὶ
377 1959 490 2012 τῶν
515 1956 715 2011 θυσιῶν
741 1958 872 2025 ἡμῖν
900 1953 1025 2025 ἁρτι
1045 1952 1343 2022 διαλεχθεὶς
1365 1950 1528 2004 Δαυϊδ
1544 1967 1556 1979 ·
1587 1948 1756 2003 εἰπὼν
1783 1948 1912 2019 γάρ,

223 2048 455 2103 Αἰνεῖτε
498 2045 608 2099 τόν
646 2045 865 2113 Κύριον
891 2043 959 2095 ἐκ
993 2039 1114 2092 τῶν
1145 2036 1437 2106 οὐρανῶν,
1483 2036 1698 2091 αἰνεῖτε
1730 2035 1916 2089 αὐτὸν

223 2139 297 2190 ἐν
320 2136 447 2202 τοῖς
475 2136 763 2203 ὑψίστοις
783 2149 794 2163 ’
820 2132 914 2184 καὶ
952 2132 1068 2201 μετ’
1096 2128 1250 2197 ὀλίγα
1290 2128 1449 2180 πάλιν
1478 2124 1666 2190 εἰπὼν,
1691 2123 1917 2177 Αἰνεῖτε

230 2231 333 2278 τὺν
359 2225 586 2291 Κύριον
606 2222 675 2274 ἐκ
707 2218 815 2288 τῆς
849 2218 981 2288 γῆς,
1011 2218 1103 2271 καὶ
1142 2217 1237 2287 τὴν
1263 2216 1438 2269 κτίσιν
1472 2214 1704 2275 καλέσας
1727 2211 1918 2265 ἑκατέ-

230 2333 352 2386 ραν,
380 2313 482 2383 τὴν
512 2312 646 2372 ἄνω,
671 2310 770 2382 τὴν
801 2308 970 2368 κάτω,
994 2307 1092 2377 τὴν
1126 2304 1410 2375 αἰσθητὴν,
1440 2303 1538 2375 τὴν
1567 2302 1786 2372 νοητὴν,
1817 2300 1916 2369 τὴν

227 2402 541 2472 ὁρωμένην,
565 2398 664 2469 τὴν
686 2398 784 2466 οὐχ
805 2394 1109 2466 ὁρωμένην,
1131 2392 1228 2464 τὴν
1261 2392 1400 2460 ὑπὲρ
1430 2391 1519 2444 τὸν
1548 2388 1795 2461 οὐρανὸν,
1819 2388 1917 2457 τὴν

228 2490 336 2542 ὐπὸ
382 2488 473 2540 τὸν
506 2485 755 2557 οὐρανὸν,
788 2484 883 2536 καὶ
916 2482 1073 2553 χορὸν
1122 2482 1220 2533 ἕνα
1266 2481 1472 2549 στήσας
1521 2477 1581 2543 ἐξ
1629 2475 1914 2544 ἑκατέρας,

228 2578 325 2631 καὶ
352 2575 497 2628 οὕτω
520 2576 610 2626 τὸν
643 2572 867 2641 βασιλέα
904 2570 1014 2624 τῶν
1042 2569 1178 2623 ὅλων
1219 2565 1767 2636 παρακελευσάμενος
1792 2564 1919 2615 ἀνυ-

232 2667 409 2735 μνεῖν,
440 2661 678 2731 οὐδαμοῦ
716 2660 806 2712 τὸν
839 2657 1159 2729 ἁμαρτωλὸν
1202 2655 1479 2718 ἐκάλεσεν,
1512 2654 1648 2707 ἀλλὰ
1692 2654 1786 2706 καὶ
1828 2657 1917 2707 ἐν·

228 2751 405 2807 ταῦθα
431 2748 582 2819 αὐτῷ
609 2749 711 2812 τὰς
738 2747 908 2818 θύρας
936 2744 1246 2802 ἀπέκλεισε,

302 2919 460 2993 [459]
487 2920 552 2991 β’.
569 2920 679 2971 Καὶ
691 2917 780 2971 ἴνα
796 2915 1129 2986 σαφέστερον
1145 2914 1274 2984 ὑμῖν
1293 2912 1516 2983 γένηται
1531 2910 1593 2964 τὸ
1604 2908 1917 2979 λεγόμενον,

230 3010 399 3065 αὐτὸν
442 3010 572 3079 ὑμῖν
607 3005 815 3061 ἀνωθεν
856 3001 1237 3073 ἀναγνώσομαι
1281 3002 1373 3055 τὸν
1413 2999 1647 3071 ψαλμὸν.
1694 2995 1922 3052 Αἰνεῖτε

232 3102 345 3154 τὸν
373 3096 599 3166 Κύριον
634 3096 704 3149 ἐκ
743 3092 864 3147 τῶν
902 3091 1196 3160 οὐρανῶν,
1254 3092 1439 3162 φησὶν,
1488 3087 1705 3143 αὶνεῖτε
1734 3084 1922 3140 αὐτόν

230 3188 304 3241 ἐν
329 3186 454 3251 τοῖς
478 3183 796 3252 ὑψίστοις-ο
826 3179 1044 3234 αίνεῖτε
1085 3178 1293 3241 αὐτὸν,
1338 3177 1561 3242 πάντες
1593 3178 1647 3229 οὶ
1682 3174 1922 3243 ἄγγελοι

233 3272 426 3328 αὐτοῦ
445 3288 457 3302 ·
487 3270 707 3325 αίνεῖτε
735 3268 941 3333 αὐτὸν,
974 3264 1164 3320 πᾶσαι
1192 3270 1251 3319 αὶ
1280 3259 1566 3333 δυνάμεις
1601 3261 1809 3315 αὐτοῦ.
1832 3256 1922 3313 Εἷ-

232 3362 326 3425 δες
374 3359 644 3428 ἀγγέλους
691 3356 995 3419 αἰνοῦντας,
1038 3350 1177 3417 εἶδες
1231 3353 1627 3425 ἀρχαγγέλους,
1670 3345 1811 3413 εἶδες
1852 3347 1923 3401 τὰ

233 3448 523 3520 Χερουϐὶμ
576 3446 672 3500 καὶ
724 3444 794 3498 τά
840 3442 1110 3515 Σεραφὶμ,
1161 3440 1261 3506 τὰς
1308 3439 1585 3512 ἀνωτέρας
1629 3436 1919 3507 δυνάμεις;

234 3538 410 3590 Ὅταν
440 3534 551 3605 γάρ
580 3534 731 3605 εἰπῃ,
758 3531 954 3587 Πᾶσαι
986 3534 1045 3583 αι
1077 3530 1363 3599 δυνάμεις
1394 3527 1605 3588 αὑτοῦ,
1631 3526 1808 3581 πάντα
1831 3523 1923 3577 τὸν

231 3623 349 3677 ἄνω
373 3620 792 3693 παραλαμϐάνει
813 3619 1005 3689 δῆμον.
1036 3620 1127 3689 Μή
1154 3635 1256 3671 που
1280 3617 1373 3669 τὸν
1400 3613 1721 3687 ἁμαρτωλὸν
1748 3610 1884 3676 εἶδες
1906 3629 1920 3677 ;

233 3712 347 3764 Kal
376 3708 499 3772 πῶς
526 3704 595 3779 ἦν
624 3720 650 3748 ι
682 3709 740 3759 ἐν
767 3706 980 3777 οὐρανῷ
1003 3706 1225 3760 δυνατὸν
1257 3704 1520 3774 ὁφθῆναι;
1542 3702 1707 3774 φησίν
1734 3716 1748 3731 ·
1779 3700 1924 3753 Οὐκ-

230 3799 331 3851 οῦν
370 3796 537 3867 δεῦρο
576 3796 672 3850 καὶ
723 3797 803 3859 είς
836 3795 936 3867 τὴν
980 3795 1083 3864 γῆν
1133 3810 1193 3847 σε
1244 3791 1667 3862 καταγάγωμεν,
1698 3788 1835 3859 πρὸς
1860 3787 1925 3841 τὸ

231 3889 426 3958 ἕτερον
464 3884 559 3939 τοῦ
611 3883 773 3955 χοροῦ
820 3882 1258 3953 μεταστήσαντες
1309 3880 1499 3951 μέρος’
1545 3878 1641 3931 καὶ
1677 3876 1797 3930 οὐδέ
1837 3877 1925 3928 ἐν·

232 3974 414 4031 ταῦθα
447 3973 614 4029 αὐτὸν
645 3971 765 4040 ὄψει
799 3968 982 4024 πάλιν.
1029 3966 1257 4023 Αἰνεῖτε
1298 3966 1407 4020 τὸν
1447 3965 1668 4034 Κύριον
1704 3963 1774 4017 ἐκ
1814 3963 1926 4033 τῆς

234 4062 374 4133 τῆς,
414 4060 742 4131 δράκοντες
780 4058 876 4112 καὶ
930 4057 1118 4111 πᾶσαι
1157 4056 1447 4116 ἄϐυσσοι,
1491 4054 1564 4107 τὰ
1615 4053 1788 4120 θηρία
1825 4053 1925 4105 καὶ

233 4150 439 4204 πάντα
474 4148 551 4203 τὰ
581 4145 792 4213 κτήνη,
831 4146 1049 4214 ἑρπετὰ
1095 4144 1193 4196 καὶ
1252 4140 1492 4195 πετεινὰ
1537 4136 1820 4206 πτερωτά.
1850 4138 1924 4192 Οὐ

238 4240 443 4309 μάτην,
472 4236 597 4289 οὐδὲ
629 4238 751 4305 εἰκῇ
795 4231 994 4305 μεταξύ
1037 4230 1211 4286 ταῦτα
1257 4231 1434 4296 λέγων
1480 4228 1740 4298 ἐσίγησα·
1789 4225 1927 4279 ἀλλὰ

233 4327 349 4397 γάρ
378 4323 651 4395 συνεχύθη
679 4324 707 4363 δ
740 4340 829 4392 μοι
853 4322 953 4389 τῆς
984 4319 1221 4382 διανοίας
1248 4319 1281 4371 0.
1297 4316 1574 4386 λογισμὸς,
1609 4315 1701 4368 καὶ
1730 4313 1926 4386 πικρὸν

234 4412 448 4482 ἐπῆλθε
490 4409 757 4481 δακρῦσαι
790 4409 883 4462 καὶ
924 4406 1157 4478 οἰμῶξαι
1197 4406 1358 4477 μέγα.
1391 4404 1455 4456 Τί
1490 4403 1599 4475 γὰρ
1628 4406 1697 4464 ἂν
1731 4401 1925 4469 γένοιτ’

234 4498 626 4568 ἐλεεινότερον;
652 4495 774 4549 εἰπέ
810 4512 900 4565 μοι
920 4509 951 4525 ··
976 4494 1235 4565 Σκορπίοι
1265 4492 1357 4545 καὶ
1402 4490 1546 4561 ἔχεις
1577 4490 1671 4541 καὶ
1700 4487 1928 4557 δράκον-

234 4602 328 4648 τες
364 4582 508 4653 πρὸς
538 4580 637 4653 τὴν
664 4581 942 4651 εὐφημίαν
986 4577 1277 4635 καλοῦνται
1322 4576 1415 4630 τοῦ
1445 4574 1803 4643 πεποιηκότος
1831 4574 1929 4627 αὐ-

234 4673 388 4736 τοὺς,
424 4670 587 4742 μόνος
613 4669 671 4723 δὲ
703 4670 731 4721 ὁ
764 4668 1085 4739 ἁμαρτωλὸς
1121 4667 1220 4738 τῆς
1246 4666 1396 4737 ίερᾶς
1433 4662 1637 4732 ταύτης
1666 4676 1929 4733 χοροστα-

236 4760 366 4823 σίας
397 4756 759 4813 ἀπολείπεται
777 4773 792 4787 ο
831 4757 926 4810 καὶ
954 4755 1198 4815 εἰκότως.

311 4845 520 4917 Θηρίον
559 4845 669 4916 γάρ
706 4846 823 4897 ἐστι
871 4842 1106 4915 πονηρὸν
1138 4842 1172 4912 ἡ
1215 4838 1459 4911 ἁμαρτία
1492 4838 1584 4891 καὶ
1631 4839 1927 4910 ἀνήμερον,

234 4936 343 4989 οὐκ
382 4935 467 4998 εἰς
494 4933 566 4987 τά
595 4932 852 4986 σύνδουλα
888 4931 997 4985 τῶν
1040 4930 1306 5001 σωμάτων
1352 4928 1452 4997 τὴν
1493 4926 1691 4980 κακίαν
1729 4927 1929 4981 ἐπιδει-

235 5021 535 5093 κνύμενον,
594 5019 711 5073 ἀλλ’
744 5022 825 5083 εἰς
865 5019 964 5089 τὴν
1008 5017 1165 5083 δόξαν
1209 5017 1309 5085 τὴν
1344 5015 1668 5087 δεσποτικὴν
1704 5014 1795 5067 τὸν
1850 5015 1927 5067 ίὸν

233 5110 345 5181 τῆς
395 5108 665 5181 πονηρίας
712 5107 920 5178 ἐκχέον.
967 5106 1047 5160 Δι’
1077 5104 1235 5176 ὑμᾶς
1262 5103 1392 5173 γὰρ,
1423 5104 1580 5173 φησὶ,
1628 5101 1695 5155 τὸ
1741 5101 1930 5171 ὄνομά

237 5215 360 5265 μου
393 5194 851 5265 βλασφημεῖται
895 5193 967 5247 ἐν
1010 5194 1136 5257 τοῖς
1172 5191 1395 5246 ἔθνεσι.
1432 5189 1531 5243 Διά
1572 5189 1730 5242 τοῦτο
1767 5189 1931 5242 αὐτὸν

240 5284 438 5354 ῶσπερ
467 5281 529 5348 ἐξ
567 5284 720 5354 ἱερᾶς
765 5281 1041 5352 πατρίδος,
1084 5279 1185 5348 τῆς
1218 5277 1542 5348 οἰκουμένης
1582 5277 1860 5347 ἀπήλασεν
1902 5278 1931 5329 0

248 5372 570 5443 προφήτης,
619 5369 714 5423 καὶ
762 5370 897 5440 πρὸς
939 5368 1039 5437 τὴν
1086 5364 1380 5437 ὑπερορίαν
1428 5362 1727 5433 ἀπῴκισεν.
1774 5362 1929 5415 Οὐτω

243 5475 348 5514 που
392 5460 490 5513 καὶ
540 5458 570 5510 0
616 5456 877 5528 μουσικὸς
928 5454 1150 5526 ἄριστος
1189 5450 1530 5523 εὐαρμόστου
1562 5449 1793 5521 κιθάρας
1829 5450 1929 5522 τὴν

310 5618 497 5704 ὅ(ἴση).
524 5651 672 5710 εἶδεςς
697 5651 801 5713 πῶς
819 5648 910 5713 γὰρ

307 5713 336 5753 δ
358 5700 496 5766 εἷοίίδξ
532 5700 1027 5771 ἀλλᾶ’καὶ.σύνέχύθη.
1053 5707 1163 5758 Mox
1186 5707 1317 5758 idem
1336 5705 1503 5770 πικρὸν
1523 5702 1744 5768 προῆλθε.
1769 5700 1924 5753 Paulo

243 5786 355 5843 909$
374 5777 506 5827 idem
533 5775 752 5838 τκόρπιοι
776 5774 857 5834 μὶν
876 5770 956 5819 καὶ
981 5770 1118 5834 ἔχεις.

1173 266 1424 336 SERMO,
1464 266 1606 323 CUM
1642 263 2057 322 PRESB¥TER~
2091 265 2252 322 FUIT
2291 264 2709 322 OﬁDlNATUS.

3562 263 3682 320 076

2002 380 2321 452 ἁπηχοῦσαν
2364 380 2562 452 νευρὰν
2604 380 2919 451 ἀποτέμνει,
2964 380 3105 434 ὥστε
3137 381 3215 453 μὴ
3240 384 3319 453 τῇ⁴
3340 381 3445 434 τῶν
3471 379 3675 433 λοιπῶν

2001 468 2253 538 φθόγγων
2286 468 2522 541 ἁρμονία
2552 469 2924 540 λυμήνασθαιο
2960 466 3103 522 οὕτω
3141 470 3234 522 καὶ
3277 467 3457 539 ἰατρὸς
3501 483 3678 533 τεχνι-

2000 556 2095 619 κὸς
2136 555 2197 608 τὸ
2240 555 2475 628 σεσηπὸς
2525 556 2781 609 ἐκκόπτει
2832 555 3013 626 μέλος,
3060 554 3202 609 ὥστε
3243 555 3317 627 μὴ
3343 554 3441 626 τὴν
3470 554 3683 607 ἐκεῖθεν

2000 643 2178 715 λύμην
2221 646 2288 715 τῇ
2335 644 2443 698 τῶν
2472 644 2673 697 λοιπῶν
2717 643 2891 715 μελῶν
2926 642 3109 715 εὐεξίᾳ
3146 643 3495 715 ἐπιδραμεῖν·
3537 639 3679 694 οὕτω

2002 730 2097 783 καὶ
2146 731 2176 783 0
2218 731 2501 802 προφήτης
2555 730 2806 802 ἐποίησεν
2863 729 3050 801 ὥσπερ
3098 729 3417 800 ἀπηχοῦσαν
3459 726 3678 798 νευρὰν.

2003 817 2098 870 καὶ
2147 817 2335 889 ὥσπερ
2377 818 2536 890 μέλος
2567 819 2882 890 νενοσηκὸς,
2928 820 3021 874 τοῦ
3066 819 3265 882 παντὸς
3304 816 3552 888 σώματος
3583 816 3679 884 τῆς

2004 907 2235 969 κτίσεως
2276 905 2368 959 τὸν
2411 906 2733 976 ἁμαρτωλὸν
2788 906 3101 976 ἀποκόψας.
3142 904 3208 959 Τί
3257 905 3434 958 τοίνυν
3480 902 3546 956 ἂν
3571 900 3681 971 θείη

2007 992 2278 1063 πρακτέον
2301 994 2460 1065 ἡμῖν,
2504 993 2689 1065 ἐπειδὴ
2714 994 2822 1066 γὰρ
2848 994 3256 1066 ἀπερρίφημεν,
3281 989 3470 1061 ἐπειδὴ
3503 987 3681 1053 ἐξεκό-

2007 1096 2209 1150 πημεν,
2222 1080 2432 1152 ἀνάγκη
2453 1080 2668 1143 πάντως
2687 1081 2864 1151 σιγᾷν.
2878 1081 3182 1150 Σιγήσομεν
3195 1074 3440 1141 οὖνςείπέ
3462 1092 3551 1145 μοι
3567 1093 3579 1105 ·
3593 1073 3683 1127 καῖ

2008 1166 2181 1230 οὐδεὶς
2195 1168 2324 1236 ἡμῖν
2342 1167 2689 1238 συγχωρήσει
2714 1167 2804 1220 τὸν
2826 1166 3100 1235 Δεσπότην
3124 1165 3361 1236 ὑμνῆσαι
3384 1162 3474 1216 τὸν
3491 1159 3691 1232 ἡμέτε-

2011 1271 2125 1325 ρον,
2143 1253 2257 1308 ἁλλ’
2280 1256 2401 1327 εἰκῆ
2423 1256 2521 1319 τάς
2540 1255 2810 1327 ὑμετέρας
2832 1254 3171 1325 ἐκαλέσαμεν
3187 1251 3377 1322 εὐχάς;
3402 1249 3524 1318 εἰκῆ
3550 1246 3684 1317 πρδς

2010 1342 2109 1405 τὰς
2133 1342 2404 1414 ὑμετέρας
2426 1343 2807 1414 κατεφύγομεν
2836 1342 3162 1415 πρεσϐείας;
3188 1341 3304 1394 Οὐκ
3328 1338 3470 1407 εἰκῆ,
3496 1340 3569 1405 μὴ
3596 1333 3684 1402 γέ-

2010 1445 2173 1482 νοιτο.
2213 1423 2384 1501 Εὗρον
2410 1430 2540 1501 γὰρ,
2570 1422 2727 1502 εὖρον
2766 1430 2859 1484 καὶ
2891 1430 3077 1500 ἕτερον
3115 1424 3419 1493 δοξολογίας
3463 1421 3695 1493 τρόπον,

2010 1516 2190 1570 αὐτῶν
2226 1517 2337 1570 τῶν
2364 1518 2645 1588 ὑμετέρων
2673 1518 2847 1588 εὐχῶν
2877 1515 3079 1588 μεταξύ
3108 1526 3130 1554 ο
3161 1514 3262 1584 τῆς
3296 1510 3527 1579 ἀπορίας
3558 1508 3687 1564 ταύ-

2010 1620 2130 1673 της,
2166 1604 2354 1677 ὥσπερ
2390 1606 2447 1657 ἐν
2483 1606 2663 1660 σκότει
2712 1604 2982 1673 φανεισῶν
3026 1600 3356 1674 ἀστραπῶν
3403 1596 3686 1649 ἐπαινέσο-

2015 1707 2114 1761 μαι
2147 1692 2272 1755 τοὺς
2314 1692 2649 1754 συνδούλους.
2682 1692 2895 1759 Ἔξεστι
2921 1690 3030 1762 γὰρ
3074 1689 3166 1742 καὶ
3206 1688 3330 1749 τοὺς
3368 1681 3685 1754 ὁμοδούλους

2015 1780 2256 1831 ἐπαινεῖν
2275 1796 2288 1809 ·
2325 1781 2528 1832 τούτων
2555 1778 2616 1832 δέ
2650 1777 3073 1847 ἐπαινουμένων,
3110 1777 3189 1840 εἰς
3219 1773 3308 1827 τὸν
3348 1770 3624 1840 Δεσπότην
3654 1771 3690 1836 ἡ

2014 1864 2139 1930 δόξα
2168 1865 2480 1936 διαϐήσεται
2512 1865 2749 1929 πάντως.
2774 1866 2896 1919 Ὅτι
2917 1864 2974 1917 δέ
3002 1865 3094 1917 καὶ
3116 1860 3361 1916 ἐντεῦθεν
3389 1856 3704 1922 δοξάζεται..

2015 1955 2255 2007 δείκνυσι
2297 1953 2393 2007 καὶ
2440 1954 2601 2017 αὐτὸς
2641 1955 2670 2007 0
2708 1952 2939 2024 Χριστὸς
2989 1951 3189 2020 λέγων·
3239 1946 3538 2018 Λαμψάτω
3563 1945 3589 1985 ά
3622 1944 3687 1997 τὸ

2016 2040 2142 2109 φῶς
2164 2041 2331 2110 ὑμῶν
2352 2039 2694 2111 ἔμπροσθεν
2718 2038 2835 2093 τῶν
2856 2039 3199 2107 ἀνθρώπων,
3231 2035 3391 2101 ὅπως
3421 2033 3591 2086 ἴδωσι
3618 2032 3690 2084 τὰ

2015 2126 2173 2181 καλὰ
2205 2127 2350 2196 ἔργα
2382 2126 2567 2195 ὑμῶν,
2615 2125 2713 2179 καὶ
2761 2123 3065 2190 δοξάσωσι
3111 2123 3220 2176 τὸν
3256 2118 3489 2186 Πατέρα
3526 2115 3694 2185 ὑμῶν

2015 2215 2122 2268 τὸν
2149 2215 2217 2268 ἑν
2246 2215 2369 2281 τοῖς
2394 2214 2690 2282 οὐρανοῖς.
2735 2212 2866 2265 Ἰδοὺ
2908 2211 3094 2266 λοιπὸν
3138 2210 3230 2264 καὶ
3266 2210 3451 2279 ἕτερος
3487 2204 3693 2270 δοξολο-

2015 2304 2140 2371 γίας
2170 2303 2389 2374 τρόπος,
2435 2303 2495 2355 ὃν
2540 2302 2634 2356 καὶ⁵
2676 2299 2985 2374 ἁμαρτωλῷ
3012 2299 3233 2354 δυνατὸν
3266 2298 3462 2362 εἰπεῖν,
3492 2296 3586 2349 καὶ
3620 2293 3710 2365 μὴ,

2017 2391 2331 2460 παραλῦσαι
2356 2392 2447 2445 τὸν
2471 2390 2658 2462 νόμον.

2088 2522 2155 2583 γ’.
2175 2515 2307 2567 Τίνα
2331 2511 2444 2577 οὖν,
2462 2514 2582 2567 τίνα
2598 2512 2708 2567 τῶν
2726 2512 3021 2567 συνδούλων
3042 2509 3436 2580 ἐπαινεσόμεθα
3454 2528 3468 2576 ;
3487 2508 3622 2561 Τίνα
3638 2507 3695 2559 δέ

2016 2602 2194 2665 ἄλλον,
2220 2602 2333 2655 ἀλλ’
2362 2603 2394 2673 ἢ
2422 2602 2513 2655 τὸν
2538 2601 2714 2656 κοινὸν
2751 2600 2850 2671 τῆς
2890 2599 3145 2670 πατρίδος
3173 2598 3511 2660 διδάσκαλον,
3543 2593 3693 2667 [MO]

2017 2692 2114 2744 καὶ
2137 2690 2225 2743 διὰ
2256 2690 2355 2760 τῆς
2389 2690 2644 2760 πατρίδος
2670 2690 2769 2761 τῆς
2802 2688 3126 2759 οἰκουμένης
3155 2686 3391 2757 ἀπάσης.
3427 2684 3703 2753 Καθάπερ

2017 2780 2126 2850 γὰρ
2153 2779 2296 2851 ὑμᾶς
2328 2773 2481 2843 οὗτος
2505 2777 2789 2831 ἐπαίδευσε
2817 2776 2979 2848 μέχρι
3016 2775 3245 2830 θανάτου
3271 2775 3412 2845 ὑπὲρ
3442 2774 3541 2844 τῆς
3574 2771 3700 2841 ἀλη·

2020 2866 2170 2929 θείας
2209 2864 2541 2939 ἐνίστασθαι,
2573 2862 2746 2927 οὐτως
2779 2864 2937 2933 ὑμεῖς
2979 2864 3104 2926 τοὺς
3146 2862 3338 2925 ἄλλους
3379 2857 3699 2931 ἀνθρώπους

2018 2953 2290 3018 ἐδιδάξατε
2308 2953 2406 3022 τῆς
2431 2950 2608 3023 ψυχῆς
2638 2951 2835 3021 μᾶλλον
2861 2950 2893 3020 ἢ
2914 2952 3013 3021 τῆς
3039 2950 3318 3014 εὐσεϐείας
3344 2946 3694 3016 ἀφίστασθαι.

2020 3040 2283 3094 Βούλεσθε
2319 3035 2413 3095 οὖν
2450 3038 2699 3093 ἐντεῦθεν
2732 3036 2879 3109 αὐτῷ
2906 3037 3186 3107 πλέξωμεν
3218 3037 3344 3099 τοὺς
3378 3037 3487 3089 τῶν
3522 3035 3698 3102 ἐγκω-

2023 3129 2160 3197 μίων
2211 3126 2541 3197 στεφάνους;
2577 3124 2910 3196 Ἐϐουλόμην
2951 3125 3044 3177 καί⁸
3083 3123 3264 3186 αὐτὸς,
3312 3121 3425 3175 ἀλλ’
3458 3120 3569 3193 ὁρῶ
3609 3120 3705 3173 πέ-

2019 3216 2185 3283 λαγος
2223 3214 2419 3286 ἀχανὲς
2458 3210 2918 3285 κατορθωμάτων,
2956 3210 3048 3263 καὶ
3088 3210 3302 3263 δέδοικα
3334 3209 3408 3279 μὴ
3442 3208 3580 3279 πρὸς
3607 3207 3699 3260 τὸν

2023 3302 2273 3373 πυθμένα
2312 3299 2655 3370 κατενεχθεὶς
2700 3301 2728 3353 0
2769 3298 2924 3367 λόγος
2958 3297 3230 3368 ἀσθενήσῃ
3264 3295 3425 3350 πάλιν
3468 3293 3701 3365 ἀναδραο

2025 3392 2165 3460 μεῖν.
2210 3388 2446 3458 Ἀνάγκη
2482 3386 2591 3459 γὰρ
2628 3385 2834 3439 παλαιά
2872 3384 3235 3457 διηγήσασθαι
3281 3381 3698 3454 κατορθώματα,

2022 3477 2351 3549 ἀποδημίας,
2383 3474 2711 3547 ἀγρυπνίας,
2744 3475 3051 3546 φροντίδας,
3079 3471 3325 3543 γνώμας,
3351 3471 3548 3542 μάχας,
3580 3470 3702 3541 τρό-

2023 3583 2160 3619 παια
2196 3563 2477 3637 τροπαίοις
2522 3564 2614 3616 καὶ
2662 3562 2818 3626 νίκας
2859 3562 3039 3624 νίκαις
3091 3561 3512 3631 συναπτομένας,
3555 3558 3700 3630 πρά-

2022 3671 2207 3726 γματα
2246 3653 2366 3723 οὐχὶ
2406 3652 2503 3722 τῆς
2546 3651 2821 3723 ἡμετέρας
2857 3650 3038 3721 μόνον,
3078 3648 3213 3703 ἀλλά
3259 3651 3354 3701 καὶ
3386 3648 3564 3717 πάσης
3607 3648 3700 3699 ἁν-

2024 3740 2300 3811 θρωπίνης
2328 3742 2549 3810 μείζονα
2579 3739 2845 3810 γλώττης,
2873 3738 3234 3808 ἁποστολικῆς
3259 3737 3488 3809 δεόμενα
3515 3734 3699 3806 φωνῆς

2025 3828 2295 3900 πνεύματι
2342 3828 2688 3899 κινουμένης,
2730 3823 2776 3896 ᾧ
2828 3828 3006 3883 πάντα
3041 3827 3135 3882 καὶ
3162 3828 3336 3880 εἰπεῖν
3366 3826 3460 3880 καὶ
3493 3823 3700 3891 διδάξαι

2024 3918 2263 3973 δυνατόν.
2309 3915 2470 3970 Ἀλλά
2528 3916 2688 3969 τοῦτο
2744 3916 3191 3988 παραδραμόντες
3244 3914 3304 3967 τὸ
3356 3913 3553 3984 μέρος,
3612 3912 3701 3981 ἐφ’

2024 4006 2209 4079 ἕτερον
2239 4004 2639 4075 ἀσφαλέστερον
2673 4003 2895 4074 ἥξομεν,
2929 4004 2958 4057 0
2998 4005 3100 4057 καὶ
3135 4002 3345 4073 ἀκατίῳ
3381 4000 3703 4054 διαπλεῦσαι

2024 4093 2105 4147 ενι
2137 4092 2339 4165 μικρῷ.

2100 4215 2236 4285 Φέρε
2288 4210 2380 4267 οῦν
2431 4213 2557 4277 τοὺς
2600 4215 2730 4285 περί
2770 4213 2867 4282 τῆς
2905 4210 3224 4282 ἐγκρατείας
3261 4210 3570 4281 κινήσωμεν
3616 4208 3703 4263 λό-

2026 4318 2177 4370 γους,
2220 4301 2313 4353 καὶ
2341 4302 2583 4370 εἴπωμεν
2622 4299 2738 4363 πῶς
2778 4297 3048 4370 ἐκράτησε
3086 4296 3339 4367 γαστρὸς,
3382 4296 3497 4360 πῶς
3531 4297 3704 4368 ὐπερ-

2027 4389 2132 4443 εἶδε
2183 4388 2397 4460 τρυφῆς
2420 4427 2437 4453 ,
2494 4386 2612 4450 πῶς
2654 4386 2985 4454 κατεγέλασε
3029 4384 3305 4456 τραπέζης
3358 4383 3700 4449 πολυτελοῦς,

2028 4476 2121 4529 καὶ
2170 4475 2342 4529 ταῦτα
2384 4476 2441 4527 ἐν
2490 4474 2751 4548 μεγάλῃο
2788 4474 3016 4545 τραφεὶς
3066 4474 3232 4545 οἰκία.
3294 4473 3396 4525 Τὸν
3449 4472 3548 4544 μὲν
3595 4472 3702 4544 γὰρ

2028 4567 2087 4618 ἐν
2125 4563 2367 4635 πτωχείᾳ
2406 4563 2706 4633 βεϐιωκότα
2754 4563 3063 4634 θαυμαστὸν
3117 4563 3265 4617 οὐδὲν
3301 4562 3435 4633 πρὸς
3483 4561 3575 4615 τὸν
3607 4563 3704 4616 αὐ-

2028 4651 2253 4725 χμῶντα
2289 4649 2478 4705 τοῦτον
2515 4651 2608 4705 καὶ
2642 4650 2874 4722 σκληρὸν
2909 4650 3023 4721 βίον
3068 4650 3272 4705 ἐλθεῖν⁸
3316 4649 3430 4721 ἔχει
3459 4648 3568 4719 γάρ
3602 4648 3703 4718 τὴν

2028 4738 2218 4793 πενίαν
2257 4739 2594 4810 συνέμπορον
2638 4739 2731 4792 καὶ
2774 4738 3165 4810 συνοδοιπόρον,
3198 4736 3257 4789 τὸ
3295 4738 3512 4807 φορτίον
3553 4736 3704 4807 αὐτῷ

2029 4828 2146 4880 κατ’
2171 4828 2407 4898 ἑκάστην
2449 4825 2905 4895 ἐπικουφίζουσαν
2937 4826 3035 4894 τὴν
3061 4825 3306 4896 ἡμέραν
3332 4825 3359 4876 0
3394 4823 3448 4878 δὲ
3476 4823 3702 4876 πλούτου

2028 4917 2318 4987 γενόμενος
2361 4915 2580 4988 κύριος,
2633 4916 2735 4969 οὐκ
2775 4915 2841 4969 ἂν
2887 4915 3085 4987 ῥαδίως
3132 4914 3231 4976 τὰς
3285 4912 3493 4967 ἐκεῖθεν
3530 4912 3702 4975 λαϐὰς

2029 5004 2383 5059 ἀποδύσαιτο·
2417 5002 2672 5067 τοσοῦτος
2710 5002 2818 5057 τῶν
2856 5003 3175 5074 νοσημάτων
3208 5001 3372 5072 ἐσμὸς
3406 4998 3502 5070 τὴν
3532 4998 3705 5053 τοιαύ-

2030 5109 2128 5162 την
2156 5091 2508 5163 περιίπταται
2539 5091 2852 5163 ψυχήνηΔιὸ
2877 5090 2967 5144 καὶ
2994 5088 3241 5161 καθάπερ
3264 5088 3421 5157 νέφος
3449 5086 3704 5157 παθημά-

2028 5196 2137 5233 των
2164 5179 2363 5235 πυκνὸν
2388 5180 2483 5233 καὶ
2509 5179 2783 5249 γνοφῶδιπς
2819 5177 2838 5218 ί
2863 5178 2961 5241 τάς
2989 5177 3087 5248 τῆς
3115 5176 3350 5238 διανοίας
3376 5175 3702 5249 διἀφράττον

2091 5387 2276 5456 °_C9_|b.
2296 5387 2535 5456 ὑμετέρων
2553 5388 2741 5456 τρόπων
2764 5386 2953 5456 μεταξύ..
2977 5385 3119 5456 Ιρίίτακ
3129 5385 3250 5456 ίιδεο,
3278 5385 3585 5456 ἐπαινέσομαι
3596 5383 3704 5456 τούξ

2028 5446 2602 5507 συνδούλους,’όεείιηιίιί
2626 5446 2773 5497 (10le
2790 5461 2882 5496 nec
2904 5447 2964 5497 ab
2996 5446 3273 5507 interprch
3302 5447 3427 5493 lccla
3458 5450 3590 5502 sunt,
3612 5446 3703 5493 sed

2027 5512 2278 5561 habentur
2302 5512 2351 5557 in
2377 5510 2528 5557 Savil.
2554 5514 2607 5557 et.
2631 5508 2805 5556 Morel.

2090 5570 2118 5611 ἀ
2163 5570 2300 5640 Col!»
2348 5570 2565 5640 ,πάγτφςς
2622 5569 2817 5640 Ὥσπερ
2864 5568 2946 5640 εἶεν
2992 5570 3084 5640 *αεὶ
3124 5567 3286 5640 αὐτάς.
3316 5566 3701 5640 9119MB!“-

2028 5652 2119 5694 τω,
2149 5640 2203 5708 ει
2233 5631 2323 5704 sic.
2348 5632 2473 5703 legit
2497 5632 2761 5693 interpres.
2786 5631 2943 5704 δεινὶιζ
2965 5637 3018 5680 el.
3041 5631 3213 5680 Morel.
3240 5632 3367 5679 utin
3393 5632 3553 5678 textu.

2092 5702 2114 5725 ο
2140 5696 2178 5744 ε
2215 5693 2414 5744 Sanllo,
2440 5705 2526 5744 Dro
2547 5696 2675 5744 vulg.
2700 5694 2960 5742 πολυτελει.
2985 5692 3122 5742 Εοιτ.

2215 5707 2414 5747 θεν-1110,
2440 5707 2526 5747 1)Γο
2547 5707 2675 5747 vum.
2700 5707 2960 5742 πολυτελει.
2985 5707 3122 5742 ιιυιτ.

2095 5706 2114 5725 ε
2140 5706 2178 5744 Is
2215 5706 2414 5747 savum,
2440 5706 2526 5754 pro
2547 5706 2675 5754 vuug.
2700 5706 2960 5742 πολυτελει.
2985 5706 3122 5742 non.

2095 5755 2120 5794 ί
2141 5754 2279 5807 Coll).
2307 5756 2460 5817 ιζιδχήν
2487 5754 2571 5803 καὶ
2590 5756 2725 5817 νέφος
2751 5755 3042 5818 παθημάτων
3065 5755 3183 5820 βαρὺ
3206 5755 3284 5801 καὶ
3304 5749 3528 5814 ζοφῶδες.
