4050 6160
358 250 467 304 697

359 366 604 433 rrigrre,
651 358 743 415 sed
788 365 942 426 cogat
981 354 1227 411 deorsum
1269 348 1525 405 inclinare
1568 352 1763 413 caput,
1795 350 1847 395 et
1876 338 1939 393 ad

364 432 568 509 terram
599 450 820 506 inhiare.
851 446 957 501 Nec
987 453 1069 498 est
1094 444 1194 496 alia
1225 457 1329 500 res,
1376 454 1493 508 quae
1526 434 1743 502 perinde
1772 432 1947 487 obstet

358 543 674 615 quominus
716 539 1115 608 proﬁciscamur
1154 533 1203 585 itt
1248 529 1434 585 Caelum
1459 569 1475 593 ,
1522 541 1584 581 ac
1623 523 1849 582 divitia),
1893 530 1945 572 et

365 612 493 692 hinc
524 633 786 689 venientia
817 628 976 683 mala.
1000 625 1104 680 Nec
1134 636 1282 677 tuens
1310 629 1393 674 est
1424 620 1507 672 hic
1531 630 1727 681 sermo,
1762 612 1854 667 sed
1880 613 1945 666 ab

367 744 485 798 ipso
506 725 721 782 Christo
745 721 955 779 devenit
977 716 1234 772 sententia
1264 732 1276 768 :
1309 711 1536 766 Facilius
1558 711 1572 739 ¹
1596 717 1667 761 est
1683 748 1696 767 ,
1742 706 1943 773 inquit,

365 795 617 875 cautelam
648 831 736 883 per
765 816 989 883 foramen
1027 822 1146 860 acus
1190 802 1383 873 ingredi
1403 842 1419 867 ,
1467 815 1618 872 quam
1658 798 1855 853 divitem
1895 795 1947 846 in

369 927 581 981 regnum
623 907 862 961 caelorum
903 899 1115 971 (Manli.
1159 898 1247 951 l9.
1293 894 1408 966 24).
1455 891 1557 948 Sed
1602 904 1760 952 ecce,
1806 885 1946 956 quod

370 1011 489 1056 erat
514 998 751 1060 difticde,
780 994 861 1047 vel
892 988 1216 1059 impossibile
1246 986 1420 1055 potius
1446 1025 1459 1047 ,
1493 981 1686 1039 factum
1717 986 1798 1035 est
1828 992 1947 1066 posv

371 1094 530 1146 sibilo
558 1109 570 1145 :
595 1099 648 1143 et
672 1089 739 1142 de
763 1102 869 1154 quo
896 1085 1082 1139 Petrus
1118 1082 1242 1135 olim
1274 1079 1546 1135 dubitabat
1574 1073 1710 1143 apud
1740 1072 1946 1129 Praece-

374 1193 608 1254 ptorem,
633 1178 908 1245 voluitque
932 1190 997 1229 ex
1025 1188 1091 1228 eo
1111 1173 1335 1238 discere,
1351 1169 1456 1237 jam
1490 1168 1600 1235 ipsa
1628 1162 1947 1234 experientia

375 1252 621 1329 novimus
648 1282 835 1322 «inanes
855 1308 870 1330 ,
916 1266 1021 1321 imo
1063 1264 1220 1318 etiam
1263 1259 1509 1331 amplius.
1539 1256 1652 1312 Non
1681 1254 1820 1307 enim
1843 1252 1950 1322 jam

374 1367 526 1421 dives
566 1363 679 1431 ipse
722 1355 1088 1415 tantummodo
1116 1352 1359 1407 ascendit
1404 1351 1455 1403 in
1483 1348 1704 1408 cmlum,
1747 1360 1952 1400 verum-

374 1458 541 1511 ctiam
593 1452 841 1521 populum
884 1447 1199 1513 introducit,
1252 1458 1373 1499 cum
1415 1451 1610 1510 praeter
1649 1438 1863 1492 divitias
1902 1446 1953 1489 ct

378 1548 482 1605 alia
515 1545 598 1600 his
625 1558 727 1596 non
759 1541 964 1607 minora
1007 1536 1201 1591 habeat
1241 1531 1645 1602 impedimenta,
1684 1525 1825 1597 quod
1864 1526 1953 1595 ju-

380 1638 531 1695 venis
575 1643 690 1697 est,
740 1630 881 1701 quod
928 1637 1052 1683 ante
1104 1637 1310 1694 tempus
1352 1621 1655 1691 orphauus,
1706 1632 1822 1686 qua)
1868 1630 1955 1670 res

379 1727 621 1798 quemvis
650 1722 881 1779 hominis
900 1721 1131 1775 animum
1160 1718 1359 1785 possint
1385 1714 1435 1769 in
1466 1712 1701 1767 fraudem
1728 1710 1951 1764 illicere:

380 1817 646 1889 ejusmodi
697 1815 892 1869 habent
943 1813 1362 1869 incanLameuta,
1408 1804 1665 1877 ejusmodi
1721 1802 1959 1873 praebent

383 1924 608 1967 venena.
639 1907 833 1962 Verum
867 1904 978 1958 hmo
1001 1903 1102 1961 iste
1122 1902 1332 1965 devicit,
1363 1909 1417 1952 et
1445 1898 1632 1953 emlum
1659 1894 1958 1965 apprehen-

385 2002 485 2067 dit,
523 2012 751 2066 seseque
780 1995 1003 2051 contulit
1029 1992 1093 2051 ad
1122 1992 1389 2047 cadestem
1432 1987 1856 2058 philosomiiam,
1899 1999 1961 2037 ac

386 2106 558 2163 neque
584 2087 921 2158 splendorem
944 2083 1219 2155 praesentis
1242 2079 1598 2135 Consideravit
1626 2079 1763 2140 vitm,
1790 2090 1961 2143 neque

386 2182 452 2234 ad
495 2179 890 2249 progenitor-um
936 2174 1228 2231 claritatem
1262 2170 1532 2245 respexit:
1560 2168 1665 2225 imo
1698 2166 1867 2236 potius
1897 2164 1961 2219 ad

388 2270 647 2339 majorum
691 2267 983 2320 claritatem
1026 2262 1279 2330 respexit,
1333 2277 1436 2315 non
1481 2259 1692 2329 quidem
1741 2258 1958 2310 istorum

390 2378 525 2433 quos
572 2361 670 2431 ipsi
728 2367 914 2413 natura
965 2354 1264 2410 necessario
1318 2353 1674 2417 devinxerat,
1728 2350 1821 2404 sed
1874 2352 1963 2417 qui

390 2456 535 2524 juxta
564 2450 775 2522 pietatis
798 2448 1129 2518 propositum
1156 2444 1423 2514 conjuncti
1450 2452 1571 2497 sunt
1590 2483 1604 2506 ,
1646 2456 1818 2510 eoque
1847 2439 1966 2493 talis

392 2545 560 2597 factus
581 2551 663 2596 est
683 2540 867 2610 quales
894 2538 966 2591 ilii
994 2536 1207 2590 fuerint.
1242 2535 1493 2602 Respexit
1519 2532 1581 2585 ad
1614 2530 1964 2600 patriarcham

396 2632 694 2695 Abraham,
736 2629 970 2697 respexit
1007 2626 1072 2680 ad
1117 2640 1364 2695 magnum
1414 2624 1559 2676 illum
1613 2622 1846 2683 Mosem,
1877 2621 1964 2688 qui

391 2740 513 2777 enim
541 2722 754 2777 essetin
782 2718 927 2787 regio
952 2717 1204 2799 e'dueatus
1227 2715 1437 2783 palatio,
1462 2730 1639 2767 mensa
1670 2710 1967 2783 Sybaritica

392 2814 494 2868 frui
533 2808 847 2873 consuetus,
887 2816 942 2862 et
985 2807 1123 2860 inter
1158 2805 1435 2875 z’Egyptios
1464 2802 1680 2857 relictus
1717 2802 1970 2869 strepitus

391 2919 457 2957 ac
477 2902 732 2957 tumultus
760 2900 951 2969 (nostis
970 2905 1145 2951 autem
1172 2895 1466 2964 cuiusmodi
1496 2894 1598 2947 siut
1626 2892 1968 2947 barbarorum

394 2996 607 3050 illorum
636 3007 832 3054 mores,
855 3005 1010 3059 quam
1038 2988 1205 3043 fastus
1234 2998 1288 3042 et
1308 2987 1623 3055 arrogantia:
1649 2984 1790 3054 pleni
1816 2984 1969 3050 sint),

391 3084 712 3153 contemptis
732 3082 837 3137 illis
860 3081 1125 3143 omnibus,
1150 3078 1215 3132 ad
1247 3077 1413 3131 lutum
1438 3085 1496 3132 et.
1520 3076 1756 3130 laborem
1785 3075 1969 3144 ligulo-

395 3192 514 3232 rum
558 3175 699 3231 ultro
739 3188 797 3229 se
830 3170 1055 3227 contulit
1079 3209 1095 3235 ,
1122 3179 1177 3223 et
1204 3168 1258 3227 in
1287 3182 1559 3223 servorum
1600 3180 1822 3221 numero
1855 3179 1974 3220 esse

394 3266 731 3337 concupivit,
772 3263 860 3337 qui
903 3278 995 3316 rex
1040 3268 1235 3317 eratet
1265 3259 1402 3330 regis
1442 3258 1598 3311 illius.
1639 3257 1796 3325 Atqui
1838 3255 1975 3310 hanc

394 3360 467 3413 ob
504 3372 717 3412 causam
749 3364 869 3425 post
894 3367 1141 3407 reversus
1166 3360 1249 3407 est
1291 3351 1491 3419 majore
1522 3364 1641 3403 cum
1680 3348 1933 3417 dignitate
1957 3389 1971 3412 ,

397 3464 555 3518 quam
589 3455 744 3501 antea
772 3445 989 3515 gerebat
1026 3452 1183 3512 atque
1212 3442 1495 3510 abiecerat.
1544 3439 1814 3509 Siquidem
1858 3449 1977 3508 post

395 3541 641 3595 exsilium
662 3581 677 3603 ,
712 3547 829 3607 post
864 3535 1167 3590 servitutem
1195 3534 1333 3603 apud
1360 3548 1623 3598 socerum,
1644 3539 1762 3600 post
1778 3546 1974 3584 aerum-

398 3650 494 3687 uas
521 3646 744 3702 peregre
769 3630 1018 3684 toleratas
1037 3668 1051 3691 ,
1090 3627 1246 3682 rediit
1270 3668 1285 3693 ,
1326 3626 1462 3693 regis
1494 3626 1657 3694 ipsius
1685 3623 1934 3694 princeps
1959 3666 1972 3686 ,

400 3727 509 3779 imo
527 3724 701 3779 verius
728 3722 836 3791 regi
864 3722 972 3790 jam
1001 3721 1165 3775 factus
1189 3720 1321 3775 deus
1345 3737 1357 3772 :
1380 3719 1521 3780 Feci,
1551 3720 1739 3788 inquit,
1765 3725 1810 3771 te
1829 3718 1977 3771 deum

405 3814 664 3870 Pharaoni
695 3812 888 3883 (Exod.
914 3813 969 3866 7.
997 3812 1054 3881 l)
1078 3828 1092 3864 :
1112 3812 1332 3879 ipsoque
1355 3825 1478 3878 rege
1493 3808 1825 3878 splendidior
1840 3819 1973 3871 erat,

403 3922 507 3963 ιιυι]
530 3915 744 3974 gestans
764 3902 1008 3959 diadema
1027 3942 1043 3965 .
1074 3916 1244 3970 neque
1267 3916 1492 3970 purpura
1523 3901 1775 3963 amictus,
1804 3914 1978 3974 neque

403 4013 560 4053 curru
587 4007 771 4055 vectus
790 4010 973 4060 aureo,
992 3992 1083 4049 sed
1106 3994 1351 4046 universo
1373 3992 1462 4049 illo
1486 3991 1620 4045 fastu
1646 3991 1975 4045 conculcata.

408 4087 584 4142 Omnis
603 4087 735 4139 enim
761 4085 883 4151 ﬁlia:
902 4084 1031 4153 regis
1055 4082 1217 4153 gloria
1238 4082 1298 4135 ab
1321 4082 1456 4134 intus
1488 4080 1602 4152 (Ps.
1628 4083 1715 4134 44.
1740 4080 1849 4149 14).
1876 4080 1978 4134 Re-

406 4192 589 4230 versus
615 4185 698 4230 est
725 4174 882 4245 igitur
910 4180 1177 4240 sceptrqu
1205 4180 1417 4241 gestans
1437 4211 1451 4235 ,
1483 4171 1625 4240 quod
1657 4171 1977 4241 imperaret,

410 4284 511 4322 non
540 4266 845 4321 hominibus
865 4273 1092 4330 tantum,
1117 4264 1210 4319 sed
1238 4274 1287 4319 et
1320 4265 1471 4326 cado,
1506 4273 1685 4329 terrae,
1716 4264 1977 4333 marique,

409 4359 546 4413 aeris
566 4367 623 4412 et
648 4373 906 4427 aquarum
933 4363 1132 4410 naturae
1151 4396 1165 4420 ,
1197 4356 1423 4421 stagnis,
1456 4353 1689 4409 fontibus
1715 4369 1777 4409 ac
1802 4354 1979 4408 ﬂumi—

408 4449 564 4506 nibus
587 4465 601 4501 :
623 4448 677 4507 in
705 4461 1050 4517 quaecumque
1068 4446 1214 4501 enirn
1244 4445 1408 4499 voluit
1429 4445 1620 4510 Moses,
1647 4445 1698 4498 in
1720 4459 1784 4501 ea
1807 4454 1985 4500 verte-

408 4539 598 4597 bantur
623 4538 908 4603 elementa,
946 4546 1002 4593 et
1040 4536 1091 4590 in
1140 4536 1382 4591 manibus
1414 4534 1556 4591 illius
1591 4534 1771 4593 denuo
1809 4543 1982 4590 trans-

412 4631 739 4685 l’ormabatur
785 4639 1208 4696 creaturazquze
1263 4641 1365 4681 non
1408 4626 1541 4680 alter
1588 4640 1746 4699 quam
1792 4624 1981 4681 ancilla

412 4719 671 4790 quoipiam
703 4718 961 4781 ofﬁciosa,
987 4716 1289 4785 conspicata
1321 4717 1432 4771 heri
1461 4716 1540 4770 sui
1568 4716 1797 4770 amicum
1819 4715 1979 4770 adve-

412 4815 571 4878 nisse,
619 4828 714 4885 per
756 4812 933 4865 oxnuia
978 4810 1228 4880 parebat.
1278 4809 1525 4879 dictoque
1569 4809 1872 4863 audientem
1926 4823 1984 4863 se

410 4904 680 4974 prmbebat
698 4944 713 4969 ,
740 4901 960 4971 perinde
986 4909 1148 4970 atque
1176 4898 1273 4968 Ipsi
1302 4898 1535 4952 domino.
1576 4897 1655 4952 Ad
1685 4912 1841 4967 quem
1866 4897 1979 4959 hic,

406 5011 568 5067 quem
613 5009 756 5049 nunc
797 4991 1115 5047 laudandum
1153 4989 1507 5059 suscipimus,
1553 4989 1877 5059 respiciens,
1911 4989 1983 5043 illi

407 5087 598 5141 similis
641 5084 860 5140 ell‘eetus
902 5091 1016 5148 est,
1070 5097 1192 5136 cuin
1245 5089 1387 5137 esset
1428 5080 1660 5151 juvenis,
1707 5080 1754 5136 si
1810 5089 1984 5135 tamen

407 5192 660 5247 umquam
705 5174 802 5230 fuit
842 5174 1201 5243 juvenismou
1246 5172 1388 5227 enim
1427 5186 1557 5227 sane
1581 5170 1776 5235 credo,
1820 5186 1987 5239 usque

410 5270 544 5327 adeo
572 5269 645 5323 illi
677 5268 743 5321 ab
773 5267 901 5336 ipsis
928 5265 1204 5320 cunabulis
1240 5279 1390 5319 mens
1416 5271 1530 5318 erat
1552 5278 1681 5317 caua
1705 5261 1830 5317 :sed
1857 5276 1976 5315 cum

409 5362 556 5433 juxta
578 5357 1007 5431 supputationem
1023 5356 1193 5411 anatis
1211 5365 1352 5410 esset
1371 5354 1604 5425 juvenis,
1622 5370 1833 5411 omnem
1850 5355 1985 5409 arri-

410 5584 490 5693 wt
531 5589 611 5630 Ms.
642 5578 771 5629 σου).
797 5576 964 5634 habet,
988 5572 1074 5625 sed
1094 5572 1148 5622 at;
1177 5572 1269 5624 illis
1290 5570 1532 5624 descendit
1555 5570 1779 5621 sententia
1810 5582 1825 5619 :
1850 5579 1989 5623 Fort-

465 5657 583 5693 ιι...

465 5657 583 5694 18....

1244 235 1492 303 SERMO,
1530 233 1674 291 CUM
1708 221 2112 286 PRESBYTER
2153 226 2309 283 FUIT
2347 227 2746 287 OllDlNATUS

3519 229 3624 286 698

2056 341 2167 408 puit
2203 343 2587 413 philosophiam
2614 362 2626 398 :
2649 352 2702 399 et
2738 352 3079 414 posteaquam
3111 355 3435 414 cognoverat
3464 356 3622 401 natu~

2052 448 2164 487 ram
2204 433 2434 489 hominis
2458 448 2580 491 esse
2617 434 2778 491 veluti
2803 433 3027 490 fundum
3052 434 3336 505 quemdam
3363 444 3418 493 et
3440 450 3624 503 agrum

2052 522 2364 593 sylvestretn
2386 564 2401 587 ,
2434 525 2594 583 animi
2625 525 2841 583 morbos
2866 527 3109 586 oratione
3137 526 3349 596 pietatis
3370 541 3469 585 seu
3492 525 3627 581 t‘alcc

2054 614 2295 683 quapiam
2339 613 2491 673 facile
2536 616 2798 681 resecuit,
2839 616 3087 688 agricola:
3136 626 3354 688 purgata
3398 616 3629 677 reddens

2054 723 2178 761 arva
2235 708 2299 762 ad
2351 708 2653 777 jaciendum
2707 718 2999 775 sementem
3036 726 3140 766 :ca
3194 719 3404 781 recepta
3458 718 3647 768 totum

2055 814 2239 855 semen
2265 799 2333 857 ad
2363 801 2622 868 profunda
2651 802 2895 866 demisit.
2940 810 2998 859 ut
3022 794 3274 860 deorsum
3304 802 3627 867 radicatam,

2057 906 2159 947 nec
2196 892 2261 947 ad
2297 893 2549 949 solarium
2586 894 2853 951 radiorum
2894 897 3148 966 impetum
3187 897 3436 963 cederet,
3478 911 3632 953 necs

2052 982 2220 1051 spinis
2261 984 2398 1041 male
2440 983 2804 1043 suﬂocaretur.
2851 987 3101 1044 Animum
3140 987 3357 1057 quidem
3398 989 3466 1045 ad
3490 988 3633 1045 hunc

2058 1074 2261 1131 curavit
2293 1075 2546 1133 modum:
2570 1077 2749 1133 carnis
2783 1091 2911 1131 vero
2949 1077 3219 1137 lasciviam
3266 1078 3653 1149 uimperantim'

2057 1165 2309 1221 remediis
2345 1166 2685 1234 compressit.
2717 1175 2984 1235 tamquam
3011 1183 3150 1236 equo
3174 1168 3399 1237 cuipiam
3426 1166 3633 1230 rebelli.

2060 1255 2271 1323 corpori
2294 1254 2480 1325 jejunii
2508 1256 2731 1317 fl'tBllllm
2762 1256 3022 1326 iujicicns,
3052 1267 3105 1313 et
3129 1258 3260 1313 adeo
3285 1259 3335 1317 in
3362 1258 3634 1317 diversum

2060 1346 2285 1401 tendens
2305 1387 2318 1409 ,
2363 1355 2419 1403 ut
2448 1348 2561 1417 ipsa
2586 1334 3136 1417 concupiscentiarum
3164 1363 3258 1407 ora
3290 1364 3411 1405 eum
3449 1351 3633 1411 mode-

2059 1437 2263 1493 ratione
2303 1448 2629 1506 congrueutc
2668 1448 2989 1499 cruentaret.
3038 1439 3170 1498 Nam
3225 1456 3396 1510 neque
3441 1454 3654 1509 corpus.

2061 1526 2415 1589 excruciabat,
2462 1543 2529 1583 ne
2570 1528 2853 1585 immodice
2893 1528 3202 1599 stringendo
3229 1544 3422 1599 equum
3449 1528 3549 1587 sibi
3575 1530 3653 1587 ad.

2062 1618 2414 1679 miniStcrium
2471 1618 2717 1677 redderet
2768 1620 3044 1686 inutilem.
3117 1635 3289 1689 neque
3343 1620 3642 1690 patiebautr

2063 1722 2221 1777 supra
2266 1708 2480 1763 modum
2510 1709 2730 1767 obesum
2764 1708 2877 1763 fieri
2898 1751 2914 1775 ,
2951 1725 3018 1764 ne
3042 1710 3405 1779 corpulentior
3443 1710 3644 1775 factus.

2068 1813 2254 1852 rursus
2277 1800 2505 1869 erigeret
2534 1815 2652 1855 sese
2677 1800 2930 1855 adversus
2957 1801 3218 1865 rationem
3264 1801 3499 1861 habenas
3525 1816 3643 1859 mo-

2065 1893 2338 1953 derantetn
2364 1893 2489 1948 :sed
2512 1893 2668 1949 simul
2690 1903 2745 1951 et
2768 1895 3011 1955 sanitatis
3034 1894 3178 1955 illius
3194 1904 3251 1951 et
3270 1894 3669 1957 moderationis

2067 2000 2251 2040 curam
2298 1984 2498 2043 habuit,
2540 1984 2721 2055 Neque
2769 2000 2896 2041 vero
2939 2001 3060 2048 eum
3106 1986 3229 2045 uiis
3271 1989 3325 2045 in
3367 1986 3645 2055 iuventute

2068 2073 2289 2142 fuisset,
2330 2084 2670 2145 posteaquam
2703 2085 2938 2129 teneram
2983 2083 3192 2130 :etatem
3222 2075 3483 2141 excessit,
3513 2076 3648 2129 hanc

2067 2181 2278 2235 quoque
2315 2180 2492 2219 curam
2537 2166 2729 2234 abjecit
2757 2184 2772 2221 :
2798 2181 2981 2221 verum
3011 2167 3169 2220 etiam
3202 2181 3341 2221 uuae
3364 2167 3452 2236 qui
3479 2158 3531 2221 in
3560 2183 3646 2222 se-

2071 2264 2300 2319 nectute,
2334 2256 2477 2310 velut
2504 2257 2554 2310 iu
2584 2271 2796 2311 amoeno
2823 2265 2975 2325 portu
3003 2255 3171 2321 sedet,
3202 2270 3383 2311 rursus
3406 2256 3651 2312 eamdem

2071 2362 2252 2401 curam
2296 2348 2561 2402 observat.
2613 2348 2742 2402 Nam
2787 2349 3070 2417 juventus,
3115 2363 3150 2401 o
3196 2348 3419 2412 dilecte,
3467 2349 3652 2419 pelago

2071 2438 2262 2492 [urenti
2309 2440 2498 2494 similis
2537 2449 2653 2505 est,
2702 2441 2993 2496 immitibus
3032 2441 3189 2496 undis
3212 2457 3276 2497 ac
3301 2443 3471 2505 ventis
3497 2442 3652 2505 malis

2072 2530 2267 2584 referto
2289 2548 2300 2583 :
2322 2532 2542 2585 canities
2591 2547 2717 2585 vero
2743 2532 2890 2586 velut
2929 2532 2982 2586 in
3014 2534 3296 2601 tranquillo
3326 2541 3479 2603 portu
3508 2532 3653 2587 fovet

2073 2636 2256 2675 eorum
2284 2623 2513 2688 animos,
2546 2623 2634 2693 qui
2666 2632 3086 2689 consenuerunt,
3116 2633 3372 2693 praastans
3399 2632 3457 2678 ut
3482 2625 3672 2680 artatis.

2077 2711 2342 2769 beneficio
2374 2722 2519 2780 parta
2552 2712 2906 2780 periculorum
2933 2712 3266 2767 immunitate
3293 2712 3522 2782 jucunde
3548 2713 3655 2768 fru-

2078 2817 2254 2860 antur.
2288 2805 2397 2859 llac
2420 2806 2804 2873 tranquillitate
2826 2819 2947 2859 cum
2980 2804 3065 2859 hic
3094 2819 3235 2859 nunc
3265 2813 3376 2859 tuto
3402 2806 3653 2875 potiatur,

2075 2907 2232 2964 atque
2272 2896 2321 2948 iu
2357 2907 2507 2963 portu
2529 2936 2542 2958 ,
2571 2904 2628 2949 ut
2656 2894 2760 2949 dixi
2785 2936 2801 2960 ,
2829 2894 3021 2949 sedens
3042 2936 3056 2957 ,
3089 2894 3255 2949 nihilo
3284 2896 3456 2949 minus
3479 2904 3673 2952 tamen-

2077 3000 2159 3043 est
2188 2988 2445 3042 sollicitus
2470 3006 2481 3040 :
2506 2999 2558 3041 at
2596 2987 2736 3042 hunc
2766 2988 3010 3042 timorem
3038 2988 3242 3055 accepit
3264 3003 3293 3041 a
3322 2988 3485 3043 Paulo
3506 3028 3523 3055 ,
3566 2990 3675 3059 qu'r

2078 3097 2201 3136 eum
2228 3080 2556 3135 ascendisset
2583 3080 2633 3133 in
2654 3080 2867 3143 emtum,
2891 3090 3049 3149 atque
3070 3079 3195 3135 inde
3215 3095 3467 3144 reversus
3488 3088 3669 3137 terras-

2078 3187 2262 3228 rursus
2298 3171 2590 3241 attigisset,
2638 3169 2838 3232 aiebat.
2895 3167 3077 3229 Vereor
3116 3186 3179 3225 ne
3217 3174 3347 3239 forte
3389 3188 3504 3231 cum
3544 3171 3669 3229 aliis

2076 3264 2474 3336 prtcdicaverim,
2486 3263 2594 3334 ipse
2608 3262 2845 3333 reprobus
2861 3262 3106 3335 e/ﬁciarU
3119 3303 3133 3320 .
3148 3262 3267 3318 Cor.
3283 3262 3337 3318 9.
3350 3264 3443 3333 27)
3462 3280 3476 3317 :
3490 3277 3662 3335 eoque

2083 3356 2165 3413 hic
2194 3370 2312 3411 sese
2356 3356 2407 3409 in
2452 3365 2705 3425 perpetuo
2737 3355 2925 3409 timore
2970 3353 3279 3419 constituit,
3322 3361 3380 3406 ut
3416 3361 3564 3407 esset
3606 3353 3677 3407 in-

2081 3456 2332 3516 perpetua
2360 3445 2570 3513 ﬁducia,
2604 3445 2971 3514 assiderctque
2999 3444 3167 3506 clavo,
3201 3460 3306 3498 non
3336 3443 3422 3499 ille
3444 3443 3659 3518 quidem

2081 3538 2357 3592 stellarum
2385 3548 2602 3592 exortus
2632 3536 2921 3591 observans
2944 3576 2960 3602 ,
2991 3551 3165 3605 neque
3193 3550 3354 3606 rupes
3381 3535 3481 3591 sub
3511 3536 3662 3605 aquis

2083 3631 2339 3692 latentes,
2389 3643 2561 3698 neque
2604 3627 2882 3697 scopulos,
2931 3625 3025 3683 sed
3068 3627 3369 3682 dtemonum
3399 3626 3659 3691 insultus,

2081 3736 2143 3775 ac
2163 3720 2355 3776 diaboli
2374 3720 2653 3785 versutias,
2672 3720 3155 3789 cogitationumque
3170 3733 3395 3790 pugnas,
3412 3720 3663 3789 omnique

2085 3823 2236 3882 parte
2262 3813 2492 3868 lustrans
2516 3812 2837 3875 exercitum,
2874 3820 3096 3871 cunctos
3134 3811 3192 3869 in
3228 3818 3344 3865 tuto
3368 3808 3658 3867 emistituit.

2081 3904 2261 3975 Neque
2285 3903 2427 3959 enim
2457 3900 2586 3958 illud
2613 3901 2773 3961 modo
2808 3908 3041 3970 spectat,
3071 3914 3141 3955 ue
3162 3899 3358 3969 scapha
3382 3897 3663 3969 demerga-

2089 4008 2203 4058 tur;
2237 3994 2330 4050 sed
2374 4009 2441 4050 ne
2464 3994 2588 4064 quis
2612 4007 2795 4051 eorum
2818 4032 2833 4055 ,
2875 4005 3009 4060 quos
3048 4005 3228 4053 serum
3271 3990 3432 4051 habet
3454 3990 3512 4051 in
3538 3992 3662 4047 navi

2088 4098 2352 4151 vectores,
2378 4101 2406 4139 a
2438 4085 2659 4140 tumultu
2689 4082 2917 4153 quodam
2945 4096 3043 4137 ceu
3069 4097 3099 4135 a
3127 4082 3313 4155 piratis
3340 4082 3659 4154 abripiatur,

2085 4178 2215 4232 nihil
2259 4193 2363 4231 non
2393 4185 2543 4231 curat
2584 4175 2871 4245 agitatque.
2915 4173 3017 4227 Per
3058 4172 3234 4234 hunc,
3273 4185 3475 4243 perque
3506 4169 3679 4241 hujus-

2085 4268 2398 4337 sapientiam
2446 4282 2544 4320 nos
2592 4279 2779 4319 omnes
2830 4262 3062 4318 secundo
3111 4260 3422 4330 navigamus
3462 4269 3660 4326 vento,

2086 4361 2239 4430 plena
2269 4360 2418 4412 navis
2446 4358 2557 4412 vela
2582 4356 2896 4426 pandentes.

2156 4453 2208 4507 ι.
2248 4450 2328 4504 De
2365 4448 2569 4503 Meletio
2607 4448 2918 4502 Antiocheno
2963 4446 3205 4517 loquitur.
3242 4475 3315 4487 —
3350 4446 3492 4502 Sane
3538 4461 3661 4502 cum

2087 4545 2317 4615 priorem
2335 4543 2479 4597 illum
2504 4550 2705 4610 patrem
2731 4539 3097 4600 amisissemus
3113 4578 3132 4608 ,
3149 4540 3239 4610 qui
3265 4552 3327 4599 et
3344 4539 3489 4598 hunc
3500 4538 3672 4599 nobis

2083 4636 2300 4707 genuit,
2320 4635 2373 4691 in
2401 4634 2641 4704 angustia
2673 4649 2758 4695 res
2800 4641 2997 4691 nostrae
3025 4639 3208 4691 erant:
3240 4646 3413 4703 quare
3434 4631 3662 4691 misera-

2086 4727 2265 4781 biliter
2294 4724 2736 4789 lamentabamur,
2767 4734 2821 4776 ut
2850 4723 2939 4792 qui
2967 4738 3071 4777 non
3100 4720 3446 4792 sperabamus
3472 4720 3585 4774 fore
3607 4728 3677 4772 utr

2088 4816 2173 4871 hic
2196 4815 2415 4870 thronus
2444 4802 2602 4869 alium
2632 4814 2805 4869 virum
2837 4814 2995 4869 talem
3023 4814 3309 4883 acciperet.
3332 4808 3529 4867 Verum
3574 4810 3677 4864 ubi-

2089 4909 2174 4964 hic
2197 4908 2430 4973 advenit,
2461 4916 2515 4962 et
2540 4907 2591 4961 in
2621 4906 2763 4961 clara
2788 4907 2905 4961 luce
2921 4905 3064 4961 visus
3087 4914 3168 4961 est
3186 4947 3203 4972 ,
3227 4901 3391 4961 efﬁcit
3418 4910 3475 4957 ut
3495 4905 3677 4959 omnis

2090 5002 2176 5055 illa
2208 5000 2448 5070 angustia
2472 4998 2640 5053 veluti
2663 4998 2834 5052 nubes
2864 4996 3208 5066 praeterierit,
3233 5004 3289 5052 et
3315 5009 3501 5052 omnes
3538 5009 3654 5051 mo-

2090 5092 2259 5147 lestia:
2284 5092 2613 5146 evanuerint.
2650 5089 2840 5160 Neque
2862 5090 3066 5145 sensim
3089 5088 3245 5144 nobis
3267 5088 3467 5143 laetum
3514 5086 3664 5143 illum

2090 5184 2319 5246 exerunt,
2348 5181 2440 5237 sed
2487 5180 2624 5238 adeo
2665 5179 3091 5250 repente,quasi
3124 5178 3265 5235 idem
3311 5178 3399 5235 ille
3420 5177 3611 5239 beatus
3635 5196 3667 5233 e

2094 5274 2297 5331 tumulo
2308 5272 2579 5331 redivivus
2601 5274 2654 5326 in
2682 5270 2825 5331 hunc
2854 5269 3101 5326 thronum
3122 5268 3299 5326 denuo
3321 5267 3669 5333 ascendisset.

2095 5364 2289 5419 Verum
2316 5363 2679 5433 imprudentes
2698 5376 2880 5415 amore
2908 5358 3185 5428 studioque
3213 5358 3468 5427 prteclare
3486 5366 3667 5431 gesto-

2096 5474 2211 5513 rum
2242 5457 2405 5525 patris
2433 5454 2637 5518 nostri,
2666 5467 2966 5508 sermonem
2994 5452 3130 5506 ultra
3161 5451 3375 5510 modum
3417 5451 3665 5523 produxi-

2094 5566 2249 5612 mus,
2275 5561 2379 5600 non
2425 5545 2543 5599 dico
2590 5544 2725 5598 ultra
2763 5541 2978 5597 modum
3027 5558 3211 5598 eorum
3251 5558 3371 5614 qua:
3417 5542 3504 5599 hic
3548 5554 3676 5599 ctun

2099 5640 2249 5696 laude
2276 5638 2473 5711 gessit;
2496 5651 2619 5691 nam
2658 5634 2724 5692 de
2749 5634 2832 5691 his
2858 5650 2924 5691 ne
2948 5634 3091 5705 loqui
3121 5633 3332 5706 quidem
3376 5634 3672 5706 capimus;
