4050 6160
423 254 529 309 690

419 368 514 425 sed
570 369 706 424 ultra
764 364 1181 421 mediocritatem
1226 359 1761 431 nostrte‘juventutis
1787 359 1828 419 ί.
1871 358 2003 427 Age-

422 464 546 516 dum
570 461 728 530 igitur
744 471 931 513 rursus
955 455 1099 511 velut
1139 454 1189 508 in
1215 462 1428 524 portum
1465 450 1762 505 orationem
1790 446 2006 502 silentio

420 553 486 607 ad
509 551 741 623 quietem
754 562 1102 605 revocemus:
1134 554 1385 600 czcterum
1403 556 1467 596 ea
1486 540 1731 596 desinere
1748 553 1850 593 non
1874 537 2005 603 vult,

420 643 514 699 sed
534 659 674 713 aegre
694 640 817 707 fert,
832 639 1237 708 indignaturqtte
1253 633 1474 704 cupiens
1491 641 1604 687 toto
1622 640 1771 701 prato
1783 627 2005 698 expleri.

425 734 619 791 Verum
634 732 686 788 id
711 729 1037 801 impossibile
1053 737 1134 783 est
1149 770 1164 793 ,
1191 742 1224 782 0
1245 726 1418 797 pueri.
1441 725 1755 779 Desinamus
1770 722 1928 791 igitur
1947 735 2007 773 ea

428 826 703 897 persequi,
727 840 845 895 qua:
877 838 980 877 non
1011 833 1293 891 possumus
1312 817 1554 888 assequi;
1574 811 2011 871 sufﬁciantn‘obis

423 918 488 972 ad
515 917 759 974 solatium
811 929 873 969 ea
919 928 1038 984 qua:
1082 911 1222 966 dicta
1270 918 1416 965 sunt.
1466 905 1907 975 Quandoquidem
1956 904 2008 956 in

427 1008 670 1080 pretiosis
696 1006 978 1076 unguentis
998 1019 1101 1057 non
1125 1010 1328 1057 tantum
1362 1000 1409 1055 si
1443 998 1563 1069 quis
1589 996 1824 1052 effundat
1862 996 2012 1064 lecy-

426 1102 575 1156 thum
595 1140 611 1167 ,
631 1114 815 1154 verum
835 1096 992 1152 etiam
1019 1095 1065 1150 si
1085 1093 1206 1165 quis
1233 1092 1319 1147 vel
1348 1089 1571 1145 summis
1608 1087 1787 1158 digitis
1828 1099 2015 1155 super-

427 1193 598 1249 ticiem
626 1191 849 1260 attingat
867 1229 882 1253 ,
905 1197 960 1243 et
985 1201 1162 1242 aerem
1193 1198 1330 1238 novo
1355 1183 1535 1238 colore
1570 1180 1759 1247 tinxit,
1778 1188 1831 1232 et
1855 1185 2013 1246 quot-

426 1293 556 1354 quot
580 1283 807 1346 adsunt,
839 1279 1098 1334 suavitate
1138 1273 1439 1345 fragrantia:
1469 1270 1716 1341 replevit.
1758 1266 1912 1334 Quod
1962 1274 2017 1319 et

429 1379 481 1430 in
514 1373 794 1444 prmsentia
824 1369 1074 1436 conligit,
1105 1383 1210 1423 non
1235 1365 1436 1420 viribus
1455 1362 1775 1433 eloquentiae
1797 1368 2015 1422 nostrm,

429 1466 525 1521 sed
575 1473 788 1535 pr0pter
814 1463 920 1518 vim
971 1461 1038 1515 ab
1087 1459 1192 1515 hoc
1232 1458 1370 1513 bene
1411 1463 1706 1526 gestorum.
1753 1451 2019 1505 Abeamus

430 1558 604 1628 igitur,
653 1557 906 1610 abeamus
950 1552 1016 1606 ad
1062 1563 1249 1621 preces
1287 1547 1646 1609 divertentes,
1674 1542 2022 1612 deprecemur

433 1650 635 1713 Deum,
666 1654 721 1699 ut
740 1642 1040 1699 communis
1067 1648 1235 1694 mater
1265 1648 1447 1692 nostra
1469 1633 1767 1690 illabefacta
1813 1640 1869 1687 et
1917 1631 2020 1683 im-

431 1750 574 1797 mota
593 1747 822 1802 maneat,
847 1744 905 1789 ut
930 1734 1072 1788 hunc
1104 1740 1332 1801 patrem,
1359 1728 1655 1791 doctorem,
1678 1732 1943 1794 pastorem
1970 1728 2023 1775 et

431 1833 875 1904 gubernatorem,
910 1825 978 1880 ad
1033 1825 1246 1893 longam
1287 1819 1545 1891 producat
1592 1818 1775 1870 vitam.
1806 1812 1864 1868 Si
1913 1826 2019 1880 qua

431 1925 584 1979 vobis
611 1922 771 1978 etiam
811 1917 981 1974 nostri
1027 1916 1166 1971 ratio
1204 1923 1320 1978 eSt;
1353 1924 1528 1981 neque
1576 1908 1718 1964 enim
1759 1905 1870 1975 jam
1924 1916 2025 1958 nos

434 2018 578 2087 ipsos
624 2014 679 2068 in
732 2009 1073 2066 sacerdotum
1121 2018 1345 2060 numero
1413 2016 1613 2072 ponere
1681 1996 2021 2063 audebimus,

465 2232 475 2242 .
502 2171 515 2199 ί
551 2164 603 2215 la
626 2168 718 2217 lace
743 2164 963 2223 verbum,
989 2156 1270 2225 juventutis,
1292 2155 1475 2207 desinit
1511 2152 1652 2204 Savil.
1695 2148 1890 2213 Reliqua
1911 2146 2030 2198 dell-

435 2246 493 2282 ει·

1133 250 1190 306 S.
1229 247 1506 306 JOANNIS
1541 244 2016 303 CHRYSOSTOMI
2056 244 2376 302 ARCHIEP.
2416 245 2954 303 CONSTANTINOP.

3570 239 3667 297 700

2110 359 2324 430 quando
2356 375 2454 415 nec
2484 360 2557 418 fas
2591 369 2675 415 est
2699 360 2967 414 abortivos
2998 368 3182 429 partus
3207 370 3326 415 cum
3351 358 3594 430 legitimis
3618 375 3675 414 ac

2114 448 2362 518 perfectis
2389 465 2671 505 numerare
2696 467 2711 514 ;
2740 449 2881 521 quod
2907 449 2949 503 si
2982 463 3085 519 qua
3106 489 3121 514 ,
3151 448 3362 517 inquam
3386 489 3401 513 ,
3437 458 3517 504 est
3543 451 3675 511 apud

2111 555 2207 594 vos
2234 549 2288 595 et
2330 542 2495 596 neStri
2527 541 2662 596 ratio
2700 556 2949 610 tanquam
2999 538 3139 594 fetus
3183 539 3454 608 cujusdam
3500 541 3679 595 abortu

2113 633 2266 702 ejecti
2288 675 2304 700 ,
2332 642 2482 688 orate
2525 642 2582 687 ut
2629 650 2659 688 e
2679 633 2924 702 supernis
2953 632 3107 688 nobis
3143 632 3341 687 multus
3364 632 3580 687 accedat
3603 633 3680 687 vi-

2113 741 2228 795 gor.
2283 724 2428 796 Opus
2476 724 2688 795 quidem
2719 734 2834 780 erat
2886 725 3039 780 nobis
3076 733 3132 779 et
3162 725 3305 794 prius
3351 723 3532 789 tutela,
3563 724 3682 779 dum

2115 815 2214 870 soli
2241 815 2400 869 vitam
2430 814 2744 884 degeremus
2767 831 2796 869 a
2816 815 3036 885 negotiis
3061 814 3279 870 liberam
3303 822 3394 869 :at
3413 823 3685 884 postquam

2117 909 2170 962 in
2212 907 2443 963 medium
2472 906 2713 977 producti
2759 920 2973 971 sumus;
3004 905 3192 960 omitto
3239 903 3536 974 quomodo,
3582 904 3686 959 sive

2118 1001 2351 1061 humano
2413 999 2620 1067 studio,
2670 999 2783 1054 sive
2851 998 3032 1053 favore
3086 997 3317 1053 divino:
3371 996 3506 1051 nihil
3554 998 3688 1051 enim

2120 1093 2395 1147 vobiscum
2448 1091 2548 1146 hac
2587 1091 2655 1146 de
2705 1106 2763 1145 re
2782 1089 3135 1155 contendam,
3168 1104 3236 1144 ne
3275 1088 3363 1143 cui
3399 1087 3579 1141 videar
3601 1102 3691 1157 per

2119 1183 2595 1239 dissimulationem
2647 1189 2701 1237 et
2730 1181 2953 1236 ironiam
2999 1181 3436 1250 loqui;attamen
3490 1179 3691 1248 quando

2123 1275 2361 1344 producti
2411 1288 2626 1338 sumus,
2680 1288 2745 1328 ac
2777 1273 2959 1342 jugum
3016 1271 3119 1343 hoc
3160 1270 3393 1325 validum
3438 1284 3694 1339 gravequc

2121 1367 2453 1435 suscepimus
2473 1406 2486 1430 ,
2525 1364 2706 1419 multis
2733 1363 2888 1418 nobis
2913 1377 3048 1432 Opus
3070 1372 3152 1418 est
3180 1361 3424 1416 manibus
3443 1399 3461 1426 ,
3486 1358 3696 1414 inﬁnitis

2127 1458 2370 1527 precibus
2395 1499 2409 1522 ,
2440 1472 2544 1526 quo
2566 1457 2834 1525 possimus
2870 1454 3171 1522 depositum
3224 1453 3430 1508 salvum
3480 1451 3696 1506 reddere

2123 1548 2342 1603 domino
2381 1548 2468 1618 qui
2519 1547 2798 1618 deposuit,
2831 1545 2883 1600 in
2914 1546 3001 1600 die
3030 1546 3153 1610 illo,
3183 1559 3304 1600 cum
3335 1544 3369 1597 ii
3410 1543 3600 1613 quibus
3622 1553 3695 1596 ta-

2127 1646 2267 1698 lenta
2307 1642 2509 1698 credita
2555 1650 2714 1707 sunt,
2750 1640 3074 1700 citabuntur,
3120 1648 3175 1694 et
3213 1636 3422 1707 judicio
3461 1637 3702 1691 sistentur

2127 1735 2388 1790 rationem
2431 1731 2708 1787 reddituri.
2735 1731 2897 1786 Orate
2941 1730 3116 1800 igitur,
3163 1743 3229 1783 ne
3259 1727 3418 1783 nobis
3469 1727 3700 1791 eveniat,

2128 1826 2267 1899 quod
2294 1826 2472 1881 evenit
2493 1824 2594 1879 illis
2620 1823 2847 1893 alligatis
2867 1822 2984 1877 etin
3005 1820 3251 1876 tenebras
3270 1819 3569 1874 exteriores
3585 1833 3706 1872 cono

2125 1918 2315 1991 jectis:
2346 1916 2442 1971 sed
2486 1916 2654 1970 simus
2702 1916 2757 1969 in
2805 1929 2990 1968 eorum
3039 1925 3297 1976 numero,
3326 1910 3422 1980 qui
3472 1916 3708 1979 poterunt

2131 2010 2571 2081 qualemcumque
2599 2004 2808 2075 assequi
2838 2003 3082 2069 veniam,
3113 2002 3280 2072 gratia
3310 2012 3371 2056 et
3397 2001 3708 2071 benignitate

2135 2100 2346 2158 Domini
2392 2097 2559 2154 nostri
2587 2096 2714 2152 Jesu
2746 2094 2978 2163 Christi,
3004 2095 3088 2149 cui
3117 2093 3287 2164 gloria
3307 2133 3321 2158 ,
3360 2093 3636 2163 imperium
3660 2101 3711 2146 et

2134 2191 2375 2249 adoratio
2396 2190 2448 2245 in
2480 2188 2673 2244 saecula
2694 2186 3033 2243 saeculorum.
3062 2187 3253 2241 Amen.

468 2454 3690 2532 Μνῷ-ὥ

1331 2764 1407 2822 ΙΝ
1445 2756 1839 2821 HOMILIAS
1879 2754 1985 2816 DE
2022 2745 2833 2816 INCOMPREHENSIBILI
2908 2824 2909 2827 η

521 3094 665 3149 Inter
694 3089 900 3162 primas
926 3079 1308 3157 Chrysostomi
1342 3075 1666 3137 conciones,
1693 3083 1793 3153 eas
1840 3064 2035 3122 videli-

451 3209 536 3259 cet
556 3214 695 3270 quas
720 3210 866 3252 anno
886 3191 992 3248 586
1014 3190 1083 3247 ad
1107 3187 1371 3260 populum
1393 3180 1797 3239 Antiochenum
1820 3172 2034 3241 habuit,

455 3309 618 3363 hasce
679 3303 759 3358 De
811 3293 1327 3370 incomprehensibili
1383 3290 1816 3360 consignamus:
1875 3282 2035 3353 cujus

456 3408 721 3481 temporis
751 3416 913 3462 notas
956 3406 1075 3474 ipse
1109 3398 1457 3470 suppeditat;
1487 3408 1680 3450 verum
1729 3391 2035 3455 intricatas,

458 3527 515 3574 et
538 3525 601 3570 ut
626 3513 1023 3584 Cbrysostomo
1056 3507 1108 3560 in
1139 3519 1293 3559 more
1319 3510 1422 3568 est,
1483 3514 1591 3554 non
1621 3498 1697 3553 ita
1749 3495 2041 3565 diligenter

458 3621 693 3695 positas.
735 3617 920 3671 Prima
963 3615 1146 3684 itaque
1191 3618 1321 3665 nota
1365 3608 1568 3679 petitur
1605 3620 1671 3660 ex
1718 3602 1940 3658 homilia
1989 3615 2042 3656 tv

461 3728 539 3785 De
570 3720 1101 3795 incomprehensibili,
1132 3718 1225 3773 ubi
1256 3717 1338 3770 sic
1364 3714 1600 3785 legitur:
1637 3712 1773 3765 Ante
1821 3708 1914 3763 hos
1952 3708 2044 3762 de-

464 3850 581 3890 cem
611 3848 778 3886 annos
847 3828 1066 3899 quidam
1130 3821 1462 3893 tyrannidem
1515 3818 1823 3889 aﬂ'eetantes
1856 3816 2072 3884 depre-'

471 3939 611 3992 hensi
637 3934 879 4004 captique
922 3936 1067 3991 sunt,
1106 3927 1245 3999 quod
1301 3943 1391 3980 vos
1428 3941 1532 3979 non
1590 3923 1867 3994 ignoratis.
1910 3920 2045 3975 Tum

467 4036 663 4109 aliquis
691 4036 747 4090 in
776 4035 1093 4107 magistratu
1114 4033 1470 4091 constitutus.«
1488 4030 1728 4085 criminis
1755 4046 1876 4085 reus
1904 4045 2048 4083 com-

461 4156 664 4214 pertus,
690 4160 808 4198 cum
838 4142 909 4196 ad
948 4144 1169 4195 martem
1202 4138 1325 4209 fune
1354 4137 1423 4191 ad
1449 4154 1506 4191 os
1548 4135 1775 4206 alligato
1828 4134 2048 4189 ducere-

462 4260 571 4316 tur,
605 4259 717 4304 tota
745 4246 870 4302 urbs
896 4247 965 4300 ad
996 4242 1397 4315 hippodromum
1437 4243 1695 4303 accurrit,
1744 4240 2049 4309 eductisque.

467 4375 493 4413 e
550 4372 757 4411 carcere
819 4355 1078 4424 captivis,
1138 4350 1297 4405 simul
1383 4358 1527 4403 totus
1615 4347 1840 4418 populus
1900 4361 2046 4400 reum

465 4463 823 4533 imperatoria:
853 4460 1067 4526 ultioni,
1106 4458 1204 4513 etsi
1258 4455 1407 4511 nulla
1457 4455 1674 4525 dignum
1724 4453 1892 4519 venia,
1927 4450 2050 4505 sub-

463 4568 636 4622 duxit.
676 4563 861 4618 Palam
919 4577 1051 4617 sane
1082 4560 1302 4616 videtur
1337 4572 1459 4615 esse
1511 4558 1604 4612 hic
1651 4555 1719 4610 de
1774 4552 2052 4611 Theodori

465 4673 877 4745 conspiratione
902 4669 1012 4741 agi,
1068 4668 1162 4739 qui
1198 4682 1345 4722 anno
1392 4680 1516 4720 eum
1575 4661 1889 4717 tardissime
1942 4658 2049 4715 574

464 4781 643 4852 capite
671 4779 867 4850 plexus
898 4758 1018 4831 est:
1055 4772 1238 4830 missis
1294 4771 1440 4826 enim
1491 4768 1614 4823 aliis
1671 4780 1794 4836 qua:
1845 4780 1914 4820 ex
1947 4765 2052 4820 hac

469 4881 858 4957 Chrysostomi
891 4879 1213 4936 narratione
1232 4876 1490 4932 oriuntur
1516 4870 1949 4935 difﬁcultatibus,
1991 4870 2047 4925 in

464 4994 585 5063 ejus
619 4989 743 5045 Vita
769 4985 1151 5058 cxplanandis,
1180 4984 1232 5039 id
1259 4991 1405 5039 certe
1424 4980 1648 5051 planum
1676 4979 1908 5040 videtur,
1941 4992 2049 5032 non

470 5113 639 5169 posse
684 5091 959 5150 Theodori
1014 5105 1204 5146 necem
1245 5088 1385 5143 ultra
1443 5101 1650 5142 annum
1685 5084 1791 5140 574
1826 5084 2049 5140 ditferri.

467 5204 588 5272 Quo
622 5203 804 5275 posito
832 5199 1067 5265 calculo,
1103 5212 1217 5252 non
1259 5203 1383 5249 ante
1423 5193 1517 5247 hos
1555 5192 1753 5256 decem,
1802 5191 1886 5245 vel
1934 5199 2054 5242 ante

472 5313 561 5366 I.os
595 5309 874 5363 duodecim
905 5320 1081 5361 annos
1134 5303 1380 5359 dicturus
1427 5307 1547 5355 erat
1601 5298 2052 5370 Cllrysostomus,

472 5425 534 5472 ut
564 5413 884 5487 supputatio
933 5420 1249 5468 constaret:
1279 5423 1402 5463 nam
1451 5406 1504 5461 in
1550 5405 1925 5475 presbyterum
1957 5400 2056 5457 ad-

472 5521 650 5577 lectus
676 5533 822 5574 anno
845 5516 974 5583 586,
1009 5517 1216 5586 aliquot
1260 5512 1464 5585 elapsis
1516 5523 1704 5584 postca
1745 5508 2050 5577 mensibus,

467 5627 585 5685 haec
614 5623 1060 5683 concionabatur.

2212 3062 2451 3116 Alteram
2511 3070 2696 3117 notam
2730 3069 3050 3117 mutuamur
3081 3075 3146 3116 ex
3193 3060 3430 3117 homilia
3488 3060 3718 3134 quadam

2144 3181 2330 3225 contra
2356 3168 2574 3224 Iudaeos
2628 3185 2775 3225 anno
2817 3167 2923 3223 587
2962 3168 3183 3232 habita,
3240 3166 3337 3222 ubi
3409 3166 3537 3222 talia
3587 3166 3725 3222 fatur

2144 3270 2608 3343 Chrysostomus:
2647 3270 2800 3337 Quod
2830 3286 2948 3326 vero
2991 3270 3109 3341 jam
3140 3271 3389 3326 dicturus
3419 3287 3535 3325 sum
3572 3270 3725 3324 etiam

2145 3379 2433 3433 admodum
2459 3378 2739 3449 juvenibus
2768 3388 2845 3432 est
2873 3376 3074 3432 clarum
3106 3393 3169 3432 ac
3210 3379 3570 3447 perspicuum.
3608 3373 3723 3428 Non

2146 3485 2285 3538 enim
2315 3492 2517 3554 gestum
2553 3492 2630 3537 est
2660 3481 2756 3537 sub
2803 3481 3042 3535 Adriano
3094 3490 3187 3533 aut
3228 3478 3604 3539 Constantino.
3633 3478 3725 3535 sed

2148 3588 2242 3644 sub
2274 3572 2587 3658 imperatore
2623 3588 2716 3658 qui
2752 3586 2855 3657 fuit
2882 3594 3036 3641 (etate
3078 3593 3262 3639 nostra
3293 3594 3421 3639 ante
3458 3599 3622 3638 annos
3652 3582 3727 3635 ri—

2152 3695 2308 3765 ginti.
2334 3693 2546 3748 Etenim
2573 3709 2690 3747 cum
2720 3689 2996 3759 Julianus,
3028 3691 3118 3763 qui
3170 3691 3512 3759 imperatores
3555 3702 3725 3743 omnes

2150 3801 2417 3871 superavit
2453 3800 2744 3870 impietate,
2780 3807 2987 3853 vocaret
3038 3796 3160 3851 illos
3193 3795 3263 3850 ad
3314 3793 3725 3865 sacriﬁcandum

2151 3905 2330 3971 idolis,
2371 3915 2500 3972 etc.,
2525 3905 2619 3961 ubi
2648 3919 2831 3974 parem
2865 3901 3267 3975 ἀναχρονισμόν
3303 3900 3723 3955 animadvertas.

2151 4010 2402 4066 Julianus
2440 4009 2584 4064 enim
2626 4024 2772 4064 anno
2822 4007 2929 4063 565
2961 4007 3269 4063 exstinctus
3314 4016 3423 4074 est,
3470 4021 3502 4060 a
3548 4017 3655 4075 quo
3683 4000 3728 4058 si

2155 4113 2477 4184 supputatio
2503 4111 2817 4176 duceretur,
2871 4125 3016 4165 anno
3053 4110 3157 4164 585
3206 4111 3321 4165 haec
3379 4108 3728 4165 concionatns

2154 4230 2302 4279 esset
2328 4221 2776 4293 Chrysostomus.
2807 4219 2975 4290 Atqui
3008 4229 3137 4274 tunc
3167 4218 3437 4275 diaconus
3476 4217 3566 4272 ille
3598 4221 3729 4278 erat,

2155 4345 2334 4401 neque
2372 4330 2541 4386 ullam
2583 4329 2650 4384 ad
2678 4329 2941 4399 populum
2978 4326 3302 4383 concionem
3351 4324 3545 4380 habuit
3585 4331 3731 4377 ante-

2158 4450 2324 4506 quam
2360 4434 2641 4507 presbyter
2673 4433 3045 4496 ordinaretur,
3077 4440 3138 4486 ut
3179 4431 3298 4502 ipse
3327 4429 3385 4485 in
3431 4430 3608 4502 prima
3636 4440 3731 4482 sua

2161 4538 2385 4593 homilia
2442 4538 2766 4594 testiticatur
2821 4553 3028 4608 supra:
3078 4536 3365 4593 ordinatus
3414 4543 3596 4590 autem
3653 4539 3731 4586 est

2155 4664 2301 4704 anno
2335 4647 2460 4713 586,
2495 4656 2554 4703 ut
2588 4662 2730 4717 saepe
2788 4645 3029 4701 diximus
3059 4652 3113 4699 et
3147 4642 3399 4714 pluribus
3450 4652 3730 4697 common-

2156 4755 2423 4810 strabitur
2449 4754 2503 4807 in
2527 4753 2648 4808 Vita
2675 4752 2798 4824 ejus
2820 4750 2888 4807 ad
2908 4751 3117 4805 calcem
3134 4747 3374 4820 Operum
3398 4741 3729 4803 adornanda.

2156 4861 2213 4920 In
2260 4879 2465 4920 annum
2517 4863 2704 4933 itaque
2737 4858 2844 4916 586
2903 4858 3005 4913 has
3056 4856 3313 4913 bomilias
3361 4851 3729 4911 conferimus:

2156 4987 2333 5043 neque
2373 4980 2633 5041 putamus
2674 4975 2853 5022 tamen
2887 4964 3053 5019 hasce
3082 4971 3269 5017 contra
3299 4960 3578 5014 Anomwos
3624 4953 3732 5009 dis-

2154 5077 2489 5148 ceptationes
2544 5073 2732 5128 eodem
2768 5071 3051 5127 absolutas
3074 5084 3219 5124 anno
3241 5081 3382 5131 esse,
3417 5063 3510 5117 sed
3531 5102 3545 5124 ,
3583 5069 3639 5113 ut
3665 5057 3727 5111 de

2158 5185 2400 5241 liomiliis
2441 5194 2626 5238 contra
2664 5180 2885 5236 Iudaeos
2918 5177 3060 5234 infra
3095 5177 3342 5242 dicetur,
3374 5188 3513 5243 quas
3558 5179 3730 5235 cmpe-

2155 5302 2240 5346 rat
2274 5307 2419 5345 anno
2448 5289 2577 5354 586,
2611 5304 2757 5344 anno
2787 5285 3036 5357 sequenti
3067 5284 3290 5339 ineunte
3322 5276 3574 5334 absolvit.
3614 5270 3724 5326 Hu-

2154 5397 2245 5469 jus
2277 5413 2407 5453 vero
2439 5395 2809 5465 chronologia:
2843 5392 2985 5448 ratio
3027 5386 3303 5447 constabit
3348 5399 3413 5439 ex
3464 5381 3565 5445 iis,
3613 5388 3729 5447 qua:

2157 5507 2210 5561 in
2246 5504 2451 5563 Monito
2486 5494 2555 5560 ad
2590 5501 2855 5558 Horuilias
2902 5506 3089 5555 contra
3129 5494 3343 5553 Judwos
3380 5488 3521 5547 infra
3556 5484 3730 5541 dicen-

2158 5623 2263 5670 tur.
