4050 6160
226 259 318 318 690
1160 281 1414 353 ssnuo,
1454 286 1597 345 CUM
1634 269 2045 346 PRESBYTER
2085 294 2246 351 run
2285 297 2701 360 onomaws.

222 378 626 473 λξμέΫίξζπάλθ
652 391 718 459 τῇ
749 393 876 463 σιγῇ
909 395 1037 457 τοὺς
1065 395 1256 465 λόγους
1288 400 1710 473 ἀναπαύσωμεν.
1742 405 1882 459 Ἀλλ’

217 466 313 521 οὐκ
345 469 629 561 ἐθέλωσιν
656 476 1006 547 ἀφίστασθαι,
1039 483 1176 538 ἀλλά
1202 466 1608 559 δυσχεραίνουσί
1633 494 1728 545 καὶ
1748 494 1882 561 ἁγα-

220 557 508 647 νακτοῦσι,
555 561 773 629 πάντως
816 569 1194 642 ἐμπλησθῆναι
1240 574 1333 627 τοῦ
1369 557 1650 647 λειμῶνος
1691 557 1883 633 ἐπιθυ-

221 644 465 736 ρίοὗντες.
506 648 669 704 Ἀλλὰ
697 653 855 706 τοῦτο
886 657 1186 728 ἀμήχανον,
1221 654 1267 713 ὧ
1296 644 1503 727 παῖδες.
1535 665 1883 736 Παυσώμεθα

216 726 305 785 οὖν
362 732 655 802 διώκοντες
706 726 996 813 ἀκίχηταεή
1020 747 1183 817 ἀρκεῖ
1220 751 1300 812 είς
1351 753 1705 824 παραμυθίαν
1743 726 1882 825 ημῖν

218 820 415 911 καὶῇτά
442 824 711 895 εἰρημένα
730 844 744 857 ο
776 831 898 883 ἐπεὶ
941 833 1034 885 καὶ
1076 834 1170 888 ὲπὶ
1211 836 1319 889 τῶν
1362 820 1547 911 μύρων
1577 841 1685 894 τῶν
1715 820 1880 895 πολυ-

212 907 395 996 τελῶν,
434 911 538 964 οὐκ
586 912 683 966 ἐὰν
711 914 805 969 τὸν
846 916 1049 989 λέϐητα
1093 921 1193 995 χέῃ
1233 940 1318 989 τις
1366 907 1547 996 μόνον,
1593 928 1729 983 ἀλλά
1776 930 1881 984 κᾶν

204 993 383 1067 ’ἄκρας
413 999 517 1069 τῆς
560 1000 883 1071 ἐπιφανείας
930 1006 1136 1077 ἅψηται
1165 993 1296 1074 τοῖς
1345 993 1627 1078 δακτύλοις
1647 1056 1662 1078 ,
1698 1018 1788 1071 τόν
1820 1036 1878 1072 τε

210 1081 345 1170 ἀέρα
382 1085 701 1157 ἀνέχρωσε,
727 1091 824 1144 καὶ
878 1094 1003 1156 τοὺς
1055 1097 1331 1164 παρόντας
1374 1101 1474 1170 τῆς
1517 1103 1746 1167 εὐωδίας
1792 1108 1880 1158 ὲνο

208 1165 444 1264 έπλησεν
492 1171 773 1264 ἔξπανταςξ
805 1177 834 1231 ὃ
879 1178 942 1251 δὴ
999 1181 1094 1234 καὶ
1125 1181 1222 1235 νῦν
1250 1165 1508 1253 γέγονεν,
1556 1189 1617 1242 ού
1661 1165 1749 1245 διά
1780 1193 1878 1264 τὴν

205 1255 435 1349 δύναμιν
458 1259 569 1313 τῶν
598 1262 884 1349 μετέρων
915 1264 1111 1335 λόγων,
1145 1271 1282 1325 ἀλλά
1309 1272 1397 1327 διὰ
1417 1273 1515 1345 τὴν
1547 1277 1745 1349 ἀρετὴν
1770 1255 1878 1332 τῶν

202 1342 392 1397 τούτου
425 1348 886 1421 κατορθωμάτων.
919 1355 1194 1427 Ἀπίωμεν
1214 1357 1341 1425 σοῦν,
1381 1362 1632 1432 ἀπίωμεν
1671 1366 1751 1428 είς
1787 1367 1878 1419 ed-

200 1432 300 1500 χάς
328 1435 784 1525 καταλύσαντες·
821 1441 1106 1513 δεηθῶμεν
1152 1444 1292 1500 ὥστε
1344 1449 1448 1519 τὴν
1494 1452 1676 1522 κοινὴν
1720 1454 1875 1525 ήμῶν

204 1521 419 1591 μητέρα
446 1524 742 1615 ἀσάλευτον
773 1528 956 1597 μένειν
985 1531 1079 1585 καὶ
1113 1534 1390 1606 ἀκίνητον,
1424 1539 1518 1591 καὶ
1540 1521 1641 1592 τὸν
1664 1521 1875 1615 πατέρα

202 1610 413 1675 τοῦτον,
454 1612 548 1666 τὸν
575 1614 914 1679 διδάσκαλον,
953 1618 1046 1672 τὸν
1091 1622 1346 1691 ποιμένα,
1388 1625 1481 1679 τὸν
1508 1610 1871 1701 κυϐερνήτην,

363 1702 712 1772 μακροτέραν
730 1703 1072 1775 ἐξενεχθῆναι
1095 1707 1336 1777 (inﬁmi)!
1354 1729 1438 1777 τις
1454 1714 1581 1784 ὑμῖν
1604 1696 1700 1770 καὶ
1715 1696 1872 1788 ἡμῶν

194 1782 387 1874 λόγος·
427 1788 490 1839 οὗ
515 1790 625 1860 γὰρ
658 1789 721 1860 δὴ
750 1793 888 1861 μετά
924 1792 1033 1846 τῶν
1068 1795 1254 1866 ἱερέων
1282 1782 1507 1865 ἑαυτοὺς
1550 1782 1872 1874 καταλέξειν

189 1870 563 1962 τολμήσομεν,
588 1873 738 1951 [445]
759 1879 944 1951 ἐπειδὴ
967 1881 1100 1952 μηδὲ
1121 1882 1280 1953 θέμις
1297 1885 1367 1939 τὰ
1383 1888 1709 1961 ὲκτρώματα
1732 1870 1871 1962 μετά

192 1958 305 2011 τῶν
344 1959 681 2032 ἀρτιοτόκων
713 1967 966 2039 ἀριθμεῖν
987 1984 1000 1998 ·
1028 1969 1077 2022 εἰ
1111 1967 1169 2023 δέ
1206 1987 1292 2035 τις
1322 1973 1449 2045 ὑμῖν
1475 1958 1576 2030 καί
1612 1958 1747 2050 ὲμού
1776 1980 1865 2034 λό-

3538 312 3641 366 700

1985 425 2102 477 γος,
2142 411 2331 486 ὥσπερ
2373 417 2772 490 ἀμϐλωθριδίου
2800 420 2978 484 τινὸς,
3017 422 3243 495 δεήθητε
3284 423 3483 495 πολλὴν
3518 427 3653 496 ἡμῖν

1983 498 2188 552 ἄνωθεν
2234 502 2483 569 γενέσθαι
2525 505 2624 575 τὴν
2667 507 2856 577 ῥοπήν.
2906 508 3051 563 Ἔδει
3096 511 3193 581 μὲν
3231 511 3341 582 γάρ
3369 514 3502 582 ἡμῖν
3553 515 3651 566 καὶ

1984 586 2248 656 πρότερον
2269 589 2588 658 ἀσφαλείας,
2610 592 2699 645 ὅτε
2722 593 2845 647 καθ’
2862 596 3090 661 ἑαυτοὺς
3119 596 3329 668 ἐζῶμεν
3350 598 3440 652 τὸν
3468 598 3650 670 ἀπρά-

1982 688 2159 743 γμονα
2200 674 2309 746 βίον
2331 692 2344 705 ·
2378 678 2569 750 ἐπειδὴ
2602 680 2658 733 δὲ
2703 683 2779 746 είς
2831 683 2994 752 μέσον
3025 683 3301 756 ῆχθημενσ
3333 684 3394 739 τὸ
3432 686 3489 738 δὲ
3528 685 3646 750 πῶς

1981 758 2240 831 παρίημι,
2259 763 2369 816 εἴτε
2390 764 2706 839 ἀνθρωπίνῃ
2732 771 2957 840 σπουδῇ,
2982 770 3093 824 εἴτε
3119 773 3299 844 χάριτι
3322 773 3469 844 θείᾳ·
3493 773 3645 828 οὐδὲν

1981 846 2090 919 γὰρ
2120 851 2252 918 ἡμῖν
2283 850 2594 919 φιλονεικῶ,
2615 854 2705 908 ῖνα
2733 858 2807 927 μή
2834 875 2917 921 τις
2947 860 3041 912 καὶ
3066 860 3450 931 εἰρωνεύεσθαι
3479 861 3643 931 φαίη·

1982 934 2122 1005 πλὴν
2163 935 2278 989 ἀλλ’
2318 939 2507 1011 ἐπειδὴ
2535 941 2818 1013 ἧχθημεν,
2849 945 2944 998 καὶ
2990 946 3081 1000 τὸν
3122 945 3287 1016 ζυγὸν
3320 948 3508 1002 τοῦτον
3547 949 3649 1001 ὑπ-

1981 1020 2176 1093 έδυμεν
2202 1024 2293 1077 τὸν
2321 1026 2539 1097 ἰσχυρὸν
2566 1029 2656 1082 καὶ
2691 1029 2878 1100 βαρὺν,
2910 1033 3121 1088 πολλῶν
3147 1035 3277 1106 ἡμῖν
3309 1035 3390 1087 δεῖ
3426 1034 3646 1105 χειρῶν,

1982 1112 2194 1181 μυρίων
2240 1113 2437 1185 εὐχῶν,
2483 1114 2625 1170 ὥστε
2675 1118 2966 1190 δυνηθῆναι
3014 1123 3113 1193 τὴν
3175 1123 3647 1195 παρακαταθήκην

1978 1199 2271 1253 ἀποδοῦναι
2302 1200 2446 1256 σώαν
2474 1202 2552 1274 τῷ
2581 1206 3092 1280 παρακαταθεμένῳ
3116 1210 3359 1282 Δεσπὸτῃ
3385 1210 3524 1264 κατά
3548 1211 3646 1282 τὴν

1977 1288 2193 1361 ἡμέραν
2234 1291 2469 1362 ἐκείνην,
2498 1293 2627 1346 ὅταν
2655 1296 2705 1347 οἱ
2749 1295 2817 1348 τά
2857 1295 3095 1351 τάλαντα
3131 1299 3510 1362 πιστευθέντες
3549 1316 3647 1353 κα-

1978 1378 2175 1432 Λῶνται
2203 1380 2297 1433 καὶ
2328 1382 2673 1450 είσάγωνται,
2711 1384 2803 1437 κα)⁸
2832 1383 2930 1447 τὰς
2959 1383 3188 1448 εὐθύνας
3220 1386 3482 1456 ὑπέχωσι.
3509 1387 3646 1456 Δεή-

1977 1463 2109 1537 θητε
2140 1465 2316 1519 τοίνυν
2338 1467 2412 1538 μὴ
2437 1468 2544 1521 τῶν
2572 1468 2870 1539 δεδεμένων
2895 1472 3042 1541 ἡμᾶς
3063 1470 3341 1539 γενέσθαι,
3374 1471 3508 1542 μηδὲ
3535 1471 3644 1523 τῶν

1976 1554 2058 1616 είς
2085 1554 2146 1606 τὸ
2178 1553 2368 1618 σκότος
2393 1555 2826 1627 ἐκϐαλλομένων,
2853 1557 2988 1612 ἀλλά
3026 1559 3134 1612 τῶν
3164 1558 3479 1630 δυναμένων
3515 1574 3645 1625 συγ-

1979 1634 2204 1707 γνώμης
2237 1637 2368 1705 γοῢν
2416 1640 2643 1709 μετρίας
2683 1642 2888 1709 τυχεῖν,
2921 1640 3103 1710 χάριτι
3137 1642 3232 1694 καὶ
3264 1640 3645 1711 φιλανθρωπίᾳ

1978 1725 2072 1777 τοῦ
2118 1726 2324 1797 Κυρίου
2369 1729 2527 1797 ἡμῶν
2571 1727 2745 1799 Ἰησοῦ
2796 1729 3054 1799 Χριστοῦ,
3101 1723 3209 1800 ᾧή
3258 1729 3386 1796 δόξα
3432 1729 3528 1781 καὶ
3579 1727 3642 1781 τὸ

1976 1810 2177 1882 κράτος
2203 1814 2296 1867 καὶ
2323 1815 2355 1885 ἡ
2382 1813 2752 1887 προσκύνησις
2772 1815 2852 1878 είς
2877 1816 3003 1880 τοὺς
3037 1815 3237 1880 αἰῶνας
3267 1816 3376 1871 τῶν
3407 1815 3635 1871 αἰώνων.

1987 1899 2179 1971 Ἀμήν.

1945 2199 1982 2234 9

301 2381 3513 2441 Mm.

1722 2676 2119 2740 MONITUM.

353 2985 509 3062 [444]
557 2989 799 3048 Primam
827 3009 958 3050 vero
986 2995 1212 3052 absente
1234 2994 1494 3052 Flaviano
1517 2997 1773 3070 episcOpo
1801 3000 1868 3053 ad

299 3094 558 3164 populum
596 3095 807 3153 habuit.
840 3096 981 3155 Hinc
1013 3100 1244 3156 solerter
1270 3101 1363 3156 ille
1396 3101 1653 3156 laudandi
1683 3111 1868 3173 pasto-

297 3194 369 3248 ris
407 3212 600 3252 ansam
659 3198 890 3270 arripit;
942 3212 1129 3272 postea
1173 3204 1496 3275 jampridem
1543 3206 1869 3261 destinatam

296 3311 485 3357 contra
515 3304 818 3362 Anommos
862 3323 1098 3377 pugnam
1140 3309 1278 3365 init:
1309 3326 1472 3382 quam
1511 3326 1570 3366 se
1601 3311 1728 3368 ideo
1759 3323 1869 3366 tar-

295 3402 416 3460 dius
470 3408 786 3478 suscepisse
836 3421 1255 3479 commemorat,
1293 3414 1439 3484 quod
1486 3415 1690 3470 multos
1717 3415 1869 3469 Ann-

301 3523 569 3564 nlmorum
596 3512 803 3568 videret
829 3514 1192 3573 eoncionibus
1235 3517 1428 3575 adesse
1475 3521 1612 3585 suis,
1644 3536 1709 3577 ac
1744 3537 1869 3577 cum

293 3615 574 3681 voluptate
599 3633 762 3675 aures
791 3619 897 3674 sibi
927 3621 1166 3691 praebere
1192 3640 1206 3678 :
1234 3624 1590 3694 quamobrem
1634 3641 1702 3680 ne
1730 3642 1870 3696 pra:-

290 3718 410 3771 dam
456 3722 712 3792 abigeret,
737 3724 815 3777 ait
844 3724 953 3791 ille,
983 3733 1170 3796 utpote
1200 3727 1442 3798 ipsorum
1493 3730 1705 3785 animos
1739 3731 1873 3785 irre-

290 3825 438 3891 tiret,
476 3826 717 3897 linguam
747 3828 818 3884 ab
861 3829 1180 3901 huiusmodi
1222 3833 1613 3889 certaminibus
1651 3849 1871 3890 coerce-

290 3927 399 3982 bat.
449 3927 678 3985 Demum
720 3930 1066 3990 hortantibus
1105 3934 1215 3992 illis
1257 3936 1390 4006 ipsis
1423 3945 1482 3992 ut
1545 3938 1601 3993 in
1643 3953 1865 3994 arenam

291 4036 673 4102 descenderet,
714 4037 1109 4096 Anommorum
1139 4058 1354 4099 errores
1405 4044 1666 4115 impetere
1707 4060 1868 4102 orsus

285 4148 387 4201 θδί,
411 4140 594 4195 amico
615 4150 799 4197 tamen
825 4144 1030 4213 animo,
1062 4161 1174 4202 non
1200 4157 1259 4204 ut
1290 4148 1631 4207 adversarios
1652 4150 1859 4219 feriret,

285 4244 377 4297 sed
410 4254 469 4298 ut
493 4244 742 4313 jacentcs
766 4247 1017 4320 erigeret.

357 4345 666 4404 Secundam
689 4361 873 4406 contra
903 4354 1183 4409 Auamma:
1228 4356 1508 4413 homiliam
1543 4359 1865 4431 interposito

284 4455 583 4509 multorum
641 4454 854 4513 dierum
918 4460 1096 4530 spatio
1147 4464 1562 4532 pronuntiavit:
1622 4466 1891 4536 plurima

281 4561 426 4615 enim
456 4560 913 4633 Chrysostomum
953 4581 985 4620 a
1033 4567 1304 4625 destinato
1343 4585 1508 4626 cursu
1554 4573 1866 4645 interpella-

285 4674 450 4720 runt:
488 4676 679 4722 contra
717 4667 935 4727 Judaeos
981 4687 1178 4744 nempe
1227 4674 1434 4742 habita,
1465 4692 1642 4749 eaque
1671 4681 1865 4737 admo-

283 4772 410 4825 dum
454 4773 767 4829 necessaria
807 4779 1173 4835 concertatio:
1212 4778 1436 4836 Patrum
1494 4761 1860 4853 quorumdam

282 4877 671 4946 spiritualium,
723 4880 804 4937 sic
833 4882 952 4949 ille,
977 4886 1281 4941 adventus:
1320 4887 1422 4944 hos
1446 4903 1611 4959 porro
1644 4890 1859 4949 vicinos

276 4983 549 5051 quosdam
583 4984 874 5057 episcopos
899 4986 1070 5045 fuisse
1092 4990 1225 5047 dicit
1258 4991 1328 5059 is,
1366 4991 1461 5062 qui
1491 4992 1713 5049 titulum
1760 4996 1861 5050 lto-

281 5088 447 5143 milia:
489 5088 879 5158 concinnavit;
920 5109 1107 5149 verum
1150 5095 1255 5151 hac
1294 5097 1362 5151 de
1392 5114 1450 5153 re
1500 5098 1754 5168 pluribus
1805 5102 1860 5157 in

287 5186 412 5244 Vita
451 5190 836 5263 Chrysostomi
864 5213 876 5248 :
902 5194 1123 5251 demum
1159 5198 1265 5254 illis
1291 5198 1357 5253 ad
1386 5199 1503 5255 loca
1536 5217 1636 5258 sua
1675 5218 1860 5258 rever-

274 5295 368 5359 sis,
403 5304 661 5350 sanctum
688 5313 992 5365 praeconem
1030 5316 1293 5373 excepere
1329 5306 1609 5361 memoria:
1652 5315 1857 5380 marty-

271 5414 391 5455 rum
454 5399 809 5473 frequentes,
869 5405 1069 5476 quibus
1122 5408 1410 5467 celebratis
1476 5413 1847 5471 intermissam

271 5508 745 5565 concertationem
773 5511 1005 5582 repetiit.

2014 2999 2106 3053 ειη
2140 2999 2298 3055 tertia
2324 3000 2465 3056 idem
2491 3015 2873 3074 argumentum
2916 3008 2981 3061 de
3006 3008 3554 3080 incomprehensibili-

1975 3114 2080 3158 tate
2109 3103 2207 3159 Dei
2253 3115 2441 3160 contra
2488 3108 3193 3185 Anommos‘prosequitur:
3231 3103 3335 3170 sub
3385 3114 3549 3169 linem

1976 3226 2109 3269 vero
2171 3211 2226 3265 in
2279 3212 2557 3267 auditores
2602 3213 2956 3270 vehementer
3008 3215 3321 3285 invehitur,
3367 3219 3550 3288 quod,

1975 3316 2246 3372 concione
2268 3317 2356 3371 cui
2388 3317 2643 3373 alacriter
2672 3334 2891 3389 operam
2924 3321 3127 3376 dabant
3180 3322 3381 3389 soluta,
3428 3338 3552 3379 sese

1975 3420 2163 3476 statim
2201 3419 2591 3487 subducerent,
2620 3430 2675 3477 et
2700 3423 2872 3479 sacris
2899 3424 3175 3496 mysteriis
3219 3441 3342 3497 qua:
3375 3426 3553 3483 conti-

1976 3542 2087 3582 nuo
2116 3527 2537 3584 celebrabantur
2562 3544 2671 3584 non
2697 3529 3047 3586 interessent.

2040 3629 2097 3684 ιη
2131 3638 2345 3701 quarta,
2375 3637 2500 3701 post
2523 3631 2713 3687 solitas
2745 3639 2932 3688 contra
2957 3633 3241 3690 haereticos
3280 3635 3553 3692 velitatio-

1972 3752 2091 3801 nes,
2140 3736 2305 3792 οωιυί
2358 3737 2664 3806 gratulatur
2708 3738 2853 3808 quod
2898 3740 3123 3795 monitis
3168 3741 3284 3797 suis
3340 3757 3549 3797 morem

1972 3834 2206 3905 gesserit
2239 3850 2576 3907 pravamque
2601 3845 2728 3894 ante
2761 3854 2917 3895 sacra
2968 3842 3224 3912 mysteria
3256 3843 3549 3900 recedendi

1972 3941 2428 3998 consuetudinem
2476 3942 2773 4013 abjecerit:
2813 3944 2959 3999 dolet
3005 3954 3185 4001 tamen
3225 3947 3370 4017 quod
3405 3963 3553 4002 mar-

1971 4048 2257 4117 supiorum
2308 4053 2552 4102 sectores
2591 4047 2813 4117 quidam
2854 4049 3176 4104 concionem
3219 4049 3551 4105 interturba-

1970 4161 2116 4219 rent,
2147 4161 2445 4223 monetque
2470 4170 2539 4209 ne
2569 4170 2763 4209 aurum
2791 4164 3146 4226 argentumve
3169 4154 3225 4209 in
3251 4154 3549 4224 marsupiis

1970 4258 2238 4326 deferant,
2268 4259 2313 4313 si
2350 4259 2516 4315 velint
2543 4260 2702 4316 talem
2732 4269 2941 4332 pestem
2969 4260 3208 4331 abigere.

2039 4361 2098 4418 In
2137 4364 2343 4435 quinta.
2371 4348 2625 4432 demum,
2663 4364 2734 4420 iis
2780 4364 3016 4419 breviter
3060 4364 3374 4423 retractatis
3422 4381 3546 4436 quae

1967 4469 2123 4540 prius
2154 4468 2389 4535 dixerat,
2443 4482 2586 4523 nova
2638 4466 2795 4523 aﬂ'ert
2829 4475 3018 4523 contra
3050 4469 3339 4526 Anomaeos
3385 4485 3550 4541 argu-

1969 4581 2174 4629 menta.
2208 4570 2266 4626 In
2295 4571 2384 4628 his
2407 4586 2573 4643 porro
2613 4571 2973 4629 concionibus
3014 4573 3191 4630 elucet
3222 4574 3546 4646 Chrysosto-

1966 4676 2041 4730 mi
2062 4690 2171 4731 non
2200 4676 2376 4732 solum
2415 4676 2749 4746 eloquentia,
2784 4676 2878 4732 sed
2921 4679 3091 4733 etiam
3132 4677 3402 4751 ἐνέργεια,
3442 4693 3541 4734 seu

1962 4781 2050 4837 vis
2085 4789 2579 4853 argumentorum:
2616 4797 2720 4837 nec
2765 4768 2948 4838 minus
2996 4781 3360 4854 suspiciendae
3410 4792 3541 4838 sunt

1970 4887 2355 4958 responsiones
2381 4887 2448 4942 ad
2483 4887 2695 4958 objecta
2727 4889 3142 4956 haereticorum;
3176 4888 3250 4943 ita
3302 4895 3362 4945 ut
3398 4886 3543 4942 haud

1966 5006 1997 5045 a
2029 5007 2159 5046 vero
2186 4992 2403 5047 aberret
2436 4992 2483 5048 si
2511 4993 2636 5063 quis
2679 4994 2779 5049 has
2808 4993 3061 5050 homilias
3088 4993 3230 5048 inter
3279 5001 3544 5063 praestan-

1967 5095 2181 5152 tissima
2211 5092 2384 5152 sancti
2420 5096 2663 5151 doctoris
2694 5112 2859 5166 opera
2890 5096 3307 5167 computaverit.

2030 5199 2540 5271 [interpretationem
2589 5215 2756 5270 porro
2804 5198 3078 5256 Theodori
3123 5199 3310 5267 Gazae,
3352 5211 3538 5270 utpote

1961 5304 2431 5376 παραφραστικῶς
2478 5304 2830 5368 adornatam,
2894 5303 3078 5359 verbis
3137 5312 3193 5358 et
3243 5304 3542 5374 aliquando

1960 5409 2249 5466 sententiis
2277 5410 2696 5478 redundantem,
2729 5408 3044 5480 rejecimus,
3075 5424 3382 5481 novamque
3418 5408 3539 5465 edi-

1957 5515 2165 5575 dimus.
