4050 6160
396 334 499 393 7111

403 536 1833 571 _______________,_______________..

1330 326 1416 381 DE
1455 315 2145 380 INCOMPliEllENSlBILI
2184 313 2292 367 DEI
2328 309 2633 367 NATURA.
2675 311 2715 364 1.

3542 301 3647 356 702

1843 520 3645 554 _______________________.__..___....__.___..

640 867 1346 1019 EJUSDEM
1458 886 1652 1008 DE
1771 869 3449 1033 INCOMPBEHENSIBILI,

764 1361 1234 1455 CONTRA
1328 1350 1977 1455 ANOMGEOS,
2070 1346 2593 1437 ABSENTE
2700 1333 3317 1428 EPISCOPO.

967 2014 1183 2053 ﬂOIlLlA
1224 2013 1346 2052 PR1)!
1354 2015 1381 2051 Λ
1393 2038 1406 2050 .

474 2128 679 2198 [ῥυῇ]
702 2140 784 2182 est
806 2128 944 2183 hoc?
967 2138 1146 2200 pastor
1174 2129 1343 2190 abest,
1364 2138 1417 2182 et
1447 2136 1621 2182 tamen
1639 2140 1765 2179 oves
1788 2132 1988 2178 rectmn

398 2218 645 2274 ordinem
663 2222 904 2291 appritne
929 2232 1163 2276 servant.
1188 2221 1328 2276 Sane
1352 2220 1401 2273 id
1428 2233 1639 2289 quoque
1657 2217 1779 2271 boni
1808 2225 1989 2286 pasto-

400 2311 476 2366 ris
527 2311 880 2375 ol’lieiumest,
920 2323 976 2368 ut
1029 2328 1130 2366 non
1168 2321 1369 2366 tantum
1410 2312 1524 2380 ipso
1582 2320 1865 2379 praesente,
1896 2307 1988 2360 sed

398 2402 559 2454 etiam
581 2401 819 2467 absente,
840 2418 1052 2456 omnem
1077 2403 1217 2455 ovile
1234 2402 1558 2470 diligentiam
1575 2398 1993 2454 exhibeatJrra-

400 2493 682 2549 tionabiles
711 2495 908 2564 quippe
935 2510 1082 2558 oves,
1109 2495 1310 2556 cumis,
1334 2494 1422 2562 qui
1445 2493 1509 2546 ad
1534 2508 1727 2561 pascua
1757 2490 1987 2545 eductu-

398 2601 494 2639 rus
534 2597 636 2649 est,
666 2587 838 2651 abest,
873 2585 1010 2639 intra
1054 2594 1204 2654 septa
1259 2600 1477 2639 manere
1522 2597 1742 2637 necesse
1766 2592 1881 2643 est;
1905 2582 1988 2636 vel

400 2677 444 2729 si
475 2677 675 2745 absque
702 2686 919 2744 pastore
940 2693 970 2731 e
991 2676 1138 2730 caula
1158 2676 1471 2745 prodierint,
1491 2676 1643 2744 longe
1664 2673 1915 2726 aberrant
1937 2685 1989 2725 et

397 2776 658 2837 vagantur
690 2786 702 2821 :
738 2769 824 2823 hic
852 2778 1024 2822 autem
1051 2768 1183 2823 nihil
1210 2768 1530 2837 hujusmodi,
1562 2766 1653 2820 sed
1681 2768 1840 2818 etiam
1866 2766 1988 2818 abs-

397 2870 523 2913 ente
560 2871 770 2928 pastore
791 2902 805 2924 ,
838 2861 940 2913 ritu
969 2869 1023 2913 et
1051 2860 1237 2915 ordine
1265 2860 1431 2913 multo
1454 2859 1611 2913 solita
1653 2873 1848 2928 pascua
1888 2856 1987 2910 ad-

398 2950 555 3002 iistis.
585 2950 694 3003 lmo
726 2951 899 3018 potius
931 2962 1107 3019 pastor
1136 2951 1305 3015 adest,
1335 2951 1435 3005 etsi
1460 2967 1563 3003 non
1590 2965 1771 3015 earne,
1800 2951 1986 3004 saltem

397 3040 591 3093 aﬂ'ectu
616 3043 631 3071 ¹
658 3058 671 3104 ;
704 3042 802 3094 etsi
832 3058 934 3093 non
988 3042 1266 3110 praesentia
1300 3057 1554 3109 corporea
1578 3083 1593 3105 ,
1623 3042 1705 3096 vel
1737 3041 1850 3110 ipso
1876 3039 1985 3093 sal-

400 3141 504 3183 tem
546 3145 653 3185 tam
708 3140 1035 3202 emigruente
1085 3133 1259 3202 gregis
1304 3132 1509 3186 ordine.
1558 3132 1786 3201 Ideoque
1822 3132 1986 3199 magis

398 3221 546 3273 illum
576 3221 813 3274 admiror
844 3222 1160 3291 beatumque
1193 3221 1441 3290 prwdico,
1490 3221 1631 3292 quod
1663 3229 1869 3276 tantum
1895 3237 1988 3275 vo-

398 3310 789 3364 bis’studium
851 3312 1032 3365 indere
1076 3310 1325 3381 potuerit.
1376 3310 1509 3365 Nam
1565 3312 1832 3365 exercitus
1884 3312 1985 3365 du-

395 3417 513 3455 cem
540 3412 648 3455 tum
678 3403 908 3458 maxime
933 3403 1270 3473 suspicimus,
1297 3419 1417 3457 cum
1462 3405 1621 3458 etiam
1653 3404 1743 3457 illo
1768 3405 1986 3459 absente

395 3493 565 3561 copia:
594 3509 750 3549 suum
792 3505 1007 3548 servant
1035 3494 1297 3549 ordinem.
1323 3493 1435 3549 lloc
1457 3495 1718 3549 ctPaulus
1744 3496 1794 3547 in
1823 3495 1983 3548 disci-

397 3586 539 3654 pulis
556 3588 848 3654 quasrehat,
869 3603 987 3641 eum
1010 3587 1204 3641 diceret
1232 3588 1285 3640 :l
1297 3599 1460 3657 taque,
1483 3590 1664 3658 fratres
1688 3590 1783 3640 mei
1798 3589 1836 3648 ³,
1854 3590 1985 3641 sicut

396 3694 593 3746 semper
624 3679 876 3744 obcdistis,
911 3696 1011 3732 non
1032 3690 1087 3732 ut
1116 3682 1167 3733 in
1190 3681 1455 3750 prazscutia
1500 3682 1596 3734 mei
1626 3692 1820 3733 tantum
1849 3699 1867 3745 ;
1895 3684 1984 3734 sed

396 3769 739 3840 multomagis
767 3771 818 3822 in
850 3769 1074 3822 absentia
1124 3787 1252 3822 mra.
1306 3772 1485 3838 Quare
1535 3771 1701 3824 Multo
1743 3775 1903 3843 magis
1932 3774 1985 3826 in

396 3861 622 3913 absentia
649 3878 760 3915 mea
794 3862 810 3933 (
843 3861 1143 3932 Pliilipp.9...
1174 3863 1241 3915 1‘2.
1267 3860 1285 3934 )
1309 3864 1331 3915 ?
1352 3863 1484 3931 Quia
1514 3873 1775 3933 praesente
1795 3873 1977 3934 pasto-

397 3966 474 4013 re,
499 3950 659 4004 etiam
688 3950 733 4004 si
760 3951 915 4019 lupus
940 3966 1156 4021 gregem
1182 3952 1417 4015 invadat,
1445 3954 1600 4007 facile
1641 3955 1823 4022 procul
1871 3955 1982 4007 ovi-

396 4041 496 4096 bus
522 4043 814 4112 repellitur,
868 4045 1088 4099 absente
1129 4061 1259 4099 vero
1302 4045 1474 4115 majus
1534 4056 1805 4102 certamen
1853 4049 1983 4103 inire

396 4150 611 4205 gregem
633 4150 855 4191 necesse
879 4147 981 4203 est,
1009 4137 1220 4191 nemine
1245 4147 1516 4192 servante.
1536 4138 1614 4191 Ad
1657 4138 1771 4193 11.00
1802 4150 1977 4193 autem

398 4237 580 4296 pastor
604 4242 724 4281 cum
744 4243 906 4298 grege
940 4229 1266 4296 mercedem,
1327 4230 1369 4283 si
1416 4246 1652 4299 prrcscns
1693 4231 1783 4298 sit,
1813 4235 1981 4303 parti-

400 4330 513 4386 tur;
535 4320 617 4374 sin
647 4321 805 4387 absit,
840 4329 1009 4376 totum
1039 4321 1188 4392 gregi
1232 4323 1355 4376 boni
1383 4322 1562 4391 operis
1612 4324 1861 4378 meritum
1894 4340 1980 4378 rc-

398 4412 639 4482 linquere
663 4413 890 4467 videtur.
918 4413 1013 4468 llis
1042 4430 1139 4466 nos
1179 4414 1464 4483 alloquitur
1486 4423 1543 4468 et
1568 4414 1755 4468 doctor
1775 4424 1977 4482 noster,

397 4515 446 4559 et
472 4506 790 4575 ubicumque
817 4507 1027 4561 tandem
1054 4509 1145 4573 sit,
1168 4522 1270 4562 .nos
1286 4508 1394 4575 jam
1408 4518 1757 4577 nostrumque
1782 4517 1977 4563 emtum

396 4607 577 4651 mente
606 4596 851 4662 revolvit,
868 4612 973 4651 nec
994 4606 1099 4652 tam
1139 4613 1232 4653 eos
1272 4596 1584 4668 quibuscum
1604 4598 1715 4667 jam
1746 4615 1982 4669 praesens

399 4699 641 4744 versatur
660 4706 817 4760 quam
841 4704 940 4745 nos
961 4691 1209 4746 absentes
1236 4691 1471 4762 respicit.

467 4780 606 4834 Laus
632 4780 887 4834 Flaviani.
912 4810 982 4820 —
1006 4780 1144 4836 Novi
1177 4780 1470 4837 ferventem
1508 4782 1651 4836 illius
1680 4784 1977 4849 caritatem,

397 4873 604 4941 igneam
635 4873 801 4938 illam,
844 4872 1120 4928 ardentem
1166 4883 1329 4944 atque
1359 4874 1797 4945 insuperabilem,
1818 4891 1976 4945 quam

394 4963 583 5017 intimo
611 4963 775 5019 animi
818 4964 927 5018 alte
952 4963 1183 5018 deﬁxam
1215 4964 1393 5031 habet,
1448 4980 1749 5036 magnoque
1801 4967 1977 5021 studio

391 5055 539 5109 colit.
572 5055 747 5110 Probe
775 5056 971 5126 quippe
996 5057 1141 5110 novit
1167 5056 1334 5128 ipsam
1363 5073 1482 5112 esse
1498 5070 1662 5127 caput
1709 5060 1971 5115 bonorum

392 5148 655 5212 omnium,
687 5148 942 5213 radicem,
971 5149 1167 5202 fontem
1206 5158 1261 5203 et
1299 5157 1545 5216 matrem,
1587 5166 1688 5219 qua
1711 5149 1979 5207 destitutis

388 5247 710 5296 exterarum
737 5239 877 5292 nulla
915 5238 1067 5293 nobis
1097 5240 1316 5294 utilitas.
1361 5240 1488 5294 llaec
1514 5241 1655 5295 enim
1684 5240 1979 5311 discipulo-

388 5346 509 5384 rum
554 5330 767 5384 Domini
812 5331 984 5401 imago
1008 5342 1115 5399 est,
1145 5347 1424 5387 servorum
1456 5333 1545 5387 Dei
1573 5333 1867 5398 character,
1893 5336 1977 5389 in-

389 5423 585 5476 dicium
604 5421 968 5490 apostolorum
994 5440 1006 5475 :
1035 5422 1099 5475 In
1130 5424 1241 5489 hoc,
1271 5423 1460 5493 inquit,
1493 5435 1978 5494 coguosccntomncs

454 5560 469 5623 ἡ
500 5565 638 5623 llaec,
663 5554 755 5605 etsi
773 5569 885 5623 aen
925 5570 1089 5623 carne,
1114 5556 1283 5607 saltem
1304 5560 1493 5623 aﬂ‘ectu,
1517 5560 1696 5609 desunt
1719 5562 1765 5610 in
1793 5562 1975 5618 Morel.,

387 5621 472 5688 sed
500 5620 748 5688 [iatn-nun;
772 5621 817 5666 in
841 5617 975 5688 βίῃ-11.
999 5627 1057 5688 et
1074 5617 1796 5685 inmaxima'mauuscriptorum
1822 5617 1973 5687 jzu'te.

449 5685 466 5712 ²
504 5681 611 5737 alii,
638 5679 791 5735 nobis,
815 5679 911 5737 alii,
938 5679 1080 5731 vobis.

452 5746 469 5774 ³
512 5743 617 5794 illi.
644 5742 812 5795 dilati
836 5743 943 5792 mei.

2099 1986 2234 2055 quod
2257 1984 2493 2054 discipuli
2516 1999 2613 2037 met
2635 1980 2795 2052 cst:s(
2840 1980 2997 2035 Joaa.
3045 1980 3132 2034 15.
3173 1979 3243 2034 55
3272 1980 3289 2047 )
3318 1995 3331 2032 :
3365 1978 3418 2032 in
3446 1991 3571 2047 quo,
3602 1976 3688 2032 die

2100 2076 2277 2129 mihi?
2312 2090 2442 2128 num
2468 2073 2612 2142 quod
2655 2080 2893 2125 mrtuos
2947 2069 3236 2132 suscitetis,
3266 2069 3505 2137 leprosos
3532 2082 3686 2121 mun-

2094 2166 2254 2229 detis,
2284 2173 2378 2218 aut
2416 2164 2691 2217 daumnes
2736 2162 3015 2230 expellatis
3048 2159 3334 2222 ?Minime,
3367 2158 3557 2228 inquit,
3588 2156 3684 2211 sed

2094 2256 2180 2310 his
2204 2257 2450 2310 omnibus
2495 2254 2887 2323 practermissis,
2919 2251 2983 2305 In
3011 2253 3125 2317 hoc,
3153 2250 3345 2319 inquit,
3386 2257 3686 2319 cognoscent

2096 2364 2266 2402 mnes
2286 2347 2419 2417 quod
2443 2345 2682 2415 discipuli
2709 2345 2807 2397 mei
2832 2344 2974 2407 estis,
3015 2343 3056 2395 si
3083 2358 3168 2395 vos
3190 2342 3405 2394 invicem
3434 2340 3676 2411 diligatis.

2166 2437 2246 2491 Ad
2261 2438 2522 2491 caritatem
2538 2437 2759 2490 Ιιιιτηαηα
2774 2434 3036 2503 diligentia
3051 2430 3520 2498 requiritur.—llla
3534 2431 3680 2499 quip-

2097 2545 2162 2599 pe
2179 2529 2338 2583 unius
2363 2542 2612 2596 superna:
2631 2525 2816 2596 gratiae
2856 2524 2996 2577 dona
3040 2531 3189 2587 sunt,
3229 2523 3332 2577 hoc
3378 2531 3556 2577 autem
3583 2520 3683 2575 hu-

2095 2636 2267 2674 mante
2320 2621 2479 2673 etiam
2523 2615 2817 2686 diligentia:
2846 2623 2928 2669 est
2954 2627 3108 2683 opus.
3141 2612 3474 2668 Generosum
3500 2620 3680 2666 autem

2095 2728 2201 2765 non
2226 2721 2329 2764 tam
2348 2711 2552 2763 molitus
2566 2708 2693 2762 data
2722 2721 2942 2761 munera
2989 2719 3271 2760 secernere
3296 2703 3492 2769 solent,
3521 2718 3680 2772 quam

2088 2803 2323 2873 propriis
2346 2800 2616 2855 laboribus
2654 2798 2795 2853 edita
2824 2812 2989 2868 opera
3036 2814 3050 2849 :
3086 2810 3252 2866 quare
3278 2811 3385 2850 non
3409 2810 3439 2849 a
3487 2794 3675 2864 signis,

2088 2892 2188 2946 sed
2217 2906 2245 2943 a
2272 2891 2556 2945 dilectione
2604 2888 2895 2957 discipulos
2930 2901 3060 2941 suos
3095 2885 3387 2941 internosci
3434 2884 3680 2942 Christus

2093 2984 2184 3037 ait.
2218 2982 2326 3036 liae
2349 2981 2491 3034 (suum
2520 2988 2799 3048 prmsentc,
2826 2977 2972 3034 nulla
2998 2977 3353 3049 philosophia:
3382 2993 3508 3047 pars
3538 2993 3665 3048 pos-

2093 3073 2284 3127 sidcnti
2305 3071 2520 3137 deﬁcit;
2550 3069 2643 3126 sed
2671 3071 2977 3126 universam
3025 3071 3116 3125 ille
3140 3068 3542 3139 perfectamque
3567 3069 3678 3122 vir-

2095 3172 2260 3221 tutem
2288 3164 2510 3228 obt'met,
2530 3161 2977 3231 quemadmodum
3004 3160 3227 3215 absente
3274 3174 3473 3214 vacuus
3526 3158 3681 3215 bonis

2088 3255 2339 3309 omnibus
2354 3261 2459 3309 est.
2492 3254 2826 3321 Quapropter
2850 3250 3046 3307 Paulus
3073 3250 3244 3319 ipsam
3262 3248 3443 3305 laudat
3468 3249 3678 3304 verbis-

2091 3362 2195 3416 que
2218 3344 2432 3401 extollit
2456 3360 2472 3410 ;
2511 3344 2617 3398 imo
2644 3341 2984 3412 quantumvis
3009 3340 3226 3407 dixerit,
3259 3354 3368 3394 non
3397 3339 3464 3394 ad
3505 3338 3670 3408 digni-

2094 3446 2254 3492 tatem
2282 3437 2396 3505 ejus
2413 3433 2639 3504 attingit.

2161 3528 2215 3581 2.
2239 3527 2382 3594 Quid
2409 3528 2553 3583 enim
2575 3526 2701 3580 huic
2736 3539 2835 3594 par
2856 3538 2980 3579 esse
3021 3524 3209 3593 possit,
3239 3538 3357 3593 qua:
3385 3522 3675 3592 prophetas

2086 3631 2365 3690 totamque
2385 3621 2560 3690 legem
2589 3621 2846 3683 continet,
2872 3627 2926 3672 et
2952 3617 3069 3671 sine
3089 3631 3193 3685 qua
3225 3630 3330 3670 non
3378 3615 3531 3679 lides,
3564 3630 3669 3669 non

2091 3714 2331 3778 scientia,
2356 3729 2459 3768 non
2487 3710 2865 3782 mysteriorum
2919 3709 3172 3777 cognitio,
3205 3722 3309 3762 non
3332 3706 3505 3776 ipsum
3534 3721 3675 3759 mar-

2093 3804 2303 3875 tyrium,
2326 3820 2434 3858 non
2466 3802 2614 3857 aliud
2666 3800 2936 3870 quidpiam
2963 3800 3044 3853 his
3087 3801 3312 3868 potitum
3340 3812 3558 3854 servare
3578 3812 3674 3851 va-

2092 3899 2195 3951 leat
2222 3897 2245 3948 ’ἶ
2270 3895 2409 3950 Nam
2436 3897 2479 3949 si
2525 3894 2800 3959 tradidero,
2846 3893 3037 3962 inquit,
3084 3908 3269 3962 corpus
3292 3908 3462 3945 meum
3511 3892 3582 3944 ita
3618 3901 3674 3945 ut

2090 3988 2317 4050 ardeam,
2339 3987 2598 4040 caritatem
2624 3994 2789 4037 autem
2815 4000 2913 4037 nou
2940 3982 3181 4050 habuero,
3200 3982 3328 4036 nihil
3354 3982 3478 4035 mihi
3504 3981 3636 4052 prod
3650 4013 3672 4022 -

2089 4082 2205 4148 αι(
2241 4080 2289 4132 1.
2316 4076 2440 4130 .Cor.
2464 4078 2549 4131 15.
2587 4076 2621 4131 '5
2650 4074 2691 4146 ).
2718 4074 2787 4128 Et
2818 4073 2944 4128 alibi
2987 4086 3200 4127 rursum
3247 4086 3363 4126 eam
3419 4071 3670 4125 omnibus

2091 4169 2366 4238 majorem,
2394 4174 2451 4220 et
2472 4166 2735 4219 honorum
2800 4177 2921 4219 esse
2964 4169 3126 4231 caput
3166 4159 3399 4215 ostendit
3448 4161 3672 4216 dicens:

2092 4260 2209 4315 Siue
2252 4259 2529 4328 prophetia:
2574 4254 2967 4317 evacuabtuuur,
3008 4253 3111 4308 sive
3159 4253 3346 4322 (iugum
3382 4250 3667 4317 cessabunt,

2088 4353 2192 4406 sive
2238 4351 2452 4406 scientia
2495 4348 2774 4402 destruetur
2798 4345 2823 4418 (
2851 4345 2987 4399 Ibid.
3022 4359 3067 4398 υτ
3092 4343 3193 4414 8).
3240 4342 3452 4397 Maneat
3503 4353 3672 4396 autem

2088 4444 2232 4512 ﬁdes,
2264 4458 2375 4511 spes
2397 4451 2442 4494 et
2487 4439 2691 4500 caritas,
2734 4438 2840 4491 .tria
2878 4437 3023 4502 lucc;
3048 4436 3214 4504 major
3249 4444 3414 4488 autem
3445 4435 3674 4488 omnibus

2088 4547 2161 4590 est
2185 4536 2370 4589 caritas
2393 4534 2415 4603 (
2439 4532 2525 4587 Ib.
2550 4549 2601 4587 υ.
2628 4531 2757 4602 15).
2787 4530 2893 4586 Sed
2917 4546 3023 4584 non
3038 4528 3306 4585 modicam
3334 4528 3490 4583 nobis
3510 4538 3665 4598 qua:-

2082 4627 2314 4682 stioncm
2334 4623 2537 4679 bascde
2575 4624 2799 4679 caritate
2845 4621 2985 4677 dicta
3026 4619 3322 4675 inducunt:
3353 4634 3474 4672 nam
3522 4617 3663 4688 quod

2089 4717 2381 4788 prophetia:
2398 4724 2734 4771 evacnentur
2776 4722 2834 4770 et
2874 4714 3074 4783 lingua:
3110 4719 3344 4776 cessent,
3378 4710 3510 4764 nihil
3531 4708 3658 4765 inde

2085 4810 2310 4871 durum;
2338 4823 2460 4862 cuni
2477 4807 2617 4863 enim
2639 4806 2757 4861 ιιωο
2770 4820 3018 4871 munera,
3038 4814 3320 4874 postquam
3347 4816 3501 4856 suum
3534 4815 3670 4870 prte-

2087 4901 2320 4956 stiterint
2335 4916 2508 4964 usum,
2526 4908 2708 4969 postea
2725 4896 3028 4961 cesaibum,
3051 4895 3179 4950 nihil
3199 4896 3359 4951 verbo
3381 4907 3674 4948 nocumen-

2090 4995 2125 5048 ti
2148 4992 2345 5048 a-ll'et‘rc
2362 5000 2632 5061 poterunt,
2656 4988 2929 5059 siquidem
2976 4987 3089 5056 jam
3119 4985 3394 5056 jwmdtetia
3426 4998 3531 5037 non
3561 4991 3664 5045 est,

2078 5102 2192 5140 non
2206 5085 2508 5155 linguarum
2530 5099 2748 5148 mulius,
2770 5090 2832 5138 et
2854 5089 3033 5137 tatuen
3061 5078 3274 5150 pietatis
3313 5077 3534 5131 verbum
3563 5087 3669 5128 non

2087 5179 2392 5247 inmeditur.

2160 5271 2425 5335 Quomodo
2444 5269 2758 5339 intelligatur
2808 5265 2961 5329 illud,
2992 5264 3210 5319 scientia
3247 5263 3661 5317 destruetur.—

2085 5365 2237 5433 Quod
2250 5373 2431 5420 autem
2450 5363 2674 5418 scientia
2698 5361 3024 5421 destruatur,
3047 5357 3115 5411 de
3162 5356 3256 5411 illo
3290 5352 3655 5425 qumslio'mo-

2086 5472 2261 5516 venir.
2291 5460 2420 5514 Cum
2450 5458 2590 5512 enim
2616 5456 2861 5516 dixisset,
2891 5452 3010 5506 Sive
3032 5448 3316 5520 prophetia:
3341 5445 3660 5501 evacuabau-

2084 5566 2189 5620 tur,
2212 5556 2315 5609 sive
2340 5553 2529 5623 lingua:
2549 5552 2830 5615 cessabunt,
2856 5549 3054 5612 intulit,
3074 5548 3195 5602 Sivc
3214 5546 3426 5600 scientia
3443 5542 3671 5596 dan-uc-

2088 5657 2188 5700 tur.
2213 5646 2267 5699 Si
2294 5654 2469 5700 autem
2503 5643 2733 5697 futurum
2784 5652 2865 5697 est
2892 5648 2950 5693 ut
3001 5639 3223 5693 scicntia
3252 5644 3446 5698 cesset,
3471 5648 3576 5687 non
3608 5632 3663 5685 in

2088 5735 2293 5803 melius,
2321 5734 2414 5791 sed
2464 5735 2517 5790 in
2567 5734 2716 5805 pejus
2768 5749 2853 5790 res
2899 5741 3099 5789 nostra:
3146 5729 3336 5786 cedent
3369 5742 3381 5779 :
3415 5727 3529 5779 sine
3574 5719 3661 5776 illa
