4050 6160
342 294 448 349 705

343 403 542 472 quippe
570 399 620 454 id
651 415 865 472 quoque
887 400 1029 472 quod
1074 400 1316 456 homines
1345 401 1532 465 simus,
1575 397 1882 452 amittemus
1911 413 1926 451 :

344 492 511 547 Deum
540 493 682 549 enim
708 535 722 558 ,
753 495 941 565 inquit,
976 494 1111 561 time,
1141 504 1188 547 et
1232 493 1473 547 mandata
1523 495 1633 559 ejus
1685 491 1889 545 observa
1915 505 1932 543 :

348 585 443 637 hoc
473 595 544 638 est
568 585 702 638 enim
752 586 916 639 omnis
968 585 1116 638 homo
1143 583 1161 656 (
1185 583 1358 638 Eccle.
1381 566 1468 637 12.
1501 584 1568 637 15
1660 581 1718 638 Si
1757 583 1933 651 itaque

346 674 509 729 homo
537 690 657 731 esse
685 676 823 730 idem
855 677 924 730 sit
957 675 1098 745 quod
1130 676 1291 728 Deum
1324 676 1531 740 timere,
1564 676 1721 728 timur
1753 682 1930 728 autem

350 770 540 825 Deiex
580 770 801 825 scientia
850 770 1089 839 prodeat,
1141 770 1470 839 scientiaque
1516 768 1843 832 destruatur,
1880 774 1937 820 ιιι

349 864 426 915 ait
479 861 668 917 beatus
713 861 947 925 Paulus,
989 870 1116 916 tunc
1155 859 1388 915 funditus
1440 860 1758 929 peribimus,
1812 873 1933 913 cum

361 955 585 1008 scicntia
616 971 720 1009 non
748 957 870 1022 erit,
899 956 1184 1026 omniaque
1203 963 1382 1011 nostra
1409 955 1662 1021 detinent,
1681 969 1744 1008 ac
1769 954 1937 1007 brutis

355 1046 521 1100 nihilo
540 1046 776 1101 melioris
802 1048 1022 1112 erimus,
1051 1048 1158 1102 imo
1184 1049 1352 1101 multo
1380 1046 1575 1116 pejoris
1592 1044 1933 1100 conditionis.

356 1141 468 1194 llac
492 1141 632 1194 enim
663 1155 721 1194 re
750 1155 852 1194 una
882 1141 984 1194 illis
1021 1148 1334 1210 preastamus
1356 1180 1371 1206 ,
1407 1149 1463 1193 ut
1491 1140 1541 1192 in
1589 1139 1707 1191 aliis
1752 1137 1933 1190 omni-

352 1230 453 1284 bus
467 1231 740 1301 corporeis
768 1231 836 1285 ab
867 1231 931 1284 iis
954 1231 1109 1300 longe
1150 1244 1486 1298 superentur.
1508 1228 1647 1296 Quid
1680 1226 1838 1296 igitur
1857 1234 1939 1281 est

355 1320 425 1375 de
442 1336 548 1390 quo
574 1321 807 1390 loquitur
830 1320 1046 1382 Paulus,
1076 1335 1196 1375 cum
1227 1321 1321 1383 ait,
1353 1319 1581 1374 Scientia
1606 1321 1888 1373 destruetur
1916 1319 1941 1372 ?

353 1412 469 1467 Non
496 1413 565 1468 de
592 1413 901 1480 universali,
935 1413 1028 1467 sed
1052 1413 1118 1468 de
1162 1412 1464 1483 particulari
1494 1411 1722 1481 quadam
1761 1412 1939 1466 scien-

358 1504 426 1557 tia
453 1504 706 1575 loquitur,
735 1504 1150 1559 destructiunem
1175 1518 1372 1558 vocans
1391 1518 1732 1574 progressum
1751 1503 1801 1556 in
1827 1516 1941 1556 me-

358 1593 459 1648 lius
490 1612 503 1647 :
541 1595 614 1648 ita
638 1602 695 1648 ut
732 1595 1064 1665 particularis
1096 1596 1184 1650 illa
1220 1595 1515 1660 destructa,
1557 1610 1664 1648 non
1712 1593 1940 1661 amplius

358 1686 429 1738 sit
467 1685 823 1755 particularis,
857 1685 953 1739 sed
1005 1685 1256 1754 perfecta.
1299 1684 1759 1753 Quemadmodum
1800 1683 1942 1739 enim

359 1776 575 1845 puerilis
600 1787 728 1830 :rtas
781 1777 1092 1842 destruitur,
1138 1794 1241 1831 non
1270 1778 1448 1831 deleta
1499 1778 1820 1842 substantia,
1845 1775 1940 1830 scd

356 1876 510 1923 aucta
538 1879 737 1923 statura
764 1878 818 1923 et
842 1869 894 1922 itt
923 1868 1093 1922 virum
1123 1869 1416 1938 perfectum
1467 1867 1754 1935 evadente,
1794 1867 1870 1920 sic
1891 1877 1945 1920 et

358 1963 411 2015 in
443 1962 662 2017 scientia
692 1963 887 2016 evenit.
917 1961 1103 2026 Parva,
1129 1961 1318 2030 inquit,
1347 1960 1462 2015 hsce
1481 1976 1590 2014 non
1624 1960 1755 2013 ultra
1785 1975 1943 2028 parva

363 2053 486 2119 erit,
518 2052 732 2123 quando
759 2052 1012 2122 deinceps
1051 2067 1241 2123 magna
1305 2052 1608 2106 efficietur:
1638 2050 1715 2105 sic
1746 2048 1941 2103 itttclli~

357 2142 755 2215 gentlttmillud,
784 2142 1065 2196 destruetur
1087 2157 1107 2197 :
1135 2142 1275 2211 quod
1306 2142 1500 2196 clarius
1524 2142 1576 2195 itt
1600 2139 1947 2210 sequentibus

358 2235 660 2306 explicavit.
694 2234 942 2300 Utettitn,
973 2248 1093 2288 cum
1127 2233 1278 2287 audis
1307 2234 1607 2296 destruetur,
1640 2247 1747 2286 non
1768 2230 1944 2285 omni-

361 2327 572 2382 tnodam
603 2324 1020 2380 destructionem
1072 2341 1193 2380 esse
1244 2336 1458 2395 putares
1478 2366 1492 2389 ,
1523 2324 1619 2379 sed
1646 2323 1947 2378 incremen-

363 2426 472 2470 tum
500 2416 787 2487 quoddam,
832 2425 888 2470 ct
927 2430 1267 2486 progressum
1308 2415 1360 2469 iit
1406 2415 1618 2479 melius,
1664 2421 1944 2483 postquam

360 2509 585 2573 dixerat,
629 2509 933 2576 destruetur,
961 2507 1163 2563 addidit
1194 2526 1208 2562 :
1240 2506 1322 2561 Ea;
1360 2518 1501 2577 parte
1530 2507 1661 2560 enim
1686 2505 1947 2575 cognosci-

360 2617 493 2666 mus,
517 2610 565 2655 et
590 2617 653 2655 ea:
672 2610 817 2671 parte
843 2600 1199 2671 prapltetamus
1218 2617 1237 2654 :
1262 2616 1375 2652 cum
1401 2609 1566 2653 autent
1614 2599 1795 2653 venerit
1815 2598 1950 2667 quod

361 2694 636 2762 perfectura
660 2701 751 2757 est,
772 2701 890 2744 tunc
913 2690 1232 2744 evacuabitur
1248 2690 1383 2761 quod
1409 2707 1469 2743 ea:
1495 2700 1638 2759 parte
1660 2698 1731 2743 est
1753 2706 1773 2755 ;
1801 2691 1868 2743 ita
1891 2699 1951 2743 ut

364 2798 469 2837 non
501 2783 639 2838 ultra
686 2799 753 2838 ex
788 2794 938 2852 parte
958 2784 1046 2847 sit,
1069 2782 1162 2837 sed
1187 2781 1502 2852 perfectum.
1523 2781 1706 2851 Itaque
1745 2780 1947 2850 imper-

364 2875 525 2929 fectio
549 2874 664 2944 ejus
685 2876 1017 2940 destruitur,
1043 2884 1100 2928 ut
1152 2888 1261 2928 non
1284 2874 1420 2943 ultra
1445 2874 1513 2928 sit
1543 2871 1939 2942 imperfectum,

361 2967 457 3023 sed
485 2968 797 3040 perfectum.
838 2969 1139 3023 Destructio
1182 2968 1340 3038 igitur
1362 2975 1444 3022 est
1472 2966 1947 3037 complementum,

362 3068 417 3113 et
448 3059 500 3113 in
534 3059 706 3129 majus
733 3068 1095 3129 augmentum.

435 3151 488 3206 ὅ.
520 3150 695 3219 Atque
719 3150 1083 3206 animadverte
1104 3148 1398 3206 tniltiPauli
1425 3147 1763 3220 prudentiam
1789 3165 1804 3203 :
1835 3164 1944 3203 tton

360 3242 503 3295 enim
532 3241 685 3306 dixit,
738 3242 950 3296 Partem
998 3243 1402 3312 cognoscimus;
1433 3240 1550 3309 sed,
1585 3239 1667 3294 Ea:
1689 3248 1834 3312 parte
1849 3256 1938 3294 co-

360 3333 649 3405 gnoscimus
681 3334 702 3405 (
732 3333 785 3389 l.
817 3330 938 3389 Cor.
970 3333 1058 3388 15.
1085 3332 1118 3388 9
1138 3333 1181 3403 ),
1208 3331 1496 3387 ostendens
1517 3345 1616 3385 nos
1647 3331 1811 3401 partis
1837 3345 1954 3401 par-

365 3434 471 3479 tem
503 3433 708 3480 tenere.
740 3424 993 3479 Fortasse
1034 3423 1222 3479 audire
1268 3424 1485 3494 optatis,
1535 3433 1788 3494 quantam
1822 3424 1950 3478 reti-

365 3528 586 3568 neamus
604 3525 828 3583 partem,
858 3522 1219 3585 quantamque
1247 3515 1630 3584 relinquamus,
1660 3524 1712 3568 et
1737 3529 1804 3568 an
1832 3529 1951 3568 ma-

361 3607 534 3678 jorem
566 3608 896 3662 minoremve
918 3617 1123 3677 partem
1152 3616 1448 3663 teneamus.
1466 3606 1538 3662 Ut
1566 3609 1744 3676 itaque
1772 3606 1950 3663 discas

366 3708 419 3753 te
457 3698 717 3752 minorem
751 3708 934 3752 tenere
961 3705 1188 3766 partem,
1212 3706 1267 3751 et
1294 3714 1402 3751 non
1427 3707 1630 3751 tantum
1663 3696 1947 3767 minorem,

365 3788 481 3851 sed,
513 3798 572 3842 ut
599 3788 669 3842 ita
689 3787 882 3855 dicam,
900 3788 1269 3855 centesimam,
1287 3795 1379 3841 aut
1393 3788 1571 3842 decies
1587 3787 1952 3857 millesimam,

366 3880 490 3936 audi
544 3896 663 3950 qua:
710 3891 1049 3952 sequuntur:
1091 3880 1174 3935 vel
1231 3881 1407 3950 potius
1464 3890 1752 3951 antequam
1797 3885 1952 3937 vobis

366 3973 712 4043 apostolicam
726 3987 910 4026 vocem
938 3972 1197 4043 legamus,
1226 3972 1535 4041 exemplum
1563 3971 1812 4037 referam,
1840 3988 1949 4042 quo

366 4064 517 4118 vobis
546 4064 865 4129 declaretur,
916 4072 973 4118 ut
1013 4063 1259 4133 exemplo
1307 4062 1423 4119 ﬁeri
1468 4071 1665 4133 potest,
1694 4072 1950 4132 quantum

367 4155 608 4211 relictum
631 4155 722 4223 sit,
745 4165 799 4211 et
838 4163 1095 4226 quantum
1149 4156 1218 4210 sit
1261 4154 1402 4226 quod
1446 4169 1588 4210 nunc
1632 4155 1946 4210 retinemus.

372 4248 639 4314 Quantum
666 4248 824 4319 igitur
863 4249 1152 4304 discrimen
1182 4258 1265 4304 est
1299 4248 1437 4304 inter
1475 4263 1616 4315 eam,
1646 4264 1767 4318 quae
1794 4248 1949 4303 nobis

372 4337 429 4390 in
470 4336 649 4392 futuro
692 4338 940 4406 dabitur,
962 4340 1273 4407 scientiam,
1302 4348 1356 4394 et
1383 4340 1735 4415 praesentem?
1763 4340 1948 4407 Quan-

374 4439 486 4482 tum
540 4432 678 4509 inter
719 4432 890 4486 virum
936 4432 1227 4501 perfectum
1277 4439 1333 4487 et
1374 4431 1657 4488 lactentem
1734 4450 1749 4487 :
1795 4448 1951 4504 atque

371 4521 516 4576 enim
549 4529 767 4591 praestat
794 4524 1043 4593 prtesenti
1084 4523 1261 4579 futura
1288 4524 1528 4579 scientia.
1563 4524 1717 4593 Quod
1765 4536 1948 4580 autem

367 4613 421 4668 id
476 4628 662 4669 verum
710 4614 996 4684 sit,eaque
1044 4615 1116 4669 sit
1153 4615 1297 4669 illius
1343 4615 1722 4685 prtecellentia,
1756 4616 1949 4672 Paulus

367 4704 563 4760 iterum
589 4703 855 4759 declarat:
878 4718 997 4758 cum
1026 4704 1168 4759 enim
1189 4704 1452 4768 dixisset,
1477 4704 1563 4757 Ea:
1588 4713 1733 4774 parte
1758 4720 1948 4775 cogno-

367 4796 576 4861 scimus,
608 4803 662 4850 et
699 4795 858 4851 vellet
883 4794 1167 4850 ostendere
1204 4811 1268 4849 ex
1295 4804 1490 4865 quanta
1543 4807 1713 4865 parte,
1744 4812 1949 4869 nosque

368 4884 737 4942 brevissimam
759 4899 902 4940 nunc
931 4892 1135 4950 tenere,
1165 4885 1341 4939 intulit
1373 4903 1386 4939 :
1418 4884 1543 4940 Cum
1574 4902 1732 4940 essem
1758 4904 1948 4957 paruu-

366 4979 466 5043 lus,
491 4976 730 5048 loquebar
755 4984 809 5028 ut
833 4975 1094 5047 paruulus,
1142 4975 1398 5045 sapiebam
1424 4984 1479 5029 ut
1517 4977 1779 5045 parvulus,
1811 4981 1950 5052 cogi-

367 5067 539 5122 tabam
564 5076 619 5121 ut
646 5066 889 5138 paruulus
916 5079 936 5120 :
959 5082 1073 5119 cum
1098 5075 1266 5121 autem
1287 5069 1452 5137 [actus
1471 5083 1583 5120 sum
1614 5068 1706 5134 vir,
1732 5085 1949 5124 evacua-

366 5162 412 5214 υἱ
440 5175 557 5230 quae
573 5168 716 5214 erant
737 5158 981 5230 ραι-ναῖε(
1014 5157 1097 5212 Ib.
1129 5175 1178 5213 υ.
1209 5160 1266 5214 Η
1300 5156 1320 5229 )
1351 5177 1366 5215 :
1412 5175 1532 5216 eum
1563 5173 1702 5217 Statu
1735 5167 1947 5233 parvuli

364 5265 687 5325 praesentem
722 5256 1021 5316 scientiam.
1042 5270 1161 5308 cum
1189 5255 1408 5326 perfecti
1430 5257 1527 5313 viri
1557 5269 1696 5316 statu
1717 5260 1949 5319 futuram

364 5361 701 5418 comparans.
725 5347 910 5418 Neque
954 5346 1109 5409 dixit,
1141 5344 1272 5401 Cum
1324 5362 1497 5404 essein
1553 5366 1719 5421 puer:
1752 5370 1872 5409 nant
1898 5365 1953 5412 et

365 5436 650 5494 duodecim
678 5452 943 5493 annorum
974 5437 990 5470 ⁸
1034 5453 1165 5508 puer
1214 5437 1446 5506 dicitur;
1473 5441 1567 5496 sed
1589 5482 1605 5509 ,
1638 5442 1764 5499 Cum
1793 5463 1952 5502 essem

368 5528 632 5599 paruulus,
659 5528 715 5586 id
743 5537 846 5596 est,
878 5528 1083 5584 lactens
1111 5538 1166 5586 et
1215 5529 1409 5589 iulans.
1450 5532 1603 5605 Quod
1629 5537 1771 5594 enim
1800 5539 1950 5598 Scri-

424 5744 450 5781 v‘
491 5760 608 5803 tres
628 5758 755 5813 uss.
784 5753 950 5827 decerit
970 5768 1218 5811 annorum.

1061 289 1116 344 S.
1161 284 1437 342 JOANNIS
1473 282 1948 340 CllRYSOSTOMl
1987 281 2307 338 ARClllEP.
2348 281 2887 351 CONSTANTINOP.

3516 281 3618 336 τοι

2043 406 2193 466 ptura
2220 398 2380 453 talem
2398 406 2552 454 vocet
2576 397 2855 464 infantem,
2882 394 3004 451 andi
3026 395 3294 451 Psalmum
3317 394 3580 451 dicentem
3606 414 3618 450 :

2039 474 2255 541 Domine
2292 485 2544 542 Dominus
2572 498 2761 552 noster,
2811 502 2962 557 quam
2987 486 3292 540 admirabile.
3330 496 3403 539 est
3438 502 3616 540 nomen

2034 589 2177 631 tuum
2207 577 2261 630 in
2286 579 2521 631 universa
2549 577 2726 633 terra!
2754 576 3006 642 Quoniam
3052 576 3243 630 elevata
3272 586 3343 629 est
3373 575 3616 646 magniﬁ-

2035 669 2198 721 centia
2227 678 2316 721 tua
2337 685 2490 738 super
2508 669 2657 723 celos
2681 684 2700 722 :
2721 685 2783 723 ea:
2833 684 2921 721 ore
2954 666 3227 735 infantium
3264 679 3309 720 et
3335 667 3627 721 («cientium

2037 758 2290 828 perfecisti
2332 758 2536 813 laudent
2562 759 2581 829 (
2609 758 2750 814 Psal.
2791 758 2845 814 8.
2882 757 2934 811 2.
2962 757 3051 827 5).
3096 756 3257 813 Vides
3286 755 3397 827 jatn
3428 771 3628 827 parvu-

2040 852 2144 903 Iutn
2178 864 2272 919 pro
2292 851 2522 906 lactente
2549 850 2741 921 ubique
2763 849 2957 904 vocari.
2990 849 3126 903 Tum
3177 848 3373 918 spiritu
3415 848 3626 918 prospi-

2042 943 2190 995 ciens
2219 940 2520 996 luturorutn
2567 941 2842 995 hominum
2888 939 3629 1009 impudentiam,nequehoc

2042 1047 2147 1084 uno
2181 1040 2465 1086 contentus
2504 1031 2777 1101 exemplo,
2807 1029 3099 1086 secundum
3128 1030 3288 1084 etiam
3315 1045 3379 1083 ac
3411 1030 3627 1084 tertium

2041 1125 2104 1178 ad
2156 1125 2615 1180 confirmationem
2662 1124 2883 1179 addidit.
2959 1122 3419 1192 Quemadmodum
3485 1124 3632 1177 enim

2041 1217 2249 1290 Moyses
2273 1233 2393 1273 cum
2418 1217 2483 1272 ad
2533 1217 2749 1272 Judmos
2801 1218 3119 1280 mitteretur,
3157 1215 3314 1269 trium
3356 1215 3631 1285 signarunt

2043 1313 2293 1368 indicium
2325 1312 2657 1382 accipiebat(
2684 1310 2852 1366 Exod.
2881 1313 2915 1367 ’5
2948 1313 2989 1382 ),
3027 1313 3145 1365 utsi
3175 1310 3347 1382 primo
3376 1329 3479 1367 non
3509 1328 3630 1368 cre-

2042 1405 2248 1471 derent,
2268 1405 2487 1460 secundi
2508 1420 2691 1460 vocem
2720 1405 2999 1469 audirent;
3027 1405 3108 1458 sin
3136 1407 3298 1459 etiam
3323 1406 3424 1461 hoc
3446 1421 3643 1475 asper-

2045 1504 2318 1562 narentur,
2349 1495 2506 1550 tertio
2533 1493 2797 1564 pudefacti
2828 1495 3140 1565 prophetam
3190 1496 3534 1564 reciperent:
3558 1495 3629 1549 ita

2045 1598 2097 1642 et
2128 1587 2227 1655 hic
2271 1588 2366 1640 tria
2425 1587 2572 1657 ponit
2615 1586 2859 1656 exempla
2892 1586 2949 1652 ¹;
2997 1587 3225 1655 primum
3266 1603 3330 1641 ex
3382 1588 3639 1655 parvulo,

2043 1678 2170 1732 dum
2195 1678 2288 1743 ait,
2313 1675 2440 1733 Cum
2479 1693 2635 1733 essent
2664 1677 2907 1748 parvulus
2925 1717 2942 1742 ,
2972 1678 3228 1749 sapiebat»
3259 1688 3313 1731 ut
3350 1680 3634 1747 paruulus:

2045 1772 2336 1826 secundum
2355 1786 2421 1825 ex
2445 1770 2683 1841 speculo,
2700 1770 2918 1825 tertium
2935 1785 3000 1825 ex
3020 1769 3323 1840 aenigmate.
3347 1769 3637 1841 Postquam

2046 1862 2254 1919 dixerat
2271 1857 2412 1917 enim
2431 1903 2449 1931 ,
2477 1862 2603 1917 Cum
2632 1879 2790 1917 essent
2819 1863 3090 1932 parvulus,
3118 1862 3312 1926 itttttlit,
3353 1862 3588 1918 Videmus
3614 1864 3639 1895 ’

2046 1966 2213 2009 autent
2239 1973 2374 2010 nunc
2396 1973 2486 2026 per
2506 1957 2768 2026 speculum
2803 1957 2855 2010 in
2899 1957 3184 2027 aenigmate.
3220 1957 3295 2010 En
3322 1957 3516 2026 qttippc
3544 1971 3636 2011 se-

2047 2046 2279 2100 cundum
2322 2047 2625 2115 exemplum
2669 2045 2994 2102 infirmitatis
3032 2048 3313 2116 praesentis
3347 2047 3641 2117 :qnodque

2048 2139 2359 2209 imperfecta
2390 2140 2460 2194 sit
2484 2139 2705 2195 scientia
2726 2181 2739 2205 ,
2770 2140 2927 2195 tertio
2955 2140 3212 2209 probatur
3236 2140 3318 2196 Itis
3345 2141 3541 2205 verbis,
3574 2139 3640 2195 lu

2047 2232 2335 2302 (enigmata.
2365 2230 2605 2302 Namque
2639 2232 2891 2300 parvulus
2919 2230 3086 2286 multa
3118 2231 3330 2302 quidem
3352 2231 3515 2297 videt,
3540 2248 3639 2285 att-

2050 2321 2126 2374 dit
2157 2330 2211 2376 et
2258 2322 2531 2390 loquitur:
2564 2321 2695 2375 nihil
2743 2331 2920 2376 tamen
2961 2321 3191 2377 dilucide
3233 2321 3314 2376 vel
3346 2321 3527 2386 videt,
3556 2324 3641 2378 vel

2050 2413 2215 2480 audit,
2242 2414 2323 2468 vel
2350 2414 2584 2483 loquitur
2609 2429 2625 2468 :
2648 2423 2703 2468 ct
2724 2414 2862 2484 sapit
2884 2413 3119 2484 quidem,
3144 2413 3236 2469 sed
3258 2413 3388 2468 nihil
3413 2415 3639 2484 integre.

2053 2506 2125 2560 lta
2154 2516 2211 2561 et
2252 2522 2351 2577 ego
2381 2506 2492 2562 scio
2534 2507 2748 2577 quidem
2794 2508 2956 2562 multa
2976 2547 2993 2573 ,
3038 2507 3131 2562 sed
3159 2522 3343 2562 eorum
3375 2523 3481 2562 non
3514 2509 3640 2563 novi

2051 2600 2289 2654 modum.
2339 2601 2504 2655 Deum
2536 2601 2677 2656 enim
2725 2600 2917 2670 ubique
2945 2614 3066 2655 esse
3107 2600 3268 2664 novi,
3302 2609 3467 2655 totum
3513 2601 3641 2655 item

2053 2691 2248 2761 ubique
2267 2704 2389 2745 esse
2416 2693 2569 2756 novi;
2596 2690 2865 2761 quomodo
2890 2700 3088 2754 autem,
3114 2691 3292 2745 nescio
3317 2709 3329 2744 :
3358 2691 3472 2745 sine
3499 2691 3643 2760 prin-

2050 2784 2223 2854 cipio,
2267 2799 2370 2839 non
2416 2784 2688 2855 genitum,
2733 2784 3119 2853 sempiternum
3165 2784 3325 2849 novi;
3372 2783 3644 2854 quomodo

2050 2884 2248 2942 autem,
2297 2876 2501 2931 nescio.
2551 2874 2735 2946 Neque
2781 2875 3010 2929 humana
3057 2873 3195 2930 ratio
3238 2890 3431 2944 capere
3475 2875 3640 2943 valet,

2050 2966 2323 3037 quomodo
2348 2967 2519 3037 possit
2546 2980 2673 3023 esse
2714 2967 3012 3022 substantia
3035 3008 3052 3034 ,
3101 2982 3220 3037 qua:
3247 2981 3347 3023 nec
3382 2982 3411 3021 a
3441 2967 3640 3037 seipse,

2052 3073 2154 3114 nec
2195 3060 2264 3114 ab
2306 3060 2411 3114 alio
2445 3060 2702 3137 quopiam
2737 3073 2857 3114 esse
2885 3060 3170 3130 acceperit.
3198 3058 3323 3115 Scio
3349 3061 3522 3129 ipsum
3548 3076 3643 3129 ge—

2052 3152 2233 3207 nuisse
2258 3150 2486 3219 Filium;
2512 3150 2781 3222 quomodo
2815 3158 3016 3216 autem,
3048 3150 3236 3221 ignoro
3267 3168 3281 3203 :
3314 3152 3437 3207 novi
3464 3150 3642 3222 Spiri-

2052 3254 2164 3299 tum
2185 3259 2250 3298 ex
2278 3242 2396 3312 ipso
2421 3257 2579 3308 esse;
2608 3241 2878 3313 quomodo
2898 3253 3075 3297 autem
3098 3258 3165 3297 ex
3191 3242 3308 3312 ipso
3326 3242 3414 3307 sit,
3438 3243 3642 3297 nescio»

2050 3337 2212 3392 Cibos
2270 3336 2571 3402 comedo';
2613 3351 2720 3407 quo
2780 3344 2936 3406 pacto
2994 3345 3171 3390 autem
3230 3336 3532 3390 dividantur
3583 3336 3645 3390 in

2052 3428 2316 3497 pituitam,
2339 3428 2675 3498 sanguinem,
2694 3426 2973 3481 humorem
2995 3435 3049 3481 et
3075 3426 3241 3493 bilim,
3263 3427 3469 3497 ignoro.
3493 3426 3639 3493 Haec,

2052 3533 2170 3588 quin
2194 3517 2431 3588 quotidie
2450 3518 2798 3573 comedentes
2819 3516 3080 3579 videmus,
3104 3516 3412 3588 ignoramus
3439 3525 3646 3584 tamen,

2050 3619 2107 3663 ct
2132 3609 2228 3664 Dei
2254 3609 2604 3664 substantiam
2632 3609 2844 3664 curiose
2876 3617 3177 3664 scrutamur
3195 3609 3220 3661 ’ἱ

2121 3710 2175 3758 4.
2204 3702 2390 3757 Contra
2410 3703 2674 3756 Anomaeos
2699 3702 2938 3773 loquitur.
2965 3730 3039 3741 —
3065 3700 3167 3757 Ubi
3191 3707 3315 3755 sunt
3344 3700 3521 3772 igitur,
3548 3702 3647 3771 qui

2052 3808 2112 3848 se
2136 3802 2296 3847 totam
2326 3793 2602 3849 scientiam
2623 3793 2896 3863 accepisse
2931 3791 3134 3859 dicunt,
3163 3792 3359 3863 quique
3381 3802 3553 3847 tamen
3587 3794 3645 3848 in

2053 3884 2358 3939 barathrum
2384 3884 2698 3956 ignorantiae
2717 3883 2918 3953 delapsi
2941 3881 3101 3938 sunt?
3127 3881 3258 3937 Nam
3277 3883 3365 3953 qui
3391 3898 3532 3938 nunc
3551 3882 3641 3938 di-

2051 3983 2179 4030 cunt
2196 3992 2253 4031 se
2274 3983 2441 4029 totum
2462 3975 2751 4045 accepisse,
2776 3975 2828 4028 in
2855 3973 3032 4028 futuro
3057 3987 3117 4029 se
3137 3972 3444 4028 omnimodo
3463 3973 3640 4030 scien~

2054 4070 2123 4123 tia
2168 4082 2364 4123 vacuos
2400 4068 2750 4123 constituunt.
2797 4065 2912 4137 Ego
2949 4066 3145 4136 quippe
3168 4065 3258 4136 qui
3292 4065 3413 4121 dico
3448 4081 3533 4120 me
3572 4082 3644 4121 es

2054 4168 2203 4230 parte
2231 4172 2555 4229 cognoscere
2578 4199 2593 4224 ,
2625 4157 2725 4212 etsi
2753 4157 2926 4212 dicam
2955 4155 3093 4212 hanc
3119 4155 3395 4211 scientiam
3424 4155 3641 4210 destru-

2051 4259 2195 4306 ctum
2232 4250 2299 4305 iri
2323 4291 2338 4314 ,
2384 4250 2436 4304 in
2476 4249 2668 4304 melius
2694 4263 2758 4303 ac
2784 4247 3068 4319 perfectius
3096 4246 3428 4318 progredior,
3455 4254 3641 4317 utpote

2050 4356 2196 4410 cum,
2221 4340 2485 4396 destructa
2505 4340 2805 4410 particulari
2823 4339 3061 4403 scientia,
3080 4338 3366 4409 perfectior
3389 4336 3637 4393 accedat:

2050 4432 2139 4488 ille
2162 4447 2294 4488 vero
2318 4431 2408 4503 qui
2432 4431 2560 4486 dicit
2584 4445 2644 4486 se
2670 4440 2856 4497 totam,
2884 4428 3243 4484 omnimodam
3266 4437 3322 4484 et
3346 4427 3637 4499 perfectam

2052 4526 2250 4582 habere
2291 4524 2567 4580 scientiam
2592 4565 2608 4591 ,
2648 4532 2702 4578 et
2740 4532 2921 4592 postea
2951 4520 3142 4576 fatetur
3164 4522 3332 4592 ipsam
3377 4520 3428 4575 in
3462 4519 3642 4575 futuro

2052 4616 2378 4673 destructum
2418 4616 2517 4684 iri,
2545 4631 2604 4672 se
2630 4615 2855 4671 scientia
2881 4627 3104 4668 vacuum
3136 4611 3370 4667 futurum
3395 4626 3516 4668 esse
3542 4611 3641 4666 ἀθ-

2051 4711 2220 4766 clarat
2238 4752 2253 4779 ,
2282 4726 2403 4767 cum
2426 4711 2541 4767 hzec
2566 4709 2886 4767 destruenda
2905 4751 2921 4778 ,
2946 4709 3198 4779 nullaque
3221 4708 3323 4763 alia
3352 4707 3644 4779 perfectior

2052 4803 2348 4860 inducenda
2373 4802 2484 4859 sit:
2512 4802 2773 4873 siquidem
2795 4800 2912 4856 haec
2933 4800 3227 4856 secundum
3257 4800 3379 4855 illos
3405 4799 3644 4871 perfecta

2053 4897 2274 4953 scientia
2308 4905 2411 4952 est.
2449 4895 2723 4951 Videtisne
2759 4908 2865 4965 quo
2895 4902 3083 4963 pacto,
3111 4891 3239 4947 dum
3277 4906 3337 4947 se
3358 4900 3526 4945 totum
3558 4890 3647 4946 hic

2052 4988 2251 5044 habere
2274 4986 2621 5054 contendunt,
2643 5000 2816 5057 neque
2837 4984 2924 5040 hic
2945 4983 3239 5049 obtineant,
3269 4991 3430 5054 atque
3454 4983 3563 5037 illic
3587 4998 3648 5036 se

2053 5090 2165 5137 toto
2189 5078 2522 5137 destituant?
2550 5077 2778 5133 Tantum
2821 5075 3025 5132 scilicet
3061 5075 3257 5130 malum
3294 5084 3378 5131 est
3406 5074 3549 5130 intra
3581 5076 3644 5128 li.

2117 5259 2134 5291 ι
2171 5256 2257 5323 Alii
2298 5263 2441 5320 post,
2465 5256 2718 5323 exempla,
2752 5253 2967 5323 addunt,
2991 5249 3285 5323 con/irrigans
3324 5251 3454 5323 quod
3499 5250 3647 5323 voluit

2051 5314 2325 5394 ostendere.
2346 5326 2398 5369 In
2416 5314 2578 5370 iteret.
2598 5314 2730 5379 haec,
2749 5314 3036 5382 conﬁrmans
3059 5314 3188 5381 quod
3212 5314 3357 5365 voluit
3370 5315 3639 5369 ostendere.

2050 5382 2409 5437 desiderantur.

2116 5449 2138 5479 ³
2170 5454 2272 5511 Duo
2299 5452 2406 5495 Mss.
2432 5444 2654 5511 habent:
2688 5441 2912 5494 Videmus
2941 5452 3055 5492 vero
3267 5451 3358 5511 per
3394 5435 3643 5511 speculum

2053 5516 2099 5562 ει
2136 5507 2433 5581 manu-et
2454 5505 2599 5581 tabe
2619 5513 2875 5581 “animus
3190 5500 3646 5581 tegeaeae?!“

2055 5584 2202 5636 quam
2222 5563 2505 5634 imperfecta
2524 5567 2586 5620 sit
2607 5563 2808 5620 scientia
2829 5563 3098 5631 arnigma'tis
3120 5563 3306 5629 speculi
3325 5572 3370 5616 et
3394 5566 3601 5626 parvttlt.

2119 5637 2141 5671 ³
2170 5632 2307 5686 cibos
2325 5632 2618 5695 comedo,iet
2639 5633 2897 5695 sequentia
2925 5643 3083 5695 usque
3104 5629 3199 5695 ad,
3222 5627 3533 5695 scrutamur?
3552 5627 3644 5675 de-

2119 5662 2141 5671 '
2170 5662 2306 5686 bww
2325 5662 2541 5691 wuwuv,
2565 5662 2618 5683 σι
2639 5662 2897 5695 auius-suc
2926 5662 3083 5694 uulua
3104 5662 3163 5682 ευ
3184 5662 3199 5687 ς
3222 5662 3289 5678 σω
3304 5662 3487 5678 ..ος-σπη-
3509 5665 3522 5676 .
3552 5662 3642 5675 uv‘

2054 5708 2169 5751 sunt
2190 5698 2241 5747 tn
2266 5696 2451 5756 Μαι-ει..
2474 5694 2563 5746 sed
2586 5695 2829 5746 habentur
2851 5696 2899 5747 in
2920 5694 3058 5746 sat-il.
3097 5704 3146 5744 et
3172 5693 3218 5741 in
3242 5691 3455 5741 maxima
3475 5701 3642 5740 mauu-

2057 5760 2338 5823 sa‘iptorum
2353 5767 2509 5824 parte.
