4050 6160
278 303 385 359 703

272 435 463 489 γματα
485 436 502 451 ·
531 417 661 473 ἄνευ
687 417 795 490 γὰρ
829 416 1034 488 ταύτης
1057 416 1151 471 καὶ
1174 416 1235 470 τὸ
1263 413 1402 471 εἶναι
1443 416 1719 488 ἄνθρωποι
1761 433 1956 470 παντε-

272 506 383 571 λῶς
414 507 762 575 ἀπολοῦμενο
798 507 908 559 Τὸν
945 506 1053 577 γὰρ
1084 505 1252 567 Θεὸν,
1296 505 1451 574 φησὶ.
1477 503 1686 573 φοϐοῦ,
1716 503 1814 556 καὶ
1848 507 1957 569 τὰς

270 593 533 659 ἐντολὰς
560 594 751 647 αὐτοῦ
784 595 1096 661 φύλασσε,
1133 591 1222 644 ὅτι
1251 591 1426 644 τοῦτο
1463 590 1584 655 πᾶς
1623 590 1974 657 ἄνθρωπος’

271 682 335 735 Εἰ
371 681 557 734 τοίνυν
583 680 741 734 τοῦτό
769 683 914 733 ἐστιν
941 680 1245 751 ἄνθρωπος,
1270 682 1331 731 τὸ
1360 677 1640 748 φοϐεῖσθαι
1678 678 1767 731 τὸν
1797 678 1949 740 Θεὸν,

269 768 333 820 τὸ
369 768 429 821 δὲ
459 766 751 837 φοϐεῖσθαι
802 768 892 821 τὸν
937 766 1072 820 Θεὸν
1113 767 1222 820 ἀπὸ
1255 766 1511 834 γνώσεως
1542 766 1775 833 γίνεται,
1828 767 1862 837 ἡ
1895 766 1952 819 δὲ

270 857 477 926 γνῶσις
503 857 691 928 μέλλει
716 856 1131 929 καταργεῖσθαι,
1156 855 1340 920 καθὼς
1366 859 1394 909 6
1418 854 1629 917 Παῦλός
1652 873 1807 926 φησι,
1830 856 1951 908 τότε

270 946 558 1009 παντελῶς
587 945 959 1016 ἀπολούμεθα,
990 944 1246 1014 γνώσεως
1271 945 1371 998 οὑκ
1403 943 1591 1015 οὔσης,
1623 944 1806 997 καὶτὰ
1831 944 1950 997 καθ’

265 1036 418 1104 ἡμᾶς
434 1034 500 1088 δὲ
530 1035 711 1088 πάντα
733 1035 1037 1105 οἰχήσεται,
1064 1033 1288 1086 καὶτῶν
1313 1034 1522 1099 ἀλόγων
1547 1032 1701 1085 οὐδὲν
1728 1032 1951 1102 ἄμεινον

265 1122 659 1194 διακεισόμεθα
678 1164 693 1189 ,
716 1122 853 1176 ἀλλά
877 1119 1055 1190 πολλῷ
1074 1122 1274 1192 χεῖρον.
1313 1121 1401 1174 Ἐν
1427 1121 1602 1191 τούτῳ
1623 1120 1732 1190 γὰρ
1761 1120 1950 1173 πλεον-

264 1211 540 1281 εκτοῦμεν
570 1209 755 1265 αὑτῶν
775 1249 789 1273 ,
815 1213 893 1272 ὡς
924 1212 1036 1271 τοίς
1074 1226 1138 1277 γε
1167 1208 1348 1271 ἄλλοις
1390 1208 1561 1262 ἅπασι
1603 1211 1715 1270 τοῖς
1762 1225 1949 1277 σωμα-

262 1300 440 1363 τικοῖς
464 1299 530 1352 ὲκ
557 1296 756 1351 πολλοῦ
783 1296 877 1349 τοῦ
907 1297 1189 1368 περιόντος
1212 1297 1396 1359 αὑτοῖς
1429 1295 1728 1364 νικώμεθα.
1760 1295 1824 1346 Τί
1854 1292 1947 1348 οὗν

262 1385 413 1438 ἔστιν
447 1387 479 1440 ὃ
506 1403 673 1456 φησιν
697 1388 731 1439 6
762 1383 991 1448 Παῦλος,
1023 1384 1119 1438 καὶ
1153 1386 1282 1455 περί
1308 1383 1473 1448 τίνος,
1498 1384 1579 1436 ὅτι
1621 1385 1689 1437 Ἡ
1722 1383 1947 1451 γνῶσις

261 1471 824 1543 εαταργηθήσεταις
854 1472 927 1524 Οὑ
961 1471 1090 1541 περὶ
1127 1472 1229 1541 τῆς
1266 1470 1591 1534 παντελοῦς.
1638 1470 1774 1524 ἀλλὰ
1816 1471 1947 1541 περὶ

258 1560 362 1629 τῆς
396 1560 636 1630 μερικῆς
663 1558 824 1612 τοῦτό
855 1576 1009 1630 φησι,
1042 1558 1385 1629 κατάργησιν
1412 1556 1510 1629 τὴν
1539 1557 1631 1610 ἐπὶ
1655 1557 1716 1610 τὸ
1739 1556 1945 1627 βέλτιον

260 1647 493 1715 πρόοδον
517 1647 714 1715 λέγων,
752 1647 829 1709 ὡς
859 1646 956 1717 τὴν
990 1646 1222 1717 μερικὴν
1255 1646 1709 1716 καταργουμένην
1745 1646 1944 1717 μηκέτι

258 1732 403 1787 εἶναι
439 1734 673 1806 μερικὴν
704 1747 755 1798 ιι,
792 1734 930 1787 ἀλλὰ
970 1734 1204 1788 τελείαν.
1238 1733 1507 1804 Καθάπερ
1545 1735 1655 1804 γὰρ
1683 1737 1717 1804 ὴ
1757 1732 1944 1803 ἡλικία

256 1820 354 1874 τοῦ
395 1822 610 1875 παιδίου
642 1825 1019 1893 καταργεῖται,
1049 1824 1148 1875 οὑκ
1178 1821 1581 1891 ἀφανιζομένης
1607 1821 1708 1891 τῆς
1731 1820 1940 1884 οὐσίας,

256 1910 377 1962 ἀλλ’
419 1909 799 1982 αὐξανομένης
841 1911 941 1981 τῆς
970 1911 1218 1980 ἡλικίας,
1269 1910 1363 1963 καὶ
1409 1911 1490 1972 είς
1536 1908 1706 1979 ἄνδρα
1738 1908 1944 1961 τέλειον

257 1996 647 2069 ἑκϐαινούσηςο
696 1997 840 2051 οὑτω
883 1999 978 2052 καὶ
1017 1999 1108 2051 ἐπὶ
1155 2000 1253 2069 τῆς
1293 1996 1549 2066 γνώσεως
1590 1997 1822 2064 γίνεται.
1878 1997 1943 2048 ’Π

265 2089 457 2156 μικρὰ,
490 2087 674 2156 φησιν,
717 2084 855 2155 αὕτη
884 2086 1066 2138 οὐκέτι
1106 2084 1171 2139 ἂν
1206 2085 1288 2156 εἴη
1322 2087 1517 2156 μικρὰ,
1553 2083 1642 2137 διὰ
1677 2083 1787 2137 τῶν
1815 2079 1942 2153 ὲξῆς

262 2175 529 2245 γενομένη
589 2173 799 2244 μεγάλη
826 2190 839 2202 ·
888 2172 1046 2226 τοῦτο
1096 2173 1211 2226 ἔστι
1255 2173 1351 2235 τὸ,
1394 2171 1799 2242 καταργεῖται*
1847 2171 1941 2224 καὶ

261 2260 418 2313 τοῦτο
440 2260 530 2314 διὰ
557 2260 666 2313 τῶν
693 2261 822 2331 ἑξῆς
845 2261 1174 2330 σαφέστερον
1205 2261 1334 2330 ἡμῖν
1366 2260 1656 2330 ἐδήλωσεν.
1685 2259 1805 2312 Ἵνα
1830 2258 1940 2329 γὰρ

258 2347 502 2411 ἀκούσας
545 2348 626 2401 ὅτι
659 2350 1051 2419 καταργεῖται,
1094 2350 1169 2419 μὴ
1221 2348 1517 2401 κατάλυσιν
1569 2345 1811 2417 παντελῆ
1853 2363 1940 2398 νο·

262 2436 429 2508 μίσῃς
451 2432 614 2499 εἶναι,
649 2435 766 2489 ἀλλ’
796 2433 1026 2506 αὔξησίν
1049 2452 1173 2489 τινα
1194 2436 1290 2489 καὶ
1320 2436 1456 2506 πρὸς
1483 2435 1545 2487 τὸ
1580 2434 1788 2503 βέλτιον
1816 2432 1939 2486 ἐπί-

255 2524 424 2587 δοσιν,
456 2523 631 2577 εἰπὼν
657 2522 1059 2593 καταργεῖται,
1088 2524 1368 2595 ἐπήγαγεν
1388 2540 1401 2554 ·
1448 2524 1551 2577 Ἐκ
1575 2522 1799 2590 μέρους
1827 2520 1940 2590 γὰρ

255 2612 656 2682 γινώσκομεν,
683 2612 782 2666 καὶ
815 2613 884 2666 ἐκ
911 2610 1134 2679 μέρους
1163 2610 1650 2680 προφητεύομεν
1693 2609 1841 2663 ὅταν
1872 2610 1941 2663 δὲ

254 2701 407 2770 ἔλθῃ
437 2702 504 2754 τὸ
528 2701 782 2769 τέλειον,
811 2703 945 2755 τότε
971 2704 1036 2755 τὸ
1060 2701 1128 2755 ἐκ
1149 2703 1375 2770 μέρους
1400 2699 1934 2770 καταργηθήσεται·

254 2789 335 2855 ὡς
375 2790 575 2861 μηκέτι
617 2786 758 2843 εἶναι
789 2789 920 2843 αὐτὸ
955 2789 1023 2842 ὲκ
1057 2787 1260 2860 μέρους
1283 2828 1298 2852 ,
1332 2787 1468 2841 ἀλλά
1498 2787 1721 2841 τέλειον.
1774 2788 1939 2841 Ὥστε

254 2876 319 2928 τὸ
352 2877 545 2939 ἀτελὲς
573 2876 740 2930 αὑτοῦ
769 2878 1163 2947 καταργεῖται,
1204 2876 1281 2940 ὡς
1324 2876 1520 2946 μηκέτι
1552 2870 1694 2928 εἶναι
1725 2875 1935 2942 ἀτελὲς,

255 2964 393 3018 ἀλλὰ
420 2965 649 3020 τέλειον.
687 2965 751 3018 Ἢ
768 2964 946 3018 τοίνυν
971 2963 1308 3035 κατάργησις
1329 2963 1467 3035 αὕτη
1497 2963 1775 3030 πλήρωσίς
1800 2965 1934 3028 ἐστι,

257 3053 353 3105 καὶ
379 3053 520 3125 πρὸς
548 3053 609 3106 τὸ
644 3053 832 3124 μεῖζον
861 3053 1122 3117 ἐπίδοσις.

326 3238 398 3300 γ’.
439 3232 551 3286 Καὶ
583 3233 778 3286 σκόπει
815 3250 904 3304 μοι
939 3231 1038 3304 τὴν
1061 3231 1156 3287 τοῦ
1186 3231 1400 3287 Παύλου
1428 3234 1676 3285 σύνεσιν·
1722 3233 1783 3286 οὑ
1827 3231 1938 3303 γὰρ

255 3316 402 3382 εἷπε,
426 3319 605 3393 Μέρος
633 3321 996 3391 γινώσκομεν,
1018 3321 1157 3386 ἀλλ’,
1190 3322 1291 3375 Ἐκ
1307 3320 1528 3391 μέρους
1544 3319 1936 3391 γινώσκομεν,

254 3408 429 3479 δηλῶν
456 3411 541 3463 ὅτι
561 3411 657 3465 τοῦ
685 3411 883 3483 μέρους
903 3411 1067 3485 μέρος
1093 3411 1415 3484 κατέχομεν.
1447 3412 1598 3481 Τάχα
1617 3410 1936 3482 ἐπιθυμεῖτε

256 3495 509 3561 ἀκοῦσαι,
538 3499 631 3551 καὶ
669 3498 838 3551 πόσον
875 3499 1040 3570 μέρος
1069 3500 1392 3570 κατέχομεν,
1421 3499 1515 3552 καὶ
1543 3500 1708 3553 πόσον
1744 3498 1937 3552 ὑπολέ-

254 3585 495 3647 λειπται,
530 3589 626 3639 καὶ
657 3587 886 3658 πότερον
916 3587 978 3641 τὸ
1010 3587 1174 3641 πλέον
1201 3587 1232 3658 ἢ
1264 3588 1323 3640 τὸ
1348 3586 1570 3641 ἔλαττον
1603 3587 1933 3658 κατέχομεν.

254 3672 464 3727 Οὐκοῦν
513 3673 603 3727 ἵνα
658 3674 836 3748 μάθῃς
882 3675 965 3727 ὅτι
1012 3675 1075 3727 τὸ
1112 3673 1334 3728 ἔλαττον
1377 3674 1660 3746 κατέχεις,
1708 3677 1802 3731 καὶ
1838 3675 1937 3744 οὑχ

251 3761 441 3827 ἁπλῶς
477 3764 541 3817 τὸ
569 3763 811 3827 ἔλαττον.
844 3764 958 3818 ἀλλ’
990 3764 1067 3829 ὼς
1096 3765 1162 3819 ἂν
1196 3764 1341 3818 εῐποι
1368 3782 1452 3828 τις
1491 3764 1551 3818 τὸ
1584 3764 1933 3835 ἑκατοστὸνῆ

251 3851 313 3903 τὸ
348 3851 669 3922 μυριοστὸν,
700 3850 931 3906 ἄκουσον
965 3851 1072 3905 τῶν
1102 3852 1258 3923 ἑξῆς·
1296 3851 1497 3923 μᾶλλον
1524 3852 1582 3905 δὲ
1619 3852 1746 3924 πρὶν
1778 3852 1810 3923 ἦ
1836 3853 1936 3925 τὴν

250 3939 618 4011 ἀποστολικὴν
650 3940 780 4011 ὑμῖν
814 3941 1121 4010 ἀναγνῶναι
1147 3940 1350 4012 φωνὴν,
1376 3940 1680 4011 ὑπόδειγμα
1712 3939 1822 4012 ἐρῶ
1846 3941 1937 3993 δυ-

250 4028 487 4099 νάμενον
517 4028 646 4097 ὑμῖν
678 4028 1052 4099 παραστῆσαι,
1077 4027 1153 4091 ὡς
1176 4027 1236 4093 ἐξ
1261 4025 1662 4097 ὑποδείγματπ
1684 4023 1932 4087 δυνατὸν,

251 4115 420 4169 πόσον
447 4116 479 4156 b
509 4114 916 4179 ὑπολέλειπται,
943 4117 1038 4170 καὶ
1065 4116 1231 4169 πόσον
1260 4115 1408 4170 ἐστὶν
1433 4114 1461 4167 ὃ
1490 4112 1794 4184 κατέχομεν
1816 4111 1930 4166 νῦν.

251 4204 424 4257 Πόσον
448 4203 633 4257 τοίνυν
662 4203 781 4256 ἐστὶ
807 4203 869 4257 τὸ
902 4203 1066 4274 μέσον
1093 4204 1193 4274 τῆς
1226 4202 1527 4274 μελλούσης
1556 4204 1687 4274 ἡμῖν
1713 4200 1938 4272 δοθήσε-

252 4289 381 4346 σθαι
406 4289 688 4361 γνώσεως,
714 4292 809 4345 καὶ
831 4291 931 4362 τῆς
962 4291 1248 4363 παρούσης
1271 4291 1400 4358 νῦν;
1437 4293 1602 4346 Ὅσον
1629 4290 1824 4362 ἀνδρὸς
1849 4307 1938 4342 τε-

249 4379 395 4433 λείου
423 4380 565 4452 πρὸς
590 4380 755 4433 παῖδα
786 4380 1087 4452 θηλάζοντα
1116 4380 1177 4433 τὸ
1206 4381 1400 4452 μέσον⁸
1431 4379 1668 4451 τοσαύτη
1698 4380 1807 4451 γὰρ
1834 4377 1936 4449 τῆς

253 4469 563 4542 μελλούσης
592 4469 848 4540 γνώσεως
876 4473 1014 4543 πρὸς
1042 4472 1142 4543 τὴν
1165 4470 1446 4542 παροῦσαν
1463 4475 1497 4544 ἠ
1531 4472 1798 4544 ὑπεροχή.
1826 4471 1938 4524 Καὶ

246 4560 330 4612 ὅτι
372 4557 538 4612 τοῦτό
588 4560 738 4612 ἐστιν
787 4557 1023 4631 ἀληθὲς,
1071 4560 1166 4612 καὶ
1201 4558 1454 4613 τοσοῦτον
1499 4559 1681 4631 ἐκείνη
1732 4557 1937 4630 ταύτης

250 4646 459 4717 μείζων
481 4647 655 4710 ἐστὶν,
681 4646 843 4711 αὑτὸς
867 4647 1074 4716 λεγέτω
1098 4648 1261 4702 πάλιν
1283 4651 1312 4702 6
1337 4647 1567 4712 Παῦλος.
1598 4646 1782 4701 Εἰπὼν
1804 4647 1934 4718 γὰρ,

258 4736 359 4789 Ἐκ
397 4735 629 4806 μέρους
670 4733 1046 4807 γινώσκομεν
1068 4777 1084 4802 ,
1119 4737 1215 4790 καὶ
1255 4736 1576 4808 βουλόμενος
1614 4735 1785 4802 δεῖξαι
1805 4745 1827 4775 α
1874 4736 1939 4788 ὲκ

244 4824 421 4878 πόσου
459 4823 696 4895 μέρους.
742 4824 838 4877 καὶ
876 4824 959 4878 ὅτι
996 4823 1058 4877 τὸ
1104 4823 1443 4897 βραχύτατον
1479 4822 1576 4877 νῦν
1610 4822 1934 4893 κατέχομεν,

241 4912 565 4984 ἐπήγαγεν-
600 4913 741 4966 Ὅτε
776 4910 941 4982 ἤμην
981 4911 1233 4981 νήπιος,
1260 4913 1342 4979 ὡς
1378 4912 1594 4981 νήπιος
1630 4910 1898 4966 ἐλάλουν
1921 4951 1935 4975 ,

242 5001 332 5067 ὠς
350 4999 571 5069 νήπιος
594 4998 750 5073 [447]
764 5000 1084 5070 ἐφρόνουν,
1105 5001 1186 5068 ὡς
1211 5000 1431 5071 νήπιος
1449 4998 1823 5070 ἐλογιζόμην
1841 4998 1939 5052 ὅτε

238 5088 317 5142 δὲ
338 5088 564 5161 γέγονα
587 5088 768 5158 ἀνὴρ,
798 5088 1147 5161 κατήργηκα
1172 5091 1248 5145 τὰ
1274 5088 1383 5144 τοῦ
1444 5088 1668 5157 νηπίου
1687 5102 1702 5117 ο
1741 5086 1938 5158 νηπίου

243 5176 350 5247 μὶν
388 5176 504 5243 ἔξει
539 5178 644 5249 τὴν
686 5177 973 5249 παροῦσαν
1002 5177 1205 5247 γνῶσιν
1224 5219 1241 5245 ,
1274 5176 1469 5250 ἀνδρὸς
1498 5177 1555 5230 δὲ
1599 5176 1810 5230 τελείου
1839 5173 1941 5246 τὴν

236 5264 449 5334 γνῶσιν
475 5265 579 5337 τὴν
612 5263 913 5337 μέλλουσαν
931 5265 1320 5338 παραϐάλλων.
1347 5265 1458 5321 Καὶ
1482 5265 1584 5320 οὑκ
1608 5259 1781 5329 εἶπεν,
1805 5263 1939 5318 Ὅτε

306 5515 325 5539 ³
354 5516 504 5598 βατὶς
520 5517 683 5566 codex
701 5516 906 5598 πρόοδον
925 5519 1106 5580 καλῶν,
1129 5522 1197 5577 ὡς
1217 5523 1302 5577 τῆς
1321 5524 1516 5583 μερικῆς
1532 5520 1936 5584 καταργουμένης,

239 5580 415 5641 μηκέτι
440 5579 562 5627 εἶναι
600 5579 814 5643 μερικῆν.
1326 5579 1334 5582 ⁷
1385 5579 1395 5583 “
1662 5579 1706 5584 ”
1778 5579 1787 5583 ⁷
1882 5579 1890 5581 “
1924 5579 1932 5583 ⁷

279 5702 290 5714 ‘
308 5640 342 5716 li
357 5639 512 5716 Sagil.
539 5646 873 5716 παραστῆςαε,
894 5643 960 5697 ὡς
975 5642 1030 5716 ’ἐξ
1045 5641 1390 5711 ὑποδείγματος
1413 5642 1627 5703 δυνατὸν,
1651 5642 1769 5692 αὑτὸ
1792 5642 1936 5694 τοῦτο

242 5702 300 5750 τὸ
318 5701 627 5765 ζητούμενον,
649 5701 735 5749 καὶ
765 5703 911 5756 δεῖξαι
929 5702 1099 5751 πόσον.

311 5764 335 5794 ο
361 5764 587 5826 Quatuor
609 5777 728 5812 mss.
753 5769 803 5814 et
823 5761 974 5814 Savil.
995 5765 1191 5821 διδάξαι.

1326 301 1413 354 DE
1456 298 2147 356 INCOMPREIIILNSIBILI
2187 296 2295 351 DEI
2335 296 2639 353 NATUIU.
2684 297 2723 350 Ι.

3624 296 3690 350 Ἱῡ
3701 297 3729 353 ι

2060 416 2208 485 ήμην
2243 417 2398 477 παῖςο
2434 415 2562 476 παῖς
2591 412 2698 481 γὰρ
2724 411 2816 464 καὶ
2840 410 2867 462 6
2896 410 3230 481 δωδεκαέτης
3258 408 3287 448 ιτ
3317 408 3529 477 λέγεται
3587 411 3726 474 ἀλλ’,

2060 502 2196 554 ’Ὅτε
2212 498 2618 569 ἧμηννήπιυς,
2634 500 2726 550 τὸν
2743 497 2962 566 ὑπομὰζ
2968 513 3043 549 ιον
3060 497 3153 549 καὶ
3172 497 3250 549 ἔτι
3267 496 3726 567 γαλακτοτροφού-

2059 606 2216 658 μενον
2243 588 2336 641 καλ⁵
2359 584 2660 657 θηλάζοντα
2688 587 2818 654 ἡμῖν
2849 583 3148 653 ἐμφαίνων.
3185 584 3308 637 Ὅτι
3338 586 3501 655 γὰρὴ
3535 586 3725 658 Γραφὴ

2052 674 2241 727 τοῦτόν
2269 690 2401 742 φησι
2428 674 2643 741 νήπιον,
2674 671 2904 724 ἄκουσον
2931 670 3026 723 τοῦ
3056 670 3273 741 ψαλμοῦ
3300 672 3575 741 λέγοντος·
3606 676 3721 728 Κύ-

2046 778 2160 829 ριε,
2193 764 2225 814 ὀ
2255 760 2469 827 Κύριος
2494 758 2682 827 ἡμῶν,
2714 759 2793 822 ὡς
2821 758 3170 828 θαυμαστὸν
3198 759 3263 811 τὸ
3295 759 3483 829 ὄνομὰ
3510 778 3627 816 σου
3655 763 3727 815 ἐν

2053 847 2220 917 πάσῃ
2246 846 2320 915 τῇ
2343 846 2438 916 τῇ·
2467 846 2555 899 ὅτι
2581 844 2810 913 ἐπήρθη
2839 845 2878 911 ἠ
2899 844 3379 915 μεγαλοπρέπεια
3407 862 3524 902 σου
3546 852 3727 912 ὑπερ-

2052 929 2174 984 άνω
2200 928 2320 983 τῶν
2341 927 2630 996 οὐρανῶν·
2653 928 2721 980 ἐκ
2746 929 3041 996 στόματος
3065 930 3298 996 νηπίων
3318 930 3415 984 καὶ
3438 934 3724 998 θηλαζόν-

2051 1036 2170 1071 των
2197 1018 2535 1085 κατηρτίσω
2564 1017 2671 1070 τὸν
2702 1012 2895 1070 αἶνον.
2942 1017 3103 1087 Ὁρᾷς
3137 1018 3217 1070 ὅτι
3247 1018 3336 1071 τὸν
3368 1020 3559 1091 νήπιον
3588 1039 3726 1075 πανο

2050 1105 2216 1175 ταχοῦ
2250 1105 2339 1158 τὸν
2366 1096 2666 1173 θηλάζοντα
2695 1103 2881 1166 καλεῖ;
2908 1100 3039 1157 Εἶτα
3062 1103 3138 1175 τῷ
3170 1107 3440 1176 πνεύματι
3474 1108 3722 1179 προορῶν

2049 1193 2157 1246 τῶν
2195 1193 2493 1263 μελλόντων
2526 1189 2734 1261 ἀνδρῶν
2778 1192 2876 1261 τὴν
2909 1192 3310 1262 ἀναισχυντίαν,
3353 1195 3474 1265 οὑχ).
3515 1195 3594 1266 τῷ
3641 1197 3724 1250 ἑνὶ

2051 1281 2453 1351 παραδείγματι
2486 1279 2659 1350 τούτῳ
2695 1279 2855 1349 μόνον
2884 1279 3151 1351 ἠρκέσθη,
3192 1281 3328 1336 ἀλλά
3365 1283 3458 1335 καὶ
3482 1282 3722 1354 δευτέρῳ

2049 1368 2144 1420 καὶ
2182 1368 2350 1438 τρίτῳ
2383 1366 2541 1420 τοῦτο
2587 1366 2802 1435 βέϐαιον
2851 1368 2983 1438 ἡμῖν
3027 1368 3267 1437 ἐποίησε.
3313 1370 3579 1442 Καθάπερ
3615 1372 3723 1441 γὰρ

2048 1456 2077 1507 6
2117 1456 2357 1524 Μωῦσῆς
2404 1455 2540 1525 πρὸς
2585 1454 2873 1517 Ἰουδαίους
2902 1455 3366 1525 ἀποστελλόμενος
3409 1456 3575 1527 τριῶν
3621 1474 3723 1527 σητ

2053 1543 2219 1612 μείων
2272 1541 2574 1613 ἐλάμϐανεν
2622 1541 2930 1608 ἀπόδειξιν,
2968 1543 3076 1606 ἵνα,
3126 1543 3223 1597 ἐὰν
3262 1545 3607 1615 ἀπιστήσωσι
3643 1545 3722 1614 τῷ

2049 1630 2318 1700 προτέρῳ,
2348 1630 2447 1699 τῆς
2474 1628 2568 1681 τοῦ
2595 1630 2848 1700 δευτέρου
2879 1630 3064 1700 φωνῆς
3095 1631 3393 1694 ἀκούσωσι,
3433 1632 3498 1685 ἂν
3535 1632 3592 1685 δὲ
3627 1634 3721 1685 καὶ

2046 1717 2249 1787 ταύτης
2289 1717 2744 1789 καταφρονήσωσι
2773 1759 2786 1779 ,
2827 1717 2891 1769 τὸ
2919 1718 3099 1788 τρίτον
3136 1719 3518 1787 αἰσχυνθέντες
3550 1737 3722 1773 κατα-

2044 1804 2300 1868 δέξωνται
2334 1804 2426 1857 τὸν
2460 1806 2779 1876 προφήτην·
2820 1803 2963 1857 οὕτω
3001 1806 3096 1859 καὶ
3139 1800 3292 1867 οὗτος
3334 1807 3462 1876 τρία
3507 1806 3719 1879 τίθησιν

2046 1891 2445 1961 ὑποδείγματα·
2486 1891 2544 1943 ἓν
2585 1892 2683 1962 μὲν
2715 1902 2737 1931 θ
2784 1892 2845 1944 τὸ
2892 1890 2984 1944 τοῦ
3035 1893 3271 1957 παιδίου,
3322 1893 3518 1960 λέγων,
3579 1894 3717 1948 Ὅτε

2043 1978 2205 2047 ἤμην
2234 1978 2469 2046 νήπιος,
2506 1980 2586 2046 ὡς
2625 1979 2843 2045 νήπιος
2866 1980 3167 2047 ἐφρόνουν
3187 1997 3201 2010 ·
3230 1979 3483 2051 δεύτερον
3526 1981 3586 2034 τὸ
3620 1980 3718 2035 τοῦ

2044 2067 2343 2138 ἐσόπτρου’
2376 2068 2468 2121 καὶ
2502 2068 2685 2138 τρίτον
2721 2068 2781 2120 τὸ
2822 2066 2915 2118 τοῦ
2963 2066 3305 2137 αἰνίγματος.
3357 2067 3540 2122 Εἰπὼν
3585 2070 3717 2142 γὰρ,

2046 2153 2175 2207 Ὅτε
2211 2153 2375 2223 ἤμην
2410 2154 2645 2222 νήπιος,
2686 2156 2958 2225 ἐπήγαγε·
2995 2152 3305 2223 Βλέπομεν
3327 2155 3444 2209 νῦν
3474 2155 3550 2210 δι’
3576 2157 3717 2211 ἐσό-

2042 2256 2229 2308 πτρου
2250 2242 2319 2294 ἐν
2341 2243 2658 2312 αίνίγματι.
2705 2242 2834 2295 Ἰδοὺ
2866 2241 2972 2312 γὰρ
3003 2241 3255 2313 δεύτερον
3285 2242 3588 2315 ὑπόδειγμα
3616 2246 3717 2315 τῆς

2042 2315 2324 2399 παρούσης
2346 2329 2664 2393 ἀσθενείας.
2702 2330 2796 2383 καὶ
2833 2328 2927 2382 τοῦ
2957 2329 3123 2400 ἀτελῆ
3156 2329 3255 2401 τὴν
3293 2331 3493 2400 γνῶσιν
3534 2328 3676 2387 εἶναι
3704 2351 3716 2362 ·

2039 2415 2220 2486 τρίτον
2246 2416 2406 2471 πάλιν
2433 2417 2494 2470 τὸ
2535 2416 2638 2471 Ἐν
2661 2417 2980 2486 αἰνίηιιατι.
3014 2418 3126 2470 Καὶ
3152 2419 3261 2489 γὰρ
3285 2419 3346 2472 τὸ
3377 2420 3584 2473 παιδίον
3614 2422 3717 2491 ὁρᾷ

2043 2502 2141 2573 μὲν
2169 2502 2338 2556 πολλὰ
2374 2504 2469 2556 καὶ
2506 2503 2691 2557 ἀκούει
2721 2503 2815 2556 καὶ
2846 2503 3181 2573 φθέγγεται,
3223 2505 3421 2576 τρανὸν
3460 2507 3519 2559 δὲ
3562 2506 3714 2560 οὐδὲν

2038 2586 2164 2641 οὔτε
2199 2590 2334 2661 ὁρᾷ,
2375 2588 2498 2644 οὑτε
2537 2588 2757 2655 ἀκούει,
2810 2588 2935 2643 οὔτε
2988 2589 3324 2659 φθέγγεταιο
3379 2592 3475 2645 καὶ
3527 2597 3719 2664 φρονεῖ

2043 2676 2161 2747 μὲν,
2179 2677 2330 2731 οὐδὲν
2345 2677 2402 2730 δὲ
2418 2678 2503 2749 διη
2512 2676 2574 2748 ρθ
2584 2676 2845 2748 ρωμένον.
2866 2674 3021 2729 Οὑτω
3037 2677 3132 2730 καῖ¹
3152 2675 3263 2746 ἐγὼ
3278 2675 3392 2732 οἶδα
3407 2678 3505 2749 μὲν
3524 2679 3714 2742 πολλὰ,
3764 2733 3770 2739 .

2038 2763 2139 2816 οὑκ
2164 2763 2464 2833 ἐπίσταμαι
2492 2765 2550 2817 δὲ
2575 2763 2756 2817 αὐτῶν
2782 2763 2876 2817 τὸν
2903 2764 3123 2834 τρόπον.
3159 2764 3280 2817 ’Ότι
3315 2764 3414 2835 μὲν
3440 2765 3547 2836 γὰρ
3579 2783 3714 2820 παν-

2037 2850 2203 2921 ταχοῦ
2242 2850 2389 2903 έστιν
2427 2853 2455 2904 ό
2498 2851 2631 2915 Θεὸς
2672 2847 2810 2916 οῖδα,
2850 2852 2946 2905 καὶ
2985 2853 3067 2905 ὅτι
3100 2851 3236 2912 ὅλως
3280 2850 3396 2905 ἔστι
3440 2851 3715 2923 πανταχοῦ

2037 2933 2152 2990 οἶδα
2173 2954 2187 2968 ο
2216 2938 2277 2990 τὸ
2297 2938 2355 2991 δὲ
2385 2937 2502 3002 πῶς
2535 2939 2635 2992 οὑκ
2660 2934 2802 2991 οἴδα·
2841 2939 2922 2991 ὅτι
2954 2937 3191 3009 ἄναρχός
3215 2941 3331 2991 ἐστι
3356 2939 3451 2992 καὶ
3480 2939 3715 3011 ἀγέννη⁴

2037 3042 2128 3088 τος
2150 3026 2244 3079 καὶ
2269 3027 2458 3090 ἀΐδιος,
2491 3022 2607 3080 οἶδα
2629 3043 2642 3059 ⁸
2664 3026 2726 3079 τὸ
2747 3027 2804 3078 δὲ
2831 3025 2949 3089 πῶς
2971 3027 3073 3078 οὑκ
3094 3022 3211 3079 οἴδα
3229 3046 3240 3056 ·
3273 3028 3334 3080 οὑ
3364 3028 3473 3100 γὰρ
3498 3028 3716 3098 δέχεται

2037 3111 2295 3183 λογισμὸς
2324 3113 2518 3167 εἰδέναι
2551 3113 2667 3175 πῶς
2707 3108 2817 3165 οἷόν
2850 3129 2908 3164 τε
2958 3113 3145 3166 οὑσίαν
3181 3109 3352 3174 εἷναι,
3400 3115 3537 3185 μήτε
3584 3117 3716 3184 παρ’

2037 3200 2233 3271 ἑαυτῆς
2258 3202 2394 3271 μήτε
2420 3200 2549 3268 παρ’
2572 3199 2758 3271 ἑτέρου
2783 3199 2845 3252 τὸ
2862 3195 2999 3253 εἶναι
3026 3198 3277 3269 ἔχουσαν.
3304 3195 3435 3252 Οἶδα
3461 3200 3542 3252 ὄτι
3569 3200 3719 3268 ἐγέν-

2036 3302 2199 3359 νησεν
2226 3287 2371 3352 Υἱὸν,
2394 3288 2454 3340 τὸ
2480 3287 2536 3340 δὲ
2564 3286 2676 3350 πῶς
2702 3286 2882 3355 ἀγνοῶ
2899 3300 2912 3313 ·
2940 3282 3057 3339 οἴδα
3085 3288 3166 3339 ὅτι
3197 3286 3259 3339 τὸ
3285 3286 3508 3357 Πνεῦμα
3531 3287 3590 3353 ἐξ
3621 3288 3719 3342 αὑ-

2036 3375 2152 3439 τοῦ,
2169 3375 2230 3428 τὸ
2250 3375 2307 3428 δὲ
2329 3374 2689 3440 πῶςὲξαὺτοῦ
2714 3376 2814 3428 οὑκ
2835 3374 3152 3446 ἐπίσταμαι·
3175 3373 3443 3445 βρώματα
3473 3373 3639 3429 ἐσθίω
3664 3375 3713 3439 ί,

2036 3462 2096 3515 τὸ
2125 3463 2180 3516 δὲ
2214 3463 2330 3527 πῶς
2361 3464 2671 3537 μερίζονται
2705 3463 2784 3526 εἰς
2817 3462 3057 3533 φλέγμα,
3089 3464 3169 3527 εἰς
3210 3457 3382 3534 αἷμα,
3411 3465 3490 3526 εἰς
3519 3463 3714 3534 χυμὸν,

2038 3551 2116 3614 εἰς
2148 3550 2329 3622 χολὴν,
2357 3551 2554 3619 ἀγνοῶ.
2591 3550 2777 3605 Ταῦτα
2816 3551 2960 3624 ἅπερ
3009 3550 3280 3622 βλέπομεν
3312 3551 3435 3605 καθ’
3476 3542 3717 3622 ἑκάστην

2037 3637 2249 3708 ἡμέραν
2275 3638 2546 3702 ἐσθίοντες
2586 3638 2891 3710 ἀγνοοῦμεν
2911 3681 2927 3708 ,
2955 3639 3050 3692 καί¹
3088 3638 3187 3710 τὴν
3231 3640 3420 3693 οὐσίαν
3456 3639 3551 3693 τοῦ
3579 3639 3715 3694 Θεοῦ

2039 3723 2602 3798 πολυπραγμονοῦμεν
2621 3742 2637 3793 ;

2108 3861 2169 3916 δ’.
2195 3862 2307 3916 Ποῦ
2332 3863 2510 3917 τοίνυν
2528 3865 2666 3917 εἰσὶν
2686 3865 2735 3918 οἰ
2755 3865 2815 3919 τὸ
2833 3867 2940 3920 πᾶν
2956 3849 3319 3938 ἀπειληφέναι
3339 3865 3440 3936 τῆς
3465 3864 3719 3935 γνώσεως

2036 3948 2306 4020 λέγοντες,
2342 3953 2392 4004 οἱ
2439 3952 2576 4025 πρὸς
2627 3952 2690 4006 τὸ
2742 3953 3014 4025 βάραθρον
3046 3955 3146 4025 τῆς
3175 3953 3448 4023 ἀγνωσίας
3473 3971 3718 4009 καταπε-

2038 4037 2257 4104 σόντες;
2296 4040 2358 4093 Οἱ
2389 4039 2498 4110 γὰρ
2521 4040 2663 4094 κατά
2693 4040 2754 4094 τὸ
2785 4042 2959 4113 παρὸν
2990 4041 3239 4111 λέγοντες
3266 4041 3629 4113 ἀπειληφέναι
3656 4044 3719 4094 τὸ

2036 4126 2167 4191 πᾶν,
2194 4129 2273 4191 εἰς
2302 4127 2363 4181 τὸ
2391 4127 2582 4199 μέλλον
2611 4129 2851 4198 ἐρήμους
2880 4129 3106 4193 ἑαυτοὺς
3136 4130 3235 4198 τῆς
3259 4128 3558 4193 παντελοῦς
3585 4131 3719 4183 καθ-

2040 4214 2226 4269 ιστῶσι
2259 4215 2532 4285 γνώσεως.
2552 4216 2694 4286 Ἐγὼ
2729 4218 2826 4289 μὲν
2855 4219 2966 4289 γὰρ
3009 4219 3038 4269 ό
3084 4218 3276 4287 λέγων,
3311 4218 3392 4271 ὅτι
3425 4221 3489 4272 ὲκ
3520 4218 3718 4290 μέρους

2038 4305 2315 4374 γινώσκω,
2344 4306 2445 4361 κάν
2468 4307 2630 4372 εἴπω,
2651 4308 2732 4361 ὃτι
2755 4311 3110 4380 καταργεῖται
3132 4310 3163 4379 ή
3185 4309 3384 4377 γνῶσις
3404 4307 3567 4381 αὕτη,
3582 4310 3718 4382 πρὸς
3782 4346 3787 4349 -

2039 4392 2100 4447 τὸ
2151 4393 2381 4465 βέλτιον.
2407 4397 2501 4448 καὶ
2545 4395 2878 4466 τελειότερον
2924 4395 3111 4456 όδεύω,
3145 4395 3585 4469 καταργηθείσης
3616 4398 3718 4467 τῆς

2042 4481 2275 4553 μερικῆς
2315 4481 2410 4535 καὶ
2441 4482 2741 4554 γενομένης
2773 4482 3112 4553 τελειοτέρας
3130 4499 3143 4513 °
3172 4485 3379 4547 ἐκεῖνος
3402 4484 3459 4539 δὲ
3488 4486 3516 4538 ό
3541 4484 3716 4552 λέγων

2039 4569 2276 4640 παντελῆ
2313 4570 2407 4623 καὶ
2451 4569 2745 4643 ὁλόκληρον
2796 4571 2892 4626 καὶ
2938 4571 3150 4625 τελείαν
3193 4572 3337 4645 ἔχειν
3362 4573 3462 4645 τὴν
3489 4572 3712 4643 γνῶσιν,

2038 4652 2157 4710 εἶτα
2176 4656 2453 4727 ὁμολογῶν
2485 4657 2654 4730 αὐτὴν
2680 4659 3073 4730 καταργεῖσθαι
3105 4663 3162 4715 ὲν
3189 4660 3265 4733 τῷ
3292 4660 3561 4732 μέλλοντι,
3585 4662 3715 4732 ἔρη-

2042 4760 2141 4815 μον
2183 4744 2376 4798 ἑαυτὸν
2423 4746 2715 4816 ἀποφαίνει
2747 4745 2897 4819 [448]
2931 4747 3034 4818 τῆς
3072 4747 3346 4819 γνώσεως,
3374 4746 3577 4820 ταύτης
3613 4750 3712 4819 μὲν

2040 4832 2511 4906 καταργουμένης,
2540 4834 2733 4907 ἑτέρας
2769 4835 2826 4888 δὲ
2854 4835 3190 4908 τελειοτέρας
3216 4836 3317 4901 οὑκ
3349 4837 3713 4908 ἐπεισαγομέ-

2038 4938 2164 4994 νης⁸
2221 4922 2381 4995 εἴπερ
2440 4922 2578 4995 αὕτη
2639 4925 2756 4979 ἐστὶ
2801 4927 2923 4980 κατ’
2961 4927 3160 4991 αὐτοὺς
3199 4928 3233 4999 ἡ
3284 4926 3482 4981 τελεία.
3514 4926 3710 5000 Ὁρᾶτε

2041 5007 2160 5073 πῶς
2196 5009 2627 5079 φιλονεικοῦντες
2663 5012 2899 5068 ἐνταῦθα
2935 5014 2997 5068 τὸ
3035 5017 3143 5069 πᾶν
3182 5014 3347 5087 ἔχειν,
3378 5015 3501 5069 οὔτε
3530 5016 3592 5070 τὸ
3619 5020 3709 5072 ὲν-

2040 5094 2214 5150 ταῦθα
2243 5096 2446 5169 έχουσι,
2475 5100 2569 5154 καὶ
2602 5101 2721 5154 ἐκεῖ
2749 5101 2841 5155 τοῦ
2871 5102 3070 5168 παντὸς
3097 5104 3322 5168 ἑαυτοὺς
3349 5104 3704 5175 ἑκϐάλλουσι;

2101 5262 2130 5332 ς
2153 5265 2277 5332 'I_'I_'e_s
2298 5282 2412 5332 mss.
2438 5275 2491 5332 ει
2510 5269 2625 5319 Sav.
2643 5270 2725 5319 καὶ
2747 5273 2773 5319 6
2795 5272 3035 5332 δεκαέτης.

2107 5329 2131 5358 ⁸
2153 5328 2258 5402 4Ιῇ
2281 5330 2607 5402 ὑποδείγματα
2614 5334 2841 5402 ,βεβαιῶν-
2866 5335 2894 5381 ὃ
2934 5328 3205 5402 ἐσίπρύδασε
3228 5335 3390 5402 δεῖξαι,
3423 5338 3471 5386 ἓν
3650 5338 3704 5388 In

2040 5388 2208 5455 MoreL
2233 5392 2355 5449 haec,
2382 5388 2586 5455 βεϐαιῶν
2611 5388 2637 5440 ὃ
2667 5393 2935 5442 ἐσπούδασε
2974 5395 3137 5455 δεῖξαι,
3160 5388 3521 5448 όεείἀὸτέηῐυιί
3552 5401 3703 5449 Paulo

2038 5453 2264 5530 Posrt’duo
2282 5453 2398 5530 [953;
2412 5455 2650 5530 βλέπομεν
2661 5455 2712 5530 δΙὲ
2726 5455 2832 5517 ἄρτι
2851 5456 2920 5530 δι’.
2933 5453 3265 5530 ἐσόπτρουικαὶ
3283 5460 3703 5530 αἰνίγματοςηἾδοὺ

2037 5514 2280 5585 ἀμφότερα
2298 5514 2421 5585 ἔχεις
2447 5514 2508 5562 τὰ
2522 5514 2852 5585 ὑποδείγματα
2871 5514 3186 5585 τά-έδῃλοῦντά
3214 5536 3294 5569 σοι
3312 5514 3547 5585 τοῦμίοῖ
3554 5525 3701 5585 ἀτελῆ

2037 5530 2219 5575 αμφοτε
2248 5531 2280 5562 α
2298 5530 2418 5577 εχεις
2447 5530 2508 5562 τα
2529 5530 2852 5577 υποοειγματα
2871 5530 2932 5564 τα
2954 5530 3186 5575 δηλοῦντα
3214 5536 3294 5569 σοι
3314 5538 3400 5570 του
3425 5530 3535 5583 (sic)
3557 5530 3636 5574 ἅτε

2037 5530 2266 5644 εἶναι]ιῄ
2284 5573 2551 5644 γνῶσινῳρ
2568 5574 2840 5638 αἰνίγματος
2867 5576 2953 5644 τοῦ
2975 5579 3225 5644 ἐσόπτρου,
3248 5583 3328 5631 καὶ
3350 5580 3435 5632 τοῦ
3451 5583 3636 5643 νηπίου.

2106 5633 2125 5673 ι
2153 5633 2394 5710 βρώματα
2423 5636 2590 5710 έρθίω,
2632 5633 2965 5710 εἷἐεςιιξεηιία
3003 5633 3159 5710 ugqu‘g
3195 5633 3254 5710 ig!
3281 5633 3705 5710 πολυπραγμωδοῦ-

2038 5715 2121 5761 μεν
2141 5697 2321 5748 désum
2345 5700 2397 5747 in
2423 5697 2596 5747 Morel.
2613 5735 2627 5758 ,
2647 5700 2737 5749 sed
2757 5697 3003 5752 habentur
3035 5697 3093 5753 id
3124 5704 3275 5755 Savil.
3318 5712 3371 5756 et
3397 5697 3453 5756 In'
3492 5697 3703 5760 Iiiaxima

2037 5762 2472 5823 manuscriplorum
2500 5765 2656 5823 parte.
