4050 6160
313 279 416 333 7(5

305 391 572 448 Τοσοῦτόν
597 395 714 448 ἐστι
743 397 915 448 κακὸν
943 396 1006 448 τὸ
1039 396 1114 467 μὴ
1150 397 1331 467 μένειν
1356 399 1487 451 εἴσω
1514 397 1624 450 τῶν
1651 397 1793 467 ὅρων
1819 389 1894 449 ὧν
1925 394 1983 457 ἐξ

306 481 485 551 ἀρχῆς
531 481 719 549 ἔταξεν
763 485 894 554 ἡμῖν
937 485 966 538 6
995 483 1149 548 Θεός.
1181 483 1340 537 Οὕτω
1388 487 1485 538 καὶ
1529 487 1558 536 6
1591 483 1764 554 Ἀδὰμ
1808 483 1984 535 ἐλπίδι

307 567 552 630 πλείονος
573 567 742 638 τιμῆς
783 567 878 622 καὶ
910 569 1008 640 τῆς
1052 567 1219 638 οὔσης
1257 567 1514 634 ἐξέπεσεν
1533 584 1546 598 ⁸
1577 567 1723 622 οὕτω
1768 570 1863 622 καὶ
1893 567 1986 620 ἐπὶ

307 651 414 706 τῶν
441 653 788 726 φιλαργύρων
812 654 1018 724 γίνεται
1043 670 1056 682 ·
1085 654 1270 708 πολλοὶ
1295 654 1552 718 πολλάκις
1579 654 1842 724 μειζόνων
1865 655 1984 706 ἑπι-

308 741 606 812 θυμοῦντες
639 744 734 797 καὶ
777 743 844 798 τά
875 744 1119 814 παρόντα
1150 743 1472 798 ἀπώλεσαν·
1515 742 1660 797 οὕτω
1701 743 1798 796 καὶ
1837 733 1982 794 οὗτοι

309 829 716 900 προσδοκῶντες
745 829 980 884 ἐνταῦθα
1010 831 1073 885 τὸ
1100 833 1209 886 πᾶν
1239 831 1404 902 ἔχειν,
1429 833 1523 885 καὶ
1557 832 1652 884 τοῦ
1680 829 1880 902 μέρους
1899 827 1981 893 ἐξ·

310 919 526 971 έπεσον.
558 917 652 970 Διὸ
695 917 948 986 παραινῶ
979 917 1206 987 φεύγειν
1235 917 1415 972 αὐτῶν
1446 919 1544 988 τὴν
1580 917 1809 988 μανίανο
1865 931 1976 986 μα-

308 1003 428 1068 νίας
476 1005 586 1074 γάρ
637 1004 871 1076 ἐσχάτης
909 1005 1276 1074 φιλονεικεῖνιι
1309 1005 1508 1059 εἰδέναι
1561 1005 1615 1058 τί
1664 1003 1764 1075 τὴν
1795 1003 1983 1056 οὐσίαν

307 1093 457 1146 ἐστὶν
482 1095 510 1146 6
539 1093 689 1156 Θεός.
723 1095 830 1147 Καὶ
865 1093 952 1147 ἵνα
995 1093 1173 1166 μάθῃς
1199 1095 1281 1148 ὅτι
1315 1094 1511 1164 μανίας
1540 1093 1774 1162 ἐσχάτης
1804 1091 1980 1156 τοῦτο,

308 1179 417 1234 ἀπὸ
450 1180 558 1233 τῶν
591 1181 889 1253 προφητῶν
917 1183 1047 1253 ὑμῖν
1069 1183 1228 1236 τοῦτο
1256 1183 1469 1252 ποιήσω
1502 1181 1732 1252 φανερόν
1753 1197 1766 1211 ο
1797 1180 1846 1232 οί
1875 1177 1986 1249 γάρ

309 1269 588 1338 προφῆται
611 1269 671 1320 οὐ
709 1269 866 1339 μόνον
892 1269 946 1322 τί
984 1270 1082 1340 τὴν
1111 1269 1302 1322 οὐσίαν
1333 1269 1481 1323 ἐστὶν
1514 1269 1836 1336 ἀγνοοῦντες
1860 1266 1984 1336 φαί-

309 1371 511 1417 νονται,
543 1355 678 1408 ἀλλὰ
709 1357 802 1409 καὶ
829 1358 958 1429 περὶ
995 1358 1095 1426 τῆς
1130 1358 1320 1426 σοφίας
1348 1356 1512 1411 αὐτοῦ
1547 1357 1688 1426 πόση
1724 1357 1808 1420 τίς
1835 1357 1984 1408 ἐστιν

310 1442 579 1512 ἀποροῦσι
599 1458 611 1469 ·
642 1443 818 1498 καίτοι
852 1460 915 1512 γε
948 1446 1047 1515 οὐχ
1073 1447 1106 1516 ἡ
1135 1445 1293 1498 οὐσία
1313 1445 1421 1498 ἀπὸ
1446 1445 1546 1516 τῆς
1572 1445 1783 1514 σοφίας,
1812 1444 1927 1498 ἀλλ’
1951 1445 1984 1515 ἡ

311 1529 473 1596 σοφία
507 1532 570 1582 ὲκ
600 1531 698 1598 τῆς
722 1531 1108 1594 οὐσίας.”οταν
1136 1532 1194 1584 δὲ
1222 1532 1355 1602 μηδὲ
1379 1531 1581 1602 ταύτην
1607 1532 1867 1585 δύνωνται
1887 1549 1986 1584 κα-

307 1615 676 1686 ταλαμϐάνειν
713 1619 762 1670 οἱ
805 1619 1084 1690 προφῆται
1108 1619 1224 1689 μετ’
1255 1619 1562 1691 ἀκριϐείας,
1603 1619 1776 1690 πόσης
1805 1619 1870 1671 ἂν
1897 1619 1982 1689 εἴη

314 1703 509 1772 μανίας
535 1705 595 1757 τὸ
635 1705 734 1776 τὴν
766 1705 950 1759 οὐσίαν
983 1707 1155 1778 αὐτὴν
1187 1708 1430 1778 νομίζειν
1467 1707 1730 1762 δύνασθαι
1769 1711 1880 1769 τοῖς
1909 1708 1985 1758 οἱ·

310 1789 476 1853 κείοις
502 1791 822 1846 ὑποϐάλλειν
848 1793 1156 1864 λογισμοῖς;
1199 1795 1547 1864 Ἀκούσωμεν
1579 1795 1756 1855 τοίνυν
1801 1794 1854 1846 τί
1885 1811 1974 1864 φηυ

312 1895 398 1931 σιν
422 1880 451 1931 6
478 1881 765 1950 προφήτης
794 1883 923 1951 περὶ
950 1881 1118 1951 αὐτῆς
1142 1899 1156 1911 ·
1203 1882 1656 1950 Ἐθαυμαστώθη
1689 1883 1726 1949 ἡ
1764 1880 1988 1949 γνῶσίς

309 1981 427 2018 σου
452 1965 522 2030 ἐξ
549 1965 696 2035 ἐμοῦ
753 1968 968 2020 Μᾶλλον
1000 1970 1057 2020 δὲ
1087 1968 1346 2038 ἀνωτέρω
1373 1968 1463 2020 τὸν
1483 1968 1640 2036 λόγον
1667 1967 1982 2038 ἀγάγωμεν.

325 2053 872 2124 Ἑξομολογήσομαί
915 2072 1035 2118 σοι,
1065 2055 1154 2109 ὅτι
1203 2055 1464 2122 ,φοϐερῶς
1503 2055 1982 2124 ἐθαυμαστώθης.

311 2139 376 2192 Τί
404 2139 520 2192 ἐστι
547 2141 846 2210 φοϐερῶς
870 2141 1046 2194 Πολλά
1077 2141 1428 2212 θαυμάζομεν
1455 2141 1571 2204 νῦν,
1603 2141 1718 2194 ἀλλ’
1749 2143 1809 2194 οὐ
1853 2144 1987 2211 μετά

313 2229 500 2298 φόϐου.
537 2227 648 2282 οἷον
695 2231 890 2283 κιόνων
938 2231 1133 2300 κάλλη,
1187 2229 1374 2283 τύπων
1427 2228 1812 2299 ζωγραφίαςιτ,
1853 2230 1986 2300 άνθη

315 2317 584 2386 σωμάτων
602 2333 616 2347 ο
650 2317 1004 2387 θαυμάζομεν
1033 2317 1194 2370 πάλιν
1219 2317 1320 2387 τῆς
1351 2317 1626 2386 Θαλάσσης
1651 2317 1712 2369 τὸ
1739 2318 1986 2388 μέγεθος,

315 2403 409 2457 καὶ
434 2403 523 2455 τὸν
551 2404 777 2474 ἄπειρον
811 2404 990 2474 βυθὸν,
1027 2405 1163 2457 ἀλλὰ
1209 2404 1345 2475 μετά
1374 2404 1563 2472 φόϐου,
1595 2407 1723 2457 ὅταν
1757 2405 1896 2474 πρὸς
1932 2405 1992 2456 τὸ

315 2491 478 2562 βάθος
512 2491 938 2561 κατακύψωμεν.
975 2492 1133 2544 Οὐτω
1155 2493 1336 2545 τοίνυν
1363 2493 1458 2545 καὶ
1481 2493 1508 2544 6
1542 2493 1826 2562 προφήτης
1856 2491 1992 2562 πρὸς

313 2581 375 2635 τὸ
403 2581 628 2652 ἄπειρον
653 2581 748 2633 καὶ
775 2580 977 2651 ἀχανὲς
1001 2581 1237 2649 πέλαγος
1259 2581 1358 2648 τῆς
1385 2579 1479 2632 τοῦ
1509 2579 1644 2632 Θεοῦ
1675 2579 1993 2648 κατακύψας

315 2669 528 2738 σοφίας,
566 2671 661 2722 καὶ
711 2669 1038 2737 ἰλιγγιάσας,
1095 2669 1231 2738 μετά
1271 2668 1435 2737 φόϐου
1475 2668 1668 2720 πολλοῦ
1711 2668 1994 2736 θαυμάσας

315 2756 627 2827 ἀνεχώρησε
658 2755 796 2824 βοῶν
827 2755 1127 2824 καὶ-λέγων
1146 2773 1157 2784 ·
1201 2755 1750 2824 Ἐξομολογήσομαί
1777 2770 1874 2807 σοι
1905 2755 1994 2808 ὅτι

317 2841 580 2912 φοϐερῶς
601 2843 1068 2912 ἐθαυμαστώθης
1087 2861 1100 2874 °
1129 2843 1432 2913 θαυμάσια
1462 2847 1533 2898 τὰ
1563 2845 1708 2912 ἔργα
1729 2859 1844 2898 σου
1865 2861 1878 2873 °
1903 2846 1996 2896 καὶ

318 2931 479 2986 πάλιν
499 2947 514 2960 ι
560 2931 1020 2999 Ἐθαυμαστώοη
1053 2933 1090 2998 ἡ
1124 2932 1348 3000 γνῶσίς
1375 2945 1492 2985 σου
1525 2931 1596 2994 ἐξ
1625 2931 1794 3000 ἐμοῦ,
1823 2931 1996 2998 ἐκρα-

314 3017 552 3084 ταιώίῖη,
583 3018 656 3071 οὐ
684 3017 769 3086 μὴ
797 3017 1059 3086 δύνωμαι
1110 3018 1262 3086 πρὸς
1303 3018 1516 3086 αὐτ-ἠν.

387 3105 528 3174 Ὅρα
561 3103 979 3174 εὐγνωμοσύνην
1016 3105 1248 3158 οἰκέτου·
1294 3102 1648 3174 Εὑχαριστῶ
1690 3119 1810 3168 σοι,
1843 3103 1994 3173 φησὶ,

315 3191 402 3246 διὰ
424 3191 600 3254 τοῦτο,
623 3191 703 3244 ὅτι
727 3191 1110 3261 ἀκατάληπτον
1135 3192 1244 3262 ἔχω
1263 3192 1558 3262 Δεσπότηνο
1584 3192 1643 3245 οὐ
1669 3192 1794 3262 περὶ
1813 3192 1998 3250 οὐσίας

317 3277 549 3332 ἐνταῦθα
575 3277 766 3347 λέγων·
789 3279 963 3330 ἐκεῖνο
990 3277 1088 3348 μὲν
1114 3280 1221 3348 γὰρ
1250 3278 1323 3342 ὡς
1349 3277 1768 3349 ὡμολογημένον
1792 3279 1998 3332 ἀκατά-

316 3367 520 3436 ληπτον
535 3361 675 3419 εἶναι
705 3365 942 3438 παρῆκεο
973 3382 1037 3417 πε
1047 3367 1100 3436 ρὶ
1123 3365 1178 3417 δὲ
1204 3365 1297 3417 τοῦ
1327 3365 1602 3436 πανταχοῦ
1633 3367 1882 3436 παρεῖναι
1910 3365 1999 3417 τὸν

317 3454 452 3506 Θεὸν
481 3453 653 3509 ταῦτά
677 3472 834 3524 φησι,
869 3454 1081 3516 δεικνὺς
1113 3454 1194 3506 ὅτι
1220 3453 1341 3506 οὐδὲ
1375 3453 1506 3506 αὐτὸ
1537 3454 1694 3506 τοῦτο
1725 3447 1854 3512 οἶδε,
1883 3452 1999 3514 πῶς

320 3541 598 3611 πανταχοῦ
635 3544 918 3612 πάρεστιν.
951 3541 1073 3593 Ὀτι
1112 3541 1220 3612 γὰρ
1247 3541 1374 3603 περὶ
1404 3541 1594 3594 τούτου
1629 3541 1810 3610 φησὶν,
1837 3540 2000 3593 ἄκουε

319 3627 427 3682 τῶν
455 3628 603 3698 ἑξῆς.
623 3627 756 3680 Ἐὰν
776 3627 975 3682 ἁναϐῶ
1003 3631 1088 3690 εἱς
1111 3627 1216 3680 τὸν
1241 3628 1518 3695 οὐρανὸν,
1547 3629 1628 3680 σὺ
1655 3627 1782 3680 ἐκεῖ
1801 3623 1873 3680 εἴ·
1895 3628 2003 3680 ἐὰν

322 3715 556 3769 καταϐῶ
575 3717 664 3779 εις
688 3713 798 3766 τὸν
819 3713 992 3780 ᾅδην,
1020 3713 1212 3786 πάρει.
1237 3711 1390 3776 Εἶδες
1419 3715 1534 3778 πῶς
1561 3713 1836 3785 πανταχοῦ
1864 3715 2004 3786 πάρ-

322 3818 500 3863 εστιν;
547 3800 686 3854 ’Δλλ’
721 3801 750 3852 ὁ
803 3801 1091 3870 προφήτης
1143 3785 1244 3852 οὐκ
1293 3797 1454 3867 οἶδεν,
1507 3801 1620 3854 ἀλλ’
1659 3801 1862 3872 ίλιγγιᾷ
1909 3785 2003 3854 καὶ

320 3891 517 3960 ἀπορεῖ
557 3888 649 3940 καὶ
680 3887 926 3956 φοϐεῖται
970 3888 1128 3957 μόνον
1149 3900 1169 3925 ε
1217 3889 1296 3950 είς
1323 3887 1446 3941 νοῦν
1477 3889 1608 3943 αὐτὸ
1640 3888 1850 3953 λαϐών;
1879 3889 2003 3951 Πῶς

320 3971 414 4029 οῦν
462 3976 562 4028 οὐκ
605 3975 840 4046 ἐσχάτης
877 3975 1064 4039 ἀνοίας
1111 3975 1237 4038 τοὺς
1268 3975 1522 4028 τοσοῦτον
1561 3977 1860 4046 ἀπέχοντας
1902 3975 2002 4044 τῆς

327 4062 537 4116 ἐκείνου
573 4062 794 4133 χάριτος
820 4061 991 4133 αὐτὴν
1017 4061 1111 4115 τοῦ
1139 4061 1274 4115 Θεοῦ
1297 4063 1772 4135 πολυπραγμονεῖν
1799 4061 1896 4133 τὴν
1916 4063 2005 4115 οὐ-

324 4150 447 4204 σίαν
470 4169 484 4215 ;
523 4151 717 4206 Καίτοι
742 4141 901 4214 οὗτός
923 4152 1070 4204 ἐστιν
1095 4153 1124 4204 6
1145 4151 1434 4222 προφήτης
1465 4153 1494 4204 6
1525 4150 1697 4219 λέγων
1715 4168 1730 4181 ·
1763 4149 1840 4204 Τὰ
1863 4150 2006 4218 ἅδη-

320 4241 404 4293 λα
430 4237 632 4292 καὶτὰ
665 4239 886 4308 κρύφια
932 4237 1043 4306 τῆς
1083 4239 1304 4307 σοφίας
1349 4254 1465 4292 σου
1507 4237 1824 4306 ἐδήλωσας
1857 4257 1961 4307 μοι
1991 4259 2003 4272 ο

323 4327 440 4380 ἀλλ’
469 4327 621 4396 ὅμως
666 4324 736 4378 τά
783 4325 953 4396 ἄδηλα
997 4325 1093 4378 καὶ
1143 4326 1212 4378 τά
1256 4323 1464 4397 κρύφια
1494 4327 1592 4398 τῆς
1621 4325 1811 4395 σοφίας
1839 4325 2004 4380 αὐτοῦ

327 4411 544 4484 μαθὼν,
581 4413 713 4482 περὶ
742 4413 912 4483 αὐτῆς
961 4413 1096 4484 φησὶ
1133 4413 1360 4485 ταύτης,
1389 4414 1471 4468 ὅτι
1517 4413 1742 4486 ἄπειρός
1773 4413 1856 4477 τίς
1888 4415 2004 4466 ἐστι

325 4502 422 4554 καὶ
448 4499 854 4569 ἀκατάληπτος.
874 4499 1077 4569 Μέγας
1103 4501 1213 4573 γὰρ
1235 4507 1268 4556 ὁ
1293 4501 1532 4570 Κύριος,
1557 4503 1710 4571 φησὶ,
1737 4504 1833 4555 καὶ
1852 4499 2004 4573 [M9]

323 4587 554 4658 μεγάλη
583 4589 623 4654 ὴ
647 4586 830 4655 ἰσχὺς
854 4588 1060 4652 αὑτοῦ,
1086 4590 1183 4643 καὶ
1213 4588 1321 4658 τῆς
1343 4589 1652 4654 συνέσεως
1677 4590 1862 4643 αὐτοῦ
1895 4593 2005 4642 οὐκ

325 4677 500 4730 ἐστιν
536 4674 805 4744 ἀριθμὸς,
838 4675 1138 4738 τουτέστιν,
1163 4677 1264 4729 οὐκ
1303 4675 1419 4728 ἐστι
1465 4677 1788 4746 κατάληψις.
1819 4677 1884 4728 Τί
1915 4677 2004 4729 λέ-

327 4779 480 4832 γεις;
522 4763 556 4834 ἡ
602 4762 764 4832 σοφία
795 4763 1179 4834 ἀκατάληπτος
1211 4763 1288 4834 τῷ
1321 4765 1596 4834 προφήτῃ,
1628 4764 1722 4816 καὶ
1773 4765 1806 4834 ὴ
1849 4764 2006 4818 οὐσία

327 4855 464 4924 ἡμῖν
494 4851 852 4922 καταληπτή;
887 4847 998 4924 ἆρα
1039 4851 1100 4904 οὐ
1128 4851 1340 4922 φανερά
1371 4849 1509 4922 αῦτη
1535 4853 1568 4922 ὴ
1605 4851 1771 4922 μανία
1795 4869 1809 4916 ;
1836 4852 1869 4922 ἡ
1911 4869 2008 4922 με·

328 4938 618 5011 γαλωσύνη
664 4937 830 4992 αὐτοῦ
875 4940 974 4992 οὐκ
1002 4937 1116 5010 ἔχει
1145 4939 1338 5011 πέρας,
1363 4939 1456 4992 καὶ
1489 4940 1587 5010 τὴν
1625 4939 1809 4994 οὐσίαν
1840 4940 2006 4994 αὐτοῦ

331 5026 698 5102 περιγράφεις
718 5043 734 5093 ;

402 5192 463 5241 ε’.
486 5183 675 5240 Ταῦτα
698 5182 795 5237 καὶ
812 5182 842 5236 6
875 5182 1099 5245 Ἡσαΐας
1129 5181 1432 5252 φιλοσοφῶν
1459 5182 1636 5252 ἔλεγε·
1657 5183 1776 5251 Τὴν
1799 5183 2008 5253 γενεὰν

330 5272 518 5329 αὐτοῦ
550 5273 644 5339 τίς
671 5270 1024 5344 διηγήσεται
1040 5287 1060 5335 ;
1087 5269 1200 5324 Οὐκ
1229 5264 1350 5322 εἷπε
1371 5288 1383 5300 ·
1415 5271 1523 5336 Τίς.
1536 5273 1823 5344 διηγεῖται,
1849 5271 2004 5335 ἀλλὰ,

395 5481 422 5544 ξ
450 5479 557 5544 Quo
579 5493 690 5528 mss.
719 5480 888 5544 μανίαν
906 5483 996 5544 γὰρ
1018 5479 1166 5544 ἔγωγε
1189 5479 1322 5542 οἶμαι
1343 5479 1550 5544 ἐσχάτην
1571 5481 1627 5529 τὸ
1649 5480 1944 5544 φιλονεικεῖν.

397 5541 626 5604 bMorel.
649 5549 703 5588 et
721 5541 917 5604 Quidam
958 5541 1074 5590 mss.
1114 5541 1274 5590 τύπων
1317 5541 1596 5604 ζωγραφίας,
1647 5541 1799 5591 Savil.
1837 5549 1890 5590 el
1924 5542 2006 5589 alii

335 5603 814 5678 nixwv‘tugypapiav.
841 5603 996 5652 Paulo
1015 5608 1126 5664 post
1150 5604 1350 5664 quidam
1367 5603 1492 5653 mss;
1520 5604 1762 5661 θαλάσσης
1783 5605 1838 5650 τὸ
1859 5605 2007 5652 πέλα-

368 5683 393 5712 ο
441 5681 524 5710 και
543 5679 643 5708 τον.

339 5683 364 5726 γ
399 5683 425 5757 ἓ
463 5723 612 5771 SaVil.
636 5728 683 5767 ρι
709 5723 903 5782 quidam
931 5736 1043 5772 mss.
1067 5726 1144 5770 καὶ
1169 5726 1378 5786 διαπορεῖ
1403 5727 1477 5772 καὶ
1503 5727 1761 5785 θορυδεῖται
1787 5727 1943 5785 μόνον.

1090 283 1148 340 S.
1183 282 1467 340 JOANNIS
1503 277 1990 340 CIIRYSOSTOMI
2031 277 2355 336 ARCIIIEP.
2397 279 2949 338 CONSTANTINOP.
3623 284 3718 339 τεο

2097 395 2192 462 Τίς
2222 395 2591 466 διηγήσεται,
2623 399 2716 450 καὶ
2741 396 2802 448 τὸ
2830 395 3020 467 μέλλον
3051 393 3359 446 ἀπέκλεισε.
3391 395 3496 447 Καὶ
3531 396 3557 446 6
3591 397 3720 464 μὲνε1

2090 485 2252 537 Δαυῖδ
2277 501 2470 555 φησιν·
2524 482 2977 552 Ἐθαυμαστώθη
3003 481 3040 547 ἡ
3077 479 3298 550 γνῶσίς
3323 495 3436 535 σου
3469 481 3532 546 ἐξ
3558 483 3690 550 ἐμοῦ
3709 503 3721 516 ·

2088 573 2117 624 6
2150 571 2210 624 δὲ
2243 572 2468 629 Ἡσαΐας
2499 573 2600 624 οὐκ
2629 572 2721 636 ἀφ’
2745 569 2938 624 ἑαυτοῦ
2968 570 3126 639 μόνον
3151 569 3334 636 φησὶν,
3363 565 3494 620 ἀλλά
3516 570 3604 622 καὶ
3631 571 3728 624 ἀπὸ

2091 657 2272 728 πάσης
2311 657 2411 728 τῆς
2445 657 2798 728 ἀνθρωπίνης
2830 658 3046 726 φύσεως
3074 653 3486 709 ἀποκεκλεῖσθαι
3511 656 3605 726 τὴν
3626 657 3734 728 διή-

2089 759 2251 811 γησιν
2281 743 2509 814 ταύτην.
2529 743 2668 797 Ἀλλ’
2699 743 2920 811 ἴδωμεν,
2952 744 3160 813 μήποτε
3192 743 3221 794 6
3242 739 3450 804 Παῦλος
3475 735 3624 804 οἶδεν,
3644 742 3731 796 ᾶτε

2087 831 2153 902 δὴ
2191 831 2437 900 μείζονος
2473 829 2860 893 ἀπολελαυκὼς
2887 831 3108 900 χάριτος
3129 846 3143 859 ο
3177 828 3338 890 αὐτὸς
3370 829 3464 898 μὲν
3488 824 3576 882 οὖν
3601 831 3733 884 ἐστιν

2087 919 2116 971 6
2144 918 2348 986 λέγων’
2389 919 2483 972 Ἐκ
2507 918 2731 988 μέρους
2747 919 3138 989 γινώσκομεν.
3163 917 3258 970 καὶ
3287 916 3356 970 ἐκ
3378 914 3589 984 μέρους
3607 933 3737 982 προ-

2088 1007 2446 1074 φητεύομεν.
2479 1007 2590 1060 Καὶ
2628 1007 2728 1059 οὐκ
2765 1005 2995 1060 ἐνταῦθα
3026 1005 3206 1076 μόνον,
3231 1003 3365 1058 ἀλλά
3390 1003 3482 1056 καὶ
3500 1001 3736 1072 ἀλλαχοῦ,

2087 1093 2149 1145 οὐ
2183 1093 2312 1164 περὶ
2335 1093 2544 1158 οὐσίας,
2571 1093 2706 1147 ἀλλά
2743 1095 2872 1166 περὶ
2897 1092 3088 1162 σοφίας
3137 1092 3231 1145 καὶ
3258 1091 3418 1154 αὐτὸς
3446 1089 3741 1160 διαλεγόμεο

2087 1197 2178 1244 νος
2211 1180 2310 1250 τῆς
2344 1182 2402 1234 ἐν
2431 1183 2496 1251 τῇ
2527 1181 2754 1252 προνοίᾳ.
2799 1181 3150 1252 φαινομένης,
3181 1179 3242 1232 οὐ
3275 1179 3373 1248 τῆς
3417 1175 3635 1231 καθόλου
3661 1177 3740 1230 λέ-

2088 1284 2190 1336 γω,
2225 1267 2348 1320 καθ’
2377 1269 2444 1337 ἢν
2472 1269 2722 1336 ἀγγέλων
2748 1270 2841 1321 καὶ
2863 1267 3220 1338 ἀρχαγγέλων
3250 1267 3344 1319 καί
3363 1265 3471 1317 τῶν
3491 1265 3597 1318 ἀνω
3617 1280 3740 1334 προ-

2088 1359 2200 1409 νοεῖ
2225 1357 2526 1426 δυνάμεων,
2555 1356 2669 1410 ἀλλ’
2693 1359 2870 1410 ἐκεῖνο
2893 1357 2990 1427 τῆς
3016 1354 3273 1426 προνοίας
3302 1354 3364 1406 τὸ
3394 1352 3554 1424 μέρος
3574 1351 3742 1416 ὲξετά·

2090 1443 2218 1506 ζων,
2255 1445 2375 1498 καθ’
2395 1445 2422 1498 ὃ
2452 1447 2672 1516 προνοεῖ
2693 1445 2798 1498 τῶν
2823 1445 2881 1496 ὲν
2908 1446 2976 1514 τῇ
3004 1446 3074 1514 γῇ
3101 1441 3425 1514 ἀνθρώπων,
3449 1440 3542 1492 καὶ
3559 1437 3744 1508 ταύτης

2090 1532 2263 1602 αὐτῆς
2295 1532 2458 1586 πάλιν
2492 1533 2674 1603 μέρος.
2705 1531 2839 1584 Οὐδὲ
2861 1531 2970 1600 γάρ
2997 1531 3168 1602 αὐτὴν
3195 1530 3323 1598 ὅλην
3352 1526 3607 1592 ἐξετάζει,
3633 1523 3742 1578 καθ’

2095 1618 2162 1688 ἦν
2189 1621 2468 1673 ἀνατέλλει
2497 1620 2587 1672 τὸν
2621 1621 2793 1690 ἥλιον,
2827 1619 2950 1671 καθ’
2976 1620 3043 1688 ἣν
3085 1617 3264 1688 ψυχὰς
3306 1617 3518 1687 ἐμπνεῖ,
3544 1613 3656 1666 καθ’
3685 1612 3745 1682 ἣν

2093 1705 2323 1774 σώματα
2371 1707 2710 1770 διαπλάττει,
2747 1706 2868 1758 καθ’
2899 1705 2964 1774 ἢν
3013 1705 3200 1776 τρέφει
3246 1703 3374 1764 τοὺς
3408 1703 3500 1756 ἐπὶ
3535 1701 3632 1771 γῆς
3651 1693 3746 1752 ’ἀν-

2091 1791 2360 1860 θρώπους,
2390 1795 2510 1846 καθ’
2537 1794 2602 1864 ἣν
2635 1797 2930 1864 συγκρατεῖ
2949 1803 2972 1830 ε
3022 1793 3110 1846 τὸν
3163 1790 3391 1860 κόσμον,
3419 1788 3537 1841 καθ’
3564 1787 3628 1858 ἢν
3661 1785 3746 1849 τὰς

2093 1881 2342 1949 ἐτησίους
2392 1881 2578 1934 δίδωσι
2625 1881 2830 1952 τροφάς
2853 1897 2864 1908 '
2895 1880 3029 1934 ἀλλά
3053 1879 3226 1932 ταῦτα
3256 1878 3434 1931 πάντα
3466 1875 3635 1943 ἀφεὶς,
3663 1873 3748 1926 καὶ

2097 1968 2290 2038 μικρόν
2337 1985 2387 2020 τι
2439 1970 2604 2038 μέρος
2652 1967 2914 2031 ἐξετάσας
2946 1968 3046 2036 τῆς
3082 1965 3342 2036 προνοίας
3385 1961 3566 2026 αὐτοῦ,
3590 1959 3750 2014 καθ’ὃ

2092 2055 2218 2118 τοὺς
2247 2057 2344 2124 μὲν
2379 2056 2666 2120 Ἰουδαίους
2695 2056 2940 2120 ἐξέϐαλε,
2973 2057 3098 2116 τοὺς
3129 2054 3187 2106 δὲ
3217 2053 3278 2117 ἐξ
3305 2049 3474 2104 ἐθνῶν
3499 2047 3749 2114 εἰσεδέξα-

2093 2158 2173 2201 το,
2204 2143 2297 2194 καὶ
2329 2143 2462 2214 πρὸς
2493 2144 2622 2194 αὐτὸ
2657 2143 2815 2194 τοῦτο
2860 2143 2920 2195 τὸ
2973 2141 3169 2212 μικρὸν
3203 2139 3392 2212 μέρος,
3427 2137 3606 2210 ὥσπερ
3629 2136 3749 2204 πρὸς

2097 2229 2330 2296 πέλαγος
2387 2230 2610 2301 ἄπειρον
2662 2230 2987 2297 ἰλιγγιάσας,
3034 2231 3128 2282 καὶ
3176 2228 3342 2297 βάθος
3390 2225 3508 2278 ἰδὼν
3549 2224 3746 2294 ἀχανὲς,

2095 2317 2446 2388 ἀπεπήδησεν
2475 2319 2696 2382 εὐθέως,
2724 2321 2816 2370 καὶ
2850 2320 2992 2388 μέγα
3015 2317 3317 2386 ἀνεϐόησεν
3347 2313 3539 2368 εἰπών·
3566 2309 3630 2366 Ὦ
3656 2313 3756 2376 ,ϐἀ-

2097 2409 2200 2470 Οος
2223 2408 2489 2460 πλούτου
2527 2407 2624 2460 καὶ
2667 2407 2881 2475 σοφίας
2921 2407 3017 2460 καὶ
3053 2404 3338 2475 ’γνώσεως
3369 2403 3534 2470 Θεοῦ,
3563 2405 3638 2466 ὠς
3662 2400 3757 2454 ἀν·

2097 2493 2461 2559 εξεδιεύνητα
2510 2495 2580 2556 τὰ
2619 2495 2872 2564 κρ’]ιοτ(ι
2924 2494 3134 2546 αὑτοῦ.
3166 2491 3283 2546 Οὐκ
3327 2487 3508 2550 εἶπεν,
3549 2486 3759 2541 ’Δκατά-

2099 2583 2295 2652 ληπτά,
2328 2582 2471 2644 ἀλλ’,
2507 2585 2974 2653 ’,ιίτλείξτξρειῖνηταο
2995 2583 3122 2638 Εξδὲ
3143 2579 3506 2652 ἐρευνηθῆναι
3535 2577 3592 2630 οὐ
3617 2576 3760 2628 δύνα-

2098 2688 2208 2730 ται,
2243 2671 2420 2740 πολλῷ
2455 2671 2654 2740 μᾶλλον
2686 2669 3102 2741 καταληφθῆναι
3136 2667 3429 2722 ἀδύνατον.
3453 2667 3558 2719 Καὶ
3601 2663 3758 2727 ἀνεξ-

2103 2760 2396 2825 ιχνίαστοι
2430 2761 2490 2811 al
2534 2759 2662 2812 ὁδοὶ
2701 2759 2906 2811 αι’-τοῦ.
2936 2759 3000 2810 Αἱ
3046 2758 3154 2811 ὁδοὶ
3192 2756 3366 2809 αὐτοῦ
3393 2753 3758 2822 ἀνεξιχνίαστοι

2103 2847 2197 2898 καὶ
2231 2847 2390 2909 αὐτὸς
2419 2843 2926 2915 καταληπτός;εἱπέ
2961 2863 3077 2915 μοι.
3113 2845 3222 2897 Καὶ
3254 2845 3313 2897 τί
3344 2844 3484 2912 λέγω
3509 2841 3630 2912 περ)¹
3660 2839 3758 2892 τῶν

2101 2934 2270 2995 ὁόὡνς
2307 2935 2372 2986 τά
2424 2933 2632 2986 ἔπαθλα
2685 2935 2752 2985 τά
2799 2935 3132 3002 ἀποκείμενα
3184 2935 3325 3003 ἡμῖν
3383 2929 3754 2998 ἀκατάληπτα·

2116 3019 2440 3088 Dynmum;
2466 3019 2576 3090 γὰρ
2625 3020 2763 3073 αὐτά
2806 3023 2918 3074 οὐκ
2957 3020 3140 3083 εἶδεν,
3181 3019 3333 3074 οὐδὲ
3360 3015 3468 3084 οὖς
3493 3017 3758 3085 ἤκουσεν,

2104 3107 2247 3160 οὐδὲ
2281 3108 2380 3160 ἐπὶ
2413 3108 2664 3176 καρδίαν
2691 3108 3004 3174 dra/03.1012
3048 3108 3249 3174 ἀνέϐη,
3310 3107 3349 3161 ἂ
3393 3107 3702 3175 ἡτοίμασεν
3731 3103 3759 3154 d

2109 3195 2250 3261 Θεὸς
2283 3195 2406 3260 τοῖς
2431 3195 2744 3264 ἀγαπῶσιν
2780 3196 3164 3249 aﬂuit-.1116:
3195 3197 3288 3249 καὶ
3325 3199 3358 3267 ή
3403 3193 3574 3266 δωρεά
3612 3189 3758 3244 αὐτοῦ

2105 3285 2495 3356 ἀνεκδιήγητος
2521 3301 2533 3314 ο
2570 3284 2674 3353 Χάει
2696 3305 2750 3350 ις
2783 3284 2889 3354 γὰρ
2931 3283 3010 3350 τῷ
3053 3283 3193 3350 Θεῷ,
3229 3287 3419 3354 φησὶν,
3449 3282 3540 3336 ἐπὶ
3574 3279 3643 3348 τῇ
3667 3279 3761 3332 ἁν-

2105 3385 2432 3456 εκδιηγήτῳ
2465 3386 2654 3440 αὐτοῦ
2691 3384 2896 3453 δωρεᾷ,
2929 3385 3025 3438 καὶ
3059 3385 3096 3451 ’ἡ
3130 3385 3343 3454 εἰρήνη
3381 3382 3562 3438 αὑτοῦ
3605 3383 3762 3448 ὑπερ-

2106 3486 2228 3552 έχει
2262 3486 2457 3539 πάντα
2493 3488 2662 3540 νοῦν.
2701 3486 2764 3538 Τί
2795 3486 3002 3554 λέγεις;
3032 3484 3104 3538 τά
3144 3484 3392 3556 κρίματα
3430 3481 3588 3537 αὐτοῦ
3622 3479 3765 3543 ἀνεξ-

2108 3573 2394 3644 ερεύνητα,
2417 3575 2473 3626 αἱ
2501 3575 2610 3627 ὁδοὶ
2636 3573 2802 3626 αὐτοῦ
2829 3571 3238 3642 ἀνεξιχνίαστοι,
3255 3575 3290 3640 ἡ
3318 3574 3507 3642 εἰρήνη
3527 3567 3764 3638 ὑπερέχει

2109 3662 2286 3714 πάντα
2311 3659 2455 3726 νοῦν,
2483 3663 2515 3732 ἡ
2545 3662 2722 3732 δωρεά
2751 3661 3161 3730 ἀνεκδιὴγητος,
3196 3659 3231 3712 ἃ
3259 3661 3556 3730 ἡτοίμασεν
3588 3662 3616 3710 6
3649 3655 3765 3715 Θεὸς

2107 3751 2218 3811 τοῖς
2251 3749 2540 3816 ἀγαπῶσιν
2571 3748 2734 3802 αὐτὸν
2758 3748 2858 3800 οὐκ
2886 3748 3054 3818 ἀνέϐη
3085 3747 3180 3800 ἐπὶ
3213 3747 3443 3816 καρδίαν
3477 3741 3762 3814 ἀνθρώπου,

2109 3837 2142 3906 ἠ
2191 3835 2548 3908 μεγαλωσύνη
2599 3836 2772 3906 πέρας
2820 3837 2920 3888 οὐκ
2961 3835 3093 3906 ἔχει,
3122 3837 3153 3904 ἡ
3187 3834 3404 3896 σύνεσις
3435 3831 3656 3904 ἀριθμὸν
3679 3827 3768 3878 οὐκ

2110 3936 2244 4006 ἔχει,
2286 3937 2462 3989 πάντα
2486 3937 2866 4008 ἀκατάληπτα,
2902 3937 2996 3989 καὶ
3027 3935 3190 3998 αὐτὸς
3223 3933 3385 4005 μόνος
3411 3928 3766 3999 καταληπτάςς

2109 4038 2220 4090 Καὶ
2254 4036 2411 4090 ποίαν
2441 4038 2542 4090 οὐκ
2570 4037 2636 4091 ἂν
2663 4036 2774 4108 ἔχοι
2803 4037 2958 4090 τοῦτο
2999 4037 3195 4107 μανίας
3236 4034 3582 4107 ὑπερϐολήν;
3633 4031 3764 4083 Κάτ-

2110 4142 2202 4196 εχε
2234 4124 2329 4178 τὸν
2357 4125 2658 4196 αἱρετικὸν·
2697 4125 2773 4196 μὴ
2806 4125 2951 4196 ἀφῇς
2987 4124 3344 4196 ἀναχωρῆσαι
3364 4139 3378 4152 ’
3412 4123 3561 4175 είπέ·
3586 4120 3646 4172 Τί
3675 4135 3768 4186 φη·

2114 4231 2196 4266 σιν
2225 4215 2254 4265 6
2285 4212 2524 4276 Παῦλος;
2567 4213 2662 4266 Ἐκ
2703 4211 2927 4282 μέρους
2975 4212 3370 4281 τικὼσκομεν.
3403 4211 3477 4264 Οὐ
3523 4209 3645 4279 περὶ
3683 4205 3770 4271 τῆς

2111 4313 2299 4378 οὐσίας
2340 4311 2500 4366 τοῦτο
2540 4313 2709 4382 λέγει,
2749 4315 2932 4382 φησιν,
2963 4312 3098 4366 ἀλλά
3142 4311 3270 4382 περὶ
3309 4311 3420 4364 τῶν
3446 4306 3766 4374 οἰκονομιῶν.

2112 4413 2362 4468 Μάλιστα
2395 4413 2514 4484 μὲν,
2543 4415 2591 4466 εἰ
2616 4412 2712 4466 καὶ⁹
2741 4413 2869 4484 περὶ
2897 4411 3004 4465 τῶν
3031 4410 3354 4482 οἰκονομιῶν
3378 4408 3447 4484 ἦν
3475 4413 3504 4464 6
3529 4409 3694 4476 λόγος,
3716 4405 3771 4456 ἐκ

2112 4501 2355 4564 πλείονος
2376 4503 2505 4571 ἡμῖν
2527 4499 2842 4571 περιουσίας
2867 4499 2958 4552 καὶ
2988 4497 3130 4552 οὕτω
3160 4499 3228 4552 τὰ
3257 4499 3550 4570 νικητήρια
3569 4514 3581 4526 ·
3606 4495 3651 4547 εί
3673 4491 3770 4561 γάρ

2113 4591 2169 4644 αἱ
2200 4588 2500 4658 οἰκονομίαι
2528 4588 2921 4658 ἀκατάληπτοι,
2956 4587 3133 4657 πολλῷ
3173 4587 3372 4658 μᾶλλον
3402 4585 3563 4649 αὐτός
3587 4601 3600 4614 °
3625 4583 3700 4636 ὅτι
3721 4579 3771 4631 δὲ

2113 4677 2347 4731 ἐνταῦθα
2370 4678 2431 4730 οὐ
2467 4677 2597 4748 περὶ
2629 4677 2738 4729 τῶν
2776 4676 3100 4746 οἰκονομιῶν
3133 4693 3320 4746 φησιν,
3360 4675 3495 4728 ἀλλά
3523 4673 3648 4744 περὶ
3679 4668 3770 4721 αὐ·

2111 4765 2206 4820 τοῦ
2241 4764 2334 4817 τοῦ
2369 4764 2524 4829 Θεοῦ,
2552 4765 2780 4818 ἄκουσον
2805 4764 2913 4816 τῶν
2935 4763 3092 4834 ἑξῆς·
3125 4761 3277 4836 [450]
3303 4761 3472 4815 είπὼν
3501 4760 3607 4830 γάρ
3629 4773 3642 4787 ·
3686 4754 3772 4806 Ἐκ

2106 4851 2328 4923 μέρους
2375 4851 2768 4922 γινώσκομεν,
2795 4851 2896 4905 καὶ
2941 4852 3010 4905 ἐκ
3050 4851 3274 4920 μέρους
3313 4848 3770 4919 προφητεύομεν,

2113 4955 2391 5023 ἐπήγαγεν
2410 4969 2423 4982 ·
2454 4953 2609 5020 Ἄρτι
2637 4953 2912 5022 γινώσκω
2931 4953 3000 5006 ἐκ
3029 4951 3275 5022 μέρους,
3300 4953 3435 5005 τότε
3457 4949 3525 5003 δὲ
3547 4942 3771 5015 ἐπιγνώ-

2112 5072 2294 5124 σομαι
2325 5055 2515 5121 καθὼς
2542 5054 2640 5108 καὶ
2667 5054 3078 5124 ἐπεγνώσθην.
3097 5055 3232 5109 Ὑπὸ
3263 5054 3410 5118 τίνος
3433 5049 3528 5106 οῦν
3555 5046 3771 5115 ἐπεγνώ-

2116 5142 2368 5213 σθηίὖπδ
2413 5141 2508 5195 τοῦ
2547 5142 2702 5205 Θεοῦ.
2744 5143 2778 5214 ἢ
2823 5143 2926 5196 ὑπὸ
2975 5143 3084 5198 τῶν
3121 5141 3477 5213 οἰκονομιῶν;
3514 5137 3645 5192 Ὑπὸ
3683 5130 3770 5186 τοῦ

2112 5231 2247 5284 Θεοῦ
2279 5229 2516 5302 δηλονὰτι
2540 5247 2554 5262 ο
2594 5230 2784 5283 τοῦτον
2813 5226 2908 5285 οὖν
2939 5233 3028 5285 καὶ
3061 5233 3126 5285 ἐκ
3153 5231 3350 5302 μέρους
3392 5225 3662 5296 γινώσκει.
3679 5222 3770 5274 Ἐκ

2110 5329 2332 5398 μέρους
2357 5329 2414 5380 δὲ
2443 5324 2615 5391 εἶπεν,
2641 5326 2739 5396 οὐχ
2770 5327 2851 5380 ὅτι
2881 5327 2940 5380 τὸ
2972 5328 3070 5397 μὲν
3092 5325 3256 5380 αὐτοῦ
3280 5325 3380 5395 τῆς
3411 5321 3596 5382 οὐσίας
3619 5312 3770 5386 γινώ-

2117 5434 2254 5481 σκει,
2280 5416 2341 5469 τὸ
2377 5416 2432 5468 δὲ
2461 5415 2647 5485 ἀγνοεῖ
2685 5414 2923 5486 (ἁπλοῦς
2949 5414 3057 5486 γάρ
3083 5417 3112 5468 6
3135 5414 3320 5482 Θεός)ο
3354 5409 3470 5464 ἀλλ’
3498 5403 3677 5474 ἐπειδὴ
3695 5400 3770 5453 δτι

2177 5661 2204 5698 α
2231 5658 2325 5706 Mii
2350 5659 2436 5720 ὅρα
2454 5660 2555 5714 πῶς
2573 5659 2626 5706 τὸ
2649 5660 2816 5720 μέλλον
2836 5659 3083 5707 ἀπέκλεισε
3109 5659 3190 5714 τήν
3213 5657 3442 5714 διήγησιν·
3469 5649 3546 5697 καὶ
3571 5649 3594 5694 ὁ
3617 5644 3710 5706 μέν·

2183 5725 2204 5749 ε
2237 5722 2368 5768 l'nus
2391 5721 2538 5767 habet
2561 5723 2826 5781 συγκροτεῖ.
