4050 6160
267 286 365 342 ἵυό

261 402 418 457 .nites
444 417 551 457 non
587 416 838 467 manere,
867 416 1002 473 quos
1039 417 1066 456 a
1096 405 1358 474 principio
1395 406 1669 461 constituit
1695 406 1846 462 nobis

261 507 423 548 nens.
454 494 545 548 Sic
572 502 624 548 et
649 493 817 548 Adam
847 508 941 565 spe
974 495 1247 564 amplioris
1269 538 1284 563 ,
1312 512 1471 567 quem
1502 498 1731 554 habebat
1758 500 1853 554 bo-

260 599 447 638 norem
471 583 722 653 perdidit.
754 584 983 654 ldipsum
1009 595 1062 640 et
1088 587 1261 643 avaris
1285 588 1512 643 accidit:
1538 591 1686 644 multi
1711 606 1854 659 same

262 676 467 745 majora
490 677 792 746 cupientes,
821 680 1100 747 praesentia
1125 680 1437 735 amiserunt.
1471 681 1667 736 Eodem
1696 682 1854 736 modo

261 777 316 822 et
340 768 428 822 isti
457 768 586 822 dum
615 783 674 822 se
698 777 866 822 totum
896 767 983 824 hic
1007 770 1219 839 assequi
1246 785 1404 840 posse
1432 781 1679 841 sperant,
1706 782 1856 842 parte

262 873 476 927 quoque
502 858 589 912 illa
616 858 890 912 excidunt.
914 859 1270 926 Quamobrem
1297 859 1486 916 hortor
1510 877 1694 918 eorum
1718 863 1857 916 iusa-

263 954 403 1005 niam
446 950 969 1022 l'ugiatiszextrcmzn
1015 954 1210 1025 quippe
1256 954 1475 1009 insania:
1517 965 1599 1010 est
1638 964 1855 1010 conten-

264 1043 392 1099 dere
419 1044 461 1107 ³,
483 1043 611 1114 quid
644 1044 783 1099 Deus
807 1044 1098 1097 substantia
1132 1044 1202 1097 sit
1230 1059 1287 1097 se
1318 1044 1481 1112 probe
1508 1044 1740 1101 scire.Ut
1764 1060 1860 1098 au-

268 1146 373 1189 tem
412 1135 557 1189 scias
602 1134 656 1189 id
697 1142 951 1189 extretna:
992 1135 1275 1190 dementiae
1314 1149 1471 1201 esse,
1514 1151 1543 1189 a
1588 1135 1861 1206 prophetis

264 1225 665 1281 demonstrabo.
708 1224 986 1294 Propheta:
1020 1227 1218 1295 quippe
1254 1242 1358 1278 nou
1388 1225 1547 1279 modo
1574 1227 1698 1295 quid
1728 1228 1857 1281 sub-

265 1316 464 1368 stantia
490 1315 560 1368 sit
588 1316 835 1383 igunt-are
863 1316 1123 1379 videntur,
1150 1315 1246 1371 sed
1269 1316 1411 1370 etde
1436 1316 1692 1386 sapientia
1719 1318 1858 1386 ejus,

268 1418 466 1475 quanta
483 1407 686 1461 scilicet
704 1408 793 1470 sit,
822 1410 1022 1460 luerent
1046 1426 1058 1459 :
1084 1423 1404 1477 quamquam
1424 1424 1526 1461 non
1552 1424 1580 1460 a
1604 1410 1859 1477 sapientia

268 1501 602 1566 substantia,
631 1500 725 1554 sed
752 1516 781 1553 a
809 1501 1102 1555 snbstantia
1128 1501 1385 1571 sapientia
1411 1502 1499 1557 sit.
1529 1501 1658 1556 Cum
1684 1512 1859 1555 autem

270 1608 336 1646 ne
377 1592 517 1645 hanc
557 1591 771 1660 quidem
816 1594 1087 1661 proplictzl‘
1128 1601 1375 1647 accurate
1404 1607 1594 1662 capere
1623 1595 1858 1660 possint,

269 1695 485 1753 quanta:
505 1684 789 1738 dementius
814 1684 967 1739 fuerit
988 1686 1293 1739 existimare
1308 1687 1608 1755 quempiatn
1632 1700 1691 1741 se
1710 1702 1864 1754 posse

269 1776 442 1843 ipsam
470 1776 823 1829 substantiam
848 1774 1076 1845 propriis
1106 1775 1369 1845 subjicere
1401 1777 1729 1832 ratiociniis?
1755 1779 1863 1831 An-

269 1866 482 1920 diamus
518 1866 679 1935 igitur
714 1866 843 1935 quid
881 1866 949 1921 de
981 1867 1067 1920 illa
1114 1868 1367 1935 propheta
1397 1867 1539 1922 dicat
1567 1886 1580 1921 :
1610 1867 1863 1922 Mirabilis

273 1962 408 2026 facta
436 1968 511 2011 est
535 1958 745 2011 scientia
771 1969 858 2011 tua
882 1974 944 2012 ex
973 1975 1049 2012 me
1075 1958 1253 2029 (Psal.
1290 1960 1410 2013 158.
1441 1960 1535 2029 6).
1568 1959 1659 2014 Vel
1693 1962 1866 2029 potius

273 2050 434 2103 altius
456 2064 764 2105 sermonem
791 2058 1087 2118 repetamus
1117 2068 1129 2102 :
1164 2048 1447 2118 Conﬁtcbor
1471 2050 1556 2103 tibi
1576 2051 1693 2121 quia
1722 2052 1866 2104 terri-

277 2139 442 2193 biliter
465 2141 823 2210 magniﬁcatus
844 2156 896 2194 es
922 2139 939 2206 (
971 2138 1051 2193 Ib.
1080 2156 1126 2193 υ.
1162 2140 1284 2208 14).
1313 2140 1445 2207 Quid
1478 2151 1553 2196 est
1586 2142 1736 2207 illud,
1766 2153 1865 2195 ter-

274 2230 486 2283 ribiliter
507 2230 534 2282 Ρ
561 2230 719 2283 Multa
752 2246 891 2284 nunc
920 2231 1195 2295 miramur,
1224 2231 1315 2285 sed
1346 2247 1449 2285 non
1477 2246 1597 2286 cum
1631 2233 1820 2287 timore
1850 2248 1864 2296 ;

277 2323 423 2377 verbi
450 2322 621 2392 gratia
652 2321 1018 2377 columnarum
1057 2324 1540 2394 pulchritudinem.
1586 2326 1867 2395 ﬁgurarum

279 2413 539 2481 picturam
566 2414 588 2445 '
613 2453 631 2480 ,
662 2413 824 2469 ﬂores
870 2429 1154 2484 corporum
1188 2434 1202 2471 :
1237 2416 1493 2471 miramur
1536 2418 1663 2472 item
1708 2420 1868 2473 maris

278 2504 721 2573 magnitudinem,
740 2506 1136 2576 immensosque
1149 2508 1404 2577 gurgites,
1424 2509 1517 2563 sed
1538 2523 1659 2563 cum
1682 2511 1869 2565 timore

279 2595 492 2664 quando
512 2596 924 2665 profunditatem
945 2597 1059 2667 ejus
1085 2599 1415 2668 inspicimus.
1434 2600 1523 2653 Sic
1542 2599 1718 2670 itaque
1742 2614 1868 2669 pro-

282 2687 436 2756 pheta
469 2689 523 2743 in
560 2698 770 2743 vastum
797 2697 851 2744 et
883 2690 1202 2745 immensum
1236 2691 1326 2745 Dei
1357 2692 1629 2760 sapientiae
1658 2694 1870 2763 pelagus

280 2781 574 2850 inspiciens
599 2820 615 2847 ,
643 2796 743 2837 ceu
772 2784 1029 2852 vertigine
1053 2792 1239 2852 captus
1263 2825 1280 2847 ,
1311 2800 1430 2838 cum
1464 2784 1652 2840 timore
1679 2800 1872 2855 magno

280 2882 508 2943 stupens
557 2874 780 2927 recessit
829 2873 1068 2929 clamans
1091 2914 1107 2939 ,
1137 2873 1421 2943 Con/itebor
1449 2875 1557 2939 tibi,
1578 2877 1696 2945 quia
1724 2877 1871 2929 terri-

280 2966 443 3020 biliter
468 2968 824 3037 magniﬁcatus
852 2984 924 3035 es,
951 2969 1201 3023 mirabilia
1223 2986 1376 3041 opera
1402 2981 1524 3038 tua;
1546 2985 1609 3026 ac
1635 2986 1869 3034 rursum,

287 3057 336 3110 11
343 3057 538 3112 irabilis
563 3058 700 3127 facta
728 3069 803 3111 est
829 3060 1035 3113 scientia
1064 3070 1150 3114 tua
1173 3077 1235 3115 ea:
1262 3078 1360 3128 me,
1382 3067 1671 3133 confortata
1714 3071 1805 3126 est,
1829 3074 1874 3115 et

285 3163 380 3201 non
404 3158 581 3219 potero
609 3149 677 3201 ad
702 3166 813 3201 eam
835 3147 939 3220 (Ib.
961 3166 1009 3204 υ.
1027 3148 1113 3221 6).

352 3237 478 3290 Non
507 3238 787 3293 substantia
814 3238 910 3293 Dei
936 3249 1129 3294 tantum
1148 3280 1163 3307 ,
1198 3241 1286 3295 sed
1324 3242 1470 3295 etiam
1495 3243 1741 3311 sapientia
1767 3244 1877 3312 ejus

290 3326 558 3398 l'raphetis
601 3329 1140 3400 imomprebensibilis.
1177 3332 1401 3387 —Vide
1444 3340 1652 3402 gratum
1694 3333 1874 3387 famuli

284 3420 519 3474 animum
546 3437 560 3475 :
590 3419 712 3475 Ideo
734 3421 934 3490 gratias
959 3421 1050 3476 tibi
1072 3435 1193 3491 ago,
1217 3422 1406 3491 inquit,
1433 3424 1553 3492 quia
1579 3423 1876 3493 incompre-

284 3510 599 3566 hensibilem
623 3512 793 3567 habeo
815 3513 1113 3567 Dominum.
1134 3513 1251 3568 Non
1270 3514 1339 3569 de
1363 3515 1660 3570 substantia
1686 3516 1771 3570 hic
1793 3516 1873 3571 lo-

283 3603 496 3671 quitur:
516 3603 568 3657 id
593 3605 759 3670 enim,
780 3606 931 3675 quasi
954 3605 1009 3660 in
1030 3606 1274 3661 confesso
1299 3617 1441 3662 esset
1467 3608 1876 3678 incomprehen-

284 3694 438 3748 sibile
465 3709 606 3760 esse,
631 3698 1000 3765 praetermisit:
1021 3697 1114 3751 sed
1134 3698 1214 3752 bis
1237 3697 1472 3753 declarat
1497 3699 1662 3753 Deum
1683 3699 1878 3769 ubique

285 3799 405 3839 isse
424 3825 439 3849 ,
465 3787 757 3841 ostendens
790 3801 849 3842 se
875 3803 1046 3858 neque
1070 3803 1260 3857 capere
1288 3804 1443 3859 posse
1465 3789 1733 3859 quomodo
1761 3790 1880 3844 ubi-

286 3892 389 3946 que
412 3878 502 3932 sit.
529 3877 664 3933 Nam
684 3880 825 3950 quod
854 3880 952 3936 hac
979 3881 1045 3937 de
1072 3898 1130 3936 re
1155 3883 1399 3953 loquatur
1418 3883 1541 3937 audi
1572 3883 1623 3937 in
1655 3898 1882 3953 sequen-

289 3969 428 4023 tibus
460 3988 473 4022 :
505 3970 567 4026 Si
593 3973 862 4026 ascendere
892 3973 943 4026 in
968 3975 1168 4039 cwlum,
1199 3985 1251 4028 tu
1276 3974 1381 4028 illic
1406 3990 1490 4039 es;
1514 3976 1557 4029 si
1581 3976 1882 4029 descendere

287 4060 341 4113 in
367 4061 657 4129 infernum,
696 4063 838 4118 ades.
872 4064 1052 4119 Viden‘
1091 4067 1360 4136 quomodo
1388 4068 1580 4136 ubique
1610 4067 1785 4122 adsit?
1814 4068 1882 4121 At

290 4152 391 4207 hoc
421 4153 680 4223 prOpheta
708 4169 814 4209 non
845 4157 992 4211 novit
1016 4197 1031 4221 ,
1073 4156 1165 4211 sed
1196 4158 1419 4227 caligine
1445 4156 1688 4227 perfusus
1715 4158 1883 4212 hmret

291 4252 345 4297 et
380 4245 533 4298 timet
560 4243 645 4297 vel
676 4259 741 4299 ex
778 4247 887 4315 ipsa
925 4247 1003 4302 rei
1038 4246 1381 4317 cogitatione.
1417 4248 1697 4316 Quomodo
1726 4249 1883 4317 igitur

292 4349 395 4387 non
426 4349 655 4389 summa:
684 4334 967 4391 dementia:
994 4338 1153 4393 fuerit
1175 4378 1190 4401 ,
1220 4353 1314 4393 eos
1338 4339 1426 4408 qui
1452 4339 1520 4394 ab
1548 4340 1686 4393 illius
1713 4340 1881 4409 gratia

292 4434 493 4479 tantum
512 4428 707 4480 absunt
727 4426 893 4496 ipsam
919 4428 1008 4483 Dei
1031 4429 1377 4484 substantiam
1394 4431 1600 4485 curiose
1619 4430 1885 4484 scrutari?

296 4515 358 4569 Iit
385 4524 565 4570 ωηιξη
609 4516 698 4572 hic
738 4518 851 4587 ipse
884 4527 967 4572 est
1009 4519 1264 4588 propheta
1300 4519 1388 4589 qui
1429 4520 1577 4586 dicit,
1606 4518 1812 4573 Incerta
1838 4528 1884 4573 et

294 4610 487 4662 occulta
509 4610 776 4678 sapientia:
803 4626 903 4665 tua:
927 4612 1257 4683 manifestasti
1284 4612 1408 4666 mihi
1436 4612 1455 4683 (
1479 4610 1622 4666 Psal.
1646 4612 1736 4667 50.
1778 4611 1812 4667 8
1840 4611 1881 4683 ).

296 4702 544 4754 Attamen
572 4714 692 4754 cum
725 4701 925 4756 incerta
963 4712 1017 4758 et
1050 4705 1254 4757 occulta
1297 4703 1571 4773 sapientia:
1613 4703 1728 4773 ejus
1766 4703 1884 4759 edi-

292 4791 545 4858 dicisset,
584 4792 729 4846 illam
769 4794 936 4861 ipsam
974 4795 1104 4849 dicit
1137 4795 1449 4849 immensam
1487 4804 1543 4850 et
1580 4796 1885 4866 incompre-

295 4880 611 4937 hensibilem
643 4897 784 4938 esse.
824 4883 956 4938 Nam
995 4901 1209 4956 magnus
1252 4884 1532 4951 Dominus,
1582 4886 1794 4956 inquit,
1839 4897 1885 4940 et

299 4986 487 5043 magna
510 4974 670 5028 uirtus
689 4975 799 5046 ejus
814 5016 831 5041 ,
857 4986 902 5029 et
928 4976 1273 5047 intelligentia:
1296 4978 1405 5049 ejus
1429 4995 1530 5033 non
1554 4989 1626 5033 est
1647 4995 1885 5033 numerus

294 5064 311 5132 (
336 5062 486 5118 Psal.
520 5065 636 5119 144.
669 5066 705 5120 5
726 5067 779 5136 );
808 5065 859 5120 id
886 5076 1002 5134 est,
1038 5082 1145 5123 non
1187 5078 1270 5125 est
1295 5071 1718 5140 comprehensio.
1749 5070 1886 5139 Quid

291 5154 462 5210 dicis?
488 5156 750 5225 sapientia
779 5157 879 5226 ipsi
908 5159 1180 5229 prepheta:
1198 5161 1755 5230 incomprehensibilis
1779 5172 1882 5227 est,

291 5254 346 5300 et
371 5247 672 5302 substantia
703 5249 858 5304 nobis
886 5259 970 5306 est
997 5254 1533 5323 comprehensibilis?
1563 5269 1742 5308 annon
1772 5256 1886 5309 tunc

290 5346 475 5406 aperta
502 5337 712 5393 insania
730 5340 851 5395 est?
903 5338 1216 5411 magnitudo
1254 5346 1371 5414 ejus
1391 5359 1496 5398 non
1520 5344 1679 5399 habet
1707 5349 1887 5399 termi-

292 5445 445 5497 num,
478 5440 528 5486 et
559 5438 616 5486 tu
644 5430 998 5489 substantiam
1027 5435 1142 5504 ejus
1165 5435 1602 5492 circumscribis?

359 5631 374 5660 ι
411 5635 513 5678 Duo
538 5638 667 5694 Mss,
691 5629 928 5682 insaniam
947 5632 1077 5684 enim
1097 5636 1244 5686 credo
1281 5639 1565 5694 extremam,
1583 5636 1883 5686 contendere.

346 5693 376 5761 f
408 5692 639 5761 Morelet
662 5693 858 5754 quidam
895 5703 1022 5756 Mss,
1056 5696 1325 5761 ﬁgurarum
1364 5692 1617 5760 picturam,
1660 5697 1798 5748 Savil.
1834 5704 1886 5747 et

300 5753 391 5810 alit,
417 5754 663 5816 parit-tum
684 5753 942 5815 picturam.

1202 285 1289 340 DE
1330 283 2005 343 lNCOMPREllE'NSIB’LI
2043 288 2157 344 DEI
2195 287 2497 344 NA'I'URA.
2541 287 2583 343 l.

3438 295 3545 351 70C

2031 406 2085 461 5.
2127 405 2253 461 Haec
2278 406 2440 461 Isaias
2475 421 2684 476 quoque
2724 407 3191 477 philompbabatur
3217 411 3302 469 his
3328 414 3503 470 verbis
3533 430 3548 466 :

1961 496 2342 552 Geuerationem
2358 499 2469 567 ejus
2482 498 2591 567 quis
2607 500 2857 552 enarrabit
2871 498 3020 571 (lsai.
3040 502 3128 556 55.
3147 502 3205 573 8)
3221 504 3245 557 'i
3259 503 3375 559 Non
3388 504 3542 568 dixit,

1958 590 2089 658 Quis
2117 592 2369 646 enarrat?
2394 590 2510 657 sed,
2534 591 2660 658 Quis
2684 593 2955 658 enarrabit,
2985 606 3041 648 ut
3065 595 3299 650 futurum
3329 611 3547 666 prorsus

1960 681 2265 737 excluderet
2282 684 2322 733 ι.
2350 681 2515 736 David
2531 681 2745 750 quidem
2765 681 2860 746 ait,
2880 684 3130 739 Mirabilts
3145 686 3280 756 facta
3293 698 3368 742 est
3381 687 3548 742 scien-

1963 772 2033 825 tia
2045 780 2132 826 tua
2146 787 2208 826 ea:
2221 787 2299 825 me
2318 770 2628 841 (Psal.158.
2647 772 2724 843 6);
2744 772 2904 827 Isaias
2921 789 3048 829 vero
3064 790 3169 829 non
3189 790 3215 829 a
3233 776 3407 846 seipso
3430 786 3548 831 tan-

1964 872 2096 926 tum,
2129 861 2222 916 sed
2251 876 2280 914 a
2306 871 2412 915 tota
2441 861 2672 917 humana
2698 872 2883 918 natura
2911 865 3048 919 hanc
3070 866 3425 921 narrationem
3456 880 3546 922 se-

1962 953 2100 1008 elndi
2120 954 2286 1007 ait.At
2308 952 2580 1009 videamus
2598 969 2722 1008 num
2741 954 2956 1022 Paulus,
2975 964 3158 1025 utpote
3180 957 3435 1025 majorem
3455 972 3548 1012 na-

1964 1053 2081 1099 etus
2098 1045 2342 1116 gratiam,
2360 1044 2411 1099 id
2430 1045 2655 1101 noverit.
2676 1045 2769 1100 llic
2788 1060 2918 1102 sane
2935 1056 3018 1102 est
3033 1049 3121 1117 qui
3143 1047 3291 1111 dicit,
3311 1047 3393 1102 Ea:
3410 1058 3552 1116 parte

1964 1135 2330 1205 cognoscimus,
2348 1145 2394 1189 et
2409 1152 2471 1189 ea:
2483 1146 2624 1205 parte
2638 1136 2996 1205 propltetamus
3009 1137 3056 1209 (l
3071 1176 3085 1191 .
3104 1137 3222 1193 Cor.
3243 1140 3328 1193 1⁸5.
3348 1137 3425 1210 9).
3442 1138 3519 1194 Ne
3530 1169 3546 1179 -

1960 1222 2071 1294 huc
2093 1224 2178 1280 hic
2205 1234 2440 1289 tantum,
2466 1225 2558 1279 sed
2583 1226 2707 1280 alibi
2734 1241 2945 1295 quoque
2965 1265 2982 1292 ,
3012 1243 3116 1281 non
3143 1228 3210 1283 de
3231 1229 3548 1289 substantia,

1965 1316 2059 1372 sed
2093 1315 2161 1370 de
2198 1316 2457 1385 sapientia
2506 1316 2731 1386 loquens
2783 1317 2901 1379 illa,
2952 1333 3072 1386 qure
3116 1318 3168 1371 in
3216 1317 3550 1387 providentia

1965 1407 2309 1476 COIISpiCllUI‘,
2337 1422 2440 1461 non
2463 1407 2529 1461 de
2557 1407 2857 1469 universali,
2882 1422 2984 1477 qua
3011 1407 3231 1476 angelis,
3257 1407 3552 1477 archange-

1965 1499 2030 1554 lis
2057 1510 2111 1554 et
2138 1500 2384 1568 superuis
2415 1499 2771 1553 Potestatibns
2804 1500 3059 1568 prospicit
3082 1540 3095 1563 ,
3128 1499 3223 1554 sed
3254 1500 3396 1553 illam
3425 1514 3552 1569 pro-

1969 1593 2215 1646 videntize
2244 1603 2448 1660 partem
2478 1593 2786 1661 expendens
2810 1634 2825 1658 ,
2858 1608 2960 1661 qua
2998 1591 3302 1645 hominibus
3332 1593 3383 1645 in
3414 1601 3553 1647 terra

1967 1684 2226 1753 providet.
2258 1683 2439 1753 Neque
2470 1692 2643 1738 tamen
2672 1682 2809 1737 hanc
2834 1692 2999 1737 totam
3026 1683 3316 1745 examinat,
3342 1699 3443 1753 qua
3467 1698 3556 1738 so-

1969 1778 2072 1831 lem
2105 1776 2230 1829 oriri
2271 1775 2391 1830 facit
2411 1816 2428 1842 ,
2468 1792 2568 1843 qua
2595 1776 2799 1830 animas
2827 1777 3065 1844 inspirat,
3096 1792 3198 1846 qua
3226 1791 3449 1845 corpora
3475 1776 3556 1829 ef-

1969 1867 2180 1929 l'ormat,
2208 1881 2312 1935 qua
2342 1866 2582 1919 homines
2609 1866 2703 1919 alit
2732 1868 2783 1919 in
2814 1874 2975 1932 terra,
3004 1882 3106 1936 qua
3135 1866 3389 1921 mundum
3421 1882 3557 1921 con-

1970 1966 2148 2013 servat
2171 1960 2213 2021 ²,
2236 1974 2337 2027 qua
2383 1973 2612 2011 annuam
2674 1958 2874 2027 praebet
2907 1973 3081 2014 escam
3104 1999 3119 2024 ,
3145 1959 3238 2013 sed
3273 1959 3355 2013 his
3382 1958 3559 2013 missis

1970 2050 2237 2115 omnibus,
2265 2063 2497 2117 expensa
2536 2048 2761 2118 quadam
2801 2049 3007 2103 modica
3054 2048 3400 2118 providentia:
3441 2049 3559 2119 ejus

1972 2149 2141 2206 parte,
2184 2155 2284 2208 qua
2320 2139 2533 2194 Judzeos
2572 2140 2747 2209 cjeeit,
2782 2140 3109 2210 gentilesque
3138 2142 3372 2205 recepit,
3400 2151 3454 2197 et
3490 2142 3557 2196 ad

1971 2231 2113 2284 illius
2142 2231 2313 2285 solum
2343 2232 2509 2300 partis
2526 2232 2675 2301 quasi
2705 2231 2771 2286 ad
2804 2232 3051 2286 immensi
3084 2233 3252 2302 pelagi
3282 2240 3555 2301 aspectum

1972 2322 2194 2391 caligine
2228 2322 2487 2391 repletus.
2519 2337 2583 2377 ae
2609 2322 2652 2376 si
2684 2331 2890 2375 vastum
2920 2323 3181 2392 gurgitem
3223 2322 3512 2391 inSpiceret
3538 2364 3554 2386 ,

1972 2416 2146 2468 statim
2179 2415 2387 2479 resiliit,
2414 2422 2468 2469 et
2495 2429 2627 2469 voce
2654 2429 2842 2484 magna
2868 2414 3148 2467 clamavit:
3176 2412 3220 2466 0
3240 2413 3453 2467 altitudo
3480 2415 3559 2467 di-

1972 2504 2205 2557 vitiarum
2235 2505 2497 2573 sapientia:
2519 2515 2565 2557 et
2590 2506 2811 2558 scientiis
2849 2502 2978 2570 Dei,
3019 2521 3169 2574 quant
3213 2504 3558 2558 inscrutabilia

1973 2604 2090 2647 sunt
2122 2594 2323 2666 judicia
2352 2596 2459 2666 ejus
2490 2597 2507 2665 (
2533 2593 2682 2648 Rom.
2716 2596 2804 2648 Η.
2834 2596 2903 2649 ’55
2924 2595 2975 2663 )!
3008 2594 3123 2648 Non
3154 2593 3320 2656 dixit,
3352 2593 3558 2648 Incom-

1974 2685 2369 2754 prcliensibilia,
2396 2684 2512 2751 sed,
2538 2684 2897 2739 Inscrutabilia
2923 2700 2941 2738 :
2967 2684 3106 2754 quod
3131 2683 3173 2738 si
3202 2684 3422 2737 scrutari
3453 2698 3557 2736 non

1978 2776 2262 2845 possimus,
2290 2777 2455 2830 multo
2483 2776 2657 2830 minus
2684 2773 3136 2845 comprehendere
3161 2788 3461 2842 possumus.
3490 2771 3559 2827 Et

1976 2865 2341 2935 investigabiles
2366 2866 2461 2919 via:
2485 2868 2612 2935 ejus.
2644 2864 2757 2919 Vite
2787 2867 2902 2934 ejus
2932 2864 3347 2934 investigabiles,
3367 2874 3420 2919 et
3446 2866 3559 2934 ipse

1978 2956 2472 3027 comprehensibilis
2496 3000 2510 3020 ,
2544 2958 2630 3011 dic
2671 2956 2844 3011 mihi?
2887 2957 3085 3027 Ecquid
3115 2958 3181 3011 de
3211 2958 3310 3010 viis
3334 2958 3564 3027 loquor?

1978 3050 2200 3104 Prmmia
2232 3051 2382 3105 nobis
2408 3051 2638 3119 reposita
2666 3051 3219 3121 incomprehensibilia
3246 3062 3401 3106 sunt:
3427 3050 3563 3107 Ocu-

1979 3141 2057 3194 lus
2087 3142 2228 3195 enim
2256 3158 2353 3195 non
2380 3142 2524 3207 vidit,
2558 3159 2645 3196 nec
2674 3143 2812 3197 auris
2836 3143 3057 3199 audivit.
3090 3159 3179 3196 nec
3203 3143 3256 3195 in
3283 3160 3370 3195 cor
3394 3143 3559 3195 Itami-

1980 3234 2057 3287 nis
2084 3234 2437 3295 ascenderunt,
2479 3250 2592 3305 quae
2631 3235 2932 3305 prteparavit
2977 3234 3113 3288 Deus
3152 3233 3471 3305 diligentibus
3510 3251 3562 3288 se

1981 3325 2056 3393 (l.
2082 3324 2199 3378 Cor.
2228 3326 2281 3378 9..
2315 3324 2406 3395 9).
2438 3325 2543 3380 Sed
2570 3326 2765 3380 donum
2797 3325 2911 3395 ejus
2941 3325 3291 3380 inenarrabile
3320 3342 3332 3378 :
3361 3323 3563 3378 Gratias

1979 3416 2120 3471 enim
2152 3414 2256 3467 Deo
2280 3457 2296 3482 ,
2326 3417 2511 3486 inquit,
2545 3416 2607 3470 de
2631 3416 2957 3471 inenarrabili
2987 3417 3095 3488 ejus
3139 3416 3272 3469 dono
3317 3416 3335 3483 (
3362 3416 3417 3469 '2.
3443 3414 3564 3469 Cor.

1979 3503 2033 3560 9.
2055 3506 2165 3571 15);
2190 3516 2262 3572 et,
2288 3505 2402 3559 Pax
2421 3508 2528 3577 ejus
2546 3516 2748 3575 superat
2767 3524 2963 3561 onmem
2979 3507 3282 3561 intellectum
3302 3506 3563 3577 (Philipp.

1981 3596 2034 3649 4.
2064 3597 2142 3665 7).
2171 3596 2303 3663 Quid
2330 3597 2429 3663 ais,
2453 3598 2647 3667 judicia
2674 3599 2790 3668 ejus
2815 3598 3195 3662 inseratabilia,
3222 3598 3321 3653 via:
3340 3598 3455 3668 ejus
3483 3600 3564 3653 in-

1982 3688 2318 3758 vestigahiles
2342 3730 2357 3755 ,
2405 3704 2505 3758 pax
2532 3689 2647 3759 ejus
2686 3698 2903 3760 superat
2939 3704 3151 3743 onmem
3191 3689 3514 3745 intellectum
3543 3729 3560 3754 ,

1982 3778 2177 3834 denunt
2206 3779 2556 3835 inenarrabile
2580 3790 2681 3845 est,
2704 3797 2822 3850 quae
2844 3781 3157 3852 prd'pnravit
3185 3780 3324 3836 Deus
3345 3780 3569 3850 diligen—

1985 3870 2123 3924 tibus
2147 3884 2223 3935 se,
2253 3870 2305 3923 in
2332 3885 2424 3924 cor
2454 3870 2685 3926 hominis
2713 3887 2817 3925 non
2843 3872 3216 3937 aseenderunt,
3240 3870 3532 3941 magnitudi
3557 3906 3563 3911 -

1985 3963 2066 4016 nis
2090 3963 2204 4033 ejus
2225 3979 2329 4017 non
2352 3972 2432 4018 cst
2459 3963 2599 4029 linis,
2620 3964 2912 4033 prudentia:
2932 3965 3045 4032 ejus
3064 3978 3167 4018 non
3190 3973 3272 4018 est
3293 3977 3566 4022 numerus.

1984 4056 2162 4109 omnia
2189 4054 2768 4126 incomprehensibilia,
2798 4057 2911 4125 ipse
2939 4056 3085 4109 solus
3114 4053 3566 4124 comprehensibi-

1983 4146 2089 4200 lis?
2108 4148 2289 4217 ecquis
2311 4148 2396 4202 hic
2412 4156 2493 4203 est
2519 4147 2709 4202 furoris
2727 4148 3012 4203 excessus?
3030 4147 3219 4202 Retine
3237 4146 3567 4209 hmreticum,

1986 4253 2056 4293 ne
2081 4240 2225 4293 sinas
2249 4240 2396 4294 abire
2420 4258 2433 4294 :
2458 4240 2562 4306 die,
2585 4240 2719 4308 Quid
2743 4242 2815 4294 ait
2843 4240 3079 4295 Paulus?
3101 4238 3185 4293 Ea:
3210 4249 3353 4309 parte
3379 4254 3569 4309 cogno-

1986 4328 2192 4382 scimus.
2231 4328 2346 4383 Non
2384 4329 2453 4384 de
2499 4328 2792 4383 substantia
2816 4372 2830 4396 ,
2873 4330 3078 4400 inquit,
3112 4327 3166 4384 id
3194 4328 3353 4396 dicit,
3385 4327 3478 4383 sed
3505 4327 3571 4382 de

1987 4418 2486 4490 dispensationibus.
2500 4422 2730 4491 Optime,
2744 4422 2789 4477 si
2807 4422 2873 4475 de
2892 4420 3375 4491 dispensationibns
3394 4435 3574 4475 sermo

1988 4518 2150 4577 esset,
2185 4510 2355 4581 major
2385 4511 2539 4567 nobis
2568 4521 2777 4581 pateret
2807 4511 2872 4566 ad
2902 4512 3180 4566 victoriam
3209 4510 3416 4565 aditus:
3449 4526 3574 4565 nam

1988 4603 2031 4656 si
2057 4604 2480 4675 dispensationes
2506 4605 3072 4676 incomprehensibiles
3096 4614 3240 4672 sunt,
3269 4605 3437 4659 multo
3461 4620 3573 4658 ma-

1988 4699 2068 4768 gis
2111 4699 2222 4767 ipse
2261 4715 2274 4751 :
2315 4696 2454 4768 quod
2499 4707 2674 4752 autem
2717 4696 2805 4753 hic
2849 4713 2953 4752 non
2989 4696 3059 4752 de
3091 4694 3576 4766 dispensationibtn;

1991 4790 2259 4859 loquatur,
2292 4789 2383 4844 sed
2411 4789 2476 4844 de
2503 4790 2617 4859 ipso
2641 4790 2747 4843 Deo
2768 4831 2784 4856 ,
2815 4789 2936 4844 audi
2962 4804 3078 4859 qua:
3099 4796 3412 4857 sequuntur.
3439 4785 3572 4841 Cum

1990 4882 2132 4937 enim
2162 4880 2382 4936 dixisset
2405 4922 2419 4944 ,
2451 4880 2536 4935 Ea:
2563 4890 2704 4952 parte
2726 4881 3093 4952 cognoscimus,
3123 4888 3170 4935 et
3196 4894 3258 4933 ea:
3283 4888 3428 4949 parte
3454 4892 3576 4947 pro-

1992 4975 2272 5044 phetamus,
2301 4975 2496 5039 intulit,
2529 4974 2681 5029 Nunc
2705 4990 2952 5045 cognosco
2972 4989 3036 5028 ea:
3058 4982 3198 5043 parte
3220 5014 3236 5038 ,
3261 4980 3380 5025 tunc
3402 4978 3571 5022 autem

1992 5085 2286 5141 cognoscant
2312 5070 2441 5123 sicut
2468 5078 2515 5122 et
2543 5070 2773 5139 cognitus
2799 5084 2932 5123 sunt.
2957 5067 2997 5121 Α
3028 5081 3133 5137 quo
3154 5066 3312 5135 igitur
3330 5061 3574 5133 cognitus

1992 5161 2119 5215 est?
2159 5176 2188 5212 a
2237 5161 2345 5215 Deo
2371 5202 2388 5226 ,
2429 5176 2496 5214 an
2540 5176 2567 5213 a
2616 5157 3138 5226 dispensationibus?
3164 5158 3203 5211 A
3247 5156 3358 5211 Deo
3395 5168 3572 5208 sane:

1994 5253 2159 5306 Deum
2188 5252 2344 5322 igitur
2363 5266 2434 5306 ex
2462 5260 2611 5321 parte
2630 5250 2921 5320 cognoscit.
2966 5248 3047 5303 Ea:
3087 5255 3228 5318 parte
3252 5260 3380 5299 vero
3406 5244 3572 5310 dixit,

1994 5358 2100 5397 non
2128 5342 2267 5413 quod
2299 5342 2438 5396 aliud
2473 5356 2540 5397 ex
2582 5341 2700 5412 ejus
2744 5339 3039 5395 substantia
3074 5346 3395 5408 cognoscat,
3426 5333 3572 5390 aliud

1995 5437 2202 5507 ignoret
2227 5434 2247 5506 (
2274 5435 2413 5490 Deus
2431 5434 2575 5490 enim
2602 5433 2827 5503 simplex
2849 5429 2970 5506 est)
2996 5448 3014 5498 ;
3056 5430 3150 5487 sed
3188 5427 3330 5501 quod
3360 5425 3574 5501 quidem

2056 5677 2075 5708 ί
2112 5674 2215 5733 alii,
2233 5674 2341 5724 nde
2364 5674 2596 5736 quornodo
2621 5677 2837 5723 futurum
2860 5671 3211 5725 enarrationem
3233 5668 3512 5720 excluserit.

2058 5762 2078 5791 ί
2115 5766 2240 5807 unus
2261 5758 2429 5819 habet,
2454 5757 2589 5821 regit.
