4050 6160
449 296 552 354 707

449 416 582 470 sciat
620 414 784 471 Deum
814 431 970 485 esse,
998 414 1123 487 quid
1144 425 1320 472 autem
1353 414 1528 486 quoad
1576 414 1927 470 substantiam
1971 415 2041 470 sit

450 516 661 576 Ignoret
683 524 696 563 :
719 506 1026 578 Sapientem
1051 522 1172 562 esse
1195 508 1312 571 scit,
1332 507 1425 562 sed
1451 515 1704 576 quantum
1731 507 1801 561 sit
1827 506 2059 574 sapiens.

451 598 622 653 nescit
660 616 674 654 :
722 614 969 670 magnum
1012 615 1134 654 esse
1183 614 1288 652 non
1333 600 1582 668 ignorat,
1618 605 1873 667 quantum
1914 611 2041 650 vero

452 706 709 761 magnus,
735 700 792 745 et
829 700 1022 760 quanta
1049 690 1118 744 sit
1155 689 1271 759 ejus
1311 688 1617 759 magnitudo
1648 688 1816 742 nescit
1844 704 1859 741 :
1901 689 2039 757 quod

450 783 648 853 ubique
685 787 754 837 sit
798 786 966 846 novit,
1006 799 1112 852 quo
1162 792 1316 853 pacto
1381 792 1558 837 autem
1585 822 1602 848 ,
1657 781 1865 836 nescit:
1901 780 2041 850 quod

458 874 752 943 provideat,
778 873 921 944 quod
946 874 1122 928 omnia
1144 874 1413 929 contineat
1440 882 1495 928 et
1526 883 1771 928 accurate
1800 881 1979 927 servet
1997 873 2038 937 ί,

454 984 558 1021 non
598 969 807 1030 nescit;
844 982 952 1038 quo
978 979 1156 1022 autem
1186 967 1345 1021 modo
1391 967 1442 1021 id
1472 966 1667 1032 faciat,
1698 966 1887 1019 nescit.
1916 965 2042 1018 Ideo

454 1059 705 1126 dicebat,
761 1059 841 1114 Ea:
875 1071 1021 1129 parte
1055 1060 1424 1130 cognoscimus,
1470 1069 1514 1113 et
1538 1075 1602 1113 ea:
1642 1067 1788 1128 parte
1816 1055 2041 1128 prophe-

456 1160 639 1204 tamus.

523 1244 577 1297 6.
620 1244 872 1315 Supernis
900 1245 1051 1299 etiam
1104 1243 1381 1299 Virtutibus
1418 1241 1937 1315 incomprehensibilis
1972 1250 2045 1296 est

458 1336 615 1391 Deus.
647 1366 716 1377 —
743 1337 959 1403 Verum,
985 1337 1029 1391 si
1065 1337 1255 1407 placet,
1299 1336 1519 1391 dimisso
1541 1337 1706 1390 Paulo
1733 1346 1893 1406 atque
1919 1349 2043 1406 pro-

457 1428 629 1497 phetis
652 1469 667 1494 ,
704 1428 1056 1483 ascendamos
1082 1429 1132 1482 in
1161 1428 1329 1484 caelos
1367 1445 1380 1480 :
1423 1445 1488 1481 :m
1528 1428 1661 1482 forte
1698 1428 1930 1496 quipiam
1972 1426 2041 1479 ibi

456 1519 565 1573 sint
596 1519 687 1586 qui
718 1519 808 1573 Dei
840 1519 1187 1572 substantiam
1218 1519 1393 1572 norint
1419 1535 1433 1581 ;
1476 1518 1600 1572 licet
1637 1517 1680 1570 si
1719 1519 1806 1585 qui
1839 1515 1910 1570 ibi
1938 1516 2044 1568 sint

455 1612 542 1679 qui
567 1611 763 1676 norint,
784 1612 911 1664 nihil
941 1626 1224 1666 commune
1254 1610 1528 1664 nobiscum
1548 1610 1743 1664 habent
1763 1628 1776 1663 :
1796 1625 2042 1679 magnum

456 1701 596 1755 enim
624 1701 908 1755 discrimen
940 1702 1158 1771 angelos
1185 1702 1322 1754 inter
1359 1709 1415 1755 et
1453 1700 1715 1755 homines.
1748 1700 1945 1754 Verum
1989 1709 2045 1754 ut

456 1808 522 1846 ex
558 1792 846 1846 abundanti
872 1793 1067 1857 discas,
1101 1793 1301 1847 nullam
1333 1792 1403 1846 ibi
1431 1801 1662 1847 creatam
1688 1792 1946 1847 Virtutem
1990 1790 2044 1845 id

456 1898 613 1938 nosse
642 1925 657 1948 ,
706 1885 848 1952 ipsos
874 1884 1150 1940 audiamus
1193 1884 1434 1954 angelos.
1465 1883 1627 1952 Quid.
1650 1882 1853 1953 igitur?
1881 1898 1949 1937 an
1977 1882 2046 1937 de

455 1974 750 2029 substantia
778 1975 867 2029 illa
885 1975 952 2029 ibi
976 1975 1266 2039 disserunt,
1289 1984 1344 2031 et
1366 1977 1714 2045 quaestionem
1741 1983 1924 2028 mutuo
1951 1974 2045 2027 ha-

458 2066 627 2120 bent?
650 2065 901 2131 Minime;
930 2066 1022 2122 sed
1047 2065 1208 2137 quid?
1234 2066 1561 2131 Glorilicant,
1591 2067 1835 2133 adorant,
1857 2066 2048 2120 trium-

458 2156 634 2227 phalia
657 2166 709 2213 et
738 2159 960 2228 mystica
987 2159 1191 2212 cantica
1235 2168 1493 2229 perpetuo
1520 2167 1717 2212 etcum
1745 2158 1912 2212 multo
1936 2167 2046 2211 tre-

460 2261 608 2301 more
638 2247 887 2300 emittunt
919 2264 933 2300 :
962 2256 1017 2302 et
1049 2248 1137 2303 alii
1163 2249 1378 2318 quidem
1416 2248 1637 2315 dicunt,
1681 2246 1857 2302 Gloria
1884 2249 1937 2301 in
1964 2249 2045 2301 al-

458 2337 662 2392 tissimis
687 2335 798 2391 Deo
828 2337 991 2408 (Luc.
1013 2339 1068 2392 2.
1101 2340 1210 2411 14)
1238 2355 1253 2404 ;
1285 2338 1564 2410 Seraphim
1589 2354 1717 2395 vero
1741 2381 1757 2408 ,
1790 2339 2010 2394 Sanctus
2029 2380 2044 2405 ,

456 2439 681 2496 sumtus,
703 2442 907 2486 sanctus
939 2430 1105 2504 (Isai.
1132 2433 1185 2488 6.
1213 2433 1248 2489 5
1275 2430 1318 2505 ),
1347 2443 1401 2487 et
1426 2432 1608 2486 oculos
1635 2440 1901 2501 avertunt,
1923 2447 2045 2486 cum

463 2522 554 2578 Dei
586 2523 727 2578 illam
754 2527 1253 2596 attemperationem
1284 2543 1350 2581 ne
1378 2526 1523 2582 ferre
1550 2526 1766 2597 quidem
1794 2527 2044 2593 valeant;

456 2612 743 2670 Cherubin:
782 2627 960 2671 autem
985 2658 1001 2684 ,
1037 2616 1311 2673 Benedicta
1343 2618 1508 2690 gloria
1548 2619 1659 2689 ejus
1704 2634 1768 2673 ea;
1807 2618 1915 2673 loco
1940 2620 2049 2690 ejus

459 2706 479 2778 (
505 2706 693 2762 Esech.
724 2708 778 2762 5.
806 2709 873 2764 12
896 2708 936 2781 ).
965 2709 1080 2764 Νοη
1119 2711 1260 2781 quod
1299 2711 1419 2767 loco
1443 2726 1577 2781 Opus
1605 2712 1675 2766 sit
1706 2712 1832 2777 Deo,
1861 2712 1999 2768 absit
2030 2730 2045 2779 ;

458 2797 555 2854 sed
582 2810 638 2853 nt
658 2799 891 2856 humano
917 2817 1066 2858 more
1091 2803 1353 2872 dicamus,
1374 2804 1693 2875 ubicumque
1720 2806 1810 2872 sit,
1833 2816 1887 2862 et
1916 2823 2047 2878 quo-

461 2889 848 2963 modocumque
875 2893 944 2948 sit
972 2910 986 2947 :
1015 2893 1059 2948 si
1089 2904 1262 2948 tamen
1288 2895 1415 2949 illud
1436 2895 1503 2950 de
1526 2896 1634 2951 Deo
1662 2905 1776 2951 tuto
1799 2897 1901 2952 dici
1925 2915 2048 2968 pose

460 2981 577 3049 sit,
623 2982 908 3038 humanam
955 2985 1149 3055 quippe
1197 2986 1431 3056 linguam
1489 2985 1765 3043 habemus.
1795 2983 2051 3042 Vidistin’

462 3082 690 3142 quantus
718 3074 879 3130 timor
905 3076 956 3130 in
986 3078 1151 3141 czelis,
1179 3089 1409 3148 quantus
1433 3091 1768 3149 contemptus
1789 3080 1840 3135 in
1868 3081 2048 3135 terra?

461 3165 538 3220 Illi
569 3167 869 3235 glorificant
889 3209 906 3235 ,
947 3170 998 3223 hi
1027 3171 1236 3226 curiose
1262 3172 1535 3242 inquirunt
1561 3190 1576 3236 ;
1603 3173 1822 3229 laudant
1850 3175 1963 3241 illi,
1994 3175 2045 3227 hi

458 3259 651 3313 multas
680 3271 894 3316 movent
933 3264 1259 3331 qumstiones
1279 3266 1334 3329 ¹;
1360 3265 1434 3319 illi
1468 3265 1649 3320 oculos
1674 3266 1930 3335 obtegunt
1949 3307 1964 3330 ,
1996 3265 2047 3321 hi

459 3348 513 3402 in
540 3349 759 3419 gloriam
789 3351 1196 3406 inenarrabilem
1220 3354 1484 3423 inspicere
1507 3354 1843 3424 impudenter
1857 3371 2050 3410 conan-

461 3448 565 3493 tur.
604 3440 734 3506 Quis
775 3458 881 3496 non
931 3443 1287 3513 ingemuerit?
1316 3447 1434 3514 quis
1474 3462 1578 3500 non
1628 3449 1816 3502 luxerit
1862 3463 2047 3503 eorum

462 3528 721 3584 insaniam
743 3542 1145 3604 extremamque
1168 3537 1453 3590 amentiam
1472 3537 1496 3591 ?
1514 3537 1769 3594 Volebam
1793 3554 1906 3593 rem
1929 3556 2051 3609 pro-

459 3618 617 3676 lixius
650 3637 811 3692 agere
840 3641 853 3676 :
886 3624 980 3678 sed
1005 3624 1219 3695 quando
1261 3642 1402 3682 nunc
1443 3630 1670 3696 prinnnn
1702 3629 1755 3683 in
1788 3629 1901 3684 hare
1926 3646 2047 3685 cer-

459 3713 657 3767 tamina
693 3714 987 3781 descendi,
1026 3732 1056 3771 e
1098 3733 1157 3772 re
1193 3718 1343 3773 vobis
1371 3718 1486 3773 fore
1513 3728 1642 3790 puto
1672 3721 1716 3775 si
1757 3721 2050 3792 prmmissis

456 3805 692 3858 c0ntenti
738 3805 853 3860 sitis
873 3848 888 3872 ,
928 3822 994 3862 ne
1023 3822 1208 3862 eorum
1236 3825 1355 3879 qua:
1379 3810 1602 3864 dicenda
1641 3820 1927 3881 supersunt
1953 3828 2047 3867 co-

459 3893 546 3965 pia
564 3934 582 3960 ,
614 3895 783 3950 multo
810 3897 1008 3968 impetu
1034 3900 1328 3954 succedens
1355 3941 1370 3964 ,
1397 3916 1581 3956 eorum
1614 3902 1924 3957 memoriam
1949 3902 2048 3958 de-

460 3985 654 4041 trahat.
686 3987 852 4043 Plane
874 4030 891 4056 ,
929 3990 973 4044 si
1004 3990 1143 4044 Deus
1172 3992 1512 4060 permiserit,
1544 3993 1644 4048 hoc
1671 4004 2045 4064 argumentum

456 4075 549 4130 ditt
580 4079 943 4135 tractabimus.
968 4080 1227 4152 Equidem
1248 4083 1357 4152 jam
1389 4083 1590 4152 pridem
1617 4085 1767 4140 vobis
1794 4088 1891 4140 hos
1917 4102 2049 4142 con-

458 4168 598 4224 ferre
644 4185 922 4227 sermones
973 4173 1250 4242 cupiebam
1284 4217 1299 4242 ,
1350 4175 1444 4230 sed
1490 4178 1781 4233 cunctabar
1827 4188 1881 4232 et
1929 4194 2051 4248 pro-

456 4260 810 4318 crastinabam
832 4307 847 4331 ,
875 4264 998 4335 quia
1030 4266 1225 4321 multos
1251 4282 1315 4323 eo
1337 4267 1523 4323 morbo
1550 4269 1855 4325 laborantes
1900 4271 2048 4325 vide-

459 4353 578 4408 bam
633 4356 785 4410 nobis
827 4371 948 4412 cum
990 4359 1259 4429 voluptate
1307 4375 1465 4415 aures
1503 4361 1742 4430 praebere
1776 4379 1791 4416 :
1823 4377 2050 4433 cumque

459 4445 655 4499 nollem
681 4446 919 4515 praedam
942 4449 1176 4519 abigere,
1204 4451 1418 4505 interim
1451 4453 1681 4524 linguam
1709 4454 1777 4508 ab
1803 4453 1885 4506 his
1913 4468 2048 4508 con-

455 4536 837 4594 certationibus
862 4544 1197 4605 coercebam,
1224 4552 1282 4598 ut
1305 4559 1425 4599 cum
1466 4545 1586 4599 illos
1613 4545 1816 4599 firmius
1837 4545 2047 4598 detine-

456 4643 593 4696 rem,
617 4637 741 4686 tunc
769 4630 821 4684 in
843 4647 1061 4687 arenam
1083 4634 1485 4690 descenderem.
1515 4637 1775 4701 Quoniam
1801 4651 1929 4690 vero
1954 4652 2049 4705 per

456 4720 552 4776 Dei
571 4722 793 4792 gratiam
825 4722 943 4778 illos
963 4724 1138 4779 audivi
1167 4725 1459 4792 hortantes,
1485 4736 1541 4781 ut
1567 4727 1618 4780 in
1651 4727 1750 4782 hoc
1775 4736 2044 4782 certamen

455 4812 836 4870 descenderem
861 4856 875 4879 ,
902 4830 989 4869 me
1017 4815 1232 4870 demum
1264 4816 1433 4871 fidens
1457 4816 1523 4870 ad
1557 4832 1783 4887 pugnam
1815 4818 2042 4883 accinxi,

454 4921 708 4977 armaque
750 4907 947 4976 arripui
989 4908 1097 4975 illa,
1130 4924 1249 4979 qua:
1271 4917 1502 4980 purgant
1545 4910 1806 4964 rationem
1829 4918 1884 4965 et
1924 4926 2046 4964 om-

458 5013 579 5054 nem
621 4998 995 5055 celsitudinem
1046 5016 1164 5070 qua:
1222 5001 1495 5055 extollitur
1534 5013 1717 5056 contra
1763 5002 2042 5056 scientiam

458 5089 574 5145 Dei.
601 5090 724 5146 llaec
745 5106 904 5160 porro
929 5093 1191 5161 assumpsi
1216 5107 1385 5158 arma,
1404 5107 1507 5148 non
1530 5103 1588 5147 ut
1613 5092 1827 5148 ferirem
1851 5093 2044 5147 adver-

452 5184 624 5239 sarios
653 5226 669 5251 ,
713 5185 807 5240 sed
850 5197 908 5241 ut
949 5187 1190 5256 jacentes
1231 5188 1510 5257 erigerem.
1566 5187 1692 5242 Hinc
1733 5198 1817 5243 est
1865 5197 2041 5242 autem

451 5290 722 5331 armorum
752 5277 1054 5348 hujusmodi
1084 5279 1164 5333 vis
1189 5319 1203 5343 ,
1232 5287 1289 5332 ut
1314 5278 1677 5333 contentiosos
1706 5277 1921 5345 feriant,
1950 5293 2044 5333 eos

454 5381 582 5425 vero
626 5368 716 5440 qui
760 5368 1028 5427 benevolo
1075 5370 1299 5426 audiunt
1349 5371 1527 5425 animo
1571 5385 1694 5425 cum
1740 5371 1906 5424 multa
1958 5371 2041 5425 di-

521 5547 537 5613 ξ
574 5544 677 5613 Αιμιὶ,
704 5560 871 5613 secure
892 5526 1061 5613 regat.

514 5610 535 5640 ³
570 5609 663 5677 Βξὶίι
681 5610 820 5677 διλνίι.
847 5618 902 5660 et
921 5609 1126 5677 masinta
1148 5625 1264 5677 pars,
1296 5617 1402 5662 Mss.
1428 5611 1588 5662 Morel.
1617 5618 1670 5663 et
1711 5611 1903 5677 quidam
1924 5610 2041 5677 _alii,

458 5664 510 5716 hi
534 5663 853 5737 uilipeudunt.
875 5681 943 5737 At_
970 5673 1052 5721 hic
1089 5663 1354 5737 legendum
1378 5689 1510 5734 esse,
1532 5663 1742 5725 morent'
1763 5663 2045 5735 quaestiones

449 5735 640 5791 multas,
670 5745 733 5780 ex
759 5733 890 5783 serie
915 5733 1085 5797 liquet.

1156 303 1214 356 ὃ.
1255 299 1533 357 JOANNIS
1571 294 2043 354 CllRYSOSTOMI
2084 297 2401 356 ARCHIEP.
2441 302 2980 363 CONSTANTINOP.

3627 302 3732 367 ’108

2148 413 2362 484 ligentia
2404 426 2591 474 curent
2624 436 2637 471 :
2667 419 2888 475 vulnera
2940 435 3045 476 non
3090 419 3353 492 infligunt,
3404 420 3499 479 sed
3522 434 3732 478 curant.

2219 505 2271 561 7.
2304 505 2379 560 Ne
2409 506 2569 577 igitur
2591 509 2844 565 adversus
2873 511 2992 565 illos
3020 510 3358 578 ferociamus,
3388 528 3454 567 ne
3478 527 3601 567 cum
3632 511 3727 566 t'u-

2146 611 2269 651 rore
2296 596 2416 650 illos
2442 599 2778 666 adoriamur,
2810 600 2904 656 sed
2937 603 3179 658 modeSIe
3203 617 3326 658 cum
3360 603 3463 658 illis
3497 603 3737 657 dissera-

2149 703 2266 741 mus
2291 704 2303 740 :
2333 688 2468 743 nihil
2496 692 2690 761 quippe
2720 693 2977 748 modestia
3006 702 3060 748 et
3080 694 3489 750 mansuetudine
3511 694 3741 749 validius

2146 787 2249 833 est.
2277 778 2633 846 Quamobrem
2661 783 2851 838 Paulus
2871 798 2992 839 cum
3019 786 3185 840 multo
3204 786 3385 842 studio
3412 786 3527 841 haec
3549 786 3742 842 obser-

2146 884 2274 925 vare
2310 870 2464 940 jubet
2510 871 2592 926 his
2620 875 2831 940 verbis,
2864 876 3079 931 Servum
3121 876 3328 931 Domini
3366 894 3468 931 non
3511 895 3745 949 pugnare

2149 973 2364 1031 oportet,
2383 966 2472 1019 sed
2489 978 2804 1022 mansuetum
2830 985 2937 1025 esse
2953 988 3077 1041 erga
3097 987 3266 1026 omnes
3294 970 3370 1044 (2.
3389 970 3525 1026 Tim.
3543 971 3596 1028 2.
3616 971 3715 1042 Ἡ)
3729 1003 3744 1022 ο

2146 1053 2263 1108 Νοη
2305 1057 2472 1123 dixit,
2507 1058 2643 1129 Erga
2690 1058 2884 1116 fratres
2926 1073 3163 1128 tantum,
3204 1063 3299 1117 sed
3323 1103 3338 1126 ,
3372 1061 3512 1133 Erga
3541 1080 3739 1116 omnes.

2149 1149 2227 1201 Ac
2264 1161 2482 1215 rursus,
2515 1148 2768 1204 Modestia
2811 1160 2974 1206 vestra
3012 1163 3131 1206 nota
3173 1154 3237 1206 sit
3269 1151 3536 1224 (Philipp.
3558 1154 3613 1208 4.
3646 1154 3741 1225 5),

2151 1252 2255 1291 non
2286 1237 2559 1308 fratribus,
2594 1243 2687 1296 sed
2716 1242 2944 1296 omnibus
2970 1243 3275 1297 hominibus.
3307 1243 3437 1311 Qua:
3464 1243 3605 1298 enim
3636 1245 3742 1298 uti-

2154 1333 2274 1387 litas
2312 1343 2396 1388 est
2424 1375 2439 1398 ,
2482 1335 2709 1402 inquit',
2753 1337 2795 1389 si
2827 1350 2922 1390 eos
2959 1336 3194 1405 diligitis,
3228 1339 3318 1405 qui
3347 1351 3443 1391 vos
3471 1336 3740 1402 diligunt!

2152 1422 2206 1478 Si
2236 1425 2414 1494 itaque
2441 1426 2687 1479 amicitiae
2717 1442 2904 1480 eorum
2934 1425 3257 1481 detrimento
3284 1427 3408 1492 sint,
3439 1437 3494 1482 et
3528 1428 3595 1482 ad
3641 1428 3743 1481 im-

2150 1515 2362 1584 pietatis
2386 1516 2694 1571 societatém
2723 1517 3053 1585 pertrahant,
3084 1517 3207 1572 licet
3232 1516 3308 1571 illi
3340 1526 3585 1586 parentes
3608 1519 3740 1579 sint.

2151 1594 2354 1660 resilias
2374 1615 2622 1676 oportet;
2652 1608 2697 1661 si
2718 1608 2904 1661 oculos
2920 1609 3010 1673 sit,
3034 1624 3161 1663 erue
3188 1608 3355 1661 illum.
3390 1608 3451 1663 Si
3471 1610 3636 1673 enim,
3656 1610 3744 1662 in-

2150 1698 2473 1766 quil,oculus
2501 1707 2616 1750 tuus
2644 1698 2816 1752 dexter
2842 1698 3156 1752 scandalizat
3188 1709 3253 1762 te,
3273 1696 3740 1767 erueeumUiIalth.

2152 1788 2205 1842 5.
2228 1787 2357 1857 29)ε
2391 1802 2494 1841 non
2532 1788 2581 1842 id
2618 1788 2686 1842 de
2713 1803 2938 1858 corpore
2958 1788 3141 1844 dicens
3172 1807 3186 1843 :
3222 1804 3329 1859 quo
3362 1799 3519 1860 pacto
3552 1792 3743 1845 enim?

2150 1876 2282 1931 Nam
2300 1879 2342 1932 si
2362 1878 2411 1932 id
2430 1878 2499 1933 de
2516 1879 2757 1949 corporis
2778 1889 2963 1935 natura
2981 1880 3223 1943 dixisset,
3240 1882 3441 1935 crimen
3462 1882 3513 1935 in
3532 1892 3740 1936 natura:

2149 1966 2491 2024 Conditorem
2516 1971 2926 2027 transferretur:
2954 1973 3085 2027 alias
3107 1989 3210 2027 non
3233 1989 3396 2027 unum
3429 1973 3542 2028 erui
3572 1988 3744 2042 opor-

2159 2070 2338 2116 teret:
2368 2062 2494 2116 licet
2534 2065 2675 2117 enim
2721 2064 2936 2119 sinister
2977 2064 3395 2135 relinqueretur,
3439 2066 3549 2134 pari
3579 2064 3746 2119 modo

2154 2154 2244 2209 ille
2290 2154 2559 2211 hominem
2604 2157 3012 2213 scandalizaret.
3059 2157 3165 2212 Sed
3206 2166 3264 2212 ut
3305 2157 3482 2213 discas
3523 2173 3631 2213 non
3672 2158 3745 2213 de

2151 2245 2310 2299 oculo
2354 2260 2656 2302 sermonem
2687 2264 2840 2314 esse,
2872 2248 3119 2303 dextrum
3149 2248 3376 2318 adjecit,
3416 2265 3523 2320 quo
3561 2258 3746 2304 osten-

2154 2335 2328 2399 deret,
2359 2345 2418 2391 ut
2444 2337 2489 2391 si
2516 2339 2745 2393 amicum
2775 2340 3080 2410 quempiam
3111 2339 3250 2394 oculi
3287 2340 3459 2394 dextri
3501 2340 3621 2394 loco
3647 2339 3746 2393 ha-

2155 2427 2282 2482 beas
2301 2469 2317 2494 ,
2345 2438 2400 2483 et
2431 2426 2571 2483 hunc
2596 2429 2777 2498 ejicias
2800 2438 2858 2484 et
2890 2430 2958 2483 ab
2983 2429 3216 2484 amicitia
3249 2438 3336 2484 tua
3363 2430 3665 2494 exscindas,
3695 2431 3746 2483 si

2155 2529 2209 2576 te
2248 2520 2588 2576 scandalizet.
2639 2521 2777 2589 Quid
2818 2522 2961 2576 enim
2999 2520 3152 2591 juvat
3192 2521 3405 2577 oculum
3449 2520 3649 2577 habere
3688 2522 3748 2576 in

2155 2615 2444 2684 perniciem
2479 2615 2666 2685 reliqui
2713 2614 2999 2685 corporis?
3042 2613 3099 2669 Si
3140 2614 3315 2684 itaque
3356 2612 3606 2668 amicitiae
3645 2627 3748 2668 no-

2152 2716 2342 2774 ceant,
2376 2707 2638 2778 fugiamus
2662 2717 2718 2763 et
2747 2708 3082 2772 resiliamus;
3128 2706 3210 2761 sin
3243 2706 3396 2761 nobis
3423 2705 3488 2760 ad
3530 2704 3748 2776 pictatis

2154 2799 2415 2853 rationem
2445 2800 2646 2854 nullum
2669 2798 2921 2853 damnum
2952 2796 3208 2863 inferant,
3238 2798 3385 2867 ipsos
3413 2798 3479 2852 ad
3506 2812 3604 2852 nos
3627 2796 3750 2852 alli-

2156 2891 2358 2945 ciamus
2388 2900 2444 2945 et
2475 2890 2878 2960 pertrahamus;
2906 2890 3048 2960 quod
3074 2890 3120 2944 si
3147 2890 3279 2943 nihil
3309 2889 3459 2943 illum
3479 2887 3666 2958 juves,
3690 2897 3747 2943 et

2155 2983 2224 3038 ab
2267 2985 2383 3053 ipso
2423 2984 2634 3039 hedaris
2659 3026 2673 3051 ,
2716 2983 2770 3038 id
2815 2984 2948 3038 lucri
2988 2981 3189 3038 referas
3226 2990 3286 3036 ut
3329 2996 3425 3052 per
3452 2982 3745 3037 sectionem

2154 3075 2272 3129 sine
2313 3074 2520 3144 jactura
2561 3089 2793 3129 maneas.
2844 3074 2913 3129 Et
2956 3075 3075 3145 fuge
3118 3074 3328 3128 illorum
3373 3072 3665 3137 amicitias,
3699 3072 3745 3125 si

2154 3176 2385 3223 noceant
2412 3185 2425 3222 :
2457 3169 2576 3238 fuge
2605 3176 2806 3221 tantum
2823 3208 2839 3234 ,
2867 3181 2966 3221 nec
2993 3180 3214 3237 pugnes,
3236 3178 3409 3235 neque
3433 3173 3744 3226 eoneertes;

2156 3261 2234 3314 sic
2264 3260 2459 3316 Paulus
2504 3268 2686 3314 monet
2730 3258 2812 3313 his
2841 3257 3020 3313 verbis
3052 3277 3066 3312 :
3100 3258 3161 3312 Si
3201 3256 3439 3327 possibile
3461 3264 3571 3321 est,
3609 3255 3746 3325 quod

2154 3367 2219 3405 ea:
2246 3352 2383 3405 vobis
2411 3361 2517 3416 est,
2559 3367 2673 3404 cum
2716 3349 2947 3404 omnibus
2986 3349 3271 3402 hominibus
3302 3364 3479 3420 pacem
3506 3348 3747 3401 habentes

2159 3441 2334 3512 (llam.
2364 3441 2454 3498 12.
2487 3443 2600 3510 l8).
2641 3441 2838 3497 Servus
2867 3456 2927 3496 es
2954 3442 3045 3495 Dei
3088 3441 3231 3511 pacis
3264 3458 3277 3493 :
3313 3440 3402 3495 ille
3429 3440 3516 3509 qui
3544 3439 3745 3493 dauno-

2156 3548 2252 3588 nes
2278 3534 2528 3603 ejiciebat
2552 3542 2606 3588 et
2634 3534 2912 3588 innumera
2938 3533 3259 3603 operabatur
3287 3532 3444 3594 bona,
3471 3545 3593 3585 cum
3621 3544 3746 3584 eum

2155 3626 2537 3681 daemoniacum
2580 3627 2943 3697 appellarent,
2991 3640 3097 3680 non
3143 3624 3341 3679 fulmen
3382 3622 3597 3690 emisit,
3637 3639 3745 3677 non

2154 3718 2545 3773 conviciatores
2569 3717 2852 3781 contrivit,
2881 3733 2987 3771 non
3012 3717 3243 3786 linguam
3271 3716 3413 3770 illam
3451 3716 3747 3771 combussit

2156 3824 2324 3880 usque
2344 3811 2480 3863 adeo
2508 3809 2869 3879 impudentem
2889 3822 2945 3863 et
2970 3808 3250 3879 ingratam,
3274 3806 3398 3863 licet
3424 3805 3540 3860 haec
3563 3806 3744 3861 omnia

2155 3903 2331 3957 facere
2349 3911 2559 3973 posset;
2583 3902 2676 3956 sed
2698 3902 3089 3956 accusationem
3111 3901 3281 3955 solum
3302 3899 3508 3969 depulit
3526 3898 3745 3954 dicens:

2155 3994 2268 4066 Ego
2299 3994 2599 4048 dwmonium
2625 4011 2726 4048 non
2755 3993 2934 4058 habeo,
2961 3992 3049 4046 sed
3077 3991 3355 4060 honoriﬁco
3380 4007 3492 4045 eum
3510 4030 3527 4055 ,
3552 3991 3642 4059 qui
3668 4007 3748 4044 me

2154 4087 2288 4141 misit
2310 4085 2486 4158 (Joan.
2507 4086 2559 4141 8.
2583 4085 2697 4154 49).
2723 4084 2857 4139 Cum
2879 4093 3054 4138 autem
3082 4098 3267 4139 servus
3295 4082 3560 4152 pontificis
3587 4083 3738 4136 illum

2155 4181 2437 4249 percussit,
2461 4178 2584 4247 quid
2609 4177 2724 4230 ait?
2756 4176 2817 4231 Si
2840 4176 2969 4230 male
2993 4175 3227 4246 loquutus
3246 4192 3379 4241 sum,
3405 4175 3743 4228 testimonium

2157 4269 2359 4338 perhibe
2406 4269 2469 4321 de
2497 4269 2631 4322 malo
2649 4268 2742 4333 ;.si
2768 4278 2935 4319 autent
2961 4267 3115 4331 bene,
3146 4266 3269 4336 quid
3299 4283 3380 4320 me
3394 4262 3740 4334 cadionan.

2155 4364 2242 4417 18.
2271 4360 2405 4433 23)?
2440 4360 2590 4426 Quod
2618 4361 2662 4414 si
2696 4360 2950 4413 Dominus
2978 4358 3289 4428 angelorum
3318 4370 3378 4410 se
3405 4366 3627 4410 excusat
3646 4396 3660 4416 .
3689 4365 3746 4410 et

2154 4455 2415 4509 rationem
2445 4453 2642 4507 famulo
2672 4452 2880 4519 reddit,
2920 4467 3024 4505 non
3053 4466 3190 4520 opus
3216 4451 3459 4504 oratione
3492 4448 3741 4519 longiori.

2157 4550 2280 4602 Ilaec
2306 4550 2478 4602 solum
2508 4547 2668 4602 verba
2700 4556 2879 4600 mente
2906 4544 3126 4599 revolve
3146 4584 3160 4607 ,
3197 4557 3262 4595 ac
3287 4540 3598 4611 frequenter
3626 4555 3743 4594 me-

2152 4640 2358 4702 ditare,
2400 4648 2455 4693 et
2495 4638 2621 4692 dic:
2656 4637 2719 4692 Si
2761 4637 2895 4689 male
2936 4636 3169 4702 loquutus
3211 4649 3358 4697 sum,
3404 4630 3745 4685 testimonium

2152 4730 2354 4800 perhibe
2394 4731 2457 4784 de
2496 4730 2666 4795 malo;
2697 4729 2738 4782 si
2766 4738 2934 4783 autem
2987 4727 3144 4791 bene,
3184 4726 3305 4796 quid
3330 4740 3408 4778 me
3448 4724 3602 4777 cadis
3623 4723 3650 4777 .’
3681 4724 3747 4778 Et

2151 4822 2323 4894 cogita
2350 4824 2466 4891 quis
2491 4823 2753 4892 loquatur,
2781 4819 2848 4873 ad
2874 4834 3029 4888 quem
3057 4818 3401 4887 loquatur,ct
3425 4829 3530 4884 qua
3558 4813 3628 4869 de
3650 4828 3743 4878 re;

2151 4923 2413 4985 eruntque
2451 4913 2543 4967 tibi
2572 4912 2728 4967 verba
2764 4910 2948 4966 isthaac
2974 4909 3210 4965 divinum
3237 4905 3508 4977 quoddam
3535 4913 3591 4959 et
3622 4918 3747 4974 per-

2154 5018 2368 5077 petuum
2395 5006 2681 5066 canticum,
2724 5011 2884 5071 atque
2908 5014 3122 5054 omnem
3154 4996 3318 5051 animi
3355 5006 3618 5050 tumorem
3651 5008 3744 5049 se-

2150 5098 2278 5151 dare
2321 5103 2571 5165 poterunt
2611 5111 2627 5149 :
2657 5092 2829 5163 cogita
2858 5089 3170 5160 dignitatem
3201 5087 3352 5157 ejus,
3393 5085 3484 5156 qui
3513 5081 3739 5139 allectus

2150 5199 2230 5243 est
2260 5188 2577 5242 contumelia
2597 5228 2612 5253 ,
2647 5184 2891 5240 lazdentis
2918 5182 3174 5237 vilitatem
3194 5221 3211 5246 ,
3252 5178 3591 5234 contumelia:
3620 5191 3743 5248 gra-

2150 5283 2390 5336 vitatem.
2440 5279 2556 5334 Non
2598 5277 2741 5333 enim
2787 5274 3107 5332 contumelia
3153 5271 3332 5326 affecit
3372 5277 3619 5335 tantum,
3649 5268 3745 5323 sed

2150 5374 2445 5444 percussit;
2477 5388 2581 5426 non
2606 5371 2868 5442 percussit
2890 5377 3116 5435 tantum,
3139 5366 3234 5421 sed
3257 5372 3311 5420 et
3334 5364 3541 5434 alapam
3563 5359 3742 5417 dedit:

2149 5462 2457 5534 hujusmodi
2510 5473 2688 5517 autem
2731 5460 3080 5532 percussione
3125 5456 3255 5513 nihil
3312 5454 3742 5526 ignominiosius.

2152 5559 2397 5612 Attamen
2427 5555 2608 5610 omnia
2648 5554 2801 5623 tulit,
2843 5563 2903 5609 ut
2945 5551 3134 5623 majori
3175 5546 3428 5619 exemplo
3466 5544 3748 5601 moderate

2214 5739 2233 5770 ι
2266 5737 2463 5797 quidam
2496 5741 2625 5795 uss,
2649 5731 2805 5797 qualis
2840 5733 2987 5790 enim,
3014 5731 3185 5794 inquit,
3203 5728 3332 5782 vobis
3351 5727 3533 5792 gratia,
3558 5736 3658 5778 etc.
