4050 6160
393 294 491 348 'i’ll

390 401 624 457 tentabo.
673 401 960 459 lacbarias
997 403 1076 458 vir
1119 404 1330 474 quidam
1373 411 1488 458 erat
1529 402 1868 457 admirandus
1906 409 1960 455 et

391 507 642 562 magnus,
673 509 882 549 summo
906 493 1201 549 sacerdotio
1229 503 1467 558 ornatus,
1499 493 1585 547 ctti
1613 507 1643 545 a
1671 493 1780 546 Deo
1807 492 1966 546 totius

393 585 572 655 populi
604 585 919 655 pnnfectura
950 587 1231 640 commissa
1263 584 1448 639 fuerat.
1483 584 1532 638 Is
1561 583 1615 636 in
1640 592 1818 637 sancta
1846 597 1969 634 sau-

393 685 600 729 ctorum
647 677 698 728 in
740 677 959 746 ipsaque
1005 674 1161 746 adyta
1193 675 1209 706 ¹
1242 673 1540 744 ingressus,
1587 687 1707 742 qua:
1747 671 1846 741 ipsi
1877 671 1965 724 uni

393 763 475 818 fas
503 773 618 818 erat
645 765 884 833 aspicere
918 755 1175 834 (intellige
1199 777 1323 817 eum
1351 763 1612 817 universae
1647 759 1969 816 multitudini

395 871 576 926 parem
610 858 792 920 fuisse,
841 857 913 910 ita
957 865 1013 910 ut
1055 855 1466 925 supplicationes
1513 869 1610 922 pro
1637 851 1970 907 multitudine

401 956 509 1002 tota
555 946 774 1002 offerret
819 947 949 1012 Deo,
998 954 1055 1000 et
1101 946 1382 999 Dominum
1429 943 1638 998 famulis
1685 941 1970 1013 propitium

399 1037 642 1092 redderet
689 1035 948 1110 [vidistin’
977 1036 1183 1091 ﬁducia:
1233 1035 1688 1106 magnitudinem'
1711 1029 1770 1104 ἲ]
1824 1032 1974 1102 quasi

398 1125 661 1184 mediator
709 1125 922 1195 quidam
969 1125 1063 1180 Dei
1107 1133 1162 1180 et
1206 1124 1518 1189 hominum;
1560 1123 1688 1178 vidit
1727 1122 1972 1192 angelum

402 1219 544 1272 intus
573 1225 822 1282 stantem,
869 1225 923 1271 et
951 1217 1073 1286 quia
1106 1217 1192 1270 hic
1231 1226 1476 1284 aspectus
1502 1215 1671 1268 virum
1701 1213 1752 1266 in
1788 1222 1976 1281 stupo-

399 1325 517 1364 rem
547 1309 794 1378 conjecit,
824 1309 899 1362 ait
925 1309 1036 1375 ille,
1071 1307 1152 1361 Ne
1178 1308 1352 1361 timeas
1372 1347 1385 1369 ,
1417 1305 1671 1360 Zacharia
1692 1347 1705 1370 ,
1737 1305 1857 1373 quia
1884 1319 1977 1358 ea:-

404 1399 580 1453 audita
626 1407 697 1452 est
740 1398 902 1451 oratio
945 1408 1069 1462 tua;
1110 1407 1156 1450 et
1197 1414 1306 1451 ecce
1333 1397 1504 1467 gignes
1542 1395 1706 1464 ﬁlium
1735 1393 1896 1465 (Luc.
1925 1395 1976 1450 1.

407 1489 478 1543 15
495 1491 534 1558 ).
563 1488 814 1556 Quasnam
841 1487 954 1542 haec
981 1486 1368 1557 consequutio?
1395 1500 1491 1556 pro
1520 1485 1714 1555 populo
1740 1484 1979 1554 rogabat,

408 1595 506 1649 pro
529 1579 735 1634 delictis
759 1578 1108 1648 supplicabat,
1132 1578 1336 1631 veniam
1353 1576 1652 1646 postulabat
1676 1576 1980 1641 conservis;

411 1679 498 1738 et,
535 1668 658 1723 Noli
687 1670 886 1732 timere,
915 1669 1082 1738 inquit
1106 1709 1119 1731 ,
1160 1667 1448 1734 Zacharia,
1487 1667 1723 1720 exaudita
1747 1675 1818 1720 est
1853 1667 1984 1719 enim

413 1763 575 1816 oratio
603 1771 721 1828 tua,
760 1769 813 1815 et
842 1761 1012 1830 ipsum
1053 1759 1356 1816 exauditum
1385 1757 1547 1814 fuisse
1575 1759 1698 1814 inde
1737 1773 1984 1828 compro-

415 1853 524 1920 bat,
547 1851 686 1922 quod
713 1853 1014 1907 nasciturus
1035 1861 1174 1906 esset
1201 1851 1300 1921 ipsi
1327 1851 1464 1906 filius
1485 1851 1698 1906 nomine
1720 1850 1988 1906 Joannes?

415 1947 492 1999 Ae
516 1945 636 2014 jure
661 1945 872 2015 quidem
913 1945 1122 2000 merito.
1154 1945 1288 2012 Quia
1329 1945 1469 1999 enim
1499 1958 1596 2014 pro
1636 1943 1862 2013 peccatis
1893 1959 1988 2010 po-

417 2035 525 2102 puli
551 2037 785 2106 rogabat,
817 2036 983 2091 filium
1009 2035 1248 2092 editurus
1276 2045 1411 2100 erat,
1439 2035 1528 2104 qui
1557 2038 1831 2099 clamaret,
1859 2033 1991 2086 Ecce

424 2141 592 2194 agnus
619 2126 734 2189 Dei,
777 2128 866 2195 qui
905 2127 1044 2178 tollit
1077 2137 1347 2193 peccatum
1379 2129 1558 2180 mundi
1581 2127 1768 2196 (Joan.
1800 2129 1848 2182 Ι.
1882 2128 1996 2196 29),

419 2215 546 2284 jure
575 2217 650 2268 ait
675 2257 688 2279 ,
717 2215 991 2269 Exaudite
1013 2227 1090 2269 est
1131 2219 1304 2270 oratio
1353 2227 1442 2270 tua
1465 2258 1478 2280 ,
1520 2227 1570 2272 et
1596 2219 1770 2286 gignes
1812 2219 1992 2284 ﬁlium

420 2304 556 2370 Quid
586 2306 744 2374 igitur
787 2305 920 2360 ille?
961 2305 1112 2374 Quod
1161 2303 1305 2360 enim
1351 2304 1695 2374 proponimus
1742 2307 1845 2360 tale
1889 2313 1990 2372 est,

425 2396 620 2450 nullam
645 2397 850 2453 veniam
881 2397 994 2452 dari
1024 2398 1122 2463 eis,
1147 2397 1235 2466 qui
1264 2397 1475 2452 modum
1505 2397 1836 2452 oraculorum
1862 2396 1995 2452 divi-

426 2502 614 2542 norum
657 2488 918 2542 curiosius
959 2497 1300 2554 scrutantur;
1343 2487 1438 2543 sed
1467 2503 1650 2542 eorum
1680 2488 1994 2542 sententiam

428 2579 531 2635 fide
559 2581 918 2650 accipiendam
957 2595 1097 2636 esse.
1132 2580 1354 2635 Videbat
1391 2589 1602 2634 aetatem
1635 2595 1785 2635 suam
1807 2622 1820 2645 ,
1849 2580 1996 2634 cani-

429 2673 573 2737 tiem,
602 2685 797 2740 corpus
820 2671 1138 2726 imbecillum
1166 2671 1412 2725 :videbat
1441 2671 1566 2726 item
1589 2669 1769 2724 uxoris
1796 2669 1995 2725 sterili-

429 2772 624 2827 tatem;
657 2761 869 2816 modum
894 2760 1100 2815 discere
1127 2762 1310 2827 voluit,
1334 2769 1387 2816 et
1413 2761 1520 2827 ait,
1549 2759 1695 2815 Unde
1720 2760 1815 2813 hoc
1841 2760 1999 2814 sciam

429 2851 593 2910 (-Lue.
613 2851 840 2922 1.18)?
867 2851 1145 2917 Quomodo
1172 2851 1300 2906 illud
1340 2850 1483 2906 erit?
1510 2850 1627 2906 Jam
1664 2851 1918 2905 consenui
1945 2859 2001 2905 et

431 2943 660 3007 incanui,
689 2951 744 2996 et
769 2956 902 2996 uxor
928 2956 1044 2997 mea
1069 2941 1284 3006 sterilis,
1311 2949 1560 3011 provecta
1588 2941 1641 2994 in
1665 2940 1849 2995 diebus
1867 2939 1996 3004 suis,

432 3041 560 3087 attas
591 3034 762 3103 inepta
783 3073 800 3101 ,
844 3043 1028 3088 natura
1069 3033 1329 3089 imbecilla
1365 3049 1380 3087 :
1420 3047 1521 3102 qua
1552 3033 1754 3087 ratione
1779 3039 2005 3102 possunt

432 3125 632 3195 expleri
659 3125 956 3195 promissa?
980 3141 1079 3196 ego
1115 3127 1203 3196 qui
1232 3140 1406 3182 seram
1434 3125 1692 3188 infirmus,
1723 3137 1840 3195 qua:
1865 3125 2000 3178 seri-

434 3227 520 3272 tur
554 3218 766 3273 sterilis.
797 3220 987 3272 Annon
1018 3218 1260 3272 videatur
1282 3218 1432 3272 venia
1471 3217 1658 3287 dignus
1699 3216 1786 3286 qui
1827 3230 2002 3270 rerum

434 3309 903 3378 consequutionem
945 3316 1180 3378 quaerat,
1221 3323 1343 3362 cum
1387 3323 1419 3361 e
1447 3322 1505 3361 re
1543 3306 1684 3376 loqui
1724 3297 2007 3360 videatur?

434 3400 503 3454 At
529 3413 634 3454 non
658 3400 765 3455 Deo
785 3399 977 3468 dignus
998 3400 1149 3454 venia
1171 3398 1316 3454 visus
1339 3407 1451 3464 est;
1483 3407 1537 3452 et
1557 3399 1747 3453 merito
1771 3397 2006 3467 quidem.

437 3489 567 3544 tium
597 3488 738 3544 enim
767 3489 905 3544 Deus
932 3489 1249 3544 sententiam
1274 3488 1424 3555 dicit,
1452 3504 1560 3542 non
1583 3497 1764 3543 contra
1794 3488 2009 3541 ratioci-

439 3581 697 3648 nandum,
726 3596 899 3652 neque
928 3597 1104 3636 rerum
1132 3581 1476 3650 consequutio
1495 3581 1576 3635 vel
1601 3589 1802 3634 naturae
1826 3594 2012 3634 neces-

439 3673 570 3727 sitas
594 3671 886 3742 objicienda
917 3679 1019 3738 est,
1048 3687 1220 3741 neque
1239 3670 1538 3740 hujusmodi
1559 3669 1825 3740 quidpiam
1851 3685 2012 3739 agen-

439 3761 568 3817 dum
600 3761 726 3818 :his
753 3762 947 3833 quippe
989 3763 1236 3817 omnibus
1274 3762 1516 3832 superior
1541 3770 1622 3816 est
1666 3761 1856 3815 divinae
1885 3775 2014 3816 sen-

443 3855 621 3910 tentiae
648 3855 774 3921 ‘vis,
815 3854 946 3909 nulli
987 3854 1216 3910 obnoxia
1261 3853 1655 3924 impedimento.
1698 3852 1834 3918 Quid
1877 3853 2012 3922 agis,

444 3945 649 4000 homo?
693 3945 835 4001 Deus
875 3945 1186 4016 pollicetur,
1227 3954 1281 4001 et
1316 3944 1382 4000 ad
1422 3952 1630 4000 aetatem
1660 3942 1931 4011 confugis,
1962 3951 2019 3997 et

444 4045 772 4093 senectutem
799 4035 1030 4108 objicis?
1059 4052 1184 4090 num
1213 4036 1478 4106 potentior
1500 4043 1748 4090 senectus
1778 4033 1869 4088 Dei
1898 4047 2017 4102 pro-

445 4127 737 4184 missione?
775 4143 900 4182 num
929 4126 1151 4182 validior
1171 4137 1364 4181 natura
1391 4136 1632 4180 creatore
1669 4123 1809 4178 suo?
1846 4122 2020 4178 nescis

446 4221 601 4274 fortia
626 4233 746 4275 esse
767 4220 1046 4274 verborum
1073 4219 1188 4288 ejus
1211 4217 1418 4287 opera?
1445 4217 1666 4272 verbum
1692 4215 1808 4284 ejus
1831 4215 2019 4270 cadum

447 4310 754 4377 constituit,
784 4310 1004 4366 verbum
1031 4309 1145 4378 ejus
1171 4315 1468 4365 creaturam
1501 4305 1774 4376 produxit,
1801 4304 2020 4360 verbum

451 4401 566 4469 ejus
594 4401 810 4470 angelos
835 4400 978 4466 fecit,
1006 4407 1062 4456 et
1091 4407 1144 4455 tu
1166 4398 1232 4454 de
1261 4398 1354 4453 lilii
1380 4398 1747 4467 procreatione
1775 4394 2022 4449 dubitas?

452 4489 576 4544 Ideo
614 4489 914 4560 indignatus
952 4498 1035 4545 est
1073 4491 1323 4560 angelus,
1353 4503 1525 4557 neque
1560 4485 1839 4542 sacerdotii
1865 4498 2023 4539 causa

455 4579 688 4650 pepercit
712 4597 728 4645 ;
758 4579 864 4634 imo
890 4596 1016 4636 vero
1044 4580 1114 4635 ob
1139 4581 1364 4652 idipsum
1392 4580 1687 4650 graviorem
1715 4578 1889 4632 intulit
1915 4591 2026 4646 pae-

456 4685 599 4726 nam.
630 4669 761 4725 Nam
787 4684 909 4725 eum
929 4709 945 4737 ,
972 4671 1061 4740 qui
1087 4671 1203 4738 plus
1230 4671 1438 4726 caeteris
1474 4668 1746 4723 obtinebat
1785 4668 2023 4733 honoris,

457 4762 661 4832 majore
705 4777 864 4832 quam
917 4762 1007 4816 alii
1055 4762 1158 4816 fide
1203 4761 1516 4816 instructum
1563 4773 1682 4814 esse
1727 4758 2025 4828 oportebat.

455 4854 586 4920 Quis
610 4863 786 4910 autem
827 4868 1002 4924 pana:
1027 4853 1259 4910 modus?
1299 4851 1433 4906 Ecce
1464 4853 1564 4906 eris
1601 4859 1800 4915 tacens,
1842 4859 1890 4904 et
1927 4867 2029 4904 non

459 4947 644 5018 poteris
671 4946 804 5017 loqui
863 4943 1020 5014 (Ibid.
1047 4961 1095 4999 υ.
1118 4943 1233 5015 20).
1262 4943 1462 5013 Lingua
1492 4951 1598 5008 tua,
1621 4941 1823 5011 inquit,
1852 4941 2028 4996 incre-

457 5038 697 5095 dulitatis
722 5045 823 5091 tua:
853 5035 1096 5091 ministra
1122 5035 1252 5102 fuit,
1283 5034 1395 5104 ipsa
1438 5031 1818 5087 incredulitatis
1848 5044 2030 5100 poenas

463 5133 573 5187 luet
600 5147 615 5185 :
640 5127 774 5184 Ecce
798 5130 896 5184 eris
921 5138 1106 5193 tacens,
1138 5136 1184 5181 et
1208 5143 1308 5180 non
1337 5125 1554 5196 loqueris
1583 5123 1739 5177 donec
1767 5123 1858 5176 illa
1884 5122 2028 5190 ﬁant.

461 5222 838 5280 Animadverte
867 5220 1243 5291 benignitatem
1269 5216 1498 5272 Domini.
1535 5215 1652 5271 Non
1680 5213 1855 5270 credis
1877 5211 2027 5278 mihi,

477 5455 483 5462 .
533 5415 547 5444 ¹
584 5409 778 5475 Ηαξοάη
801 5408 905 5475 ipsa
925 5407 1092 5475 adyta,
1115 5407 1182 5475 _in
1202 5403 1352 5475 ῥιπὶ).
1373 5411 1423 5453 et
1455 5402 1515 5473 in.
1539 5395 2044 5475 aliquotJb‘tssll-Esuitt

470 5460 564 5535 hic,
581 5460 927 5535 sed-ponuntur
948 5460 1176 5535 inira'sic,
1195 5465 1472 5535 hominum;
1496 5463 1545 5514 in
1563 5460 2044 5535 ipsaladgjtatumjn-

472 5517 1136 5599 ἓὶὲδὲὗὶνῖνῖἆᾶῖιρξὶψὴξη
1161 5517 1291 5599 (mosi
1311 5528 1535 5599 ,ι’θοιίμδ·
1571 5517 1712 5599 seu}?
1751 5517 1894 5599 339%.
1909 5517 2012 5566 bi“
2026 5548 2043 5573 ν

471 5578 1214 5656 Wieiiie'hiituiiﬁaii‘pcnah
1247 5590 1412 5654 (icisse,
1443 5589 1622 5638 desunt
1659 5585 1710 5633 in
1754 5578 1914 5631 Morel.

538 5659 560 5729 ξ
591 5664 732 5729 Haec,
757 5658 964 5729 vidistin:
987 5655 1184 5722 ﬁducia:
1207 5657 1617 5722 Magnitudinem?
1638 5659 1815 5708 desunt
1833 5656 1881 5706 in
1903 5655 2040 5708 Sav'tl.

472 5726 528 5767 et
551 5720 596 5767 in
623 5720 906 5781 quibusdam
923 5720 1030 5770 Mss.

1119 285 1171 346 5.
1212 288 1486 346 JO.\N.\'IS
1521 287 1986 344 CHRYSOSTOMI
2026 283 2341 345 ARCHIEP.
2371 287 2897 347 CONSTANTINOP.

3533 289 3636 346 7i!

2070 403 2270 472 inquit,
2309 418 2446 458 nunc
2472 418 2681 473 poenam
2709 403 2922 471 accipe;
2955 415 3182 471 cumque
3205 401 3364 456 rebus
3389 401 3518 472 ipsis
3541 419 3638 458 ve-

2070 494 2277 549 ritatem
2307 495 2740 563 comprobavero,
2774 503 2895 548 tunc
2923 494 3054 548 iram
3079 492 3278 546 solvam
3309 509 3322 544 :
3349 508 3470 546 eum
3504 493 3640 548 didi-

2070 587 2209 642 ceris
2237 595 2289 640 te
2310 585 2430 655 jure
2457 586 2663 655 plexum
2692 586 2870 649 fuisse,
2900 592 3026 638 tunc
3050 599 3080 637 a
3109 597 3262 653 pana
3296 592 3350 638 te
3377 583 3638 638 liberabo.
3742 653 3748 660 ‘

2071 677 2303 733 Audiant
2345 678 2588 734 Anommi
2609 719 2624 745 ,
2653 686 2904 747 quantum
2937 677 3193 731 irascatur
3223 677 3394 740 Deus,
3421 691 3543 730 cum
3572 675 3643 730 de
3735 679 3740 750 ξ

2073 785 2132 826 se
2153 770 2411 826 curiosius
2438 769 2732 838 inquiritur.
2744 767 2894 836 Quod
2915 768 2958 821 si
2971 767 3088 833 'ille,
3106 766 3226 836 quia
3247 766 3456 820 mortali
3483 781 3646 836 gene-
3737 751 3743 790 ’³

2073 859 2264 914 rationi
2290 873 2392 913 non
2420 858 2681 924 crederet,
2704 857 2951 926 plectitur
2981 871 2997 908 :
3028 865 3082 910 tu
3107 855 3194 925 qui
3225 869 3472 908 arcanam
3499 853 3648 908 illam
3741 912 3749 925 ⁸

2074 960 2130 1007 et
2157 966 2437 1022 supernam
2467 949 2816 1020 pet-scrutaris
2834 989 2849 1015 ,
2879 947 3143 1019 quomodo
3168 946 3483 1016 supplicium
3511 944 3668 1020 effu-l
3741 931 3747 966 ³

2074 1043 2206 1113 gies,
2229 1041 2314 1095 die
2343 1039 2511 1094 mihi?
2539 1039 2627 1094 llle
2657 1038 2786 1093 nihil
2814 1038 3061 1103 asseruit,
3084 1035 3176 1091 sed
3201 1035 3441 1090 ediscere
3464 1033 3651 1097 voluit,

2083 1133 2394 1201 veniamque
2439 1138 2794 1200 consequutus
2837 1143 2942 1182 non
2979 1136 3062 1181 est
3101 1144 3114 1179 :
3157 1136 3214 1180 ttt
3240 1140 3368 1180 vero
3405 1139 3502 1190 ea,-
3532 1140 3654 1194 qua:

2080 1229 2327 1282 omnibus
2350 1225 2632 1281 invisibilia
2663 1219 3319 1292 incomprehensibiliaque
3345 1228 3491 1284 sunt,
3513 1217 3661 1269 affir—

2083 1337 2267 1387 mans,
2315 1335 2472 1390 quam
2515 1317 2733 1371 habebis
2776 1312 3180 1370 defensionem?
3225 1309 3367 1381 quod
3411 1324 3517 1363 non
3561 1307 3656 1361 tibi

2084 1413 2358 1485 pertrahes
2384 1409 2743 1480 supplicium?

2155 1506 2206 1559 5.
2237 1503 2462 1558 Anomaei
2490 1501 2717 1556 dicebant
2743 1516 2796 1554 se
2816 1497 2980 1552 Deum
3005 1510 3148 1550 nosse
3172 1503 3225 1548 ut
3244 1493 3406 1563 seipse
3429 1499 3656 1545 noverat.

2083 1595 2351 1650 —Verum
2375 1594 2489 1648 haec
2512 1593 2578 1648 de
2601 1590 2942 1662 generatione
2961 1585 3244 1656 diaputatio
3268 1601 3420 1640 suum
3447 1583 3498 1637 in
3524 1592 3662 1637 tem-

2087 1705 2185 1759 pus
2214 1695 2533 1753 reservetur,
2558 1686 2873 1754 interimque
2895 1684 3039 1753 prius
3059 1689 3428 1750 argumentum
3448 1686 3659 1747 repeta-

2089 1797 2228 1846 mus,
2255 1779 2407 1848 cujus
2431 1793 2598 1847 nuper
2619 1777 2870 1846 reliquias
2895 1774 3215 1838 dimisimus,
3241 1771 3367 1826 dum
3397 1769 3661 1840 pernicie.

2089 1887 2202 1926 sam
2232 1871 2374 1925 illam
2400 1871 2652 1935 radicem,
2683 1865 2918 1921 omnium
2951 1864 3210 1918 malorum
3242 1870 3486 1925 matrem,
3517 1855 3664 1912 evel-

2091 1961 2202 2015 lere
2227 1974 2564 2024 conaremur,
2597 1956 2861 2012 undenam
2889 1955 2992 2009 illis
3030 1954 3144 2007 haec
3171 1953 3415 2022 dogmata
3446 1949 3665 2004 suborta

2093 2062 2233 2108 sunt.
2267 2052 2520 2119 Quantam
2549 2049 2634 2103 illa
2669 2047 2817 2103 radix
2853 2046 3111 2101 malorum
3142 2041 3422 2097 omnium?
3465 2039 3670 2094 credite

2092 2145 2246 2209 mihi,
2279 2159 2364 2199 me
2390 2143 2531 2197 illam
2563 2140 3021 2210 pronuntiaturum
3066 2136 3256 2190 horror
3297 2141 3557 2201 occupat:
3584 2131 3670 2200 pi-

2091 2245 2180 2305 get
2207 2249 2269 2290 ea
2295 2248 2512 2288 narrare
2534 2247 2654 2302 qute
2680 2232 2755 2285 illi
2779 2244 2989 2299 semper
3027 2227 3370 2282 meditantur.
3412 2223 3671 2292 Qua-nam

2097 2326 2256 2396 igitur
2280 2333 2361 2380 est
2389 2325 2577 2378 horum
2622 2322 2882 2377 malorum
2920 2317 3115 2374 radix?
3159 2317 3332 2372 Ausus
3380 2325 3462 2370 est
3512 2315 3672 2367 homo

2097 2417 2296 2480 dicere,
2329 2415 2497 2469 Deum
2528 2414 2671 2480 novi,
2702 2420 2760 2466 ut
2784 2414 2898 2482 ipse
2928 2411 3067 2464 Deus
3085 2409 3318 2478 seipsum
3341 2405 3503 2460 novit.
3524 2403 3676 2458 Haec-

2099 2507 2217 2562 cine
2277 2505 2637 2561 confutatione
2689 2502 2924 2572 indigent
2954 2541 2970 2568 ,
3043 2498 3275 2554 baaccine
3337 2496 3675 2550 demonstra-

2101 2596 2287 2651 tione?
2313 2609 2490 2650 annon
2540 2593 2668 2648 satis
2720 2599 2803 2647 est
2838 2590 2954 2644 hmo
3007 2589 3176 2643 solum
3227 2585 3386 2642 verba
3414 2585 3677 2654 proferre,

2101 2695 2160 2742 ut
2211 2695 2319 2741 tota
2382 2699 2569 2740 eorum
2630 2683 2876 2752 impietas
2926 2677 3227 2734 reveletur?
3280 2676 3493 2731 Etenim
3562 2673 3679 2727 hare

2101 2776 2306 2832 insania
2382 2782 2464 2829 est
2533 2772 2809 2843 perspicua
2853 2811 2869 2838 ,
2943 2769 3172 2823 amentia
3250 2764 3625 2822 inexcusabilis
3661 2803 3678 2826 ,

2103 2882 2274 2923 novus
2338 2865 2624 2935 impietatis
2667 2861 2890 2917 modus.
2936 2859 3104 2915 Nemo
3167 2857 3436 2927 quidpiam
3495 2855 3682 2923 hujus-

2104 2958 2247 3014 modi
2288 2957 2373 3013 vel
2423 2967 2602 3012 mente
2655 2953 2956 3022 concipere,
3009 2949 3093 3004 vel
3121 2949 3294 3018 lingua
3323 2945 3562 3016 proferre
3586 2960 3684 2998 au-

2104 3066 2196 3108 sus
2218 3056 2319 3106 est.
2347 3048 2552 3117 Cogita,
2601 3045 2764 3100 miser
2810 3051 2865 3097 et
2914 3041 3116 3104 infelix,
3164 3037 3406 3110 quisnam
3454 3036 3570 3101 sis,
3623 3043 3682 3089 et

2127 3156 2390 3197 ‘uemnam
2423 3148 2526 3194 tam
2554 3137 2764 3192 curiose
2783 3134 3034 3190 scruteris
3065 3149 3079 3184 :
3111 3131 3270 3185 homo
3299 3143 3421 3184 cum
3451 3127 3544 3191 sis,
3581 3127 3685 3181 De-

2109 3248 2197 3288 um
2225 3228 2506 3300 exploras?
2537 3226 2630 3281 Vel
2648 3225 2860 3279 nomina
2882 3238 3024 3276 mera
3047 3221 3176 3275 satis
3195 3227 3338 3285 sunt,
3364 3227 3422 3272 ut
3447 3216 3687 3271 stultitia:

2112 3321 2524 3394 magnitudinem
2551 3318 2860 3372 declarent:
2892 3314 3049 3366 homo
3073 3319 3213 3365 terra
3252 3318 3307 3365 et
3345 3308 3514 3374 cinis,
3559 3321 3688 3361 caro

2111 3424 2166 3470 et
2192 3412 2425 3484 sanguis,
2455 3409 2652 3465 ftenum
2681 3417 2734 3460 et
2761 3404 2859 3458 llos
2886 3403 3033 3466 faeni,
3063 3400 3268 3466 umbra,
3296 3397 3494 3464 fumus,
3528 3396 3684 3448 vani-

2114 3518 2218 3572 tas,
2247 3514 2302 3560 et
2326 3504 2370 3558 si
2396 3501 2522 3572 quid
2551 3499 2631 3554 bis
2663 3498 2939 3553 obscurius
2963 3503 3017 3548 et
3044 3491 3218 3546 vilius.
3267 3489 3448 3560 Neque
3491 3487 3692 3556 putetis

2115 3598 2230 3652 btec
2256 3592 2560 3651 ineusandae
2581 3597 2783 3645 natura:
2811 3599 2970 3642 causa
2997 3583 3101 3638 dici
3130 3601 3143 3636 :
3200 3595 3370 3652 neque
3397 3579 3538 3634 enim
3564 3591 3689 3646 ego,

2116 3689 2210 3744 sed
2239 3685 2510 3758 prephetaa
2540 3683 2610 3738 ita
2651 3678 3109 3751 philosophantur,
3142 3688 3246 3728 non
3280 3681 3336 3725 ut
3381 3686 3546 3741 genus
3595 3685 3694 3723 no-

2117 3790 2287 3836 strum
2317 3775 2579 3832 dedecore
2606 3771 2857 3834 afficiant,
2883 3766 2977 3822 sed
3007 3774 3067 3821 ut
3092 3766 3398 3820 insanorum
3429 3771 3694 3822 tumorem

2117 3870 2512 3940 comprimant;
2543 3880 2648 3919 non
2675 3870 2734 3916 ut
2760 3870 3000 3915 naturam
3046 3865 3284 3910 nostram
3324 3857 3696 3915 contemnant,

2119 3963 2215 4020 sed
2246 3939 2314 4016 fut
2358 3939 2675 4014 furiosorum
2724 3950 3078 4022 arrogantiam
3121 3945 3406 4016 dejiciant..
3442 3941 3575 3999 Nam
3623 3941 3696 4008 si,

2123 4063 2401 4126 postquam
2432 4049 2506 4104 illi
2535 4055 2613 4102 tot
2639 4053 2888 4113 tantaque
2909 4041 3114 4105 dixere,
3143 4035 3338 4106 reperti
3369 4042 3545 4089 tamen
3572 4038 3701 4086 sunt

2124 4145 2214 4216 qui
2235 4144 2518 4199 verborum
2541 4135 2828 4210 petulantia
2850 4134 3022 4202 ipsum
3045 4127 3316 4183 diabolum
3343 4129 3696 4193 superarunt:

2123 4239 2171 4294 si
2218 4237 2350 4292 nihil
2395 4230 2657 4302 ejusmodi
2685 4229 2882 4283 dictum
2913 4224 3117 4287 fuisset,
3143 4235 3248 4290 quo
3277 4217 3490 4272 tandem
3516 4230 3702 4269 amen-

2127 4333 2213 4388 tiae
2243 4345 2349 4384 non
2375 4322 2784 4398 prorupissent?
2813 4318 2870 4374 Si
2895 4315 3190 4386 appositam
3233 4311 3488 4366 habentes
3532 4305 3704 4360 medi-

2126 4427 2324 4491 cinam,
2349 4397 2521 4476 adhuc
2551 4428 2723 4472 tamen
2749 4411 3020 4472 inflantur,
3065 4422 3172 4478 quo
3213 4404 3426 4460 demum
3478 4397 3704 4454 tumoris

2127 4528 2183 4574 et
2209 4513 2520 4586 arrogantia;
2551 4525 2656 4564 non
2685 4503 3088 4576 processissent,
3125 4497 3228 4552 nisi
3259 4495 3380 4550 talia
3430 4492 3504 4545 illi
3559 4491 3702 4543 circa

2131 4582 2371 4668 naturam
2402 4608 2685 4660 humanam
2708 4591 3091 4669 protulissent?
3122 4588 3256 4645 Audi
3284 4587 3444 4657 igitur
3470 4582 3594 4653 qttid
3635 4582 3706 4634 de

2131 4705 2307 4772 seipso
2329 4696 2654 4765 dicatjustus
2669 4691 2768 4764 ille
2794 4684 3111 4758 patriarcha,
3143 4680 3253 4750 Ego
3277 4687 3440 4731 autem
3466 4691 3574 4728 sum
3600 4683 3701 4725 ter-

2131 4811 2191 4848 ra
2213 4768 2262 4846 et
2292 4791 2417 4844 cinis
2439 4785 2588 4859 (Gen.
2622 4780 2792 4838 18.27
2812 4780 2851 4850 ).
2880 4778 3012 4832 Cum
3039 4774 3148 4827 Deo
3172 4768 3504 4839 loquebatur,
3533 4779 3708 4832 neque

2135 4897 2310 4942 tamen
2335 4877 2654 4937 confidentia
2683 4869 3000 4928 elferebatur
3026 4883 3042 4931 ;
3073 4865 3180 4918 imo
3210 4862 3290 4916 vel
3321 4859 3425 4913 hoc
3451 4859 3625 4926 ipsum
3649 4864 3713 4907 ut

2135 4976 2410 5034 moderate
2437 4977 2620 5041 ageret
2644 4966 2743 5035 ipsi
2771 4960 3046 5017 suadebat.
3075 4956 3142 5011 Hi
3167 4968 3316 5018 vero,
3371 4950 3462 5020 qtti
3491 4963 3712 5041 neum-

2135 5070 2229 5125 bra
2250 5065 2466 5137 quidem
2480 5039 2638 5116 Villius
2663 5055 2810 5126 digni
2835 5061 2984 5117 sunt,
3018 5064 3076 5104 se
3096 5044 3298 5117 angelis
3324 5043 3453 5113 ipsis
3479 5039 3714 5109 majores

2137 5174 2256 5216 esse
2281 5163 2502 5228 putant:
2547 5148 2688 5222 quod
2728 5156 2984 5202 extremae
3028 5137 3312 5195 dementia:
3341 5141 3712 5203 argumentum

2138 5262 2241 5310 est.
2265 5223 2503 5306 Deumne
2527 5241 2804 5303 scrutaris,
2827 5237 2916 5292 dic
2943 5233 3072 5290 mihi
3094 5273 3110 5298 ,
3155 5233 3245 5300 qui
3291 5229 3406 5282 sine
3453 5223 3715 5294 principio

2140 5351 2238 5408 est,
2279 5336 2639 5398 invariabilis,
2691 5332 3075 5398 incorporeus,
3122 5316 3573 5388 incorruptibilis,
3625 5312 3717 5381 qui

2141 5421 2532 5503 ubiqueadest,
2561 5436 2616 5482 et
2633 5421 2810 5477 omnia
2839 5425 3072 5488 superat,
3097 5414 3447 5478 universaque
3469 5413 3716 5503 creatura

2142 5495 2383 5596 superior
2413 5519 2532 5576 est?
2562 5515 2700 5571 Audi
2750 5511 2876 5583 quid
2925 5509 2994 5563 de
3045 5507 3136 5560 illo
3165 5500 3434 5573 pr0pheun
3472 5495 3719 5596 philoso-

2143 5588 2394 5690 phentur,
2423 5622 2477 5669 et
2502 5620 2679 5667 metue
2709 5599 2728 5659 τ’
2757 5605 2853 5671 Qui
2874 5599 3073 5669 respicit
3091 5606 3297 5660 terram,
3349 5601 3395 5646 et
3436 5588 3556 5661 facit
3605 5600 3719 5638 eam

2149 5685 2355 5768 tremere
2381 5704 2552 5781 (Psal.
2585 5697 2864 5768 103.52):
2894 5694 3100 5764 aspexit
3123 5689 3314 5754 solum,
3346 5695 3399 5740 ct
3425 5685 3718 5740 illam-tan-
