4050 6160
288 329 385 383 'Hl

278 438 379 495 τοῦ
422 440 561 494 Θεοῦ
590 438 689 511 τήν
727 439 1071 510 προστασίαν.
1095 440 1603 512 ἐμπεπιστευμένος
1646 442 1743 496 τοῦ
1782 442 1958 515 δήμου

280 529 513 592 παντός’
549 518 707 590 οὗτος
734 528 762 579 6
801 526 1077 598 Ζαχαρίας
1127 527 1385 580 εἰσελθὼν
1419 530 1501 591 εἰς
1546 528 1615 586 τά
1664 528 1802 598 ἄγια
1846 529 1959 583 τῶν

279 618 478 684 ἁγίων,
520 617 602 679 εις
643 614 783 669 αύτά
820 614 891 668 τὰ
922 615 1087 669 ἄδυτα
1120 626 1169 679 ι,
1199 614 1236 670 ἄ
1277 615 1425 687 μόνῳ
1466 616 1576 671 τῶν
1612 618 1828 671 πάντων
1863 618 1959 671 ἀν-

278 704 518 775 θρώτων
551 703 743 774 ἐκείνῳ
793 702 950 774 Θέμις
984 699 1054 776 ἦν
1097 703 1219 758 τότε
1261 704 1395 775 ὸρᾷν
1442 705 1559 776 (καὶ
1604 705 1795 759 σκόπει
1841 704 1959 769 πῶς

279 791 380 853 καὶ
401 790 495 844 τοῦ
532 789 769 862 πλήθους
802 791 1001 856 παντὸς
1044 790 1371 862 ἀντίρροπός
1412 788 1503 864 ἦν,
1554 792 1629 857 ὼς
1663 792 1758 846 καὶ
1802 791 1958 857 λιτάς

280 877 425 949 ὑπὲρ
450 876 558 936 τοῦ,
580 876 817 950 πλήθους
852 876 1056 941 παντὸς
1081 878 1377 949 ἀναφέρειν
1405 877 1483 950 τῷ
1524 878 1665 950 Θεῷ,
1704 879 1801 932 καὶ
1829 878 1957 932 ἵλεω

277 966 459 1027 ποιεῖν
484 964 577 1019 τὸν
601 964 882 1036 Δεσπότην
905 965 1020 1028 τοῖς
1042 964 1281 1028 οἰκέταις
1318 960 1479 1036 (εἶδες
1512 966 1827 1038 παρρησίας
1862 965 1958 1037 μέ·-

277 1050 490 1127 γεθος;)
524 1051 779 1123 καθάπερ
813 1051 1041 1123 μεσίτης
1066 1069 1151 1116 τις
1182 1049 1258 1106 ὢν
1290 1050 1425 1106 Θεοῦ
1475 1054 1570 1107 καὶ
1603 1050 1953 1125 ἀνθρώπων),

278 1135 417 1201 εἶδεν
438 1138 679 1206 ἄγγελον,
699 1136 845 1192 ἔνδον
871 1138 1103 1203 ἐστῶτα,
1128 1140 1223 1194 καί
1246 1139 1429 1211 ἐπειδὴ
1456 1139 1752 1211 ἐξέπληξεν
1777 1143 1809 1211 ή
1833 1140 1956 1209 ὄψις

277 1225 371 1283 τὸν
415 1225 727 1295 ἄνθρωπον,
781 1226 945 1296 φησὶν
991 1227 1231 1290 ἐκεῖνος’
1281 1226 1380 1295 Μὴ
1418 1228 1628 1297 φοϐοῦ,
1663 1228 1953 1297 Ζαχαρία,

276 1311 429 1373 διότι
457 1313 831 1380 είσηκούσθη
863 1313 902 1381 ἠ
932 1311 1142 1380 δέησίς
1173 1328 1311 1378 σου,
1347 1314 1446 1368 καὶ
1479 1314 1608 1368 ὶδοὺ
1627 1313 1773 1383 τέξῃ
1796 1315 1951 1371 υἱόν.

277 1401 389 1462 Καὶ
422 1398 730 1471 ποία-αὓτη
774 1399 1091 1465 ἀκολουθία;
1143 1400 1283 1473 ὑπὲρ
1312 1399 1408 1454 τοῦ
1447 1399 1578 1454 λαοῦ
1629 1401 1950 1473 παρεκάλει,

277 1486 421 1557 ὑπὲρ
462 1484 573 1540 τῶν
604 1485 1018 1557 ἁμαρτημάτων
1059 1485 1260 1552 ἐδεῖτο,
1314 1486 1646 1559 συγγνώμην
1686 1488 1807 1560 ᾔτει
1837 1491 1952 1553 τοῖς
1994 1550 2011 1561 θ

277 1571 606 1640 συνδούλοις,
648 1573 741 1626 καὶ
782 1572 952 1641 λέγει,
984 1571 1080 1640 Μὴ
1119 1572 1327 1642 φοϐοῦ,
1359 1575 1643 1643 Ζαχαρία,
1676 1576 1950 1644 ἠκούσθη

275 1660 385 1731 γὰρ
439 1662 490 1730 ἡ,
522 1659 737 1729 δέησίς
786 1675 939 1715 σουο
1002 1661 1095 1715 καὶ
1141 1659 1237 1714 τοῦ
1296 1661 1630 1733 ἀκουσθῆναι
1680 1663 1952 1730 ἀπόδειξιν

276 1733 533 1815 ποιεῖται,
550 1748 612 1814 τὸ
630 1747 998 1819 τεχθήσεσθαι
1030 1748 1197 1802 παῖδα
1224 1746 1375 1819 αὐτῷ
1396 1748 1488 1802 τὸν
1523 1748 1811 1822 ’1ωάννην;
1843 1750 1953 1805 Καὶ

278 1836 432 1910 μάλα
472 1836 721 1900 εἰκότως.
764 1834 986 1906 Ἐπειδὴ
1028 1834 1137 1905 γάρ
1164 1835 1195 1876 ιν
1225 1835 1365 1908 ὑπὲρ
1399 1835 1505 1890 τῶν
1548 1836 1831 1908 ἀμαρτιῶν
1857 1836 1949 1890 τοῦ

274 1924 422 1989 λαοῦ,
446 1922 765 1994 παρεκάλει,
788 1921 980 1993 ἔμελλε
1008 1922 1064 1977 δέ
1100 1922 1307 1976 τίκτειν
1338 1924 1450 1976 υἱὸν
1478 1923 1686 1995 βοῶντα
1708 1941 1723 1955 ’
1760 1924 1873 1980 Ἴδε
1916 1927 1950 1980 ό

276 2010 469 2089 ἀμνὸς
498 2010 608 2079 τοῦ
634 2009 782 2080 Θεοῦ
811 2013 846 2065 ό
882 2010 1068 2078 αἴρων
1091 2010 1209 2079 τὴν
1234 2011 1528 2081 ἁμαρτίαν
1556 2012 1664 2066 τοῦ
1693 2011 1946 2081 κόσμου,

279 2097 538 2166 εἰκότως,
563 2097 747 2171 φησὶν,
772 2098 1158 2169 Ελσηκούσθη
1180 2098 1219 2167 ἠ
1264 2097 1475 2166 δέησίς
1502 2113 1641 2163 σου,
1672 2099 1772 2153 καί
1803 2098 1947 2169 τέξῃ

278 2184 432 2239 υιόν.
467 2183 534 2237 Τί
572 2180 667 2248 οὖν
697 2185 937 2251 ἐκεῖνος;
972 2184 1045 2238 Τὸ
1072 2184 1182 2256 γάρ
1222 2183 1557 2257 ζητούμενον
1588 2183 1747 2241 τοῦτό
1776 2188 1945 2252 ἐστιν,

274 2271 358 2324 ὅτι
390 2271 455 2325 τὸ
489 2270 947 2344 περιεργάζεσθαι
992 2270 1225 2343 τρόπους
1273 2272 1539 2345 χρησμῶν
1573 2272 1732 2336 θείων
1777 2274 1950 2344 ἀσύγ-

276 2359 517 2427 γνωστόν
545 2361 683 2425 ἐστι,
723 2359 823 2423 τάς
860 2359 918 2414 δέ
963 2359 1267 2428 ἀποφάσεις
1298 2360 1478 2413 πίστει
1522 2360 1770 2432 δέχεσθαι
1817 2363 1943 2437 χρή.

275 2442 427 2501 Εἶδεν
456 2446 540 2508 είς
565 2446 666 2516 τὴν
698 2444 915 2517 ήλικίαν
946 2445 1045 2517 τὴν
1087 2445 1305 2514 ἑαυτοῦ,
1350 2448 1428 2513 είς
1469 2447 1570 2519 τήν
1606 2448 1818 2513 πολιὰν,
1866 2450 1947 2514 εἰς

274 2532 518 2613 τὸσῶμα
566 2532 628 2587 τὸ
678 2533 1084 2613 ἐξησθενηκόςο-
1157 2529 1296 2595 εἶδεν
1372 2535 1452 2598 είς
1498 2535 1596 2605 τὴν
1663 2536 1946 2608 στείρωσιν

272 2619 374 2696 τῆς
405 2610 690 2695 γυναικὸς,
734 2608 831 2675 καὶ
881 2608 1225 2692 διηπίστησε,
1296 2620 1517 2677 καὶτὸν
1572 2621 1771 2693 τρόπον
1820 2620 1946 2695 ἐζή-

275 2723 409 2779 τησε
451 2707 665 2780 μαθεῖν,
726 2708 821 2761 καὶ
858 2702 981 2761 εἷπε
1002 2725 1017 2740 ·
1083 2706 1246 2762 Κατὰ
1297 2708 1355 2762 τί
1398 2709 1694 2779 γνώσομαι
1739 2710 1913 2764 τοῦτο
1923 2728 1943 2776 ;

273 2796 419 2862 Πῶς,
468 2798 672 2868 φησιν,
722 2795 874 2851 ἔσται
911 2796 1103 2863 τοῦτο;
1164 2796 1295 2851 Ἰδοὺ
1354 2797 1466 2866 ἐγὼ
1514 2801 1800 2873 γεγήρακα
1852 2803 1946 2856 καὶ

274 2883 645 2956 πεπολίωμαι,
694 2885 789 2939 καὶ
828 2886 1020 2956 ήγυνή
1072 2901 1173 2955 μου
1220 2886 1408 2956 στεῖρα
1463 2886 1837 2957 προϐεϐηκυῖα
1887 2890 1946 2943 ἐν

272 2974 392 3035 ταῖς
418 2971 656 3043 ἡμέραις
703 2971 904 3041 αὐτῆς·
947 2972 981 3041 ή
1022 2969 1207 3041 ἡλικία
1257 2971 1455 3041 ἄωρος,
1489 2973 1522 3042 ή
1572 2971 1732 3039 φύσις
1771 2973 1947 3046 ἄχρη-
1990 3002 2000 3012 -

276 3075 433 3122 στοςο
475 3059 594 3122 πῶς
625 3057 737 3130 ἔχει
771 3058 1015 3128 λόγοντά
1053 3058 1476 3129 ἐπηγγελμένας
1509 3058 1620 3129 ἐγὼ
1651 3061 1680 3113 6
1707 3062 1946 3133 σπείρων

272 3144 544 3218 ἀσθενήςο
574 3147 608 3217 ή
641 3145 851 3217 ἄρουρα
884 3146 1095 3216 ἄγονος.
1122 3141 1250 3218 Ἆρ’
1277 3146 1340 3198 οὐ
1366 3146 1513 3201 δοκεῖ
1546 3164 1657 3201 τισι
1702 3147 1947 3218 συγγνώ-

277 3255 386 3308 μης
407 3235 559 3302 ἄξιος
601 3233 740 3290 εἶναι
782 3237 1124 3310 πραγμάτων
1162 3237 1486 3293 ἀκολουθίαν
1514 3239 1809 3313 ἐπιζητῶν,
1851 3240 1947 3294 καὶ

272 3326 447 3389 δοκῶν
483 3343 537 3379 τι
580 3325 759 3394 λέγειν
801 3326 981 3395 είκός;
1036 3326 1179 3382 Ἀλλ’
1207 3328 1269 3382 ού
1300 3326 1378 3399 τῷ
1420 3326 1539 3399 Θεῷ
1579 3328 1757 3395 ἔδοξεν
1799 3328 1946 3396 ἄξιος

272 3409 446 3466 εἶναι·
488 3413 583 3468 καὶ
610 3412 756 3484 μάλα
781 3414 1026 3477 είκότως.
1066 3414 1234 3469 Ὅταν
1265 3416 1373 3487 γάρ
1405 3418 1432 3469 6
1463 3415 1595 3480 Θεὸς
1637 3417 1946 3490 ἀποφαίνη-

273 3517 384 3562 ται,
415 3499 712 3570 λογισμοὸς
738 3503 908 3554 κινεῖν
932 3502 994 3555 οὐ
1023 3501 1151 3574 χρὴ,
1188 3503 1312 3555 οὐδὲ
1356 3504 1697 3575 πραγμάτων
1722 3505 1947 3559 ἀκολου-

273 3586 417 3654 θίαν,
458 3589 583 3641 0666
611 3588 828 3659 φύσεως
848 3590 1094 3661 ἀνάγκην
1121 3590 1541 3662 προϐάλλεσθαι,
1569 3591 1692 3645 οὐδὲ
1740 3592 1868 3647 ἄλλο
1892 3610 1948 3647 τι

273 3676 384 3729 τῶν
428 3675 686 3729 τοιούτων
711 3676 863 3730 οὐδέν
883 3693 898 3708 ·
951 3678 1169 3733 πάντων
1198 3679 1309 3750 γὰρ
1337 3677 1543 3732 τούτων
1574 3679 1821 3752 ἀνωτέρα
1848 3682 1953 3752 τῆς

275 3763 608 3831 ἀποφάσεως
647 3764 680 3830 ἡ
716 3762 943 3834 δύναμις
984 3764 1160 3818 οὐδενὶ
1186 3764 1586 3837 διακοπτομένη
1639 3766 1944 3838 κωλύματι.

275 3850 343 3904 Τί
373 3853 573 3918 ποιεῖς,
610 3851 894 3925 ἄνθρωπε;
923 3854 951 3906 6
977 3854 1111 3918 Θεὸς
1144 3855 1559 3924 ἐπαγγέλλεται,
1593 3857 1687 3910 καὶ
1714 3857 1809 3911 ἐπὶ
1830 3858 1950 3929 ήλι-

273 3940 402 3993 κίαν
436 3939 822 4009 καταφεύγεις,
864 3941 1015 4015 [455]
1051 3944 1149 3997 καὶ
1172 3945 1348 4016 γῆρας
1384 3944 1696 4019 προϐάλλῃς
1733 3947 1807 4019 μὴ
1840 3949 1948 4021 γάρ

274 4026 632 4098 ἰσχυρότερον
674 4028 737 4081 τὸ
780 4032 960 4101 γῆρας
996 4030 1099 4100 τῆς
1140 4031 1473 4100 ἐπαγγελίας
1508 4032 1611 4086 τοῦ
1657 4034 1825 4100 Θεοῦ;
1871 4037 1948 4108 μή

267 4115 383 4186 γάρ
411 4114 757 4187 δυνατωτέρα
789 4118 823 4187 ή
861 4116 1023 4186 φύσις
1048 4117 1151 4171 τοῦ
1181 4118 1529 4190 δημιουργοῦ.
1552 4123 1653 4190 τῆς
1696 4121 1944 4190 φύσεως;

268 4206 374 4259 οὐκ
421 4200 572 4268 οἶδας
619 4207 703 4260 δτι
756 4207 956 4277 ἰσχυρά
1001 4206 1141 4279 ἔργα
1191 4208 1362 4277 λόγων
1413 4208 1608 4275 αὐτοῦς
1673 4211 1733 4264 ὐ
1783 4212 1941 4281 λόγος

270 4291 440 4347 αὐτοῦ
464 4294 558 4346 τὸν
603 4294 827 4364 οὐρανὸν
875 4294 1121 4366 ἔστησεν⁸
1161 4298 1191 4350 6
1217 4295 1375 4364 λόγος
1413 4295 1579 4351 αὐτοῦ
1622 4297 1720 4369 τὴν
1767 4299 1946 4353 κτίσιν

270 4384 634 4455 παρήγαγεν⁸
679 4384 709 4437 6
762 4382 917 4451 λόγος
973 4382 1137 4436 αὐτοῦ
1207 4383 1473 4453 ἀγγέλους
1538 4386 1798 4457 ἐποίησε,
1854 4388 1949 4441 καὶ

271 4471 340 4524 σὺ
389 4472 521 4541 περὶ
582 4471 889 4543 γεννήσεως
959 4471 1360 4541 ἀμφιϐάλλειςς
1409 4472 1510 4527 Διά
1563 4474 1739 4528 ταῦτα
1774 4476 1945 4546 ἠγαν-

271 4555 512 4627 άκτησεν
556 4558 586 4610 6
627 4556 876 4627 ἄγγελος,
928 4557 1022 4610 καὶ
1065 4557 1184 4610 οὐδὲ
1221 4557 1312 4611 διά
1336 4560 1437 4630 τὴν
1484 4558 1785 4630 ἱερωσύνην
1812 4576 1940 4613 συν-

271 4640 443 4710 έγνω·
508 4642 598 4696 διά
639 4644 845 4714 ταύτην
895 4643 994 4714 μὲν
1039 4639 1131 4698 οῦν
1179 4645 1273 4699 καὶ
1331 4643 1623 4709 ἐκολάζετο
1662 4646 1944 4714 μειζόνως.

272 4728 378 4782 Τὸν
406 4730 518 4801 γάρ
563 4729 722 4784 πλέον
762 4730 870 4783 τῶν
901 4729 1080 4786 ἄλλων
1112 4731 1192 4795 είς
1224 4732 1391 4802 τιμῆς
1423 4732 1617 4802 ἔχοντα
1660 4733 1815 4802 λόγον
1854 4734 1949 4787 καὶ

272 4818 403 4889 περὶ
437 4818 539 4889 τὴν
581 4818 764 4874 πίστιν
790 4820 899 4872 τῶν
932 4820 1107 4873 ἄλλων
1155 4821 1502 4874 πλεονεκτεῖν
1547 4822 1676 4877 ἔδει.
1724 4823 1835 4878 Καὶ
1865 4824 1948 4888 τίς

269 4906 302 4959 6
336 4906 540 4978 τρόπος
567 4906 669 4977 τῆς
707 4907 1016 4974 κολάσεως;
1060 4907 1217 4963 Ἰδοὺ
1255 4907 1372 4978 ἔσῃ
1412 4908 1676 4975 σιωπῶν,
1730 4911 1829 4965 καί
1864 4912 1945 4981 μὴ

269 4991 610 5064 δυνάμενος
642 4994 857 5049 λαλεῖν
892 5006 941 5049 ο.
988 4996 1054 5050 Ἠ
1084 4995 1307 5065 γλῶσσά
1333 5013 1450 5063 σου,
1485 4998 1672 5069 φησιν,
1702 4998 1945 5071 ήδιηκο-

332 5182 362 5212 ⁸
387 5182 522 5251 Heu,
548 5186 612 5242 εἷς
634 5186 755 5235 αὐτὰ
771 5187 831 5236 τὰ
851 5186 1019 5251 ᾇδυτα,
1043 5189 1093 5239 in
1115 5188 1333 5239 Savil.et
1353 5186 1401 5238 in
1421 5190 1607 5251 aliquot
1627 5203 1741 5239 mss.
1767 5192 1949 5244 desunt

267 5242 373 5307 big,
396 5245 487 5293 sed
508 5242 770 5307 ponuntur
796 5249 918 5299 Infra
941 5242 1045 5299 aid:
1071 5251 1154 5299 καὶ
1176 5251 1451 5307 ἀνθρώπων·
1488 5242 1553 5307 in;
1575 5252 1697 5299 αὖτά
1714 5253 1776 5300 τὰ
1797 5242 1948 5303 ἄδυτα

264 5304 427 5374 τοίνιζν
448 5304 713 5374 ¹ιζιιρελθιῖον,
753 5310 889 5374 είδεν³
935 5311 1090 5374 Paulp
1121 5319 1233 5374 p95!
1263 5304 1389 5374 haec,
1411 5314 1514 5369 πῶς
1534 5304 1722 5374 καὶτοῦ
1744 5316 1947 5372 πλήθους

270 5367 446 5438 παντὸς
466 5367 743 5438 ἀντίῤῥοποε
763 5371 840 5438 ἦν,
861 5371 1041 5421 desunt
1065 5367 1351 5438 iu'_M0rel.,
1378 5367 1467 5438 εβε
1492 5367 1740 5438 habentur
1756 5377 1805 5423 in
1825 5367 1943 5426 mss;

268 5432 480 5499 maxjma
710 5432 863 5487 Paulo
901 5438 1010 5494 post
1034 5435 1229 5495 quidam
1255 5432 1371 5483 mss.
1396 5436 1670 5538 (ignigth
1698 5441 1749 5484 el
1774 5444 1945 5497 postea

268 5502 440 5538 ποιειν.
466 5503 496 5538 ιι
535 5492 553 5538 ί
592 5491 768 5538 Morel.
812 5493 965 5538 habet
987 5494 1231 5538 ἀναιτίων
1254 5501 1308 5538 et
1328 5512 1496 5538 ποιων-
1572 5509 1633 5538 nx
1656 5497 1799 5538 Illud-
1826 5499 1945 5538 εἶδεν

268 5491 440 5558 ποιεῖν,
466 5491 553 5558 ubi
592 5491 768 5558 ᾏοιζει.
810 5491 971 5558 ῂοίίει
987 5491 1231 5558 ἀνριφέρων
1254 5501 1308 5544 ει
1328 5491 1507 5558 ποιῷνί
1524 5491 1800 5557 Μοχὶιιυᾶ,
1826 5499 1946 5557 εἶδες

268 5548 538 5647 παρρησίας
563 5554 771 5614 μέγεθος,
794 5555 939 5603 deest
958 5554 1007 5604 iu
1031 5548 1183 5606 Sa'vi'l.
1211 5563 1265 5606 et
1288 5557 1341 5605 in
1360 5555 1649 5617 quibusdam
1671 5571 1788 5607 mss.

384 5612 593 5647 ﬂuidam
613 5627 714 5647 mea
767 5615 1009 5647 ’ln.\J‘\nn-uo
1036 5619 1115 5647 ...οἱ
1144 5619 1325 5647 -..δίκην
1343 5619 1494 5647 ,νλὶἱᾷ
1514 5619 1593 5647 υ..)
1619 5619 1788 5647 ρι’..λέ-

384 5612 594 5684 Ωαίίέεω
613 5612 731 5664 In33-
767 5615 1012 5676 Ἰωάννηνς
1036 5619 1118 5665 καὶ
1144 5619 1326 5682 σφόδρα
1343 5612 1496 5677 πολλὴ
1514 5619 1596 5667 καὶ
1618 5619 1940 5684 εὐπρόσωπος·

272 5675 652 5847 ᾟἨέἔααὶ
671 5737 735 5801 μὴ
756 5738 1006 5797 δυνάμενος
1022 5738 1199 5803 λαλεῖν,
1232 5731 1412 5793 desunt
1432 5742 1481 5793 in
1513 5742 1800 5805 quibusdam
1826 5758 1938 5794 mss.

1323 325 1412 381 DE
1453 326 2149 389 INCOMPREHENSIBILI
2188 328 2297 385 DEI
2335 326 2642 387 NATURA.
2684 325 2747 383 11.

3631 328 3735 383 7η

2066 460 2196 513 νησε
2243 443 2380 515 πρὸς
2424 441 2523 513 τὴν
2571 440 2678 494 τῶν
2723 440 2982 511 ῥημάτων
3031 441 3306 504 ἀπιστίαν,
3346 441 3485 513 αὕτη
3528 442 3736 507 δέξεται

2064 534 2160 585 καὶ
2196 530 2292 602 τὴν
2327 530 2420 583 ἐπὶ
2458 532 2525 600 τῇ
2552 528 2781 599 ἀπιστία
2810 527 3112 598 τιμωρίαν·
3162 527 3309 581 Ἰδοὺ
3341 528 3458 598 ἔσῃ
3495 529 3739 583 σιωπῶν

2064 618 2165 671 καὶ
2206 617 2293 686 μὴ
2340 616 2568 682 λαλῶν,
2602 615 2715 681 ἕως
2748 614 2826 670 ἂν
2878 614 3124 684 γένηται
3174 615 3383 669 ταῦτα.
3452 616 3739 686 Ἐννόησον

2064 703 2472 775 φιλανθρωπίαν
2494 702 2764 756 Δεσπότου
2788 718 2799 733 ·
2836 701 3111 764 Ἀπιστεῖς
3134 718 3247 771 μοι,
3269 701 3402 772 φησί
3423 718 3437 734 ο
3463 701 3558 755 νῦν
3578 703 3737 772 δέχου

2062 790 2160 861 τὴν
2204 790 2444 855 κόλασιν,
2482 789 2576 842 καὶ
2610 789 2736 841 ὅταν
2781 786 2870 840 διά
2919 786 3029 840 τῶν
3076 787 3419 858 πραγμάτων
3468 788 3739 859 παράσχω

2062 878 2161 949 τὴν
2200 876 2492 942 ἀπόδειξιν,
2527 875 2649 929 τότε
2695 874 2807 928 λύω
2844 874 2945 945 τὴν
2990 875 3162 945 ὀργήν
3186 893 3198 905 ·
3227 876 3357 928 ὅταν
3407 875 3607 948 μάθῃς,
3654 877 3740 929 ὅτι

2061 960 2286 1023 δικαίως
2326 957 2646 1030 ἐκολάσθης,
2675 958 2795 1011 τότε
2830 958 2897 1028 σέν
2922 957 3261 1013 ἀπαλλάττω.
3296 960 3399 1029 τῆς
3440 959 3736 1031 τιμωρίας.

2073 1046 2444 1101 Ἀκουέτωσαν
2466 1046 2515 1099 οί
2559 1045 2825 1115 Ἀνόμοιοι
2851 1044 2968 1108 πῶς
2998 1047 3301 1114 ἀγανακτεῖ
3342 1047 3740 1118 πολυπραγμο-

2060 1132 2317 1203 νούμενος
2355 1133 2385 1186 6
2430 1132 2582 1196 Θεός.
2636 1133 2700 1186 Εἰ
2741 1132 2798 1187 δὲ
2841 1133 3048 1195 ἐκεῖνος
3097 1135 3406 1204 ἀπιστήσας
3450 1138 3517 1206 τῇ
3565 1135 3735 1206 θνητῇ

2060 1222 2309 1293 γεννήσει
2347 1220 2654 1286 κολάζεται,
2703 1220 2778 1271 σὺ.
2810 1221 2838 1271 ὁ
2866 1219 2964 1292 τὴν
3006 1220 3317 1292 ἀπόρρητον
3347 1222 3441 1275 καὶ
3481 1222 3581 1291 τὴν
3623 1222 3737 1276 ἀνω

2060 1307 2558 1379 περιεργαζόμενος
2610 1306 2727 1370 πῶς
2774 1306 3042 1379 διαφεύξῃ
3088 1308 3397 1379 τιμωρίαν,
3439 1309 3562 1361 είπέ
3610 1324 3735 1380 μοι;

2072 1396 2312 1460 Ἐκεῖνος
2344 1396 2444 1449 οὐκ
2473 1396 2812 1466 ἀπεφήνατο,
2845 1393 2982 1447 ἀλλά
3010 1393 3202 1465 μαθεῖν
3227 1395 3482 1466 ἠθέλησε,
3513 1398 3609 1450 καὶ
3634 1397 3737 1451 ούκ

2059 1483 2215 1554 ἔτυχε
2252 1482 2581 1554 συγγνώμης
2603 1499 2618 1514 ·
2653 1482 2717 1535 σὺ
2748 1481 2804 1535 δὲ
2833 1482 2861 1534 ὁ
2903 1482 2998 1535 καὶ
3035 1481 3234 1535 είδέναι
3270 1483 3738 1555 διισχυριζόμενος

2057 1571 2125 1625 τά
2154 1574 2318 1626 πᾶσιν
2349 1571 2554 1626 ἀθέατα
2598 1570 2693 1624 καὶ
2740 1569 3125 1642 ἀκατάληπτα,
3174 1570 3337 1624 ποίαν
3368 1571 3510 1636 ἔξεις
3534 1571 3735 1626 ἀπολο-

2058 1660 2216 1729 γίαν;
2244 1660 2365 1713 τίνα
2390 1660 2447 1713 δέ
2485 1659 2586 1712 οὐκ
2613 1658 2896 1731 ἐπισπάσῃ
2924 1659 3065 1713 κατὰ
3093 1658 3294 1712 σαυτοῦ
3337 1660 3643 1730 τιμωρίαν;

2127 1755 2198 1818 γ’.
2216 1748 2355 1801 Ἀλλ’
2385 1749 2432 1801 οί
2462 1748 2570 1819 μέν-
2588 1748 2715 1818 περὶ
2734 1750 3042 1818 γεννήσεως
3057 1747 3205 1817 λόγοι
3221 1749 3344 1812 τοὺς
3362 1749 3738 1819 προσήκοντας

2057 1835 2476 1906 ἀναμενέτωσαν
2505 1834 2727 1905 καιρούς
2747 1849 2761 1864 ⁸
2794 1835 2932 1898 τέως
2959 1835 3017 1888 δέ
3049 1835 3155 1906 ὁδῷ
3182 1835 3487 1907 βαδίζωμεν
3518 1836 3610 1892 ἐπὶ
3629 1834 3731 1906 τὴν

2058 1922 2326 1995 προτέραν
2360 1923 2636 1986 ὑπόθεσιν,
2666 1917 2735 1994 ἦς
2763 1922 2955 1993 πρῴην
2982 1922 3052 1976 τά
3081 1922 3311 1992 λείψανα
3343 1923 3733 1993 κατελίπομεν,

2055 2013 2153 2082 τὴν
2179 2011 2428 2082 ὀλεθρίαν
2453 2010 2727 2065 ἐκσπάσαι
2748 2011 2905 2080 ῥίζαν
2934 2010 3361 2081 ἐπιχειροῦντες,
3390 2010 3490 2081 τὴν
3514 2010 3736 2073 πάντων

2059 2099 2268 2170 μητέρα
2292 2098 2402 2152 τῶν
2441 2098 2644 2159 κακῶν,
2677 2099 2771 2153 καὶ
2810 2098 2934 2153 ὅθεν
2962 2098 3147 2161 αὐτοῖς
3176 2097 3244 2151 τὰ
3270 2098 3520 2168 δόγματα
3552 2097 3732 2152 ταῦτα

2055 2186 2373 2256 ἐϐλάστησε.
2404 2185 2540 2239 Ποία
2556 2185 2613 2238 δὲ
2641 2187 2676 2257 ή
2709 2185 2835 2252 ῥίζα
2862 2185 2971 2239 τῶν
3005 2184 3191 2238 κακῶν
3221 2186 3443 2243 πάντων
3470 2202 3489 2251 ;
3515 2185 3742 2239 Πιστεύ-

2057 2290 2185 2332 σατε
2204 2290 2218 2305 ·
2245 2271 2412 2344 φρίκη
2443 2289 2510 2343 με
2537 2273 2758 2342 κατέχει
2786 2271 3049 2343 μέλλοντα
3074 2271 3246 2343 αὐτὴν
3270 2271 3517 2331 ἐκλαλεῖν
3539 2289 3553 2303 ’
3587 2271 3734 2326 ὀκνῶ

2053 2361 2161 2433 γάρ
2187 2359 2277 2421 διά
2296 2358 2541 2431 γλώττης
2565 2361 2819 2431 ἐκφέρειν
2844 2359 2886 2418 ἄ,
2925 2359 3221 2431 μελετῶσιν
3245 2361 3340 2415 ἐπὶ
3365 2361 3464 2431 τῆς
3489 2360 3734 2423 διανοίας

2054 2449 2253 2508 ἐκεῖνοι
2272 2447 2581 2511 διαπαντός.
2610 2447 2706 2510 Τίς
2729 2441 2823 2501 οὖν
2859 2448 3006 2500 ἐστιν
3033 2448 3065 2519 ή
3096 2448 3220 2517 ῥίζα
3246 2446 3454 2500 τούτων
3485 2447 3595 2500 τῶν
3630 2465 3735 2500 κα-

2054 2535 2197 2600 κῶν;
2247 2534 2575 2607 Ἐτόλμησεν
2622 2533 2907 2605 ἄνθρωπος
2955 2536 3129 2589 εἰπεῖν
3175 2535 3278 2601 ὅτι,
3325 2534 3458 2588 Θεὸν
3487 2530 3626 2597 οἶδα,
3657 2534 3735 2598 ὡς

2053 2622 2214 2688 αὐτὸς
2251 2624 2280 2677 6
2320 2622 2451 2685 Θεὸς
2490 2622 2683 2676 ἐαυτὸν
2728 2619 2857 2676 οἶδε.
2901 2622 3090 2677 Ταῦτα
3131 2620 3225 2678 οὖν
3269 2622 3496 2692 ἐλέγχου
3538 2623 3731 2687 δεῖται;

2051 2710 2223 2765 ταῦτα
2247 2708 2602 2775 ἀποδείξεως;
2632 2710 2733 2762 οὐκ
2758 2711 2916 2781 ἀρκεῖ
2960 2708 3096 2781 μόνη
3126 2711 3158 2781 ή
3190 2711 3443 2782 προφορά
3486 2709 3594 2763 τῶν
3643 2713 3735 2781 ρη-

2057 2797 2240 2870 μάτων
2265 2797 2436 2861 δεῖξαι
2467 2797 2647 2851 πᾶσαν
2675 2796 2855 2851 αὐτῶν
2890 2796 2988 2868 τὴν
3020 2796 3310 2863 ἀσέϐειαν;
3345 2797 3455 2850 Καὶ
3488 2798 3596 2870 γάρ
3630 2814 3735 2868 μα-

2052 2884 2143 2939 νία
2181 2884 2266 2949 τίς
2313 2885 2429 2938 ἐστι
2472 2882 2647 2937 ταῦτα
2682 2882 2880 2954 σαφὴς,
2922 2884 3275 2956 παραπληξία
3316 2884 3727 2955 ἀσύγγνωστος,

2054 2968 2363 3040 καινότερος
2388 2967 2644 3032 ἀσεϐείας
2677 2968 2876 3040 τρόπος
2895 2985 2909 3000 ·
2931 2969 3116 3033 οὐδεὶς⁴
3130 2969 3373 3024 τοιοῦτον
3405 2970 3557 3031 οὐδὲν
3573 2971 3728 3024 οὐδέ-

2053 3074 2186 3111 ποτε
2222 3054 2343 3111 οὔτε
2368 3058 2446 3120 εἰς
2465 3054 2588 3109 νοῦν
2618 3055 2894 3127 βαλέσθαι,
2916 3055 3040 3110 οὕτε
3065 3057 3152 3112 διὰ
3189 3059 3290 3130 τῆς
3329 3057 3576 3130 γλώττης
3599 3075 3736 3129 προ-

2054 3146 2295 3214 ενεγκεῖν
2323 3143 2640 3214 ἐτόλμησεν.
2678 3144 2978 3213 Ἐννόησον,
3002 3144 3152 3202 ἄθλιε
3172 3146 3265 3198 καὶ
3285 3146 3621 3218 ταλαίπωρε,
3648 3147 3735 3212 τίς

2052 3227 2229 3295 simul.
2252 3230 2376 3284 τίνα
2398 3228 2737 3302 περιεργάζῃ
2751 3248 2764 3260 ·
2792 3230 2885 3285 ἄνθ
2895 3248 3075 3303 ρωπος
3097 3230 3170 3285 ὣν
3192 3232 3323 3287 Θεὸν
3344 3233 3734 3305 πολυπραγμο-

2054 3321 2199 3385 νεῖς;
2238 3318 2422 3389 Ἀρκεῖ
2441 3318 2546 3390 γὰρ
2576 3318 2644 3372 τά
2680 3318 2918 3390 ὀνόματα
2956 3318 3085 3388 ψιλά
3110 3319 3208 3389 τῆς
3229 3320 3412 3383 ἀνοίας
3439 3319 3602 3385 δεῖξαι
3632 3321 3733 3393 τὴν

2054 3404 2378 3477 ὑπερϐολὴν,
2406 3405 2688 3477 ἄνθρωπος⁹
2711 3406 2791 3476 γῆ
2813 3405 2906 3469 καὶ
2943 3406 3133 3468 σποδὸς
3155 3407 3436 3478 ὑπάρχων,
3479 3407 3614 3480 σὰρξ
3633 3408 3731 3467 καὶ

2054 3489 2226 3564 αἷμα,
2270 3492 2461 3565 χόρτος
2500 3493 2594 3545 καί
2625 3492 2783 3556 ἄνθος
2825 3493 3041 3565 χόρτου,
3089 3494 3214 3547 σκιά
3254 3495 3348 3547 καὶ
3383 3495 3589 3560 καπνὸς
3634 3497 3732 3551 καὶ

2058 3579 2373 3650 ματαιότης,
2392 3580 2486 3632 καὶ
2514 3578 2566 3631 εί
2586 3596 2639 3632 τι
2665 3579 2870 3634 τούτων
2890 3581 3277 3653 ἁδρανέστερον
3298 3580 3732 3645 καὶεὺτελὲστε-
3795 3611 3809 3641 ι

2059 3682 2169 3737 ρον.
2207 3667 2318 3719 Καὶ
2356 3665 2430 3736 μὴ
2458 3666 2721 3738 νομίσητε
2748 3667 3084 3739 κατηγορίαν
3108 3663 3245 3722 εἶναι
3286 3669 3385 3740 τῆς
3426 3669 3638 3739 φύσεως
3664 3673 3733 3727 τά

2053 3753 2323 3823 λεγόμενα
2349 3768 2362 3781 ·
2386 3752 2507 3816 οὐδὲ
2544 3752 2657 3825 γὰρ
2690 3753 2800 3822 ἐγὼ
2828 3753 2999 3808 ταῦτα
3030 3754 3194 3824 λέγω,
3237 3754 3351 3809 ἀλλ’
3381 3758 3431 3810 οἱ
3457 3758 3733 3829 προφῆται

2054 3838 2228 3895 ταῦτα
2271 3840 2685 3915 φιλοσοφοῦσιν,-
2716 3841 2816 3903 οὐκ
2860 3842 3215 3914 ἀτιμάζοντες
3257 3843 3414 3915 ήμῶν
3450 3845 3513 3897 τὸ
3554 3847 3729 3914 γένος,

2055 3932 2189 3987 ἀλλά
2214 3932 2658 3998 καταστέλλοντες
2677 3932 2785 3986 τῶν
2805 3934 3043 4004 ἀνοήτων
3073 3934 3132 3986 τὸ
3160 3934 3388 4005 φύσημα
3409 3952 3423 3965 ο
3457 3938 3558 3988 οὐκ
3582 3937 3732 4002 ἐξευ-

2054 4021 2354 4086 τελίζοντες
2391 4021 2549 4093 ήμῶν
2577 4022 2673 4091 τήν
2701 4022 2883 4092 φύσιν,
2914 4023 3049 4077 άλλά
3070 4024 3454 4089 ταπεινοῦντες
3477 4025 3584 4079 τῶν
3608 4044 3733 4096 μαι-

2054 4110 2296 4181 νομένων
2348 4108 2446 4178 τὴν
2492 4108 2770 4162 ἀπόνοιαν.
2817 4110 2878 4161 El
2920 4109 3028 4181 γὰρ
3080 4109 3318 4163 τοσαῦτα
3367 4111 3462 4165 καὶ
3512 4112 3734 4166 τοιαῦτα

2056 4201 2356 4273 εἰρηκότων
2590 4199 2813 4265 ἐκείνων
2858 4202 3009 4271 ὅμως
3040 4201 3317 4271 ἐφάνησάν
3353 4218 3498 4266 τινες
3541 4204 3589 4255 οἱ
3635 4202 3731 4257 τοῦ

2055 4289 2302 4344 διαϐόλου
2326 4289 2425 4361 τὴν
2457 4288 2860 4364 μεγαληγορίαν
2892 4290 3232 4360 νικήσαντες,
3256 4293 3303 4344 εί
3331 4290 3498 4361 μηδὲν
3524 4290 3732 4346 τούτων

2056 4380 2264 4452 εἴρητο,
2296 4378 2399 4433 ποῦ
2419 4379 2519 4432 οὐκ
2542 4377 2608 4431 ἂν
2641 4378 2991 4442 ἐξελάκτισαν
3015 4379 3294 4447 ἀπονοίας,
3323 4379 3444 4432 είπέ
3493 4397 3607 4451 μοι.
3666 4380 3731 4432 Εἰ

2056 4468 2237 4538 ἔχουσι
2263 4466 2325 4520 τὸ
2346 4466 2636 4537 φάρμακον
2664 4465 3009 4535 ἐπικείμενον
3051 4467 3142 4520 καὶ
3182 4466 3263 4520 ἐτι
3295 4467 3728 4538 φλεγμαίνουσι,

2055 4556 2159 4612 ποῦ
2200 4557 2301 4610 οὐκ
2339 4556 2404 4610 ἂν
2429 4556 2595 4625 ὸγκου
2622 4554 2716 4608 καὶ
2754 4555 3010 4619 ἀπονοίας
3046 4554 3458 4628 ἐξεφυσήοησαν
3489 4555 3540 4622 ἃ,
3574 4556 3623 4608 εί
3656 4556 3731 4626 μὴ

2054 4644 2290 4701 τοσαῦτα
2318 4644 2412 4698 καὶ⁷
2440 4642 2663 4697 τοιαῦτα
2701 4643 3052 4714 ἀπεφήναντο
3093 4644 3222 4715 περὶ
3255 4645 3353 4714 τῆς
3383 4643 3600 4712 φύσεως
3632 4644 3732 4713 τῆς

2053 4730 2400 4803 ἀνθρωπίνης
2432 4732 2664 4796 ἐκεῖνοι;
2716 4730 2985 4783 Ἀκουσον
3010 4729 3141 4799 γοῦν
3172 4729 3227 4787 τί
3254 4746 3417 4799 φησιν
3456 4732 3486 4782 6
3525 4729 3731 4792 δίκαιος

2056 4818 2404 4889 πατριάρχης
2452 4816 2580 4887 περ)⁸
2614 4816 2843 4870 ἐαυτοῦ’
2881 4815 3022 4885 Ἐγὼ
3064 4816 3132 4870 δέ
3176 4818 3292 4885 ειμι
3336 4815 3415 4885 τῆ
3444 4815 3543 4869 καί
3576 4830 3731 4869 σπο-

2054 4904 2180 4971 δός.
2213 4904 2330 4975 Θεῷ
2356 4903 2644 4972 διελέγετο,
2670 4904 2764 4958 καὶ
2791 4904 2892 4959 οὐκ
2915 4904 3117 4978 ἐπῆρεν
3154 4903 3314 4957 αὑτὸν
3347 4904 3381 4973 ή
3411 4902 3692 4974 παρρησία
3711 4919 3726 4932 ·

2055 4990 2194 5063 αῦτη
2230 4992 2328 5062 μέν
2365 4985 2480 5057 οὖν,
2527 4990 2665 5061 αῦτη
2700 4989 3012 5063 μετριάζειν
3043 4991 3203 5056 αύτὸν
3229 4987 3534 5057 ἀνέπειθεν.
3569 4980 3730 5041 Οὗτοι

2052 5078 2110 5131 δὲ
2137 5077 2258 5131 οὐδέ
2276 5079 2375 5148 τῆς
2409 5080 2567 5142 σκιᾶς
2588 5078 2742 5142 ὄντες
2764 5078 2913 5153 ἄξιοι
2942 5078 3038 5149 τῆς
3072 5078 3305 5143 ἐκείνου,
3345 5075 3455 5135 τῶν
3481 5076 3729 5146 ἀγγέλων

2054 5163 2233 5218 αὐτῶν
2276 5165 2492 5237 μείζους
2527 5166 2752 5229 ἑαυτοὺς
2789 5161 2930 5218 εἶναι
2959 5164 3292 5235 νομίζουσιν,
3327 5164 3465 5235 ὅπερ
3493 5162 3731 5235 ἐσχάτης

2053 5251 2170 5305 ἐστὶ
2204 5253 2401 5324 μανίας
2441 5252 2732 5317 ἀπόδειξις.
2763 5252 2915 5313 Θεὸν,
2952 5252 3072 5305 είπέ
3107 5270 3218 5323 μοι,
3250 5250 3591 5323 περιεργάζῃ
3634 5251 3729 5305 τὸν

2052 5338 2303 5411 ἄναρχον,
2338 5339 2429 5392 τὸν
2455 5338 2832 5401 ἀναλλοίωτον,
2854 5339 2942 5392 τὸν
2962 5338 3274 5409 ἀσώματον,
3307 5339 3397 5393 τὸν
3426 5338 3726 5411 ἄφθαρτον,

2051 5428 2141 5482 τὸν
2159 5429 2426 5499 πανταχοῦ
2454 5428 2826 5498 παρόντα,καὶ
2853 5428 3030 5482 πάντα
3054 5429 3449 5501 ὑπερϐαίνοντα
3466 5432 3559 5485 καὶ
3583 5432 3726 5485 ἀνω-

2050 5515 2193 5586 τέρω
2219 5515 2317 5584 τῆς
2349 5514 2577 5577 κτίσεως
2604 5516 2821 5584 ἀπάσης
2847 5515 2996 5569 ὄντα.
3038 5518 3302 5573 ’Ἄκουσον
3330 5517 3383 5571 τί
3412 5518 3728 5589 φιλοσοφοῦ-

2053 5619 2137 5655 σιν
2153 5604 2201 5655 οί
2222 5602 2499 5673 προφῆται
2517 5602 2643 5673 περὶ
2667 5601 2852 5669 αὑτοῦ,
2872 5603 2964 5661 καὶ
2989 5603 3271 5678 φοϐήθητι·
3311 5605 3374 5661 '0
3390 5605 3727 5661 ἐπιϐλέπων

2113 5805 2140 5844 ιι
2169 5802 2266 5856 Alii
2294 5804 2610 5870 ἐφυσήθησαν.
