4050 6160
356 353 458 408 713

354 470 454 526 ἐπὶ
491 470 607 536 τὴν
647 467 786 540 γῆν,
830 469 929 523 καί
971 467 1158 522 ποιῶν
1193 466 1392 537 αὐτὴν
1417 467 1671 537 τρέμειν.
1711 459 1839 520 Είδε
1869 466 2029 538 μόνον

355 558 452 613 καὶ
498 557 758 612 ἐσάλευσε
808 557 909 628 τὴν
956 555 1222 626 τοσαύτην
1273 555 1370 610 καὶ
1409 554 1743 626 τηλικαύτην
1780 555 1905 625 γῆν.
1976 554 2030 606 Ὀ

356 645 692 713 ἁπτόμενος
743 642 860 696 τῶν
906 642 1110 710 ὀρέων,
1152 643 1249 696 καί
1305 641 1686 703 καπνίζονται
1705 657 1719 670 ⁸
1770 643 1804 694 ὀ
1850 640 2034 695 σείων

357 733 474 803 τὴν
507 733 608 786 ὐπ’
636 731 898 802 οὐρανόν
925 733 992 785 ἐκ
1039 730 1344 800 θεμελίων,
1376 730 1476 784 καὶ
1515 733 1568 785 οἱ
1598 729 1816 785 στῦλοι
1843 727 2034 797 αὐτῆς

357 824 722 878 σαλεύονται
742 839 756 853 ο
789 824 823 875 ό
859 818 1124 876 ἀπειλῶν
1161 819 1236 889 τῇ
1271 818 1576 888 θαλάσσῃ,
1605 819 1703 874 καί
1734 818 2036 887 ξηραίνων

357 910 586 978 αὑτήνο
631 913 664 964 ό
716 909 910 979 λέγων
947 906 1021 977 τῇ
1065 908 1340 972 άϐύσσῳ,
1375 907 1760 977 ἐρημωθήσῃ.
1823 905 1888 962 Ἡ
1936 903 2037 958 θά-

356 1000 568 1054 λασσα
597 995 737 1063 εἶδε,
770 995 868 1050 καί
903 995 1160 1066 ἐφυγενο
1198 997 1247 1050 .ό
1292 992 1603 1063 Ἰορδάνης
1645 991 2037 1064 ἀνεχώρησεν

356 1086 445 1152 εις
469 1085 541 1139 τὰ
567 1086 762 1138 ὀπίσω
783 1099 796 1113 ·
837 1084 910 1139 τὰ
937 1083 1042 1152 ὄρη
1077 1082 1451 1151 ὲσκίρτησαν
1478 1082 1620 1136 ὡσεὶ
1647 1081 1819 1150 κριοὶ,
1851 1079 1952 1134 καί
1983 1082 2037 1135 οἰ

351 1171 571 1238 ,ϐουνοί
602 1173 681 1239 ὠς
713 1172 892 1240 ἀρνία
918 1169 1246 1239 προϐάτων.
1279 1172 1488 1241 Πᾶσαή
1513 1169 1690 1232 κτίσις
1725 1167 2035 1232 σαλεύεται,

357 1259 582 1328 δέδοικε,
631 1260 859 1331 τρέμει·
900 1259 1050 1330 μόνοι
1079 1257 1136 1311 δὲ
1169 1252 1313 1312 οῦτοι
1345 1256 1799 1326 καταφρονοῦσιν,
1838 1257 2041 1328 ὐπερο-

359 1347 548 1421 ρῶσιν,
579 1346 971 1413 ἐξευτελίζουσι
1004 1345 1102 1418 τὴν
1133 1344 1342 1399 ἐαυτῶν
1384 1344 1658 1416 σωτηρίαν
1677 1359 1694 1376 ο
1725 1344 1784 1396 οὐ
1824 1343 1935 1414 γὰρ
1972 1343 2038 1399 ἂν

357 1439 569 1506 εἴποιμι
607 1437 698 1490 τὸν
730 1435 987 1490 ἁπάντων
1013 1433 1312 1505 Δεσπότην.
1349 1432 1549 1504 Πρὼην
1582 1432 1682 1502 μὲν
1720 1428 1814 1486 οὖν
1838 1433 2040 1497 αὐτοὺς

359 1526 470 1580 ἀπὸ
493 1525 602 1579 τῶν
641 1525 753 1580 ἀνω
794 1524 1074 1595 δυνάμεων
1119 1521 1576 1594 ἐσωφρονίζομεν,
1627 1521 1896 1591 ἀγγέλων,
1937 1523 2039 1593 ἀρ-

360 1614 664 1686 χαγγέλων,
711 1611 822 1666 τῶν
852 1612 1156 1685 Χερουϐὶμ,
1206 1611 1315 1664 τῶν
1359 1610 1640 1683 Σεραφίμ·
1689 1611 1786 1665 νῦν
1835 1610 1893 1665 δὲ
1932 1609 2042 1664 ἀπὸ

359 1705 460 1775 τῆς
485 1703 811 1775 ἀναισθήτου
841 1703 1090 1765 κτίσεως,
1119 1700 1214 1755 καὶ
1243 1700 1367 1754 οὐδέ
1386 1699 1636 1754 ἐντεῦθεν
1661 1699 1818 1771 ἐντρέ
1829 1715 2036 1755 πονται.

361 1793 475 1863 Οὐχ
499 1793 632 1863 όρᾷς
656 1791 866 1845 τουτονί
893 1789 984 1844 τὶν
1015 1788 1264 1860 οὐρανὸν,
1305 1787 1422 1852 πῶς
1453 1787 1637 1857 καλὸς,
1686 1787 1805 1852 πῶς
1843 1786 2039 1858 μέγας,

362 1879 482 1944 πῶς
502 1879 581 1951 τῷ
605 1878 835 1950 ποικίλῳ
863 1877 971 1932 τῶν
997 1877 1212 1948 ἄστρων
1241 1875 1615 1946 ἐστεφάνωται
1655 1875 1834 1947 χορῷς
1878 1875 2042 1928 πόσον

362 1967 617 2040 διήρκεσε
657 1967 886 2038 χρόνον;
925 1963 1354 2038 Πεντακισχίλια
1390 1963 1503 2035 γάρ
1536 1964 1631 2017 καὶ
1660 1962 1831 2016 πλείω
1855 1962 2044 2017 λοιπὸν

363 2056 595 2128 ὕστηκεν
624 2055 742 2128 ἐτη,
784 2056 878 2110 καὶ
913 2053 975 2108 τὸ
1017 2054 1220 2126 πλῆθος
1249 2052 1341 2107 τοῦ
1375 2053 1570 2124 χρόνου
1615 2053 1718 2106 οὐκ
1761 2053 2044 2124 ἐπήγαγεν

366 2143 514 2216 αὐτῷ
543 2145 722 2217 γῆρας
742 2162 757 2180 ε
807 2144 922 2197 ἀλλ’
956 2143 1144 2213 ὥσπερ
1177 2143 1338 2214 σῶμα
1367 2143 1489 2196 νέον
1531 2143 1625 2195 καὶ
1657 2141 1905 2214 σφριγῶν
1951 2141 2045 2194 ἀν-

365 2232 564 2290 θοῦσαν
599 2233 715 2303 ἔχει
759 2233 854 2288 καὶ
899 2231 1315 2302 ἐνακμάζουσαν
1365 2230 1516 2300 αὐτῷ
1547 2232 1647 2302 τῆς
1693 2230 1908 2302 ήλικίας
1939 2229 2042 2301 τὴν

363 2317 548 2391 ὥραν*
589 2317 731 2373 οὕτω
758 2319 822 2390 δὴ
858 2320 952 2372 καὶ
989 2318 1218 2389 οὐρανὸς
1251 2318 1388 2390 ὅπερ
1434 2318 1491 2383 ἐξ
1519 2318 1693 2388 ἀρχῆς
1728 2317 1887 2389 ἔλαχε
1916 2317 2046 2372 κάλ-

364 2405 457 2469 λος
477 2407 782 2477 διετήρησε.
833 2407 928 2459 καὶ
969 2405 1118 2458 οὐδὲν
1149 2404 1253 2458 ὑπὸ
1280 2405 1374 2457 τοῦ
1404 2404 1598 2476 χρόνου
1625 2404 1851 2473 γέγονεν
1884 2403 2046 2458 ἀσθε-

363 2495 638 2567 νέστερος.
677 2494 840 2548 Ἀλλά
878 2493 1067 2547 τοῦτον
1111 2493 1200 2546 τὸν
1227 2493 1414 2555 καλὸν,
1447 2493 1545 2546 τὸν
1574 2492 1768 2562 μέγαν,
1801 2493 1894 2546 τὸν
1925 2509 2048 2562 φαι·

365 2583 512 2654 δρὸν,
531 2583 623 2636 τὸν
651 2581 1160 2653 κατηστερωμένον,
1181 2581 1272 2635 τὸν
1303 2581 1525 2651 διαρκῆ,
1552 2580 1645 2633 τὸν
1673 2581 1767 2634 ἐπὶ
1789 2581 2046 2636 τοσοῦτον

368 2673 635 2742 ἑστηκότα
673 2671 884 2742 χρόνον,
913 2671 942 2723 6
973 2669 1105 2731 Θεὸς
1135 2663 1310 2733 οὗτος,
1337 2669 1395 2721 ὃν
1428 2670 1492 2722 σύ
1534 2669 1901 2742 περιεργάζῃ,
1952 2671 2048 2723 καὶ

365 2762 435 2830 τῇ
465 2759 575 2812 τῶν
617 2757 830 2812 οἰκείων
877 2755 1153 2826 λογισμῶν
1204 2755 1537 2818 ὑποϐάλλεις
1577 2755 1919 2829 περιγράφῃ,
1971 2756 2049 2820 ὡς

369 2845 435 2900 ἂν
459 2847 507 2898 εἰ
538 2843 746 2909 παίζων
773 2860 856 2905 τις
878 2841 1122 2913 καλύὸην
1147 2843 1444 2914 ποιήσειεν,
1474 2841 1618 2895 οὕτω
1656 2842 1777 2913 μετ’
1796 2842 2050 2906 εὐκολίας

370 2933 680 3004 εἰργάσατο.
722 2932 834 2986 Καὶ
857 2929 1014 2984 τοῦτο
1052 2931 1335 3000 ἐμφαίνων
1361 2932 1391 2984 ό
1441 2931 1667 2995 Ἡσαΐας
1709 2930 1932 3000 ἔλεγεν·
1987 2931 2050 2986 '0

371 3019 610 3087 στήσας
642 3017 751 3073 τόν
792 3017 1054 3087 οὐρανὸν
1095 3017 1241 3071 ὼσεί
1286 3017 1579 3088 καμάραν,
1612 3020 1711 3074 καὶ
1747 3019 2050 3087 διατείνας

371 3109 560 3163 αὐτὸν
597 3108 678 3172 ὡς
715 3105 960 3173 σκηνὴν
988 3105 1086 3159 ἐπὶ
1127 3104 1240 3174 τῆς
1284 3104 1416 3176 γῆς.
1463 3106 1623 3162 Ἀλλά
1667 3108 1764 3160 καὶ
1800 3105 1901 3180 τὴν
1946 3109 2051 3179 γῆν

374 3197 553 3270 βούλει
601 3196 759 3261 Mdv;
788 3193 926 3249 ἀλλά
971 3194 1065 3248 καὶ
1090 3192 1294 3266 ταύτην
1327 3195 1403 3258 ὡς
1443 3195 1599 3248 οὐδὲν
1636 3195 1882 3265 ἐποίησε.
1917 3196 2053 3267 Περὶ

377 3285 476 3357 μὲν
514 3285 626 3357 γὰρ
658 3283 866 3338 ἐκείνου
905 3281 1081 3351 λέγει’
1132 3283 1194 3336 '0
1225 3281 1466 3348 στήσας
1490 3281 1597 3336 τόν
1623 3283 1886 3351 οὐρανόν
1908 3285 2054 3339 ὠσεί

373 3373 677 3444 καμάραν,
709 3372 806 3426 καί
847 3371 1149 3436 διατείνας
1183 3371 1374 3426 αὐτὸν
1413 3371 1493 3435 ὡς
1535 3371 1781 3440 σκηνὴν
1815 3372 1914 3425 ἐπὶ
1944 3371 2056 3440 τῆς

373 3462 488 3532 γῆς
507 3477 520 3493 ⁶
552 3461 680 3534 περὶ
701 3459 758 3512 δὲ
777 3457 982 3527 ταύτης
1002 3475 1014 3488 ·
1056 3459 1119 3510 '0
1142 3456 1410 3529 κατέχων
1433 3458 1541 3511 τὸν
1562 3457 1749 3527 γῦρον
1777 3457 1889 3527 τῆς
1919 3457 2052 3529 γῆς.

377 3555 408 3604 ό
442 3547 708 3614 ποιήσας
753 3546 868 3614 τὴν
894 3544 1011 3615 γῆν
1069 3545 1150 3611 ὠς
1193 3541 1394 3600 οὐδέν.
1499 3545 1668 3618 Ὁρᾷς
1708 3546 1828 3610 πῶς
1875 3546 2058 3602 οὐδὲν

377 3633 497 3692 εἷπε
517 3649 542 3678 ι
576 3635 680 3708 τὴν
705 3632 974 3704 τοσαύτην
997 3632 1092 3688 καὶ
1120 3631 1487 3704 τηλικαύτην;

449 3813 513 3868 δ’.
566 3811 853 3882 Ἐννόησον
881 3811 990 3884 γὰρ
1032 3811 1198 3866 πόσον
1247 3811 1347 3882 μέν
1397 3811 1537 3884 όρῶν
1580 3812 1763 3881 όγκον,
1816 3814 1959 3869 πόσα
2000 3815 2059 3869 δέ

381 3897 686 3970 ἀνθρώπων
716 3897 865 3970 ἔθνη,
917 3899 1062 3953 πόσα
1100 3897 1157 3952 δέ
1208 3898 1318 3970 ὕψη
1361 3900 1456 3953 καὶ
1495 3898 1676 3972 πλήθη
1717 3898 1922 3970 φυτῶν,
1962 3901 2062 3954 πό-

379 4002 483 4050 σας
519 3985 577 4040 δὲ
623 3984 828 4049 πόλεις,
862 3986 957 4040 καὶ
997 3985 1142 4040 πόσα
1183 3987 1637 4058 οἰκοδομημάτων
1689 3986 1918 4058 μεγέθη,
1966 3987 2063 4041 καὶ

381 4075 523 4128 πόσα
553 4073 920 4146 τετραπόδων,
947 4073 1176 4147 θηρίων,
1202 4075 1452 4146 ἑρπετῶν
1480 4074 1661 4147 πλήθη
1703 4075 2062 4130 παντοδαπῶν

382 4159 536 4234 Ῐ457]
591 4162 684 4217 ἐπὶ
729 4161 838 4217 τῶν
878 4161 1068 4217 νώτων
1105 4164 1261 4234 φέρει
1307 4162 1417 4216 τῶν
1464 4163 1684 4233 ἐαυτῆς.
1740 4162 1878 4217 Ἀλλ’
1913 4164 2064 4234 ὅμως

379 4246 478 4319 τὴν
525 4249 781 4322 τοιαύτην
836 4251 930 4304 καὶ
972 4250 1243 4320 τοσαύτην
1285 4249 1458 4314 οὐτως
1501 4249 1738 4314 εὐκόλως
1783 4250 2060 4322 ἐποίησεν,

379 4335 456 4400 ὡς
481 4337 573 4390 καὶ
613 4338 705 4392 τὸν
743 4341 1049 4411 προφήτην,
1105 4338 1240 4410 μηδέ
1283 4338 1634 4410 παράδειγμα
1671 4339 1772 4410 τῆς
1815 4337 2064 4403 εὐκολίας

380 4422 679 4496 δυνάμενον
713 4427 915 4498 εὑρεῖν,
965 4429 1160 4491 εἰπεῖν,
1195 4426 1277 4480 ὃτι
1312 4425 1409 4498 τὴν
1438 4427 1542 4496 γῆν
1575 4427 1832 4498 ἐποίησεν
1854 4426 1934 4493 ὡς
1963 4427 2066 4480 οὐ·

382 4511 510 4567 δέν.
551 4513 772 4585 Ἐπειδὴ
806 4514 915 4587 γὰρ
940 4516 1040 4569 οὐκ
1077 4515 1238 4586 ῆρκει
1283 4514 1353 4568 τά
1389 4514 1596 4586 μεγέθη
1641 4517 1738 4568 καὶ⁵
1784 4514 1855 4569 τά
1891 4513 2065 4586 κάλλη

382 4601 493 4654 τῶν
518 4600 816 4671 ὁρωμένων
839 4601 934 4654 τοῦ
956 4601 1290 4673 δημιουργοῦ
1321 4603 1676 4674 παραστῆσαι
1691 4601 1790 4672 τὴν
1811 4601 2062 4674 δύναμιν,

385 4687 523 4743 ἀλλὰ
551 4687 732 4761 πολλῷ
780 4687 860 4760 τῷ
893 4688 1079 4760 μέτρῳ
1128 4689 1373 4743 ἐλείπετο
1412 4689 1508 4743 τοῦ
1555 4689 1820 4760 μεγέθους
1849 4691 2067 4761 καὶτῆς

388 4777 574 4848 ἰσχύος
605 4776 702 4834 τοῦ
741 4777 1108 4849 πεποιηκότος
1145 4777 1284 4832 αὐτὰ
1333 4777 1583 4848 ἀπάσης,
1617 4769 1778 4848 εὖρον
1805 4777 1993 4849 ἕτερον
2015 4779 2067 4831 οἰ

387 4871 668 4942 προφῆται
698 4870 925 4942 τρόπον,
951 4869 1017 4924 δι’
1045 4863 1106 4922 οὐ
1141 4870 1282 4924 κατά
1311 4869 1539 4939 δύναμιν
1565 4867 1664 4938 τήν
1687 4868 1897 4923 ἑαυτῶν
1923 4868 2069 4940 ῐσχυ-

388 4978 488 5016 σαν
516 4959 912 5035 παραδηλῶσαί
942 4977 994 5014 τι
1034 4958 1197 5013 πλέον
1231 4961 1363 5030 ήμῖν
1388 4959 1518 5030 περὶ
1546 4958 1648 5028 τῆς
1683 4957 1778 5012 τοῦ
1815 4958 1951 5012 Θεοῦ
1978 4958 2040 5012 δυ

387 5050 623 5122 νάμεως.
662 5051 822 5104 Ποῖον
861 5048 925 5122 δὴ
961 5047 1183 5112 τοῦτονς
1232 5047 1306 5100 Τὸ
1335 5046 1410 5118 μή
1440 5045 1510 5100 τὰ
1549 5045 1754 5119 μεγέθη
1784 5047 2069 5120 προθεῖναι

386 5138 496 5193 τῶν
526 5139 842 5212 κτισμάτων
871 5138 1051 5210 μόνον,
1072 5137 1206 5192 ἀλλὰ
1236 5136 1438 5191 καὶτὸν
1457 5137 1659 5208 τρόπον
1680 5140 1778 5208 τῆς
1808 5137 1871 5209 δη
1881 5154 2070 5209 μιουρ-

386 5227 513 5296 γίας
543 5228 736 5293 εἰπεῖν,
775 5227 844 5281 ἶν’
874 5225 1237 5298 ἑκατέρωθεν,
1286 5228 1380 5278 καὶ
1428 5226 1492 5278 ἐκ
1529 5225 1624 5278 τοῦ
1669 5224 1934 5296 μεγέθους
1960 5225 2071 5279 τῶν

389 5316 795 5386 γεγενημένων,
832 5316 928 5369 καὶ
957 5316 1021 5367 ἐκ
1049 5315 1150 5386 τῆς
1193 5315 1333 5369 κατὰ
1364 5313 1462 5386 τὴν
1502 5314 1864 5386 δημιουργίαν
1911 5314 2070 5367 εὐκο-

391 5404 534 5468 λίας,
573 5404 896 5476 δυνηθῶμεν
918 5404 1075 5469 ἀξίαν
1095 5403 1217 5456 τινὰ
1245 5403 1388 5458 κατά
1417 5404 1649 5475 δύναμιν
1671 5405 1769 5476 τὴν
1793 5404 2072 5476 ἡμετέραν

395 5492 602 5545 ἔννοιαν
629 5491 813 5547 λαϐεῖν
841 5493 969 5563 περὶ
999 5496 1098 5562 τῆς
1129 5492 1222 5546 τοῦ
1249 5491 1385 5546 Θεοῦ
1425 5493 1730 5565 δυνάμεως.
1767 5492 1859 5564 Μή
1893 5493 2072 5547 τοίνυν

394 5580 456 5634 τὸ
491 5579 720 5651 μέγεθος
745 5579 964 5646 ἐξέταζε
1003 5599 1163 5651 μονον
1197 5581 1307 5634 τῶν
1351 5582 1769 5652 γεγενημένων,
1810 5581 1946 5635 ἀλλὰ
1977 5581 2074 5637 καὶ

459 5766 485 5792 ι
508 5751 592 5801 Sic
613 5751 722 5799 9w.
749 5756 801 5799 et
823 5751 1020 5811 quidam
1042 5765 1155 5800 mes.
1184 5752 1232 5800 In
1257 5751 1375 5800 Mor.
1392 5764 1509 5799 vero
1539 5759 1590 5802 ιιι
1613 5753 1723 5802 aliis
1745 5753 1849 5802 haec
1873 5752 2073 5813 desunt,

413 5813 552 5878 Ὁρᾷς
571 5815 666 5865 πῶς
690 5813 826 5861 οὐδὲν
846 5813 962 5860 εἰπε.

1143 351 1200 406 S.
1240 350 1528 409 JOANNIS
1567 345 2050 407 CHRYSOSTOMI
2089 346 2414 406 ARCIIIEP.
2452 349 2998 408 CONSTANTINOP.

3692 353 3791 412 7N

2135 466 2234 538 τὴν
2255 466 2504 522 εὐκολίαν
2539 467 2636 522 τοῦ
2689 465 3069 537 πεποιηκότος.
3125 462 3240 516 Οὐκ
3288 462 3383 516 ἐπὶ
3415 462 3517 534 γῆς
3565 463 3795 525 δὲτοῦτο

2139 555 2476 610 ἐνδείκνυται
2511 557 2691 628 μόνον,
2719 555 2857 608 ἀλλὰ
2879 553 2977 609 καὶ
3012 554 3099 607 ἐπ’
3136 551 3308 623 αὐτῆς
3335 551 3437 623 τῆς
3459 551 3667 620 φύσεως
3693 555 3796 609 τῶν

2139 642 2463 715 ἀνθρώπων·
2503 642 2598 697 νῦν
2627 644 2724 715 μὲν
2754 644 2863 716 γάρ
2897 658 3084 713 φησιν,
3113 640 3178 694 '0
3197 638 3465 708 κατέχων
3487 639 3592 694 τὸν
3618 641 3796 711 τῦρον

2139 730 2250 799 τῆς
2277 731 2410 801 γῆς,
2443 731 2540 786 καί
2569 731 2713 798 τοὺς
2746 729 3176 793 κατοικοῦντας
3195 727 3264 781 ἐν
3284 725 3444 796 αὐτῇ
3469 728 3610 781 ὠσεί
3641 730 3799 798 ἀκρί-

2140 818 2269 884 δας·
2300 818 2394 873 νῦν
2415 819 2474 874 δέ
2508 836 2690 890 φησιν,
2729 819 2824 885 Ὠς
2855 817 3097 888 σταγὼν
3137 815 3256 871 ἀπὸ
3289 813 3480 869 κάδου
3520 814 3712 869 πάντα
3735 817 3803 874 τὰ

2141 907 2286 977 ἔθνη
2323 908 2602 963 ἐναντίον
2627 909 2834 963 αὐτοῦ.
2861 907 2953 979 Μή
2977 905 3165 970 ἁπλῶς
3187 903 3470 977 παρέλθῃς
3493 905 3584 958 τὸν
3615 904 3766 974 λόγον
3785 945 3800 973 ,

2142 997 2258 1051 ἀλλ’
2281 995 2590 1064 ἀνάπτυξον
2616 997 2679 1051 τὸ
2712 996 3001 1069 εἰρημένον
3031 993 3210 1057 καλῶς
3236 994 3332 1048 καὶ
3372 992 3647 1059 ἐξέτασονο
3675 994 3803 1050 ἀνα-

2142 1083 2356 1155 λόγισαι
2378 1085 2556 1140 πάντα
2579 1083 2648 1140 τὰ
2692 1083 2820 1156 ἔθνη
2839 1129 2852 1148 ,
2878 1083 3105 1156 Σύρους,
3134 1081 3388 1146 Κίλικας,
3419 1081 3804 1151 Καππαδόκας,

2141 1174 2422 1240 Βιθυνοὺς,
2457 1175 2585 1239 τοὺς
2615 1173 2707 1227 τὸν
2733 1172 2988 1238 Εὔξεινον
3023 1171 3216 1224 πόντον
3245 1169 3555 1234 οἰκοῦντας,
3575 1169 3808 1242 Θράκην,

2143 1262 2502 1326 Μακεδονίαν,
2538 1262 2637 1334 τήν
2674 1261 2902 1316 Ἑλλάδα
2950 1261 3155 1325 πᾶσαν,
3191 1260 3319 1323 τοὶς
3352 1259 3412 1312 ἐν
3450 1260 3572 1322 ταῖς
3603 1258 3806 1328 νήσοις,

2143 1352 2271 1415 τούς
2304 1352 2362 1404 ἐν
2393 1353 2460 1423 τῇ
2504 1350 2726 1421 Ἰταλίᾳ,
2760 1351 2887 1412 τούς
2921 1349 3062 1420 ὑπὲρ
3108 1346 3208 1418 τὴν
3242 1346 3368 1401 καθ’
3393 1347 3540 1418 ἡμᾶς
3567 1348 3812 1419 οἰκουμέ-

2143 1456 2262 1512 νην,
2285 1441 2414 1504 τοὺς
2432 1441 2489 1494 ἐν
2505 1441 2628 1502 ταῖς
2656 1440 2840 1511 νήσοις
2865 1441 2982 1499 ταῖς
3005 1438 3425 1508 Βρεττανικαῖς,
3445 1437 3809 1508 Σαυρομάτας,

2157 1527 2372 1592 Ἰνδοὺς,
2408 1529 2535 1592 τοὺς
2560 1527 2660 1599 τὴν
2695 1528 2803 1582 τῶν
2846 1527 3073 1598 Περσῶν
3114 1524 3404 1588 οἰκοῦντας
3445 1525 3574 1597 γῆν,
3595 1525 3662 1578 τά
3687 1525 3813 1580 ἄλλα

2140 1614 2213 1672 ,τά
2232 1614 2437 1687 ἄπειρα
2461 1615 2592 1687 γένη
2638 1615 2732 1669 καὶ
2777 1613 2943 1684 φῦλα,
2987 1607 3062 1668 ὧν
3087 1613 3215 1674 οὐτε
3249 1610 3322 1666 τά
3350 1611 3590 1682 ὀνόματα
3631 1609 3810 1682 ίσμενο

2145 1702 2282 1757 ἀλλά
2305 1703 2484 1758 πάντα
2530 1703 2704 1758 ταῦτα
2744 1702 2814 1757 τά
2854 1701 3005 1772 ἔθνη,
3049 1701 3146 1768 Ὧς
3183 1698 3453 1771 σταγὼν,
3490 1699 3670 1771 φησὶν,
3703 1699 3814 1754 ἀπὸ

2146 1789 2335 1846 κάδου
2368 1791 2648 1846 ἐναντίον
2687 1790 2896 1846 αὐτοῦ.
2938 1789 3113 1843 Πόσον
3157 1788 3328 1860 μέρος
3365 1784 3416 1841 εἰ
3443 1788 3540 1858 τῆς
3575 1787 3817 1856 σταγόνος

2145 1879 2373 1951 ταύτης,
2405 1878 2527 1933 εἰπέ
2555 1896 2667 1950 μοι,
2685 1878 2768 1932 δτι
2799 1876 3141 1950 περιεργάζῃ
3176 1877 3268 1931 τὸν
3294 1875 3454 1941 Θεὸν,
3477 1869 3522 1944 ᾧ
3550 1877 3719 1930 πάντα
3752 1876 3816 1931 τά

2082 2021 2102 2031 ,,
2148 1968 2277 2040 ἔθνη
2301 1970 2381 2034 ὼς
2404 1968 2647 2040 σταγὼν
2673 1968 2792 2022 ἀπὸ
2839 1966 3066 2030 κάδου;
3093 1967 3205 2020 Καὶ
3252 1965 3308 2020 τί
3355 1965 3462 2037 χρὴ
3501 1963 3674 2034 λέγειν
3700 1965 3817 2038 περὶ

2147 2058 2380 2130 οὐρανοῦ
2412 2057 2507 2111 καὶ
2539 2057 2644 2124 γῆς
2667 2056 2762 2110 καὶ
2791 2055 3063 2126 θαλάττης
3099 2054 3195 2108 καὶ
3231 2053 3542 2126 ἀνθρώπων
3585 2052 3814 2123 φύσεωςς

2162 2145 2476 2217 Ἀναϐῶμεν
2531 2144 2673 2216 ὐπέρ
2719 2144 2812 2197 τὸν
2856 2142 3086 2216 οὐρανὸν
3119 2143 3199 2214 τῷ
3231 2141 3405 2213 λόγῳ,
3446 2141 3540 2196 καὶ
3585 2141 3676 2194 ἐπὶ
3702 2142 3818 2206 τούς

2149 2233 2414 2303 ἀγγέλους
2430 2232 2695 2304 ἔλθωμεν.
2712 2229 2854 2284 Ἰστε
2876 2229 2986 2302 γὰρ
3001 2229 3173 2302 δήπου
3189 2228 3376 2294 τοῦτο,
3391 2229 3472 2283 ὅτι
3492 2227 3589 2298 τῆς
3605 2227 3819 2292 κτίσεως

2148 2323 2246 2393 τῆς
2269 2320 2553 2393 όρωμένης
2573 2319 2780 2390 ταύτης
2801 2315 2882 2383 εἷς
2905 2318 3135 2388 ἄγγελος
3157 2317 3321 2389 μόνος
3345 2315 3665 2390 ἀντίρροπός
3690 2318 3816 2370 ἐστι’

2153 2409 2356 2481 μᾶλλον
2379 2409 2562 2463 δὲ’καὶ
2593 2406 2776 2478 πολλῷ
2801 2405 3150 2480 τιμιώτερος.
3183 2407 3248 2460 Εἰ
3287 2406 3406 2478 γὰρ
3445 2404 3722 2476 ἀνθρώπου
3748 2403 3820 2457 δι-

2151 2497 2306 2552 καίου
2341 2496 2492 2563 ἄξιος
2519 2499 2621 2551 οὐκ
2643 2496 2709 2551 ἂν
2744 2497 2830 2566 εἴη
2865 2497 2973 2558 πᾶς
3000 2495 3028 2548 6
3057 2494 3294 2566 κόσμος,
3347 2491 3532 2557 καθὼς
3559 2495 3587 2546 6
3623 2491 3818 2556 Παῦλος

2150 2586 2390 2640 δείκνυσι
2419 2586 2630 2654 λέγων,
2666 2578 2779 2638 Ὧν
2808 2585 2923 2638 οὐκ
2968 2579 3047 2654 ἦν
3089 2582 3264 2649 ἄξιος
3296 2585 3336 2637 d
3374 2583 3601 2651 κόσμος
3621 2576 3817 2646 οὗτος·

2154 2673 2335 2745 πολλῷ
2369 2672 2569 2745 μᾶλλον
2595 2671 2828 2742 ἀγγέλου
2853 2673 2954 2725 οὐκ
2982 2670 3048 2725 ἂν
3073 2670 3284 2740 γένοιτό
3309 2687 3445 2724 ποτε
3475 2669 3636 2737 ἄξιος·
3656 2666 3822 2740 πολλῷ

2153 2764 2264 2836 γὰρ
2291 2763 2401 2818 τῶν
2431 2763 2658 2818 δικαίων
2709 2761 2934 2831 ἄγγελοι
2980 2760 3222 2832 μείζους.
3268 2760 3420 2814 Ἀλλ’
3457 2760 3606 2831 ὅμως
3641 2757 3821 2831 μύριαι

2159 2852 2420 2924 μυριάδες
2448 2851 2587 2906 εἰσὶν
2623 2849 2874 2919 ἀγγέλων
2903 2849 3048 2914 ἄνω,
3092 2849 3189 2903 καὶ
3229 2846 3407 2918 χίλιαι
3433 2847 3666 2918 χιλιάδες
3695 2845 3822 2902 είσίν

2155 2940 2642 3012 άρχαγγέλων,καὶ
2665 2938 2866 3011 θρόνοι,
2884 2938 3227 3010 κυριότητες,
3244 2937 3441 3008 ἀρχαὶ,
3460 2936 3552 2990 καὶ
3576 2934 3818 3002 ἐξουσίαι,

2157 3029 2375 3102 ἄπειροι
2403 3029 2565 3100 δῆμοι
2591 3028 2902 3100 ἀσωμάτων
2921 3027 3230 3099 δυνάμεων,
3258 3027 3360 3081 καὶ
3389 3026 3531 3097 φῦλα
3562 3024 3819 3096 ἀμύθητα,

2159 3119 2254 3173 καὶ
2271 3117 2473 3182 ταύτας
2500 3117 2716 3182 ἁπάσας
2737 3116 2838 3180 τὰς
2861 3115 3120 3186 δυνάμεις
3143 3115 3281 3187 μετὰ
3301 3114 3572 3184 τοσαύτης
3594 3113 3822 3176 εὐκολίας

2161 3208 2409 3280 ἐποίησε,
2449 3207 2567 3278 μεθ’
2593 3208 2725 3278 ὅσης
2769 3206 2948 3270 οὐδεὶς
2985 3205 3149 3275 λόγος
3195 3205 3550 3278 παραστῆσαι
3595 3203 3819 3257 δύναται.

2164 3297 2405 3369 Ἥρκεσε
2436 3294 2545 3367 γὰρ
2571 3293 2720 3366 αὐτῷ
2741 3293 2804 3348 τὸ
2841 3292 3066 3366 θελῆσαι
3097 3293 3236 3366 πρὸς
3273 3293 3516 3357 ἅπαντα,
3553 3292 3644 3346 καὶ
3670 3288 3823 3344 καθά-

2161 3402 2268 3457 περ
2295 3387 2430 3457 ήμῖν
2459 3385 2492 3455 ή
2516 3383 2771 3455 βούλησις
2807 3383 2867 3436 οὐ
2907 3381 3136 3454 παρέχει
3189 3381 3445 3452 κάματον
3465 3421 3480 3446 ,
3521 3380 3688 3444 οῦτως
3715 3377 3824 3433 οὐδὲ

2162 3473 2356 3543 ἐκείνῳ
2383 3472 2443 3527 τὸ
2472 3471 2874 3543 δημιουργῆσαι
2900 3469 3170 3534 τοσαύτας
3198 3471 3293 3524 καὶ
3325 3469 3656 3542 τηλικαύτας
3683 3465 3824 3522 δυνά-

2166 3577 2308 3632 μεις.
2326 3559 2439 3614 Καὶ
2453 3559 2610 3613 τοῦτο
2628 3559 2656 3612 6
2682 3559 2970 3631 προφήτης
2996 3557 3279 3628 ἐμφαίνων
3303 3557 3483 3627 ἔλεγε·
3503 3557 3700 3611 Πάντα
3722 3553 3828 3608 ὅσα

2162 3649 2469 3718 ἠθέλησεν
2522 3649 2816 3718 ἐποίησεν
2860 3649 2930 3703 ἐν
2970 3647 3052 3715 τῷ
3095 3647 3337 3715 οὐρανῷ
3381 3647 3480 3702 καὶ
3531 3646 3600 3700 ἐν
3623 3641 3697 3712 τῇ
3736 3641 3825 3715 τῇ.

2175 3736 2339 3810 Ὁρᾷς
2377 3738 2457 3791 ὅτι
2484 3737 2546 3791 οὐ
2581 3736 2717 3808 πρὸς
2748 3733 3112 3807 δημιουργίαν
3139 3734 3248 3788 τῶν
3277 3736 3338 3788 ἐν
3367 3737 3436 3807 τῇ
3466 3735 3536 3805 γῇ
3561 3729 3706 3804 [458]
3737 3729 3826 3802 μό·

2165 3850 2276 3898 νον,
2305 3833 2440 3888 άλλά
2467 3834 2563 3886 καὶ
2595 3833 2735 3906 πρδς
2772 3831 2874 3904 τήν
2898 3831 3078 3886 κτίσιν
3100 3829 3207 3884 τῶν
3231 3829 3347 3884 ἀνω
3373 3829 3656 3901 δυνάμεων
3684 3827 3830 3898 ήρκεο

2168 3947 2259 3984 σεν
2286 3931 2320 4002 ή
2348 3929 2565 3999 θέλησις
2590 3927 2757 3983 αὐτοῦ
2783 3929 2918 4000 μόνη
2939 3945 2954 3994 ;
2973 3925 3161 3981 Ταῦτα
3190 3921 3283 3980 οῦν
3303 3924 3521 3980 ἀκούων
3549 3925 3608 3978 οὐ
3630 3922 3830 3994 θρηνεῖς

2169 4025 2386 4089 σαυτὸν,
2421 4025 2542 4078 εἰπέ
2569 4042 2682 4096 μοι,
2713 4025 2811 4079 καὶ
2847 4024 3201 4098 κατορύττεις
3249 4024 3393 4095 πρὸς
3428 4020 3678 4077 τοσοῦτον
3704 4020 3830 4073 ἀπο-

2166 4123 2314 4188 νοίας
2339 4123 2548 4196 ἀρθεὶς,
2569 4123 2650 4176 ὅτι
2673 4122 2731 4176 ὃν
2747 4121 2991 4190 δοξάζειν
3021 4121 3130 4194 χρὴ
3177 4119 3340 4192 μόνον
3373 4119 3470 4173 καὶ
3500 4115 3829 4190 προσκυνεῖν,

2166 4217 2355 4274 τοῦτον
2377 4219 2454 4284 ὡς
2481 4219 2540 4274 ἐν
2555 4237 2610 4274 τι
2631 4219 2738 4274 τῶν
2763 4218 3166 4273 εὐτελεστάτων
3188 4215 3536 4289 πραγμάτων
3556 4210 3833 4288 περιεργά-

2105 4307 2136 4362 ί
2169 4315 2360 4381 ζεσθαι
2395 4316 2725 4388 φιλονεικεῖς
2762 4315 2857 4369 καὶ
2884 4314 3405 4386 πολυπραγμονεῖν;
3447 4312 3548 4366 Διά
3570 4309 3721 4363 τοῦτο
3745 4305 3832 4360 καὶ

2168 4411 2431 4478 όΠαῦλος
2479 4412 2509 4466 ό
2552 4411 2755 4481 πολλῆς
2813 4409 3008 4479 σοφίας
3055 4409 3519 4480 ἐμπεπλησμένος
3560 4404 3698 4478 όρῶν
3740 4401 3830 4472 τήν

2171 4510 2502 4583 ἀσύγκριτον
2531 4507 2807 4579 ὑπεροχὴν
2840 4505 2936 4560 τοῦ
2968 4505 3104 4560 Θεοῦ
3123 4549 3138 4572 ,
3171 4505 3267 4560 καὶ
3300 4505 3401 4577 τὴν
3436 4503 3706 4558 εὐτέλειαν
3737 4497 3828 4567 τῆς

2171 4604 2522 4677 ἀνθρωπίνης
2561 4604 2796 4674 φύσεως,
2831 4603 2967 4674 πρὸς
3009 4602 3136 4666 τούς
3181 4599 3711 4673 περιεργαζομένους
3737 4593 3830 4647 αὐ-

2169 4700 2266 4754 τοῦ
2289 4699 2387 4765 τὰς
2409 4699 2722 4770 οἰκονομίας
2758 4695 3108 4766 ἀγανακτῶν,
3135 4695 3230 4749 καὶ
3259 4693 3400 4765 μετὰ
3433 4693 3634 4764 πολλῆς
3656 4689 3831 4758 δυσχε-

2173 4797 2374 4870 ραίνων
2397 4797 2496 4866 τῆς
2530 4794 2891 4866 σφοδρότητος
2917 4791 3350 4861 ἐλεγεοηενοῦν
3373 4807 3462 4861 γε,
3482 4785 3529 4844 ὦ
3551 4787 3826 4855 ἄνθρωπε,

2172 4895 2255 4949 σὺ
2290 4893 2383 4960 τίς
2411 4888 2522 4947 εἷδ
2543 4891 3134 4960 ἀνταποκρινόμενος
3166 4887 3249 4956 τῷ
3284 4888 3408 4955 Θεῷ
3426 4908 3448 4958 ;
3490 4887 3587 4951 Τίς
3625 4881 3706 4949 εῐ;
3749 4882 3829 4934 ἐν·

2173 4990 2366 5060 νόησόν
2387 5007 2482 5043 σου
2511 4987 2612 5061 τήν
2643 4987 2806 5058 φύσιν
2851 4987 3138 5060 πρότερον·
3177 4986 3332 5040 οὐδὲν
3358 4985 3470 5057 γὰρ
3507 4983 3653 5038 ἔστιν
3673 4979 3830 5047 δνομα

2175 5087 2354 5158 εὑρεῖν
2381 5085 2680 5157 δυνάμενον
2709 5081 3063 5155 παραστῆσαι
3093 5097 3188 5135 σου
3214 5081 3317 5154 τὴν
3350 5080 3625 5135 εὐτέλειαν
3647 5075 3697 5128 δ.

2247 5271 2308 5318 ε’.
2347 5263 2486 5316 Ἀλλ’
2504 5259 2755 5334 ἐρεῖς,ὃτι
2777 5258 3101 5331 ’Ἄνθρωπός
3129 5260 3244 5330 εἰμι
3261 5255 3540 5328 ἐλευθερίᾳ
3556 5244 3827 5322 τπιμημέρ

2175 5378 2286 5424 νος.
2317 5359 2456 5412 Ἀλλ’
2480 5356 2746 5429 ἐτιμήθης
2771 5354 2870 5424 οὐχ
2895 5355 2985 5408 ⁶ίνα
3012 5356 3092 5419 εἰς
3118 5353 3426 5422 ἀντιλογίαν
3448 5353 3512 5422 τῇ
3542 5341 3825 5415 ἐλευθερίᾳ,

2178 5457 2292 5512 ἀλλ’
2325 5455 2413 5508 ἴνα
2441 5457 2509 5526 τῇ
2534 5455 2667 5524 τιμῇ
2697 5451 2835 5523 πρὸς
2875 5449 3124 5522 ὑπακοὴν
3162 5447 3481 5520 καταχρήσῃ
3502 5443 3592 5498 τοῦ
3618 5452 3826 5526 τετιμητ

2179 5553 2358 5616 κότος.
2394 5549 2652 5622 Ἑτίμησέ
2684 5565 2743 5600 σε
2779 5547 2808 5598 6
2829 5545 2984 5608 Θεὸς,
3019 5545 3118 5615 οὐχ
3139 5544 3228 5596 ¹ίνα
3257 5543 3419 5598 αὐτὸν
3456 5536 3695 5610 ὐδρίζῃς,
3719 5525 3829 5585 ἀλλ’

2181 5653 2266 5706 ’ίνα
2291 5647 2540 5720 δοξάζῃς·
2574 5645 2787 5718 ὑϐρίζει
2815 5643 2871 5697 δὲ
2901 5643 2930 5696 6
2955 5641 3054 5712 τὴν
3086 5640 3276 5694 οὐσίαν
3301 5635 3462 5704 αὐτοῦ
3488 5624 3825 5706 περιεργαζό-

2243 5813 2268 5853 δ
2291 5811 2388 5863 Alii
2411 5812 2494 5868 τήν
2517 5807 2859 5870 ιύτέ).ειαν,εὶὶί
2885 5805 2967 5864 τήν
2989 5804 3224 5854 οὐδένειαν
