4050 6160
437 292 538 349 715

429 416 533 456 tam
554 406 758 455 terram
780 390 1083 451 concussit.
1104 388 1207 458 Qui
1230 388 1398 459 tangit
1424 395 1644 449 montes,
1662 393 1711 439 et
1730 381 1991 453 fumigant

425 498 444 566 ζ
456 492 615 563 Ibid.)
636 506 653 545 :
670 490 760 560 qui
773 487 1000 543 concutit
1015 494 1213 539 terram
1231 498 1261 534 a
1279 479 1720 550 fundamentis,et
1741 475 1997 530 columna:

421 590 533 657 ejus
552 590 764 639 nutant:
781 582 869 651 qui
887 583 1121 632 minatur
1134 576 1292 638 mari,
1310 583 1358 629 et
1377 575 1539 628 siccat
1558 570 1692 625 illud
1720 567 1771 639 (.l
1781 566 1841 622 ob
1859 565 1995 633 9.6):

426 656 529 745 Qui
549 677 676 729 dicit
692 667 1244 742 abysso,Desolaberis
1263 663 1616 734 (Isa.4i.‘27);
1638 660 1685 713 Μ
1694 676 1784 713 are
1800 656 2004 721 vidit,et

424 768 585 837 fugit;
606 763 863 817 Iordanis
886 775 1164 815 conversus
1186 766 1263 812 est
1281 765 1593 809 retrorsum:
1611 759 1810 804 montes
1826 746 2008 803 exsul-

426 836 667 913 taberunt
686 855 821 909 sicut
840 854 1052 913 arietes,
1075 860 1124 905 et
1148 848 1308 904 colles
1325 849 1462 901 sicut
1486 844 1608 915 agni
1630 842 1802 896 ouium
1826 836 2000 910 (Psal.

429 949 691 1018 “3.54).
709 946 899 1002 Omnis
921 951 1171 1000 creatura
1194 947 1462 1005 movetur,
1487 935 1700 1001 metuit,
1719 928 2014 988 contremi—

430 1043 556 1099 scit:
572 1042 625 1094 hi
641 1017 743 1096 soli
770 1037 1101 1108 despiciunt,
1122 1034 1423 1104 negligant,
1443 1030 1673 1086 salutem
1692 1040 1845 1081 suam
1862 1017 2018 1088 parvi

431 1134 671 1189 faciunt:
691 1147 800 1186 non
812 1130 955 1186 enim
976 1123 1521 1192 dixerim,Dominum
1535 1119 1804 1174 omnium.
1828 1114 2014 1184 Nuper

431 1242 531 1283 eos
550 1242 579 1280 a
603 1238 964 1295 supernarum
988 1219 1269 1276 Virtutum
1292 1215 1543 1284 exemplo
1564 1209 2017 1272 admonebamus,

432 1314 1033 1388 angelis,archangelis,
1047 1308 1344 1366 Cherubim
1359 1313 1411 1361 et
1426 1302 1735 1373 Seraphim,
1762 1313 1909 1354 nunc
1928 1311 2022 1353 ve-

442 1425 509 1464 ro
521 1408 589 1463 ab
605 1406 908 1462 insensibili
927 1410 1179 1459 creatura
1200 1417 1213 1455 :
1231 1411 1408 1467 neque
1425 1405 1606 1448 tamen
1621 1391 1701 1447 sic
1717 1388 2026 1445 adiciuntur

438 1501 668 1571 pudore.
709 1498 906 1553 Annon
941 1496 1094 1550 vides
1118 1493 1226 1547 hoc
1258 1490 1452 1545 caelum
1477 1525 1492 1551 ,
1521 1499 1683 1557 quam
1713 1481 2025 1554 pulchrum,

442 1607 612 1663 quam
634 1604 917 1660 magnum,
939 1602 1105 1658 quam
1125 1584 1279 1639 vario
1304 1581 1473 1637 choro
1502 1577 1781 1634 stellarum
1798 1583 2032 1629 corona-

441 1660 589 1739 tum:
610 1688 877 1753 quantum
900 1678 1163 1749 temporis
1181 1672 1488 1731 duraverit?
1504 1669 1636 1724 Plus
1653 1667 1896 1738 quinque
1912 1660 2030 1718 mil-

442 1778 595 1833 libus
613 1752 773 1830 annis
797 1774 973 1836 stetit,
988 1781 1039 1826 et
1056 1765 1392 1824 diuturnitas
1411 1760 1673 1831 temporis
1688 1757 1896 1812 nullam
1914 1752 2020 1824 ipsi

451 1870 785 1917 senectutem
811 1855 1011 1911 invexit
1038 1872 1052 1909 :
1083 1851 1176 1907 sed
1203 1849 1339 1905 sicut
1358 1860 1555 1915 corpus
1582 1840 1819 1913 juvenile
1847 1846 1903 1893 et
1944 1852 2031 1890 ro-

452 1954 669 2009 bustum
707 1949 895 2004 florem
915 1945 1085 2001 aetatis
1113 1941 1459 2011 vigoremque
1482 1942 1691 1999 servat;
1720 1931 1791 1985 ita
1831 1938 1888 1984 et
1929 1941 2034 1981 caa-

456 2047 592 2109 lum,
622 2056 782 2113 quam
820 2038 888 2093 ab
931 2036 1079 2091 initio
1126 2032 1309 2088 habuit
1332 2024 1785 2099 pulchritudinem
1814 2034 2034 2076 conser-

458 2136 627 2203 vavit,
641 2109 757 2188 inec
770 2129 1026 2200 temporis
1053 2122 1402 2182 diuturnitate
1426 2119 1693 2174 ullatenus
1720 2109 2038 2168 imbecillius

461 2227 671 2284 evasit:
701 2222 795 2279 sed
824 2219 954 2275 illud
979 2219 1050 2273 ita
1095 2213 1375 2287 pulchrum
1396 2252 1412 2279 ,
1473 2219 1723 2277 magnum
1748 2245 1764 2270 ,
1816 2203 1995 2256 laetum
2018 2240 2035 2266 ,

461 2320 635 2377 stellis
659 2323 928 2378 ornatum,
948 2318 1279 2382 perpetuum,
1306 2303 1504 2360 tamdiu
1525 2298 1844 2361 consistens,
1872 2294 2035 2357 Deus,

464 2424 624 2480 quem
657 2416 711 2461 tu
739 2404 948 2460 curiose
975 2398 1231 2456 scrutaris
1249 2438 1265 2461 ,
1312 2405 1363 2449 et
1391 2389 1794 2447 ratiociniorum
1823 2391 2038 2438 tuorum

468 2478 721 2557 limitibus
746 2494 965 2565 subjicis
986 2534 1001 2559 ,
1033 2492 1103 2546 ita
1134 2488 1288 2544 facile
1312 2483 1567 2549 condidit,
1590 2496 1655 2547 ac
1679 2480 1722 2534 si
1743 2478 1863 2549 quis
1887 2484 2044 2545 tugu-

470 2592 609 2647 rium
627 2588 818 2643 ludens
842 2589 1176 2641 construeret
1202 2597 1216 2634 :
1245 2592 1401 2648 quam
1442 2590 1554 2631 rem
1577 2572 1657 2628 sic
1682 2570 1918 2626 declarat
1944 2567 2045 2622 lsa-

472 2686 552 2741 ias
581 2680 835 2751 prepheta
863 2693 877 2730 :
912 2676 1013 2742 Qui
1037 2674 1211 2728 statuit
1231 2671 1407 2727 calum
1428 2670 1556 2724 sicut
1575 2681 1847 2728 cameram,
1880 2670 1927 2718 et
1962 2676 2050 2716 ea:-

474 2750 633 2829 tendit
658 2771 786 2826 illud
809 2770 938 2824 sicut
954 2763 1334 2821 tabernaculum
1358 2776 1510 2831 super
1550 2767 1734 2812 terram
1759 2753 1913 2824 (lsai.
1955 2750 2047 2807 ιο.

480 2868 598 2936 22).
622 2865 787 2920 Visne
831 2872 1026 2917 terram
1052 2872 1263 2930 quoque
1291 2852 1518 2910 intueri?
1544 2850 1685 2906 hanc
1715 2849 1875 2904 etiam
1897 2844 2051 2916 quasi

479 2935 608 3013 nihil
636 2956 779 3012 fecit.
807 2953 937 3009 Nam
968 2951 1036 3006 de
1065 2950 1155 3005 illo
1175 2946 1389 3019 quidem
1414 2944 1524 3001 ait:
1560 2940 1659 3007 Qui
1680 2938 1853 2995 statuit
1875 2935 2056 2990 caelum

479 3052 608 3104 sicut
630 3062 898 3107 cameram,
930 3052 974 3098 et
998 3040 1219 3097 extendit
1254 3037 1384 3092 illud
1428 3035 1559 3090 sicut
1583 3029 1961 3087 tabernaculum
2002 3028 2058 3081 in

490 3135 903 3207 deserto(lbid.)
931 3151 946 3189 :
977 3133 1043 3188 de
1100 3132 1200 3186 hac
1251 3142 1401 3191 vero,
1452 3125 1551 3191 Qui
1599 3122 1817 3177 continet
1876 3132 2060 3189 gyrum

484 3244 649 3295 terra,
676 3228 761 3301 qui
801 3227 915 3296 fecit
978 3233 1161 3278 terram
1221 3219 1365 3290 quasi
1408 3215 1555 3270 nihil.
1608 3212 1839 3269 Videsne
1867 3211 1883 3241 ¹
1925 3222 2059 3278 quo-

485 3322 646 3379 modo
674 3299 801 3373 nihil
829 3316 1024 3374 dixerit
1055 3322 1257 3368 tantum
1303 3318 1513 3377 tamque
1540 3306 1726 3375 ingens
1751 3299 1991 3369 corpus?

557 3414 613 3468 ι.
652 3410 835 3481 Cogita
865 3413 1116 3478 quantam
1161 3400 1419 3457 montium
1445 3396 1676 3459 molem,
1726 3400 1857 3462 quot
1894 3389 2068 3445 homi-

490 3519 617 3559 num
648 3502 925 3565 nationes,
968 3503 1099 3567 quot
1143 3493 1442 3564 plantarum
1470 3486 1781 3542 varietatem
1808 3490 1864 3538 et
1891 3481 2065 3535 altitu-

491 3595 704 3656 dinem,
746 3597 875 3661 quot
904 3587 1085 3653 urbes,
1122 3590 1254 3654 quot
1279 3579 1623 3643 aediﬁciorum
1653 3571 2066 3644 magnitudines,

492 3693 624 3758 quot
650 3680 1076 3755 quadrupedum,
1104 3676 1360 3738 ferarum,
1388 3670 1659 3741 reptilium
1687 3680 1883 3736 genera
1908 3662 2071 3719 dorso

495 3752 598 3833 suo
629 3752 878 3831 sustinet.
911 3772 1158 3825 Attamen
1185 3766 1331 3821 illam
1363 3762 1525 3818 talem
1559 3767 1865 3827 tantamque
1891 3755 1961 3810 ita
1991 3752 2073 3808 fa-

497 3867 599 3922 cile
622 3862 877 3928 condidit,
908 3870 965 3916 ut
989 3858 1267 3930 propheta,
1296 3870 1416 3912 cum
1440 3860 1599 3907 tanta:
1614 3847 1883 3904 facilitatis
1900 3859 2078 3900 exem-

499 3959 643 4030 plum
668 3954 1045 4025 nonhbaberet,
1077 3950 1273 4006 dixerit
1314 3961 1437 4003 eum
1469 3944 1662 4001 fecisse
1704 3950 1899 3997 terram
1926 3938 2077 4008 quasi

501 4029 650 4104 nihil.
678 4047 812 4104 Cum
842 4046 984 4101 enim
1004 4043 1292 4099 visibilium
1318 4035 1633 4109 magnitudo
1658 4042 1712 4089 et
1737 4029 2078 4102 pulchritudo

503 4158 611 4198 non
633 4140 764 4196 satis
788 4146 933 4195 esset
957 4136 1023 4191 ad
1051 4132 1323 4191 Creatoris
1352 4129 1645 4201 potentiam
1675 4122 2073 4189 declarandam,

505 4232 599 4289 sed
626 4231 794 4287 multo
822 4227 1109 4284 intervallo
1148 4224 1332 4295 procul
1358 4230 1501 4278 esset
1540 4234 1569 4273 a
1619 4215 1981 4287 magnitudine
2027 4220 2083 4268 et

506 4322 699 4378 robore
724 4319 840 4391 ejus
867 4318 957 4388 qui
982 4317 1095 4386 ipsa
1120 4312 1455 4378 condiderat,
1487 4310 1649 4364 alium
1664 4306 1939 4377 prephetae
1963 4317 2082 4358 mo-

508 4416 633 4470 dum
661 4413 1003 4477 invenerunt,
1027 4424 1133 4478 quo
1160 4421 1258 4477 pro
1289 4404 1537 4460 facultate
1578 4416 1674 4455 sua
1716 4405 1939 4471 possent
1990 4394 2087 4450 alio

508 4504 633 4575 quid
672 4502 905 4571 amplius
945 4499 1015 4554 de
1045 4498 1141 4554 Dei
1184 4495 1421 4567 potentia
1466 4492 1757 4548 declarare.
1806 4487 2084 4556 Quodnam

513 4593 679 4649 illud?
707 4592 780 4648 Ut
805 4606 910 4646 non
940 4588 1102 4643 modo
1129 4595 1424 4642 creatarum
1455 4596 1633 4638 rerum
1665 4577 2085 4649 magnitudinem

512 4691 869 4755 exponerent,
900 4679 992 4735 sed
1018 4679 1176 4734 etiam
1216 4674 1433 4730 modum
1479 4669 1769 4727 creatiouis
1814 4666 2087 4731 etlerrent,

516 4787 572 4830 ut
592 4791 658 4830 ex
687 4782 910 4840 utraque
931 4779 1101 4841 parte,
1121 4782 1242 4822 cum
1264 4781 1329 4819 ex
1352 4761 1715 4833 magnitudine
1733 4758 2088 4830 opiliciorum,

520 4880 631 4924 tum
652 4883 720 4923 ex
745 4864 1031 4922 creationis
1052 4861 1306 4917 facilitate
1328 4873 1423 4929 pro
1447 4863 1606 4928 captu
1649 4863 1835 4910 nostro
1875 4852 2091 4924 dignam

518 4961 784 5033 possimus
808 4956 877 5012 de
906 4954 1137 5025 potentia
1169 4952 1263 5008 Dei
1294 4950 1532 5006 notitiam
1561 4948 1825 5017 accipere.
1870 4945 1949 5000 Ne
1993 4944 2094 5000 ita-

516 5065 621 5122 que
639 5047 975 5119 opificiorum
1007 5042 1423 5115 magnitudinem
1463 5048 1667 5093 tantum
1696 5037 1966 5106 explores,
2000 5035 2096 5090 sed

516 5143 678 5199 etiam
727 5138 1008 5195 condentis
1056 5135 1384 5191 facilitatem.
1428 5130 1612 5202 Neque
1645 5131 1818 5185 solum
1860 5129 1915 5183 in
1954 5137 2098 5183 terra

519 5234 624 5289 hoc
652 5228 1094 5301 deprehenditur,
1128 5224 1221 5281 Sed
1251 5233 1307 5278 et
1333 5223 1385 5278 in
1413 5223 1527 5293 ipsa
1561 5219 1836 5275 hominum
1863 5227 2047 5273 natura
2079 5234 2093 5269 :

524 5324 686 5380 modo
706 5323 853 5383 enim
881 5322 977 5387 ait,
1004 5318 1103 5385 Qui
1128 5317 1345 5371 continet
1362 5329 1544 5385 gyrum
1563 5322 1728 5378 terra,
1751 5320 1797 5366 et
1819 5308 2097 5364 habitantes

524 5419 575 5470 in
604 5433 665 5473 ea
690 5413 835 5486 quasi
859 5412 1075 5467 locustas
1097 5407 1249 5481 (lsai.
1279 5407 1368 5462 40.
1396 5404 1468 5459 22
1488 5403 1537 5475 );
1568 5402 1745 5467 modo,
1781 5401 1942 5470 Quasi
1962 5400 2100 5454 stilla

527 5507 693 5563 situla:
737 5520 910 5561 attines
952 5511 1123 5570 gentes
1151 5500 1203 5554 in
1231 5506 1498 5567 conspectu
1535 5496 1645 5565 ejus
1682 5492 1841 5562 (Ibid.
1871 5508 1920 5546 υ.
1967 5491 2098 5560 15).

592 5667 610 5695 ⁸
647 5672 718 5714 Sic
750 5661 892 5725 sani.
918 5666 972 5709 et
1011 5658 1201 5725 quidam
1226 5664 1337 5725 uss.
1368 5662 1416 5725 In
1439 5651 1601 5725 Morel.
1616 5666 1730 5705 vero
1758 5660 1806 5704 et
1853 5650 1956 5703 aliis
2001 5651 2105 5701 lucc

532 5727 722 5789 desunt,
748 5723 940 5776 videsne
963 5715 1197 5785 quomodo
1218 5715 1541 5804 nihit‘dixerit
1556 5719 1580 5763 ;'

1345 270 1432 330 DE
1469 241 2145 324 lNCOMPREHENSIBlLI
2179 239 2289 297 DEI
2327 234 2630 293 NATURA.
2658 230 2720 287 ll.

3578 211 3681 269 7M

2116 360 2196 419 Ne
2221 369 2394 414 minus
2414 349 2746 408 considerate
2771 344 2870 399 hoc
2892 342 3092 397 dictum
3121 344 3425 407 prmioreas,
3473 330 3565 386 sed
3595 345 3686 382 ex-

2106 461 2228 509 cute
2268 458 2321 504 et
2373 445 2590 516 explora
2617 462 2630 497 :
2659 426 2843 508 repete
2870 449 3055 489 omnes
3083 440 3270 501 gentes
3292 469 3305 490 ,
3329 427 3492 496 Syros
3515 424 3556 487 ί,
3601 420 3684 475 Ci-

2114 544 2266 601 lices.
2300 512 2664 607 Cappadoces,
2696 527 2972 598 Bithynos,
3005 518 3201 576 Euxini
3240 516 3395 572 Ponti
3444 512 3646 567 incolas
3668 549 3687 576 ,

2112 630 2417 691 Thraciam,
2445 620 2826 680 Macedoniam,
2856 613 3115 671 Graeciam
3142 622 3352 665 omnem
3378 613 3433 658 et
3466 602 3685 661 insulas,

2114 723 2295 789 Italos,
2324 734 2417 774 eos
2443 716 2530 787 qui
2562 721 2686 770 sunt
2704 723 2861 780 supra
2890 704 3250 762 continentem
3297 704 3531 752 nostram
3557 733 3573 757 ,
3599 706 3693 746 eos

2114 818 2204 888 qui
2232 816 2286 870 in
2313 812 2500 869 insulis
2522 805 2862 871 Britannicis,
2888 802 3252 862 Sauromatas,
3275 792 3455 857 indos,
3478 789 3691 850 Persas,

2116 908 2353 975 aliasque
2384 903 2691 958 innumeras
2716 904 2901 967 gentes
2922 904 2977 947 et
3002 890 3241 946 nationes
3266 897 3489 955 quarum
3514 894 3580 935 ne
3603 892 3693 931 no-

2118 999 2262 1054 mina
2288 993 2501 1066 quidem
2527 990 2790 1045 novimus.
2820 984 3022 1041 Verum
3055 981 3137 1036 hrc
3162 977 3346 1034 Omnes
3374 982 3541 1046 gentes
3560 986 3690 1041 qua-

2119 1090 2162 1145 si
2189 1087 2328 1143 stilla
2355 1083 2541 1148 situlaz,
2568 1080 2763 1149 inquit,
2801 1077 2855 1130 in
2882 1081 3149 1143 conspectu
3188 1076 3316 1141 ejus.
3359 1067 3530 1133 Quota
3572 1075 3695 1131 pars

2121 1196 2180 1235 es
2218 1178 2331 1247 ejus
2353 1174 2508 1230 stilla:
2535 1180 2610 1235 tu,
2639 1168 2727 1241 qui
2750 1168 2921 1222 Demn
2952 1161 3206 1219 scrutaris
3245 1158 3329 1213 cui
3355 1170 3538 1212 omnes
3564 1168 3697 1223 gen-

2126 1280 2205 1326 tes
2230 1244 2379 1339 quasi
2434 1263 2573 1319 stilla
2600 1258 2811 1316 situlze?
2864 1254 3064 1325 Ecquid
3114 1258 3323 1321 oportet
3370 1247 3437 1302 de
3465 1244 3598 1300 cmlu
3650 1252 3704 1295 ct

2126 1371 2267 1418 terra
2323 1356 2505 1413 dicere
2534 1394 2549 1418 ,
2606 1351 2675 1407 de
2723 1348 2879 1413 mari,
2932 1346 3104 1416 deque
3147 1342 3422 1397 hominum
3473 1332 3705 1389 natura?

2128 1449 2495 1510 Ascendamus
2533 1446 2585 1500 in
2615 1442 2804 1498 cazlum
2833 1437 2997 1494 verbo
3021 1477 3034 1502 ,
3063 1433 3383 1504 angelosque
3415 1426 3701 1486 adeamus;

2129 1546 2276 1603 scitis
2300 1543 2439 1599 enim
2466 1539 2547 1594 vel
2573 1550 2735 1592 unum
2763 1531 3005 1603 angelum
3027 1542 3212 1599 parem
3232 1537 3353 1579 esse
3394 1519 3487 1575 toti
3514 1515 3706 1571 visibili

2132 1645 2411 1700 creaturae,
2439 1633 2545 1687 imo
2561 1631 2721 1699 longe
2750 1623 3193 1697 praestantiorem.
3222 1616 3352 1672 Nam
3380 1613 3424 1668 si
3476 1609 3559 1665 vel
3603 1622 3709 1661 uno

2137 1728 2355 1785 homine
2372 1725 2518 1795 justo
2544 1730 2683 1776 totus
2711 1716 2941 1773 mundus
2968 1712 3160 1782 dignus
3197 1722 3301 1762 non
3328 1706 3415 1770 sit,
3435 1699 3706 1757 utPaulus

2137 1790 2494 1878 ostendit'his
2531 1812 2729 1876 verbis,
2769 1809 2961 1876 Quibus
3001 1806 3182 1875 dignus
3202 1816 3303 1855 non
3349 1805 3455 1851 erat
3495 1790 3717 1845 mundus

2140 1912 2324 1988 (Hebr.
2348 1911 2559 1977 11.58).
2582 1903 2750 1960 multo
2775 1900 2954 1955 minus
2977 1894 3166 1965 angelo
3194 1891 3385 1961 dignus
3406 1885 3508 1941 erit
3538 1901 3550 1937 :
3607 1896 3708 1935 an-

2139 1978 2242 2077 geli
2269 2004 2463 2075 quippe
2484 1999 2650 2053 multo
2678 1991 3076 2066 prtestantiores
3100 1992 3226 2042 sunt
3240 1980 3418 2053 justis.
3470 1978 3716 2032 Altamen

2140 2072 2328 2155 decem
2358 2072 2554 2149 millies
2577 2089 2715 2144 dena
2763 2085 2926 2140 millia
2972 2079 3282 2150 angelorum
3319 2084 3530 2127 sursum
3572 2072 3717 2129 sunt,

2142 2198 2200 2245 et
2223 2187 2387 2242 millia
2415 2181 2638 2238 millium
2687 2173 3165 2245 archangelorum;
3209 2168 3441 2234 itemque
3480 2156 3720 2221 Throni,

2145 2277 2565 2341 Dominationes,
2597 2271 2930 2339 Principatus
2956 2271 3011 2321 et
3035 2263 3353 2321 Potestates,
3378 2263 3536 2324 atque
3566 2252 3723 2304 innu-

2147 2371 2283 2431 meri
2327 2339 2760 2437 incorporearum
2792 2359 3057 2415 Virtutum
3098 2349 3275 2423 populi
3304 2345 3576 2413 tribusque
3628 2339 3714 2392 in-

2149 2428 2516 2523 enarrabiles:
2549 2466 2841 2523 omnesque
2867 2449 2983 2504 illas
3011 2445 3241 2499 Virtutes
3265 2452 3387 2494 cum
3417 2442 3559 2489 tanta
3591 2428 3724 2485 faci-

2150 2522 2302 2610 litate
2348 2547 2606 2615 condidit,
2653 2522 2849 2615 quanta
2896 2538 3072 2595 nullus
3116 2548 3293 2590 sermo
3342 2535 3515 2600 potest
3554 2522 3729 2593 expri-

2152 2659 2322 2703 mere.
2351 2641 2494 2698 Satis
2522 2638 2664 2694 enim
2687 2635 2760 2689 illi
2783 2632 2882 2688 fuit
2909 2639 2966 2684 ut
2992 2628 3173 2692 vellet,
3204 2634 3259 2679 et
3287 2624 3423 2677 sicut
3446 2616 3584 2687 apud
3631 2627 3732 2668 nos

2157 2737 2400 2793 voluntas
2425 2730 2557 2788 nihil
2583 2726 2779 2782 laboris
2806 2722 2980 2787 affert,
3012 2720 3089 2774 sic
3117 2716 3263 2772 nullo
3292 2714 3407 2782 ipse
3430 2709 3615 2764 labore
3653 2712 3731 2758 tot

2159 2835 2439 2895 tantasque
2464 2821 2699 2875 Virtutes
2718 2813 2979 2871 condidit.
3002 2807 3154 2877 Quod
3179 2805 3456 2861 declarans
3478 2795 3733 2868 propheta

2158 2884 2387 2981 dicebat,
2414 2910 2599 2967 Omnia
2639 2918 2962 2977 quotcumque
2987 2898 3139 2954 uoluit
3170 2895 3287 2965 fecit
3332 2893 3386 2946 in
3426 2887 3550 2944 caelo
3593 2895 3639 2939 et
3681 2884 3735 2937 in

2161 3018 2298 3065 terra
2330 3000 2501 3077 (Psal.
2531 3000 2652 3055 154.
2676 2996 2755 3067 6).
2786 2990 2973 3049 Viden'
3001 3005 3105 3045 non
3155 2986 3221 3041 ad
3259 2992 3589 3040 terrenarum
3618 2983 3737 3030 tan-

2164 3107 2276 3155 tum
2304 3108 2482 3151 rerum
2512 3087 2855 3148 creationem,
2889 3082 2981 3138 sed
3008 3079 3167 3135 etiam
3196 3074 3263 3130 ad
3304 3071 3627 3129 creationem
3654 3081 3742 3121 su-

2165 3198 2453 3260 pernarum
2493 3179 2759 3237 Virtutum
2802 3174 2932 3230 satis
2979 3170 3141 3226 fuisse
3189 3165 3330 3222 illius
3379 3156 3745 3216 voluntatem?

2167 3248 2295 3336 ilice
2310 3290 2431 3330 cum
2449 3270 2620 3333 audis,
2643 3260 2751 3322 non
2778 3265 3003 3334 teipsum
3032 3258 3302 3329 deploras,
3334 3253 3419 3308 dic
3445 3248 3607 3306 mihi?
3636 3260 3744 3300 non

2170 3367 2291 3424 tein
2314 3373 2509 3420 terram
2532 3356 2739 3415 defodis
2758 3364 2813 3412 et
2837 3352 3047 3418 obruis,
3093 3363 3213 3406 cum
3256 3346 3308 3399 in
3359 3349 3559 3397 tantum
3597 3349 3745 3391 arro-

2172 3455 2363 3530 gantiae
2392 3449 2717 3524 proruperis,
2741 3454 2800 3502 ut
2826 3459 2946 3500 eum
2973 3454 3130 3513 quem
3167 3434 3464 3508 gloriﬁcare
3487 3437 3540 3485 et
3560 3427 3748 3483 adora-

2174 3562 2233 3605 re
2268 3545 2441 3602 solum
2478 3541 2558 3598 fas
2606 3546 2724 3606 est,
2767 3534 2918 3607 quasi
2956 3546 3114 3587 unam
3151 3525 3526 3583 vilissimarum
3566 3532 3743 3572 rerum

2176 3636 2429 3695 scruteris
2454 3642 2509 3689 et
2535 3624 2987 3699 comprehendere
3014 3617 3263 3675 coneris?
3293 3615 3415 3669 Ideo
3458 3621 3512 3666 et
3555 3607 3752 3665 Paulus

2177 3729 2345 3789 multa
2396 3727 2580 3798 plenus
2607 3698 2890 3791 sapientia,
2921 3708 3389 3783 incomparabilem
3429 3703 3522 3758 Dei
3571 3698 3752 3756 excel-

2180 3819 2423 3885 lentiam,
2451 3814 2712 3883 simulque
2736 3810 2982 3865 humana:
3006 3813 3206 3860 natura:
3230 3800 3483 3855 vilitatem
3512 3791 3754 3852 intuitus,

2181 3911 2588 3982 indignatusque
2623 3904 2877 3959 adversus
2906 3913 3000 3954 eos
3029 3897 3117 3965 qui
3159 3893 3274 3963 ejus
3308 3884 3757 3958 dispensationem

2182 4000 2445 4059 curiosius
2469 3997 2831 4068 explorarent,
2854 4005 2965 4045 rem
2998 3986 3222 4041 moleste
3251 3980 3432 4036 ferens
3456 3991 3576 4032 eum
3594 3973 3759 4029 multa

2170 4090 2521 4149 vehementia
2543 4067 2796 4141 (dicebat:
2831 4079 2875 4134 0
2913 4079 3079 4141 homo,
3110 4085 3164 4127 tu
3192 4072 3304 4140 quis
3324 4086 3374 4124 es
3400 4111 3414 4136 ,
3442 4067 3526 4138 qui
3552 4080 3763 4135 respou-

2186 4186 2307 4240 deas
2333 4180 2443 4238 Deo
2465 4178 2637 4252 (Rom.
2668 4174 2721 4230 9.
2748 4169 2877 4242 9.0)?
2905 4168 2984 4223 Tu
3011 4165 3130 4236 quis
3158 4163 3255 4227 es?
3283 4160 3452 4230 cogita
3481 4156 3628 4226 prius
3665 4167 3762 4207 na-

2191 4284 2361 4329 turam
2390 4243 2533 4325 tuam
2560 4284 2572 4318 :
2606 4263 2809 4321 nullum
2838 4259 3034 4329 quippe
3062 4269 3257 4308 nomen
3288 4257 3462 4320 potest
3507 4256 3649 4300 tuam
3687 4243 3764 4297 vi-

2189 4364 2392 4418 litatem
2418 4359 2713 4414 declarare.

2262 4454 2316 4510 '5.
2348 4447 2660 4506 Contumelia
2698 4444 2863 4498 Deum
2905 4439 3067 4512 afﬁcit
3090 4439 3131 4492 is
3156 4436 3242 4508 qui
3284 4431 3615 4489 substantiam
3660 4425 3783 4495 eius

2193 4540 2439 4597 curiosius
2474 4537 2720 4607 explorat.
2752 4561 2826 4573 —
2851 4531 2922 4587 At
2965 4529 3132 4595 dices,
3156 4526 3329 4581 Homo
3364 4538 3479 4578 sum
3525 4520 3772 4575 libertate

2195 4633 2507 4688 honoratus.
2530 4604 2687 4697 Atqui
2717 4624 3009 4678 honoratus
3028 4632 3107 4684 es,
3137 4630 3243 4672 non
3264 4623 3324 4669 ut
3346 4612 3677 4667 ealihertate
3704 4604 3774 4659 ad

2196 4719 2619 4795 repugnandum,
2646 4713 2742 4771 sed
2782 4722 2843 4767 ut
2885 4712 2977 4767 illo
3022 4710 3224 4764 honore
3267 4704 3334 4759 ad
3377 4697 3774 4771 obsequendum

2197 4793 2515 4877 honoranti,
2571 4818 2625 4865 te
2664 4804 2912 4862 utereris.
2953 4798 3243 4857 “oneravit
3284 4803 3338 4851 te
3384 4793 3544 4857 Deus,
3575 4804 3680 4844 non
3720 4796 3779 4841 ut

2261 4908 2281 4941 ι
2314 4913 2475 4967 ωηεβ
2496 4902 2728 4967 maiore!!!
2761 4880 3618 4967 εθριίιιωριξμφςξθὲρρεὶξὲ-ἓξὲξΗὲ
3637 4877 3781 4967 “lii?

2199 4937 3100 5030 terpi'ét‘iiiini‘é'tiia'iugbii'b‘iii;
3157 4959 3334 5030 nempe
3355 4946 3424 4996 sic
3440 4950 3650 5030 :Isgrg‘s,‘
3767 4961 3781 4973 -

2199 5008 2656 5091 σ’ῐὶῖϊαῗιὶᾱιῑὸοὲὶῑ
2689 5016 2933 5091 mannos,
2954 5008 3783 5091 μμξοέν,,ἐ’ίῢῖυθξ.³;ιη¹ἔωῗὶ⁴ἰξληέ³ί”

2236 5066 2660 5150 ἥνέὧῗιῖιὶῇἓᾶἔ,
2689 5066 2837 5150 iouia
2865 5066 3500 5150 Ὰάυνὲῖπδρλταὲξδὲζίνὲἷίέδν
3522 5066 3782 5150 ἔρξ’..ξίέῗῗν

2200 5128 2666 5214 Ῐὲιῖίᾶρῖέῗὶῖὅὶὼὶζ
2689 5128 2974 5214 ’ἔξψωῖ
2987 5128 3779 5214 -ίξᾳέῖοεκςςῃέιεηρεῷξαζίζξςιίεξν

2202 5195 2828 5269 έάωάηαεαὲρ
2851 5195 3156 5269 Massagetas.
3171 5195 3376 5269 cui???
3572 5195 3728 5269 astu:

2202 5250 3786 5340 ἂὲῑιὶἲῖἱὲιῑᾶρ’ἷιῐι”ῑῖἔᾰῦίιῖζίτετῐι.ῐἀεᾞτὶίέατίοὶτέεὶἱίέῗῄθαῗᾘξ

2204 5308 3031 5403 Ὲῗῗξέρῖοδῖῖιὲᾆξξξέἑνθ.
3330 5308 3609 5403 dim:
3648 5308 3786 5403 illi.“

2205 5373 2581 5450 ﬁnierim
2601 5373 2832 5450 Enati}:
2848 5373 3051 5441 incolas,
3066 5378 3307 5450 _Thraces,.
3325 5373 3640 5450 atrismanus”
3649 5374 3787 5450 Ern-t8:

2207 5428 2922 5515 EgitﬁnZETi'aZEEI-Hgn";
2932 5428 3177 5510 maciam,
3216 5428 3538 5515 Dalmatiam,
3553 5428 3787 5515 llqliani.‘

2205 5491 2684 5573 Μῆη
2700 5491 2979 5573 i—rit‘erior'is7w
2988 5491 3174 5573 maris,
3198 5511 3343 5573 quam
3378 5491 3655 5573 exterioris,
3687 5500 3786 5539 cic-

2209 5558 2821 5641 ieiEs'iiié'iwiiiémnzes
2852 5572 3042 5641 gentes,
3069 5558 3325 5641 etet-Sed
3347 5558 3791 5641 nescio-mulge-

2213 5614 3171 5706 :"SﬁEdTeE'gdiﬁbeinhgségipii,
3185 5619 3345 5706 Morel.
3367 5614 3573 5706 etfavil.
3589 5614 3795 5675 idipsum

2216 5682 2448 5764 ibiibi,
2468 5682 2911 5755 nullo'discrithine,
2938 5688 3064 5752 quod
3085 5682 3138 5739 in
3156 5682 3296 5736 textu
3319 5682 3516 5745 legitur.
