4050 6160
333 277 434 335 TIS

331 393 477 450 illum
498 387 816 446 contumelia
848 389 1105 455 afﬁceres,
1136 389 1228 444 sed
1260 399 1313 444 ut
1338 389 1690 458 gloriﬁcares;
1724 398 1912 443 contu-

331 483 486 536 melia
517 497 641 536 vero
669 481 831 536 allicit
872 481 915 535 is
962 481 1051 550 qui
1101 479 1446 534 substantiam
1492 480 1608 548 ejus
1650 480 1910 534 curiosius

331 573 594 641 explorat.
618 571 748 626 Nam
789 573 855 638 si,
893 572 1018 627 dum
1061 573 1318 643 promissa
1358 571 1471 641 ejus
1517 573 1906 641 noucxploras,

330 663 476 716 illum
509 663 674 733 gloria
695 662 894 729 afﬁcis;
922 663 1046 716 dum
1103 663 1348 731 exploras
1387 671 1440 717 et
1486 664 1692 718 curiose
1735 665 1907 734 inqui-

329 755 424 821 ris,
471 769 576 808 non
615 755 906 808 sententias
949 753 1106 806 modo
1147 754 1282 821 ejus,
1315 754 1404 807 sed
1445 755 1604 809 etiam
1651 770 1772 825 eum
1819 757 1908 826 qui

329 848 472 915 ipsas
520 847 737 916 protulit
774 847 1033 902 dedecore
1077 845 1262 900 afﬁcis.
1315 845 1465 912 Quod
1514 856 1692 902 autem
1739 849 1906 903 Deum

325 937 632 1007 gloriﬁeetis
657 938 746 1007 qui
787 939 901 1008 ejus
948 939 1206 1007 promissa
1243 952 1346 990 non
1387 938 1593 992 curiose
1623 949 1904 1007 scrutatur,

326 1030 446 1083 audi
465 1030 683 1083 Paulum
702 1029 769 1084 de
795 1031 1095 1085 Abrahamo
1115 1031 1288 1102 deque
1308 1031 1421 1100 ejus
1442 1031 1740 1086 obcdientia
1772 1032 1907 1086 ﬁde-

326 1137 428 1187 que
451 1122 501 1175 in
523 1121 769 1176 omnibus
799 1121 1061 1176 dicentem
1095 1140 1107 1175 :
1141 1123 1481 1191 consideravit
1509 1122 1706 1192 quidem
1727 1139 1908 1194 corpus

325 1229 471 1265 suum
506 1224 801 1278 emortuum,
827 1223 870 1267 et
914 1224 1192 1280 emortuam
1219 1215 1415 1268 vulvam
1448 1213 1596 1279 Sane
1616 1231 1635 1268 :
1659 1231 1827 1268 verum
1853 1215 1908 1268 in

326 1305 709 1371 repromissione
748 1304 842 1357 Dei
880 1323 979 1358 non
1017 1306 1260 1360 haesitavit
1310 1305 1613 1376 diﬁidentia,
1661 1305 1749 1360 sed
1785 1323 1908 1360 con-

328 1398 542 1464 [artatus
589 1405 659 1450 est
701 1396 996 1466 ﬁde(Rom.
1025 1397 1080 1450 4.
1125 1396 1232 1466 19).
1278 1389 1476 1452 Natura
1519 1407 1572 1452 et
1618 1407 1781 1460 aetas,
1817 1398 1895 1450 in-

325 1484 458 1553 quit,
479 1485 528 1538 in
556 1485 978 1555 desperationem
1007 1487 1176 1557 ipsum
1220 1487 1592 1556 c0ujiclebant,
1635 1487 1728 1541 sed
1774 1486 1905 1540 ﬁdes

326 1591 472 1642 spem
516 1576 707 1629 bonam
756 1577 1124 1631 substituebat.
1146 1577 1251 1632 Sed
1291 1580 1603 1649 confortatus
1625 1587 1695 1631 est
1724 1579 1776 1630 in
1802 1576 1905 1644 fide

327 1669 453 1718 dans
474 1667 688 1735 gloriam
723 1665 853 1732 Deo,
888 1676 933 1720 et
951 1667 1236 1734 plenissime
1261 1668 1420 1721 sciens
1445 1668 1564 1737 quia
1585 1682 1905 1737 quaecumque

326 1758 553 1824 promisit
578 1767 750 1825 potens
766 1767 836 1812 est
866 1767 911 1810 et
951 1760 1114 1827 facere
1135 1757 1296 1828 (Ibid.
1324 1774 1370 1811 v.
1394 1757 1508 1827 20).
1541 1757 1730 1811 Vident
1759 1771 1900 1821 eum,

322 1847 412 1916 qui
441 1847 635 1901 certior
659 1855 742 1902 est
765 1847 832 1902 de
870 1847 1027 1902 rebus
1057 1863 1085 1901 a
1116 1849 1224 1902 Deo
1265 1848 1504 1918 prolatis,
1529 1848 1752 1917 gloriam
1793 1847 1902 1902 Deo

321 1940 482 1993 dare?
506 1940 560 1995 Si
593 1940 767 2009 itaque
794 1940 858 2007 is,
881 1940 968 2008 qui
1014 1941 1121 1995 Deo
1163 1941 1356 2005 credit,
1386 1940 1607 2010 gloriam
1649 1940 1747 2009 ipsi
1789 1939 1897 2005 dat,

321 2032 407 2106 qui
440 2047 543 2086 non
568 2031 736 2086 credit
775 2033 894 2101 ipsi,
925 2033 1299 2086 contumeliam
1331 2033 1473 2088 illam
1515 2035 1564 2086 iu
1593 2048 1748 2087 suum
1788 2034 1901 2102 ipse

321 2132 476 2191 caput
490 2125 770 2177 convertit.
795 2121 873 2175 Tu
893 2124 1002 2191 quis
1022 2139 1090 2187 es,
1111 2124 1194 2193 qui
1218 2121 1322 2175 Deo
1344 2123 1682 2194 respondeas?
1700 2123 1899 2182 Deinde

321 2223 379 2267 ut
403 2214 646 2268 ostendat
673 2222 927 2283 quantum
956 2215 1026 2267 sit
1061 2215 1225 2269 Deum
1272 2215 1408 2268 inter
1435 2227 1487 2269 et
1514 2216 1781 2271 hominem
1813 2217 1897 2271 in-

320 2307 620 2369 tervallum,
654 2306 705 2361 id
731 2307 1060 2360 demonstrat
1088 2322 1190 2360 non
1226 2307 1434 2376 quidem
1461 2317 1716 2377 quantum
1741 2324 1900 2380 opor-

320 2403 470 2461 teret,
502 2396 595 2450 sed
625 2403 800 2451 tamen
824 2411 891 2451 ex
922 2397 1193 2467 proposito
1234 2397 1482 2467 exemplo
1529 2398 1684 2468 longe
1726 2399 1898 2469 majus

318 2487 601 2543 discrimen
629 2502 747 2542 esse
781 2487 1000 2557 intelligi
1031 2495 1222 2556 potest.
1241 2486 1379 2555 Quid
1408 2489 1565 2557 igitur
1589 2488 1700 2542 ait?
1730 2488 1899 2542 Num-

317 2577 438 2644 quid
457 2577 584 2629 dicet
605 2579 896 2646 ﬂgmentum
919 2577 966 2630 ei
989 2577 1076 2646 qui
1094 2593 1146 2630 se
1164 2579 1332 2646 finxit,
1351 2578 1484 2644 Quid
1513 2595 1590 2630 me
1612 2579 1772 2646 fecisti
1790 2578 1895 2632 sic?

318 2669 499 2720 Annon
525 2667 668 2720 habet
690 2676 978 2736 potestatem
1003 2667 1190 2737 ﬁgulus
1211 2669 1304 2722 luti
1323 2684 1385 2721 ea:
1421 2670 1595 2722 eadem
1619 2686 1785 2723 massa
1810 2675 1895 2742 fa-

317 2776 427 2812 cere
449 2758 591 2810 aliud
626 2759 824 2827 quidem
863 2774 947 2811 vas
986 2759 1040 2812 in
1079 2759 1338 2825 honorem,
1378 2761 1519 2813 aliud
1553 2762 1604 2814 in
1643 2770 1898 2815 contume-

319 2849 439 2901 liam
461 2849 632 2918 (Rom.
653 2847 945 2919 9.%0.2|)?
970 2849 1104 2914 Quid
1131 2850 1248 2909 ais?
1278 2851 1416 2904 itane
1445 2851 1552 2905 Deo
1581 2851 1751 2906 debeo
1771 2851 1896 2906 sub-

315 2939 423 3007 jici,
456 2948 512 2992 ut
551 2939 717 2992 lutum
772 2939 968 3010 ﬁgulo?
993 2939 1065 2994 lta
1091 2981 1106 3004 ,
1148 2940 1354 3010 inquit:
1387 2947 1586 2994 tantum
1632 2941 1772 3013 enim
1812 2948 1896 2996 est

321 3033 483 3086 Deum
511 3031 650 3087 inter
679 3041 732 3087 et
758 3031 1024 3087 hominem
1062 3032 1416 3099 intervallum,
1454 3043 1706 3103 quantum
1754 3035 1896 3088 inter

316 3121 481 3175 lutum
520 3130 573 3175 et
597 3120 844 3192 ﬁgulum;
876 3123 959 3177 vel
998 3125 1190 3192 potius,
1219 3139 1323 3177 non
1356 3133 1579 3190 tantum,
1608 3123 1700 3179 sed
1728 3124 1895 3180 multo

316 3212 506 3281 majus.
541 3212 658 3266 Luti
695 3214 835 3267 enim
859 3222 913 3268 et
941 3213 1082 3288 ﬁguli
1126 3213 1311 3269 eadem
1357 3214 1650 3268 substantia
1698 3223 1806 3278 est,
1835 3223 1895 3269 ut

314 3303 452 3372 apud
483 3302 581 3368 Job
607 3303 799 3358 dicitur
829 3321 843 3358 :
874 3303 1022 3368 Sino,
1057 3304 1243 3372 inquit,
1273 3304 1551 3356 habitantes
1593 3303 1769 3357 domos
1808 3303 1894 3356 luo
1960 3341 1962 3344 -

318 3404 440 3457 reas,
471 3411 533 3448 ea:
557 3411 656 3464 quo
680 3403 725 3447 et
753 3393 851 3463 ipsi
887 3409 1058 3446 sumus
1089 3409 1150 3447 ea:
1188 3394 1358 3446 eodem
1403 3394 1506 3446 luto
1538 3391 1656 3465 (Job
1700 3395 1754 3448 4.
1779 3393 1890 3464 19).

315 3484 465 3551 Quod
497 3485 540 3538 si
569 3480 728 3538 homo
753 3483 1088 3552 praestantior
1109 3483 1219 3536 luto
1239 3491 1291 3536 et
1309 3482 1591 3537 formosior
1618 3490 1889 3552 appareat,

314 3572 665 3627 diﬁerentiam
693 3589 798 3628 non
825 3573 1107 3627 diversitas
1146 3582 1370 3637 naturae,
1405 3573 1497 3627 sed
1541 3572 1756 3627 artiﬁcis
1802 3587 1892 3627 sa-

316 3663 508 3732 pientia
536 3661 658 3716 fecit
678 3679 691 3714 :
713 3662 764 3716 in
786 3663 930 3716 nullo
943 3663 1134 3731 quippe
1155 3661 1373 3716 diﬁ‘crsa
1390 3663 1531 3726 luto;
1561 3662 1699 3731 quod
1722 3663 1764 3716 si
1788 3676 1892 3716 non

314 3753 508 3818 credis,
534 3752 585 3806 id
627 3753 720 3806 tibi
768 3753 1119 3821 persuadeant
1157 3753 1340 3806 tumuli
1365 3763 1414 3808 et
1446 3768 1593 3807 urna:
1621 3753 1894 3822 sepulcra-

315 3847 411 3899 lcs.
443 3844 573 3898 Nam
603 3845 646 3897 si
676 3845 916 3915 sepulcra
947 3846 1205 3914 majorum
1237 3856 1441 3900 tuorum
1470 3845 1656 3910 adeas,
1689 3845 1802 3900 hare
1821 3846 1891 3901 ita

314 3950 373 3988 se
398 3935 593 3989 habere
621 3935 1012 4004 deprehendes.
1038 3937 1178 3992 lnter
1199 3937 1363 3991 lutum
1395 3938 1569 4007 itaque
1593 3948 1646 3992 et
1675 3936 1891 4007 ﬁgulum

313 4027 608 4082 diﬁ‘erentia
639 4029 777 4084 nulla
808 4047 821 4082 :
855 4030 993 4090 inter
1024 4030 1116 4085 Dei
1155 4046 1282 4085 vero
1311 4041 1363 4086 et
1389 4030 1618 4086 hominis
1643 4032 1892 4086 substan-

316 4121 442 4176 tiam
487 4129 686 4180 tantum
733 4121 1064 4176 intervallum
1110 4131 1212 4198 est,
1245 4132 1498 4192 quantum
1529 4139 1629 4178 nec
1653 4124 1892 4178 oratione

313 4227 552 4278 narrare,
585 4228 684 4267 nec
711 4221 892 4268 mente
919 4214 1182 4268 mStimare
1211 4230 1514 4284 possumus.
1537 4215 1892 4282 Quemadmo-

313 4304 437 4360 dum
457 4305 614 4374 igitur
628 4306 795 4360 lutum
819 4306 960 4375 ﬁguli
981 4321 1188 4372 manus,
1203 4322 1537 4378 quocumque
1555 4308 1642 4364 ille
1659 4309 1888 4375 duxerit,

312 4396 550 4465 sequitur
582 4413 596 4450 :
628 4396 698 4450 ita
741 4404 795 4450 et
818 4405 873 4452 tu
919 4397 1012 4453 luti
1059 4399 1224 4452 instar
1271 4407 1448 4454 mutus
1491 4410 1634 4466 esto,
1679 4401 1891 4470 quando

313 4486 453 4541 Deus
493 4485 689 4554 aliquid
727 4485 1034 4555 dispensare
1068 4489 1311 4544 voluerit.
1344 4489 1526 4561 Neque
1567 4500 1742 4545 tamen
1772 4491 1891 4547 ideo

313 4575 510 4628 Paulus
535 4573 648 4627 hzec
674 4574 826 4641 dixit,
855 4584 913 4630 ut
941 4577 1242 4639 facultatem
1274 4589 1509 4645 nostram
1540 4581 1770 4646 tolleret,
1799 4590 1893 4635 aut

313 4664 537 4718 liberum
587 4663 863 4718 arbitrium
905 4665 1266 4734 labefactaret,
1314 4669 1486 4734 absit;
1537 4671 1630 4724 sed
1659 4678 1888 4725 utarro-

311 4756 542 4824 gantiam
571 4763 807 4810 nostram
833 4757 1002 4828 magis
1032 4759 1301 4829 magisque
1327 4771 1615 4816 coerceret.
1648 4761 1845 4820 Verum
1872 4805 1887 4830 ,

311 4847 354 4900 si
386 4846 581 4914 placet,
611 4846 888 4902 videamus
921 4849 1170 4917 quidnam
1198 4851 1295 4918 ipsi
1325 4850 1561 4905 ediscere
1590 4852 1886 4914 voluerint;

311 4938 384 4992 ita
410 4946 466 4991 ut
502 4938 648 5007 ipsos
689 4937 883 4993 Paulus
923 4949 1027 4993 tam
1071 4939 1413 4996 vehementer
1451 4941 1776 4998 reframaret.
1806 4948 1888 4999 An

309 5025 667 5082 substantiam
688 5022 782 5080 Dei
814 5028 1239 5083 scrutabantur?
1285 5029 1623 5100 Nequaquam
1674 5049 1688 5086 :
1735 5049 1890 5090 nemo

307 5117 448 5170 enim
476 5116 526 5170 id
543 5132 792 5188 umquam
822 5131 984 5174 ausus
1007 5127 1105 5173 est.
1121 5119 1225 5174 Sed
1252 5119 1392 5189 quod
1415 5121 1568 5191 longe
1593 5124 1766 5179 minus
1786 5135 1887 5192 est,

309 5206 424 5274 ejus
450 5207 870 5277 dispensationes
896 5210 1302 5277 scrutabantur;
1331 5213 1476 5267 verbi
1515 5215 1702 5283 gratia,
1727 5231 1890 5284 quare

307 5298 457 5351 illum
479 5301 704 5367 puniret,
727 5299 864 5356 illius
884 5301 1254 5367 misereretur;
1273 5319 1435 5371 quare
1459 5304 1604 5361 illum
1633 5305 1890 5374 supplicio

309 5389 525 5451 eximat,
545 5390 684 5448 hunc
709 5392 761 5445 in
791 5393 1044 5447 atrumnis
1073 5395 1242 5458 sinat;
1267 5411 1430 5464 quare
1462 5397 1551 5451 ille
1584 5399 1790 5452 veniam
1821 5400 1890 5454 sit

307 5490 686 5547 consequutus,
717 5481 803 5534 luc
845 5483 1082 5538 minimc.
1117 5484 1240 5538 Haec
1265 5495 1318 5539 et
1343 5487 1532 5542 similia
1554 5489 1882 5558 qumebant.

311 5568 585 5624 Undenam
626 5570 676 5629 id
710 5571 942 5640 liqueat?
980 5573 1057 5628 Ex
1096 5577 1535 5643 prmcedentibus.
1567 5579 1697 5635 Cum
1735 5582 1876 5635 enim

310 5657 530 5722 dixisset
551 5678 561 5712 :
582 5658 719 5732 Ergo
736 5676 880 5732 quem
903 5663 1003 5716 vult
1023 5663 1360 5733 miseratur,et
1376 5684 1516 5735 quem
1533 5669 1636 5723 vult
1653 5669 1874 5742 indurat.

1039 276 1093 330 S.
1135 274 1408 332 JOANNIS
1437 273 1912 330 CHRYSOSTOMI
1954 273 2267 330 ARCHIEP.
2309 276 2847 336 CONSTANTINOP.

3491 291 3590 359 τις

2023 386 2170 440 Dices
2197 389 2363 453 itaque
2389 389 2530 454 mihi,
2567 390 2702 456 Quid
2724 392 2892 446 adhuc
2917 393 3179 459 queritur!
3200 397 3444 455 voluntati
3463 405 3594 462 enim

2016 479 2124 547 ejus
2144 482 2253 547 quis
2269 480 2451 534 resistit
2473 481 2648 552 (Rom.
2669 483 2722 537 9.
2742 484 2827 538 18.
2851 484 2979 554 l9)?
3001 493 3125 540 tunc
3147 487 3342 556 intulit,
3361 491 3406 544 0
3423 494 3591 565 homo,

2017 576 2070 621 tu
2097 569 2210 637 quis
2252 585 2321 632 es,
2346 571 2430 638 qui
2469 572 2772 641 respondeas
2804 573 2905 628 Deo
2931 573 3036 645 (Ib.
3060 591 3107 630 v.
3130 574 3265 648 20)?
3292 580 3398 636 Eos
3437 583 3594 652 igitur

2014 659 2106 728 qui
2130 659 2552 730 dispens‘ationes
2581 663 2670 717 Dei
2700 667 3074 721 scrutabantur
3115 669 3590 747 reprimitPaulus,

2016 749 2257 805 Profecto
2286 767 2352 807 ne
2379 752 2430 806 id
2459 754 2667 822 quidem
2695 756 2796 810 illis
2821 759 3080 824 concedit,
3117 769 3169 814 tu
3219 777 3348 816 vero
3386 765 3592 820 beatam

1977 875 1980 879 -
2013 839 2158 894 illam
2192 842 2539 897 substantiam
2580 847 2757 900 omnia
2781 847 3174 917 dispensantem
3202 852 3414 918 curiose
3443 869 3590 910 scru-

2015 933 2175 986 taris?
2199 947 2378 989 annon
2403 945 2454 990 te
2479 938 2743 991 sexcentis
2764 937 3069 994 fulminibus
3109 939 3326 1014 dignum
3368 947 3594 1000 censes?-

2012 1023 2278 1092 quomodo
2303 1039 2405 1078 non
2429 1025 2479 1079 id
2505 1034 2756 1082 extremm
2781 1027 3063 1084 dementia:
3095 1029 3284 1085 fuerit?
3313 1033 3453 1088 Audi
3483 1049 3595 1104 pro-

2013 1111 2258 1181 phetam,
2299 1115 2384 1169 vel
2433 1116 2606 1184 potius
2651 1117 2815 1172 Deum
2861 1119 3172 1175 dicentem:
3205 1121 3268 1177 Si
3309 1122 3470 1178 Pater
3505 1141 3594 1196 ego

2009 1219 2142 1268 sum,
2161 1205 2244 1257 ubi
2261 1215 2332 1258 est
2351 1204 2516 1276 gloria
2534 1223 2644 1260 mea
2660 1207 2685 1261 1’
2703 1217 2750 1261 et
2765 1209 3064 1265 siDominus
3079 1228 3168 1283 ego
3187 1229 3319 1281 sum,
3338 1215 3426 1268 ubi
3446 1226 3518 1270 est
3531 1200 3594 1275 tie

2010 1310 2122 1348 mor
2138 1311 2276 1350 meus
2305 1296 2603 1365 (Malae/Li
2635 1299 2719 1370 6)?
2745 1301 2841 1368 Qui
2863 1303 3006 1358 enim
3032 1305 3238 1373 metuit,
3258 1321 3365 1360 non
3383 1308 3594 1365 curiose

2008 1394 2291 1453 scrutatur,
2322 1388 2416 1442 sed
2450 1390 2667 1456 adorat;
2697 1408 2800 1446 non
2829 1395 3037 1450 curiose
3067 1395 3307 1466 inquirit,
3336 1398 3434 1454 sed
3477 1400 3591 1454 lau-

2008 1478 2098 1532 dat
2125 1489 2180 1534 et
2199 1480 2474 1549 gloriﬁcat.
2506 1483 2631 1537 Haec
2660 1492 2710 1538 te
2734 1485 2959 1541 doceant
2987 1496 3040 1542 et
3065 1503 3310 1557 supernae
3338 1489 3588 1556 Virtutes,

2008 1577 2061 1622 ct
2104 1569 2286 1624 beatus
2327 1571 2521 1626 Paulus
2554 1591 2566 1626 :
2598 1589 2703 1628 non
2744 1575 2887 1629 enim
2933 1590 3054 1630 cum
3101 1577 3201 1642 hac
3245 1579 3317 1634 de
3361 1593 3421 1634 re
3458 1577 3591 1636 alios

2009 1659 2267 1730 increpat,
2287 1661 2398 1730 ipse
2417 1662 2604 1718 eodem
2627 1679 2732 1734 quo
2760 1665 2838 1719 illi
2873 1666 3032 1722 modo
3058 1668 3279 1724 aﬁ‘ectus
3307 1680 3411 1727 est.
3454 1672 3590 1734 Audi

2005 1751 2134 1820 quid
2160 1752 2585 1821 Philippensibus
2617 1755 2779 1822 dicat,
2810 1771 2930 1811 cum
2955 1757 3191 1814 declarat
3215 1774 3274 1814 se
3305 1761 3592 1829 particula-2

2006 1854 2120 1894 rem
2158 1841 2434 1896 scientiam
2477 1842 2674 1900 habere
2701 1863 2715 1899 :
2742 1847 3183 1916 quemadmodum
3213 1859 3268 1922 et
3296 1850 3591 1918 Corinthiis

1969 1953 1972 1956 ί
2004 1931 2242 1986 scribens
2268 1933 2495 2000 dicebat,
2513 1934 2594 1989 Ex
2605 1946 2746 2006 parte
2765 1940 3108 2008 cognoscimus
3135 1941 3209 2012 (l.
3239 1942 3361 1996 Cor.
3390 1944 3478 1998 15.
3509 1946 3591 2028 9).

2007 2030 2172 2076 totum
2193 2037 2321 2078 vero
2350 2025 2583 2080 nondum
2618 2044 2632 2081 :
2659 2035 2714 2083 et
2738 2043 2875 2082 nunc
2915 2028 3093 2099 infert,
3131 2030 3365 2098 Fratres,
3395 2051 3486 2104 ego
3513 2025 3590 2098 me

2003 2127 2105 2165 non
2127 2114 2344 2170 arbitror
2370 2117 2799 2186 comprehendisse
2817 2118 3077 2190 (Philipp.
3105 2123 3159 2177 5.
3180 2124 3288 2194 i5).
3316 2123 3455 2191 Quid
3491 2125 3591 2182 bac

2001 2205 2238 2272 apertius
2257 2207 2424 2262 voce‘t
2453 2207 2600 2264 Tuba
2624 2209 2821 2266 clarius
2849 2212 3060 2280 cecinit,
3092 2214 3275 2269 orbem
3312 2224 3480 2270 totum
3509 2217 3587 2271 in-

2000 2295 2247 2361 stituens,
2277 2305 2334 2350 ut
2363 2296 2539 2350 datam
2581 2298 2819 2362 scientiae
2861 2316 3162 2364 mensuram
3210 2304 3492 2375 diligerent
3534 2319 3588 2362 et

1999 2386 2466 2454 amplecterentur,
2511 2405 2608 2447 uec
2652 2392 3019 2449 existimarent
3057 2410 3311 2469 umquam
3335 2412 3394 2452 se
3421 2405 3585 2457 totum

2000 2477 2289 2548 accepisse.
2320 2478 2456 2546 Quid
2485 2481 2582 2547 ais,
2608 2482 2694 2547 die
2716 2482 2884 2550 mihi?
2909 2484 3176 2540 Christum
3219 2487 3390 2543 habes
3417 2489 3470 2544 in
3510 2499 3586 2562 ιτα-ι

2003 2567 2124 2635 ipso
2147 2568 2454 2636 loquentem
2481 2571 2554 2640 (2.
2580 2571 2700 2626 Cor.
2725 2574 2809 2627 15.
2840 2575 3016 2642 l3),et
3037 2575 3210 2630 dicis:
3234 2575 3354 2646 Ego
3376 2594 3456 2631 me
3485 2593 3585 2629 non

2001 2656 2233 2710 arbitror
2251 2659 2722 2727 comprehendisse.
2745 2661 2871 2718 Ideo
2896 2665 3064 2732 enim,
3097 2665 3299 2736 inquit,
3333 2666 3474 2720 dixit
3501 2682 3585 2723 me

1997 2746 2268 2802 Christum
2297 2748 2496 2806 habere
2525 2751 2578 2805 in
2606 2751 2810 2822 meipso
2835 2753 3136 2822 loquentem
3173 2773 3187 2810 :
3217 2761 3336 2826 ipse
3361 2773 3448 2813 me
3473 2757 3584 2814 lure

1993 2838 2198 2894 docuit.
2245 2841 2600 2910 Quamobrem
2643 2844 2718 2910 hi,
2751 2845 2852 2900 nisi
2901 2845 3128 2915 Spiritus
3170 2850 3342 2906 sancti
3384 2851 3585 2915 auxilia

1997 2944 2216 2998 prorsus
2244 2933 2394 2987 vacui
2419 2944 2614 3002 essent,
2639 2944 2693 2989 et
2719 2950 2932 2991 omnem
2961 2937 3077 3006 ejus
3111 2941 3480 3008 operationem
3516 2959 3582 3017 es

1996 3023 2170 3077 anima
2191 3038 2286 3078 sua
2314 3025 2698 3095 eliminasseut,
2727 3043 2846 3084 cum
2870 3029 3066 3085 Paulus
3103 3031 3266 3100 dicat,
3290 3031 3346 3085 Ν
3349 3050 3418 3087 οη
3444 3036 3582 3100 arbi-

1998 3122 2104 3166 tror
2121 3115 2368 3183 meipsum
2397 3118 2848 3189 comprehendisse,
2893 3136 2997 3176 non
3044 3121 3144 3192 ipsi
3181 3137 3240 3178 se
3269 3125 3592 3195 universum

1995 3204 2464 3272 comprehendisse
2490 3217 2756 3275 putarent.

2068 3296 2120 3350 6.
2147 3295 2419 3352 Undenam
2447 3299 2629 3368 liquet,
2660 3300 2802 3355 dicet
2832 3303 3112 3373 quiSpiam,
3160 3305 3333 3378 ipsum
3395 3308 3466 3363 ita
3507 3309 3587 3363 los

1995 3395 2245 3456 quentem
2274 3388 2342 3445 de
2368 3390 2472 3444 ﬁde
2496 3405 2672 3461 agere,
2700 3391 2769 3448 de
2794 3393 3014 3448 scicntia
3045 3405 3098 3450 et
3123 3396 3190 3451 de
3217 3397 3582 3467 dogmatibus,

1995 3485 2049 3530 et
2072 3493 2176 3533 non
2201 3479 2269 3533 de
2291 3479 2414 3533 vita:
2441 3479 2800 3547 institutione,
2832 3484 2982 3552 quasi
3013 3483 3156 3539 dicat
3188 3503 3201 3538 :
3233 3486 3342 3556 Ego
3367 3503 3464 3542 me
3485 3488 3582 3542 im-

1995 3567 2284 3636 perfectum
2314 3584 2432 3624 esse
2457 3571 2684 3625 arbitror
2706 3572 2757 3626 in
2778 3573 2884 3628 vita
2900 3584 2953 3628 et
2973 3575 3335 3631 insﬁtutione?
3357 3577 3421 3632 ld
3441 3589 3584 3634 certe

1995 3659 2208 3726 planum
2235 3659 2358 3714 fecit
2382 3675 2503 3714 cum
2532 3660 2665 3716 dixit
2695 3680 2708 3716 :
2736 3661 2934 3716 Bonum
2961 3674 3210 3719 certamen
3233 3670 3445 3734 certavi,
3469 3684 3582 3722 cur-

1993 3765 2104 3801 sum
2141 3752 2499 3813 consummavi,
2523 3751 2674 3819 ﬁdem
2703 3755 2896 3807 servavi
2923 3770 2942 3808 :
2971 3755 3024 3808 in
3047 3754 3238 3824 reliquo
3259 3759 3485 3826 reposita
3509 3767 3580 3812 est

1994 3841 2117 3894 mihi
2155 3857 2337 3895 corona
2359 3842 2575 3911 justitite
2594 3843 2671 3910 (2.
2691 3843 2826 3898 Tim.
2864 3846 2920 3899 4.
2950 3846 3026 3916 7).
3052 3846 3153 3912 Qui
3177 3862 3304 3901 vero
3327 3863 3578 3903 consum~

1993 3942 2135 3984 mato
2181 3946 2338 3986 cursu
2385 3946 2638 3987 coronam
2700 3945 3012 4004 accepturus
3067 3945 3182 4004 est,
3243 3951 3578 4010 nequaquam

1992 4022 2213 4089 diceret,
2247 4022 2368 4077 Non
2393 4024 2607 4079 arbitror
2648 4027 2894 4098 meipsum
2935 4013 3390 4100 comprehendisse.
3425 4015 3575 4091 Alio-2

1992 4115 2119 4184 quin
2161 4123 2336 4169 autem
2381 4131 2501 4184 quae
2530 4117 2730 4185 agenda
2756 4127 2810 4172 et
2832 4134 2950 4189 qua":
2978 4135 3083 4173 non
3109 4121 3308 4188 agenda
3330 4131 3458 4177 sunt
3479 4137 3572 4178 ne-

1993 4205 2121 4258 mini
2167 4215 2290 4260 sunt
2332 4207 2566 4270 incerta;
2595 4208 2689 4262 sed
2727 4209 2976 4264 omnibus
3023 4210 3302 4266 manifesta
3343 4221 3399 4266 et
3429 4222 3573 4274 nota.

1992 4305 2048 4351 et
2083 4295 2322 4354 barbaris
2354 4306 2409 4352 et
2451 4297 2661 4361 Persis,
2708 4307 2765 4352 et
2806 4300 2901 4354 toti
2935 4299 3206 4354 hominum
3247 4303 3454 4370 generi.
3507 4301 3575 4367 Ut

1992 4399 2170 4444 autem
2213 4390 2263 4442 id
2310 4390 2508 4446 clarius
2549 4391 2787 4457 reddam,
2826 4408 2943 4462 qua:
2989 4393 3124 4448 hanc
3145 4393 3440 4449 clausulam
3483 4409 3576 4451 se-

1991 4489 2224 4550 quuntur
2265 4479 2457 4550 legam.
2486 4481 2768 4551 Postquam
2813 4483 3054 4550 dixisset,
3092 4483 3266 4539 Videte
3301 4502 3474 4552 canes,
3502 4488 3575 4540 vi-

1993 4571 2100 4622 dete
2138 4570 2297 4622 malos
2335 4571 2589 4638 operarios
2621 4571 2873 4641 (Philipp.
2903 4573 2955 4628 5.
2985 4573 3066 4643 2),
3097 4587 3161 4629 ac
3198 4575 3363 4628 multa
3403 4575 3572 4630 disse-

1994 4659 2187 4713 ruisset
2227 4659 2293 4714 de
2333 4661 2417 4726 iis,
2454 4661 2544 4729 qui
2589 4661 2806 4716 Judaica
2852 4663 3096 4733 dogmata
3148 4665 3523 4734 intempestive
3551 4669 3565 4697 '

1997 4747 2284 4813 inducunt,
2329 4748 2602 4817 subjunxit
2622 4751 2638 4782 ι
2668 4767 2680 4802 :
2713 4750 2838 4814 Quae
2873 4752 2995 4804 mihi
3026 4757 3225 4814 fuerunt
3267 4753 3440 4820 lucra,
3465 4757 3572 4814 hate

1949 4889 1972 4908 ᾗ
1991 4838 2262 4891 arbitratus
2299 4855 2412 4891 sum
2458 4848 2661 4908 prapter
2703 4840 2955 4894 Christum
3007 4843 3302 4896 detrimenta
3325 4859 3344 4897 :
3370 4861 3571 4899 verum-

1994 4938 2160 4984 tamen
2209 4929 2436 4982 existimo
2482 4932 2652 4984 omnia
2693 4933 3041 4985 detrimentum
3081 4951 3209 4999 esse,
3249 4945 3304 4987 ut
3351 4935 3574 4988 inveniar

1993 5037 2094 5074 non
2114 5019 2300 5075 habens
2333 5022 2586 5091 justitiam
2607 5037 2720 5091 qua:
2739 5039 2800 5076 ea:
2824 5024 2930 5092 lege
2957 5034 3060 5088 est;
3085 5026 3171 5078 sed
3185 5027 3439 5095 justitiam
3461 5041 3574 5096 qua

1993 5125 2056 5166 ea:
2097 5109 2200 5163 Deo
2243 5121 2352 5175 est,
2378 5127 2492 5180 quae
2534 5129 2622 5180 per
2649 5113 2802 5180 ﬁdem
2832 5113 2957 5167 Jesu
2993 5115 3179 5168 Christi
3219 5126 3293 5179 est
3331 5105 3491 5189 (Ibid.
3521 5133 3570 5169 ν.

1993 5199 2044 5253 7.
2070 5199 2146 5270 9).
2166 5200 2355 5258 Postea
2381 5200 2511 5255 dicit
2530 5201 2596 5256 de
2615 5218 2718 5272 qua
2745 5204 2848 5258 ﬁde
2863 5205 3144 5274 loquatur:
3171 5206 3240 5261 Ut
3265 5224 3379 5261 eunt
3398 5223 3578 5277 cogno-

1992 5307 2179 5352 scerem
2198 5333 2214 5358 ,
2256 5302 2300 5347 et
2342 5295 2613 5362 potentiam
2654 5297 3026 5352 resurrectionis
3064 5299 3172 5368 ejus
3211 5309 3257 5354 et
3293 5303 3574 5354 societatem

1994 5383 2281 5452 passionum
2296 5384 2404 5454 ejus
2421 5382 2582 5453 (Ibid.
2609 5397 2658 5439 v.
2679 5385 2788 5455 40).
2819 5385 2953 5452 Quid
2979 5397 3080 5454 cst,
3101 5386 3386 5444 Potentiam
3404 5405 3571 5444 resur-

2056 5561 2073 5591 ί
2115 5560 2188 5609 sic
2208 5559 2346 5609 Savil.
2373 5568 2425 5611 et
2460 5563 2666 5629 matrima
2701 5576 2812 5629 pars
2851 5568 3295 5629 manuscriptorum.
3334 5575 3385 5619 tn
3407 5565 3568 5618 Morel.

1993 5632 2142 5693 vero,
2187 5629 2445 5693 opportune
2483 5625 2762 5686 subjunxit,
2809 5625 3106 5693 anteposita’
3130 5630 3356 5693 virgulaa
3378 5637 3478 5678 Itox
3519 5639 3568 5676 tu

1995 5682 2156 5731 ttorel.
2179 5683 2395 5744 qumdatn
2414 5682 2635 5748 deerant,
2661 5682 2771 5751 quae
2797 5701 2853 5740 es
2883 5682 3022 5741 savii.
3048 5699 3099 5744 et,
3120 5682 3231 5741 Μειπῖ
3249 5685 3410 5744 addita
3439 5693 3565 5752 sunt.

3321 5795 3331 5806 Δ

3323 5811 3372 5827 ’κ’
