4050 6160
109 304 194 362 115
1123 306 1209 362 DE
1245 307 1941 369 INCOMPBEHENSIBILI
1982 313 2094 371 DEI
2133 316 2442 378 NAT'CRA.
2474 325 2537 381 11.

116 436 271 493 μενος.
309 417 376 472 Εἰ
429 420 541 494 γὰρ
573 419 634 472 τὸ
680 418 756 492 μὴ
798 420 1256 498 περιεργάζεσθαι
1291 424 1388 488 τὰς
1432 427 1766 495 ἐπαγγελίας

113 507 251 564 αὐτοῦ
277 506 528 572 δοξάζειν
554 507 717 562 αὐτόν
739 508 877 571 ἐστι,
908 509 969 561 τὸ
1013 509 1492 582 πολυπραγμονεῖν
1524 513 1620 566 καὶ
1661 514 1769 567 διε-

115 595 285 667 ρευνᾷν
314 607 343 634 ι
377 594 501 664 οὐχὶ
533 593 634 657 τὰς
668 594 970 664 ἀποφάσεις
997 597 1176 666 μόνον,
1202 599 1337 652 ἀλλὰ
1365 600 1461 654 καὶ
1488 601 1650 653 αὐτὸν
1676 602 1768 654 τὸν

110 681 514 752 ἀποφηνάμενον
545 679 832 752 ἀτιμάζειν
860 681 1025 738 ἐστίν.
1049 683 1170 737 Ὀτι
1196 683 1334 744 δὲτὸ
1369 686 1442 757 μὴ
1468 687 1767 758 περιεργά-

110 769 282 837 ζεσθαι
323 767 430 832 τὰς
479 768 815 838 ἐπαγγελίας
863 769 1028 829 αὐτοῦ
1076 770 1317 837 δοξάζειν
1373 773 1536 826 αὐτόν
1588 775 1765 837 ἐστιν,

109 857 322 916 ἄκουσον
355 855 455 909 τοῦ
512 855 727 908 Παύλου
768 856 1017 925 λέγοντος
1051 859 1180 930 περὶ
1243 861 1337 919 τοῦ
1389 860 1642 933 Ἀϐραὰμ
1674 861 1768 914 καὶ

108 945 192 1013 τῆς
217 944 467 1014 ὑπακοῆς
505 945 604 1014 τῆς
650 944 886 1008 ἐκείνου,
918 947 1011 1004 καὶ
1055 947 1154 1017 τῆς
1181 947 1238 1001 ἐν
1288 948 1460 1007 ἅπασι
1493 949 1728 1013 πίστεως
1749 966 1764 981 ο

108 1035 437 1102 Κατενόησε
481 1034 603 1104 μὲν
634 1037 777 1102 γὰρ,
828 1037 994 1106 φησὶ,
1029 1036 1096 1089 τὸ
1129 1037 1352 1090 ἑαυτοῦ
1392 1037 1564 1109 σῶμα
1601 1057 1770 1094 νενε-

106 1121 427 1191 κρωμένον,
467 1121 568 1175 καὶ
607 1123 724 1190 τὴν
763 1121 1060 1190 νέκρωσιν
1102 1123 1215 1193 τῆς
1236 1125 1468 1195 μήτρας
1503 1127 1762 1196 Σάρῤιιςο

107 1211 181 1274 εἰς
206 1208 273 1261 δὲ
320 1209 442 1277 τὴν
486 1209 856 1281 ἐπαγγελίαν
885 1211 990 1265 τοῦ
1046 1212 1195 1266 Θεοῦ
1248 1215 1321 1266 οὐ
1371 1213 1634 1282 διεκρίθη
1692 1214 1767 1283 τῇ

105 1299 360 1365 ἀπιστίᾳ,
397 1297 542 1353 ἀλλ’
567 1298 986 1370 ἐνεδυναμώθη
1029 1300 1105 1369 τῇ
1140 1303 1363 1356 πίστει.
1396 1303 1459 1356 Ἡ
1489 1303 1650 1372 φύσις
1674 1305 1767 1357 καὶ

105 1388 132 1456 ἡ
162 1385 344 1456 ἡλικία
387 1387 469 1450 είς
503 1387 841 1457 ἀπόγνωσιν,
879 1390 1064 1462 φησὶν,
1100 1389 1405 1454 ἐνέδαλλον,
1427 1394 1463 1462 ή
1497 1391 1554 1444 δέ
1583 1393 1768 1456 πίστις

105 1475 311 1538 ἐλπίδας
352 1474 603 1529 ὐπέτεινε
653 1475 916 1548 χρηστάς.
988 1477 1154 1532 Ἀλλ’
1217 1477 1637 1548 ἐνεδυναμώθη
1688 1478 1764 1549 τῇ

102 1565 285 1617 πίστει
307 1563 458 1631 δοὺς
484 1563 674 1627 δόξαν
696 1562 774 1628 τῷ
815 1562 956 1628 Θεῷ,
988 1565 1086 1618 καὶ
1118 1566 1601 1636 πληροφορηθεὶς
1623 1607 1637 1630 ,
1675 1566 1764 1620 ὅτι

101 1651 125 1710 ὅ
149 1651 532 1721 ἐπήγγελται,
561 1651 820 1717 δυνατός
845 1651 976 1705 ἐστι
1016 1651 1114 1704 καὶ
1158 1651 1427 1722 ποιῆσαι.
1492 1655 1654 1726 Ὁρᾷς
1681 1655 1762 1707 ὅτι

98 1737 655 1812 ὁπληροφορούμενος
700 1737 842 1810 ὑπὲρ
881 1731 955 1792 ὧν
999 1737 1065 1791 ἂν
1105 1740 1134 1791 6
1180 1738 1312 1802 Θεὸς
1357 1739 1758 1811 ἀποφαίνηται,

95 1826 240 1889 δόξαν
274 1825 463 1882 δίδωσι
490 1825 570 1896 τῷ
595 1824 742 1896 Θεῷ;
775 1826 839 1878 Et
874 1824 1052 1878 τοίνυν
1081 1825 1238 1890 δόξαν
1262 1825 1445 1880 δίδωσι
1479 1825 1558 1900 τῷ
1587 1827 1706 1897 Θεῷ
1734 1830 1763 1880 6

94 1912 360 1967 πιστεύων
399 1913 573 1984 αὐτῷ,
603 1914 632 1966 6
663 1913 906 1967 ἀπιστῶν
934 1913 1084 1984 αὐτῷ
1113 1913 1208 1986 τὴν
1239 1914 1464 1985 ἀτιμίαν
1491 1916 1657 1969 αὐτοῦ
1684 1917 1764 1979 είς

93 2001 182 2072 τὴν
221 2001 424 2054 ἐαυτοῦ
470 2001 797 2074 περιτρέπει
857 2002 1124 2072 κεφαλήν.
1157 2002 1239 2056 Σὺ
1277 2004 1369 2070 τίς
1416 2000 1476 2056 εἴ
1516 2007 1549 2058 ό
1581 2005 1760 2058 ἀντα-

93 2092 523 2160 ποκρινόμενος
548 2089 627 2156 τῷ
649 2087 803 2155 Θεῷ;
821 2087 951 2142 Εἶτα
980 2090 1302 2160 βουλόμενος
1324 2091 1492 2156 δεῖξαι
1516 2092 1576 2145 τὸ
1599 2091 1763 2162 μέσον

93 2177 207 2240 ὅσον
235 2179 385 2238 ἐστὶν
413 2177 702 2248 ἀνθρώπου
741 2177 837 2233 καὶ
891 2177 1050 2243 Θεοῦ,
1083 2178 1283 2244 ἔδειξεν
1329 2180 1426 2250 οὐχ
1459 2180 1583 2232 ὅσον
1617 2179 1724 2231 ἔδει
1744 2193 1761 2209 ο

93 2266 226 2336 πλὴν
257 2266 366 2320 ἀπὸ
398 2264 492 2320 τοῦ
521 2265 766 2328 δοθέντος
792 2265 1191 2336 ὑποδείγματος
1221 2266 1443 2320 δυνατὸν
1465 2266 1558 2320 καὶ
1585 2265 1763 2338 πολλῷ

103 2353 336 2422 μείζονος
376 2352 643 2423 διαφορᾶς
688 2351 900 2405 ἔννοιαν
934 2351 1140 2408 λαϐεῖν.
1179 2352 1244 2405 Τί
1296 2353 1406 2425 γάρ
1442 2369 1612 2424 φησι;
1663 2352 1760 2421 Μὴ

101 2440 211 2509 ἐρεῖ
243 2440 312 2494 τὸ
335 2437 593 2508 πλάσμα
634 2438 715 2504 τῷ
749 2437 1079 2506 πλάσαντι,
1121 2441 1178 2494 τί
1213 2457 1292 2510 με
1339 2441 1636 2508 ἐποίησας
1665 2441 1764 2494 οῦ-

100 2544 226 2594 τωςς
265 2529 344 2582 Ἦ
374 2529 487 2581 οὐκ
518 2526 642 2596 ἔχει
669 2525 964 2592 ἐξουσίαν
991 2529 1024 2581 ό
1069 2527 1363 2596 κεραμεὺς
1407 2526 1516 2581 τοῦ
1559 2527 1761 2596 πηλοῦ

101 2616 158 2668 ἐκ
183 2615 285 2670 τοῦ
313 2615 505 2674 αὐτοῦ
550 2613 899 2686 φυράματος
936 2613 1189 2683 ποιῆσαι
1225 2613 1257 2668 ὃ
1284 2614 1403 2684 μὲν
1449 2617 1535 2681 είς
1579 2614 1761 2684 τιμὴν

101 2703 328 2770 σκεῦος,
360 2702 392 2756 ὃ
431 2701 500 2756 δέ
533 2705 624 2769 είς
660 2702 935 2772 άτιμίαν;
965 2702 1031 2754 Τί
1079 2701 1296 2772 λέγεις;
1337 2701 1512 2766 οὕτως
1561 2703 1761 2772 ὀφείλω

103 2790 409 2846 ὑποκεῖσθαι
427 2790 506 2862 τῷ
527 2789 647 2862 Θεῷ
684 2790 758 2854 ὡς
783 2791 811 2842 6
831 2789 1002 2861 πηλὸς
1029 2787 1108 2860 τῷ
1141 2792 1408 2860 κεραμεῖς
1438 2791 1568 2855 Ναὶ,
1604 2793 1756 2861 φησί’

98 2881 337 2932 τοσοῦτον
365 2878 475 2950 γάρ
494 2879 555 2932 τὸ
580 2878 744 2949 μέσον
770 2877 1060 2950 ἀνθρώπου
1100 2877 1197 2930 καὶ
1237 2877 1397 2937 Θεοῦ,
1424 2878 1549 2934 ὅσον
1582 2879 1756 2951 πηλοῦ

98 2969 180 3026 καὶ
207 2986 270 3021 κε
280 2967 519 3040 ραμέως’
555 2966 756 3037 μᾶλλον
801 2966 858 3018 δέ
880 2965 1000 3018 ούδέ
1032 2964 1283 3019 τοσοῦτον
1304 2967 1365 3019 τὸ
1391 2966 1575 3037 μέσον,
1625 2967 1760 3023 ἀλλά

98 3057 181 3118 καὶ
207 3055 390 3124 πολλῷ
414 3054 599 3108 πλέον.
642 3053 822 3125 Πηλοῦ
854 3053 954 3126 μὲν
989 3053 1100 3124 γὰρ
1147 3055 1242 3108 καλ⁵
1278 3055 1570 3126 κεραμέως
1602 3056 1760 3110 οὐσία

95 3147 210 3222 μία,
247 3144 496 3212 καθάπερ
518 3143 613 3198 καὶ
642 3141 794 3213 παρὰ
821 3141 899 3212 τῷ
946 3140 1066 3194 ’1ὼὸ
1097 3142 1334 3212 εἴρηται·
1378 3142 1489 3196 Ἔῶ
1522 3142 1592 3195 δὲ
1617 3143 1759 3210 τοὺς

93 3230 517 3296 κατοικοῦντας
544 3230 736 3292 οἰκίας
757 3229 1040 3296 πηλίνας,
1061 3229 1130 3297 ἐξ
1159 3225 1232 3284 οὗ
1254 3229 1353 3283 καὶ
1374 3230 1544 3285 αὐτοί
1570 3230 1760 3300 ἐσμεν

93 3319 156 3374 ἐκ
203 3321 307 3374 τοῦ
349 3321 535 3375 αὐτοῦ
591 3317 814 3385 πηλοῦ.
871 3320 933 3380 Εἰ
977 3319 1034 3376 δέ
1084 3318 1324 3390 ἀμείνων
1370 3319 1621 3389 φαίνεται
1664 3320 1758 3374 καὶ

96 3413 522 3483 εὐπρεπέστερος
545 3411 754 3472 ἐκείνου
785 3412 813 3464 6
844 3410 1150 3481 ἄνθρωπος,
1179 3409 1278 3482 τὴν
1311 3409 1574 3481 διαφορὰν
1599 3410 1697 3481 οὐχ
1723 3411 1756 3480 ή

98 3499 356 3569 ἐναλλαγὴ
382 3499 485 3568 τῆς
513 3498 752 3568 φύσεως,
801 3497 916 3551 ἀλλ’
955 3499 988 3570 ή
1033 3498 1196 3568 σοφία
1229 3495 1323 3558 τοῦ
1371 3497 1616 3572 τεχνίτου
1655 3515 1758 3551 πε·-

96 3587 300 3657 ποίηκε·
339 3585 491 3658 [459]
523 3586 646 3640 ἐπεὶ
688 3584 860 3655 πηλοῦ
891 3585 1042 3640 οὐδὲν
1070 3586 1384 3656 διέστηκας.
1425 3587 1488 3638 Εἰ
1527 3587 1585 3648 δέ
1626 3587 1758 3646 άπι-

97 3671 251 3737 στεῖς,
270 3667 609 3735 πειθέτωσάν
639 3684 698 3727 σε
714 3667 768 3720 αἱ
800 3667 948 3739 σοροὶ
969 3668 1062 3731 καὶ
1091 3669 1146 3722 αἱ
1175 3667 1444 3740 λάρνακες
1465 3685 1479 3700 ο
1518 3670 1613 3723 ἐπὶ
1644 3671 1756 3745 γὰρ

97 3758 208 3824 τοὺς
241 3759 446 3825 τάφους
469 3753 721 3810 ἀπελθὼν
745 3753 853 3811 τῶν
884 3754 1165 3826 προγόνων
1190 3755 1313 3828 εῐσῃ
1344 3755 1427 3810 ὅτι
1455 3755 1630 3810 ταῦτα
1660 3756 1756 3810 οῦ-

98 3858 191 3905 τως
216 3841 347 3912 ἔχει.
375 3839 556 3912 Πηλοῦ
588 3841 687 3911 μὲν
721 3834 813 3893 οῦν
842 3840 936 3893 καὶ
975 3840 1264 3921 κεραμέως
1290 3839 1442 3900 οὐδὲν
1475 3840 1537 3893 τὸ
1567 3840 1751 3911 μέσον’

101 3925 218 3978 Θεοῦ
247 3927 303 3978 δέ
340 3927 435 3979 καὶ
478 3923 784 3996 ἀνθρώπων
821 3925 920 3996 τῆς
963 3923 1150 3987 οὐσίας
1181 3923 1436 3976 τοσοῦτον
1458 3923 1518 3976 τὸ
1557 3924 1752 3994 μέσον,

104 4014 208 4066 ὅσον
235 4002 352 4068 οὐδέ
371 4014 532 4082 λόγος
553 4013 900 4085 παραστῆσαι
930 4012 1176 4079 δύναται,
1200 4011 1324 4065 οὐδὲ
1351 4011 1530 4066 ἔννοια
1556 4013 1758 4088 μετρῆ-

107 4117 178 4154 σαι
203 4104 390 4172 χωρεῖ.
428 4097 636 4170 Ὥσπερ
675 4096 769 4153 οὖν
811 4102 840 4153 6
870 4101 1040 4172 πηλὸς
1064 4099 1257 4153 ἐπεται
1286 4102 1410 4163 ταῖς
1458 4100 1616 4170 χερσὶ
1659 4100 1754 4154 τοῦ

105 4189 392 4260 κεραμέως,
427 4182 571 4260 ᾗπερ
602 4188 668 4240 ἂν
692 4189 898 4251 ἐκεῖνος
927 4187 1062 4260 ἐλκῃ
1092 4187 1188 4253 καὶ
1209 4187 1470 4260 περιάγῃ·
1493 4187 1636 4242 οὕτω
1660 4187 1756 4241 καὶ

104 4276 154 4328 0-)
185 4276 322 4344 κατά
359 4277 451 4338 τὸν
482 4275 652 4345 πηλὸν
686 4273 902 4350 ἄφωνος
934 4274 1047 4341 ἐσο,
1083 4276 1214 4328 ὅταν
1242 4276 1271 4334 ό
1294 4274 1426 4338 Θεὸς
1451 4277 1756 4346 οίκονομεῖν

99 4379 141 4414 τι
164 4363 436 4434 βούληται.
472 4361 606 4428 Οὐδέ
628 4361 736 4432 γὰρ
761 4361 1168 4432 ἀφαιρούμενος
1194 4361 1294 4432 τὴν
1321 4361 1568 4429 ἐξουσίαν
1597 4362 1756 4435 ἡμῶν

97 4450 183 4522 (μὴ
211 4450 471 4520 γένοιτο),
493 4449 612 4502 οὐδέ
635 4447 712 4518 τῷ
737 4446 1072 4519 αὐτεξουσίῳ
1123 4449 1547 4520 λυμαινόμενος,
1579 4451 1755 4505 ταῦτα

94 4541 302 4612 εἴρηκεν
329 4541 360 4593 6
389 4539 626 4606 Παῦλος,
660 4538 776 4593 ἀλλ’
825 4524 896 4591 ἐκ
920 4539 1122 4610 πολλῆς
1158 4539 1619 4611 τῆςπεριουσίας
1657 4541 1754 4614 τὴν

89 4626 370 4681 αὐθάδειαν
416 4627 574 4698 ἡμῶν
609 4625 976 4698 ἐπιστομίζων
997 4644 1010 4657 ·
1058 4629 1107 4680 εί
1152 4627 1210 4680 δὲ
1246 4627 1428 4690 δοκεῖ,
1463 4628 1560 4681 καὶ
1596 4627 1755 4682 τοῦτο

90 4714 300 4785 ἷδωμεν.
330 4715 399 4766 Τί
428 4731 560 4767 ποτε
594 4713 703 4785 ἀρα
732 4713 1104 4785 ἐϐουλήθησαν
1130 4715 1331 4767 ἐκεῖνοι
1368 4714 1562 4785 μαθεῖν
1583 4756 1598 4780 ,
1656 4715 1752 4769 καὶ

84 4801 216 4855 οὕτω
238 4802 492 4872 σφοδρῶς
531 4803 729 4866 αὐτοὺς
775 4803 1173 4873 ἐπεστόμισεν;
1211 4799 1321 4874 ἄρα
1362 4804 1552 4857 οὐσίαν
1593 4821 1753 4874 περι-

84 4891 426 4963 ειργάζοντος
455 4889 742 4968 Οὐδαμῶς·
776 4890 951 4955 οὐδεὶς
982 4879 1091 4971 γὰρ
1127 4891 1284 4955 τοῦτο
1325 4891 1623 4962 ἐτόλμησεν
1659 4893 1754 4944 οὐ-

82 4981 284 5044 δέποτε,
320 4979 462 5032 ἀλλά
487 4978 549 5048 τὸ
577 4978 756 5052 πολλῷ
779 4979 1019 5041 ἔλαττον,
1050 4980 1362 5051 οἰκονομίας
1394 4981 1620 5052 ἐζήτουν
1658 4978 1752 5034 τοῦ

83 5063 363 5122 ΘεοῦὊίον
400 5066 490 5120 διὰ
525 5066 580 5119 τί
613 5067 642 5129 6
677 5067 824 5128 δεῖνα
859 5066 1168 5131 κολάζεται,
1207 5067 1302 5124 καὶ
1332 5066 1422 5122 διὰ
1462 5067 1515 5121 τί
1544 5069 1572 5120 6
1606 5068 1755 5123 δεῖνα

87 5158 323 5211 ἐλεεῖταιο
353 5156 444 5209 διὰ
470 5155 524 5219 τί
556 5156 585 5214 ὀ
610 5155 756 5210 δεῖνα
779 5156 1180 5214 ἀπαλλάττεται
1223 5157 1514 5229 τιμωρίας,
1545 5161 1574 5212 6
1613 5159 1669 5212 δέ
1695 5159 1754 5213 ἐν

83 5246 260 5311 δεινοῖς
292 5248 449 5308 ἐστι’
499 5245 591 5297 καὶ
643 5245 671 5297 6
717 5244 815 5315 μὲν
862 5243 1189 5316 συγγνώμης
1224 5244 1443 5316 ἔτυχεν,
1493 5249 1520 5300 6
1550 5247 1608 5300 δέ
1654 5248 1754 5301 οὐκ

86 5334 240 5405 ἔτυχε.
276 5333 472 5388 Ταῦτα
497 5332 608 5403 γὰρ
640 5334 734 5386 καὶ
763 5333 832 5386 τὰ
861 5332 1085 5386 τοιαῦτα
1115 5333 1359 5405 ἐζήτουν.
1399 5335 1570 5389 Πόθεν
1592 5336 1753 5407 δῆλον

85 5421 257 5488 τοῦτο;
303 5423 402 5476 Ἐκ
426 5419 540 5473 τῶν
565 5419 823 5490 ἀνωτέρω
844 5419 1070 5473 τούτων’
1106 5420 1277 5475 εἰπὼν
1299 5422 1429 5493 γάρ,
1468 5423 1618 5491 Ἀρα
1637 5421 1753 5480 οὖν

91 5509 145 5570 ἐν
168 5510 326 5565 θέλει
347 5509 546 5574 ἐλεεῖ,
587 5507 663 5561 ὃν
709 5507 779 5561 δὲ
827 5508 985 5564 θέλει
1026 5511 1377 5584 σκληρύνει.
1426 5512 1611 5581 Ἐρεῖς
1639 5509 1753 5570 οὖν

85 5613 183 5672 μοι’
217 5598 278 5650 Τί
297 5598 388 5652 ἐτι
412 5595 744 5666 μέμφεται;
793 5594 874 5661 τῷ
926 5596 1036 5667 γὰρ
1077 5596 1419 5669 ,ϐουλήματι
1447 5601 1633 5657 αὑτοῦ
1662 5603 1752 5669 τίς

137 5735 157 5772 ⁹
186 5731 279 5789 Alii
299 5747 412 5786 cum
445 5730 635 5784 Savilio
657 5731 736 5780 καὶ
755 5732 1068 5794 διερευνᾶσθαι

3437 323 3544 382 716

1879 431 2215 503 ἀνθέστηκε
2231 454 2250 502 ;
2278 439 2400 492 τότε
2433 441 2730 513 ἐπήγαγεν,
2778 440 3034 496 Μενοῦν·
3053 457 3140 510 γε,
3167 434 3214 495 ὦ
3240 438 3543 508 ἄνθρωπε,

1874 519 1956 572 σὺ
1989 522 2081 588 τίς
2109 519 2167 577 εἴ
2199 529 2232 578 ό
2268 528 2854 599 ἀνταποκρινόμενος
2885 527 2965 594 τῷ
3005 528 3163 595 Θεῷ;
3215 527 3545 598 οἰκονομίας

1872 608 2050 663 τοίνυν
2076 612 2372 682 ζητοῦντας
2404 617 2858 690 περιεργάζεσθαι
2887 615 3274 687 ἐπιστομίζειὸ
3307 615 3542 680 Παῦλος.

1873 693 2004 754 Εἶτα
2033 701 2262 766 ἐκείνοις
2293 705 2392 772 μὲν
2430 706 2550 760 οὐδὲ
2579 705 2752 761 ταῦτα
2784 707 3022 775 ἀφίεται·
3053 707 3116 760 σὺ
3152 706 3209 758 δὲ
3238 705 3338 776 τὴν
3365 722 3544 776 μακα-

1873 784 1997 854 ρίαν
2027 787 2215 842 οὐσίαν
2241 790 2338 862 τὴν
2378 793 2556 849 πάντα
2591 793 2980 864 οἰκονομοῦσαν
3006 794 3035 834 ιι
3069 791 3545 863 πολυπραγμονῶν

1872 874 1971 942 οὐχ
2003 874 2110 944 ήγῇ
2159 877 2368 946 μυρίων
2418 878 2566 945 ἄξιος
2619 875 2758 937 εἶναι
2805 879 3094 952 σκηπτῶν;
3139 879 3234 931 καὶ
3275 877 3394 942 πῶς
3442 878 3543 937 οὐκ

1871 957 2105 1031 ἐσχάτης
2125 962 2296 1016 ταῦτα
2325 965 2559 1036 μανίας;
2592 967 2856 1020 Ἀκουσον
2898 966 2994 1020 τοῦ
3029 967 3310 1038 προφήτου
3355 965 3515 1034 λέγον

1868 1062 1980 1108 τος,
2007 1048 2205 1118 μᾶλλον
2232 1051 2286 1103 δὲ
2307 1051 2402 1104 τοῦ
2425 1053 2560 1106 Θεοῦ
2596 1053 2661 1106 δι’
2685 1054 2914 1107 ἐκείνου·
2939 1057 3009 1108 El
3045 1053 3242 1121 πατὴρ
3261 1053 3376 1123 ἐγώ
3399 1056 3539 1122 ειμι,

1869 1135 1986 1189 ποῦ
2017 1137 2190 1192 ἐστιν
2213 1141 2250 1207 ἡ
2274 1139 2423 1205 δόξα
2443 1158 2602 1210 μου;
2642 1143 2741 1196 καὶ
2776 1145 2828 1196 εί
2870 1145 3082 1215 Κύριος
3113 1143 3226 1214 ἐγώ
3251 1145 3388 1213 ειμι,
3421 1141 3542 1196 ποῦ

1868 1222 2039 1276 ἔστιν
2069 1228 2102 1278 ό
2134 1227 2318 1294 φόϐος
2340 1246 2502 1298 μου;
2545 1230 2603 1282 Ὀ
2635 1229 2742 1300 γάρ
2780 1230 3111 1302 φοϐούμενος
3139 1231 3200 1282 οὐ
3237 1228 3541 1301 περιεργά-

1870 1308 2042 1374 ζεται,
2065 1312 2202 1367 ἀλλά
2231 1319 2544 1386 προσκυνεῖ,
2582 1317 2642 1370 οὐ
2666 1318 3131 1389 πολυπραγμονεῖ,
3155 1318 3272 1372 ἀλλ’
3302 1319 3542 1387 εὐφημεῖ

1827 1464 1830 1466 ν
1869 1399 1961 1452 καὶ
1992 1399 2221 1465 δοξάζει.
2256 1404 2668 1459 Διδασκέτωσάν
2711 1423 2770 1458 σε
2817 1404 2991 1459 ταῦτα
3023 1406 3117 1458 καὶ
3154 1407 3209 1457 αἱ
3240 1405 3350 1458 ἀνω
3381 1404 3543 1458 δυνά-

1872 1502 1994 1555 μεις
2025 1489 2120 1540 καὶ
2150 1491 2178 1542 6
2204 1491 2472 1562 μακάριος
2500 1492 2731 1556 Παῦλος·
2763 1494 2824 1546 οὐ
2849 1492 2956 1563 γὰρ
2989 1494 3194 1564 ἑτέροις
3227 1493 3324 1563 μὲν
3358 1491 3536 1545 ταῦτα

1868 1574 2204 1647 ἐπιπλήττει,
2229 1579 2390 1643 αὐτὸς
2420 1579 2475 1632 δὲ
2500 1581 2596 1650 οὐχ
2633 1580 2775 1634 οὓτω
2803 1579 3089 1634 διάκειται.
3118 1581 3383 1633 ’Ἄκουσον
3409 1579 3542 1649 γοῦν

1866 1661 1916 1713 τί
1945 1662 2324 1734 Φιλιππησίοις
2377 1667 2541 1737 φησὶ,
2593 1667 2806 1732 δεικνὺς
2849 1668 2930 1720 ὃτι
2981 1668 3217 1738 μερικὴν
3242 1668 3540 1736 ἐπίγνωσιν

1867 1749 1978 1820 ἔχει
2014 1751 2287 1824 (καθάπερ
2331 1755 2423 1808 καὶ
2471 1755 2778 1827 Κορινθίοις
2809 1755 3036 1826 γράφων
3069 1756 3255 1824 ἔλεγεν
3302 1758 3406 1823 ὅτι,
3442 1758 3540 1810 Ἐκ

1862 1837 2084 1906 μέρους
2121 1840 2550 1914 γινώσκομεν),
2582 1845 2676 1897 καὶ
2704 1843 2797 1896 τοῦ
2829 1843 3028 1906 παντὸς
3067 1844 3297 1897 οὐδέπω·
3321 1846 3416 1898 καὶ
3443 1844 3540 1897 νῦν

1869 1925 2229 1996 ἐπείληπταιο
2293 1928 2604 1999 Ἀδελφοί,
2655 1930 2770 2000 ἐγὼ
2818 1930 3082 2000 ἐμαυτὸν
3127 1933 3198 1985 οὐ
3237 1929 3540 2002 λογίζομαι

1866 2017 2302 2084 κατειληφέναι.
2346 2018 2411 2070 Τί
2439 2018 2642 2087 ταύτης
2674 2019 3003 2088 σαφέστερον
3032 2019 3132 2089 τῆς
3155 2019 3371 2090 φωνῆς;
3400 2020 3538 2074 Σάλ-

1866 2117 2064 2170 πιγγος
2113 2102 2487 2178 λαμπρότερον
2554 2106 2746 2175 ἐϐόησε
2799 2105 2896 2176 τὴν
2949 2106 3274 2177 οἰκουμένην
3320 2107 3538 2161 ἅπασαν

1865 2188 2134 2244 παιδεῦων
2159 2194 2378 2262 ἀγαπᾷν
2405 2195 2497 2246 καὶ
2524 2195 2772 2264 στέργειν
2813 2193 2892 2263 τῷ
2929 2193 3135 2246 δοθέντι
3165 2194 3260 2262 τῆς
3286 2193 3539 2261 γνώσεως

1867 2276 2072 2349 μέτρῳ,
2119 2281 2211 2332 καὶ
2243 2281 2316 2352 μὴ
2363 2281 2605 2352 νομίζειν
2638 2280 2700 2333 τὸ
2737 2282 2844 2334 πᾶν
2895 2279 3247 2350 ἐπειληφέναι
3289 2281 3443 2335 ποτέ.
3471 2281 3538 2336 Τί

1864 2363 2060 2432 λέγεις,
2084 2368 2204 2420 είπέ
2231 2384 2352 2438 μοι;
2383 2369 2474 2421 τὸν
2499 2369 2732 2438 Χριστὸν
2757 2368 2899 2438 ἔχεις
2927 2371 2984 2421 ἐν
3013 2367 3225 2438 σεαυτῷ
3249 2367 3536 2433 λαλοῦντα,

1865 2451 1958 2504 καὶ
1983 2452 2159 2521 λέγεις
2197 2455 2298 2517 ὅτι,
2346 2455 2494 2524 Ἐγὼ
2526 2457 2598 2510 οὐ
2623 2456 2923 2526 λογίζομαι
2960 2455 3221 2525 ἐμαυτὸν
3255 2458 3534 2522 κατειλη-

1863 2540 2074 2608 φέναιέ
2106 2541 2204 2596 Διά
2225 2544 2332 2614 γὰρ
2361 2545 2494 2598 αὐτὸ
2521 2545 2698 2610 τοῦτο,
2740 2545 2926 2615 φησὶν,
2957 2541 3130 2608 εἷπον,
3159 2545 3242 2596 ὃτι
3272 2543 3365 2596 τὸν
3393 2544 3534 2614 Χριο

1865 2628 1987 2682 στὸν
2017 2628 2123 2700 ἔχω
2143 2629 2200 2683 ἐν
2226 2631 2446 2702 ἐμαυτῷ
2479 2632 2764 2687 λαλοῦντα·
2789 2633 2952 2696 αὐτός
2977 2649 3042 2702 με
3064 2632 3237 2685 ταῦτα
3271 2629 3532 2694 ἐδίδαξεν.

1867 2718 2027 2769 Ὥστε
2059 2718 2152 2770 καὶ
2179 2712 2344 2780 οῦτοι,
2382 2722 2431 2772 εί
2460 2719 2535 2791 μὴ
2566 2722 2844 2784 παντελῶς
2877 2721 3075 2792 ἔρημοι
3109 2719 3206 2789 τῆς
3238 2717 3333 2771 τοῦ
3358 2717 3535 2772 Πνεύ-

1863 2821 2032 2875 ματος
2054 2801 2193 2878 ἦσαν
2221 2808 2491 2878 βοηθείας,
2517 2811 2611 2863 καὶ
2633 2811 2732 2880 τὴν
2760 2809 3041 2881 ἐνέργειαν
3070 2807 3233 2860 αὐτοῦ
3264 2809 3446 2860 πᾶσαν
3471 2809 3535 2862 ἐκ

1858 2891 1959 2961 τῆς
1992 2892 2201 2945 ἐαυτῶν
2221 2893 2508 2948 ἀπώσαντο
2534 2896 2732 2967 ψυχῆς,
2781 2897 2881 2949 οὐκ
2908 2895 2994 2958 ἂν,
3022 2894 3235 2950 Παύλου
3259 2894 3530 2962 λέγοντος,

1863 2981 1944 3031 Οὺ
1969 2978 2269 3049 λογίζομαι
2291 2981 2550 3051 ἐμαυτὸν
2572 2983 3016 3052 κατειληφέναι,
3038 2983 3190 3036 αὐτοὶ
3211 2981 3304 3035 τοῦ
3328 2981 3529 3045 παντὸς

1858 3066 2177 3138 ἐπειλῆφθαι
2205 3069 2480 3140 ἐνόμισαν.

1931 3153 2083 3227 [460]
2099 3162 2169 3221 ς’.
2188 3157 2296 3210 Καὶ
2310 3158 2473 3212 πόθεν
2487 3157 2662 3228 δῆλον,
2682 3177 2754 3230 φη
2764 3159 2864 3223 σὶν,
2879 3160 2958 3212 ὅτι
2974 3176 3038 3211 πε
3046 3159 3100 3229 ρὶ
3117 3157 3351 3220 πίστεως
3362 3156 3532 3212 ταῦτα

1857 3243 2004 3311 λέγει
2038 3245 2134 3298 καὶ
2163 3244 2416 3314 γνώσεως
2445 3249 2538 3300 καὶ
2561 3247 2868 3317 δογμάτων,
2893 3248 2986 3300 καὶ
3005 3250 3125 3319 οὐχὶ
3149 3265 3216 3300 πε
3226 3247 3277 3319 ρὶ
3299 3247 3414 3316 βίου
3437 3247 3531 3301 καὶ

1858 3331 2154 3395 πολιτείας
2171 3333 2253 3385 ὅτι
2274 3332 2436 3403 ἀτελῆ
2460 3334 2694 3403 ἐμαυτὸν
2718 3333 2921 3406 νομίζω
2940 3336 2996 3387 ἐν
3023 3334 3120 3404 βίῳ
3145 3335 3238 3387 καὶ
3260 3332 3530 3402 πολιτείας

1857 3420 2109 3473 Μάλιστα
2129 3421 2226 3491 μὲν
2241 3415 2334 3474 οὖν
2357 3420 2514 3475 τοῦτο
2529 3422 2686 3492 δῆλον
2708 3423 2963 3493 ἐποίησεν
2985 3422 3172 3476 είπών·
3199 3421 3310 3475 Τὸν
3324 3418 3530 3489 ἀγῶνα

1855 3505 1966 3560 τὸν
2005 3507 2199 3561 καλὸν
2239 3506 2600 3578 ἠγώνισμαι,
2643 3509 2752 3563 τὸν
2804 3510 3026 3579 δρόμον
3059 3508 3374 3572 τετέλεκα,
3414 3507 3531 3575 τὴν

1857 3595 2066 3649 πίστιν
2079 3595 2376 3665 τετήρηκα
2393 3611 2408 3628 ⁸
2430 3595 2646 3652 λοιπὸν
2667 3597 2974 3651 ἀπόκειταί
2998 3615 3098 3667 μοι
3115 3599 3148 3651 ό
3177 3596 3288 3664 τῆς
3308 3595 3531 3648 δίκαιοι

1857 3684 2055 3750 σύνης
2099 3684 2420 3753 στέφανος.
2472 3685 2529 3738 '0
2593 3684 2649 3738 δέ
2690 3685 2781 3738 τὸν
2828 3686 3094 3754 στέφανον
3155 3683 3366 3755 μέλλων
3391 3684 3530 3736 ἀπο-

1855 3773 2172 3843 λαμϐάνειν,
2205 3774 2299 3826 καὶ
2337 3774 2428 3826 τὸν
2461 3773 2659 3844 δρόμον
2694 3773 2950 3837 τελέσας,
2979 3773 3079 3826 οὐκ
3107 3771 3172 3826 ἀν
3202 3768 3386 3836 εἶπεν,
3439 3773 3524 3825 Οὐ

1853 3859 2155 3932 λογίζομαι
2211 3861 2474 3930 ἐμαυτὸν
2549 3863 2988 3932 κατειληφέναι.
3056 3861 3264 3924 Ἀλλως
3332 3860 3390 3913 δέ
3451 3859 3522 3914 τά

1856 3949 2134 4020 πρακτέα,
2170 3951 2266 4003 καὶ
2306 3949 2378 4003 τά
2416 3949 2490 4022 μὴ
2529 3950 2812 4020 πρακτέα,
2853 3951 3026 4004 οὐδενὶ
3071 3950 3180 4002 τῶν
3218 3947 3522 4020 ἀνθρώπων

1855 4035 2004 4088 ἐστὶν
2031 4045 2052 4072 ο
2087 4035 2301 4109 ἀφανῆ,
2330 4037 2466 4090 ἀλλά
2495 4039 2624 4090 πᾶσι
2657 4038 2792 4107 δῆλα
2824 4039 2919 4091 καὶ
2959 4035 3232 4107 γνώριμα,
3257 4036 3350 4088 καὶ
3388 4035 3522 4105 βαρ-

1855 4119 2043 4191 6άροις
2082 4121 2178 4175 καὶ
2200 4122 2436 4192 Πέρσαις
2463 4125 2556 4176 καὶ
2587 4123 2752 4176 παντὶ
2787 4122 2864 4193 τῷ
2893 4121 3002 4175 τῶν
3028 4120 3331 4192 ἀνθρώπων
3357 4121 3525 4188 γένει.

1856 4207 1974 4261 Ἵνα
1999 4208 2056 4260 δέ
2076 4208 2171 4262 καὶ
2203 4209 2534 4280 σαφέστερον
2562 4210 2591 4262 6
2615 4210 2760 4278 λέγω
2791 4209 3034 4279 ποίησω,
3082 4209 3252 4278 αὐτῆς
3283 4206 3529 4276 ἀναγνώ-

1857 4313 2021 4366 σομαι
2042 4296 2144 4365 τῆς
2177 4297 2484 4368 περικοπῆς
2513 4297 2863 4351 ἀκολουθίαν⁸
2895 4297 3064 4350 εἰπὼν
3093 4297 3223 4368 γὰρ,
3263 4297 3529 4350 Βλέπετε

1853 4381 1997 4448 τοὺς
2051 4383 2259 4449 κύνας,
2306 4383 2570 4448 βλέπετε
2628 4384 2770 4450 τοὺς
2827 4384 3056 4449 κακοὺς
3093 4383 3378 4453 ἐργάτας,
3426 4383 3529 4436 καὶ

1855 4469 2026 4524 πολλά
2052 4469 2352 4540 διαλεχθεὶς
2387 4471 2516 4542 περὶ
2561 4472 2670 4526 τῶν
2708 4472 3040 4540 εἰσαγόντων
3088 4471 3350 4527 Ἰουδαῖκά
3399 4471 3528 4542 δόγ-

1857 4574 2002 4628 ματα
2025 4558 2269 4630 ἀκαίρως
2286 4555 2335 4623 ἀ,
2365 4559 2613 4631 ἐπήγαγε
2641 4559 2814 4628 λέγων
2829 4577 2842 4593 ·
2865 4560 3075 4614 "Aura
3098 4557 3176 4629 ἦν
3192 4578 3292 4629 μοι
3320 4559 3524 4629 κέρδη,

1854 4645 2040 4700 ταῦτα
2067 4645 2290 4717 ἥγημαι
2313 4647 2411 4702 διὰ
2438 4649 2544 4702 τὸν
2562 4648 2820 4716 Χριστὸν
2838 4649 3074 4718 ζημίαν*
3097 4649 3258 4703 ἀλλὰ
3277 4648 3396 4718 μὲν
3414 4646 3530 4702 οὖν

1853 4751 1922 4802 γε
1963 4733 2062 4787 καὶ
2101 4735 2406 4805 ἡγήσομαι
2445 4735 2517 4789 τὰ
2554 4735 2751 4790 πάντα
2786 4735 3016 4806 ζημίαν,
3050 4736 3150 4789 ἵνα
3186 4733 3405 4803 εὑρεθῶ
3436 4733 3526 4802 μὴ

1853 4819 2012 4888 ἔχων
2041 4820 2438 4892 δικαιοσύνην
2460 4823 2579 4891 τὴν
2595 4824 2664 4877 ἐκ
2698 4824 2906 4892 νόμου,
2933 4823 3092 4878 ἀλλὰ
3124 4820 3239 4891 τὴν
3272 4820 3341 4874 ἐκ
3377 4819 3526 4874 Θεοῦ

1853 4907 2267 4979 δικαιοσύνην,
2301 4910 2417 4980 τὴν
2453 4909 2552 4964 διὰ
2578 4910 2690 4981 τῆς
2720 4912 2977 4978 πίστεως
3005 4911 3210 4978 Ἰησοῦ
3245 4907 3522 4977 Χριστοῦ.

1853 4993 1988 5050 Εἶτα
2022 4997 2167 5067 λέγει
2203 4999 2362 5062 ποίας
2391 4999 2648 5065 πίστεως,
2688 4999 2797 5054 Τοῦ
2821 4998 3042 5069 γνῶναι
3064 4999 3254 5053 αὐτὸν
3279 4997 3377 5051 καί
3410 4996 3527 5064 τὴν

1853 5085 2112 5156 δύναμιν
2158 5085 2272 5156 τῆς
2323 5087 2714 5152 ἀναστάσεως
2760 5087 2944 5143 αὑτοῦ
3005 5087 3104 5140 καί
3157 5085 3274 5153 τὴν
3316 5101 3523 5138 κοινω-
3556 5103 3574 5156 _.;

1851 5173 1993 5227 rlar
2022 5173 2143 5228 τῶν
2170 5173 2534 5244 παθημάτων
2568 5173 2775 5231 αὐτοῦ.
2809 5173 2876 5227 Τί
2916 5175 3062 5239 ἐστι,
3109 5174 3370 5244 δύναμιν
3410 5172 3522 5242 τῆς

1852 5261 2246 5329 ἀναστάσεως
2289 5263 2514 5330 αὑτοῦ;
2556 5263 2757 5327 Καινός
2792 5281 2897 5328 τις,
2942 5262 3138 5334 φησὶν,
3175 5263 3524 5326 ἀναστάσεως

1853 5422 1876 5470 ἐ
1913 5359 2194 5434 {Quinque
2227 5379 2344 5414 mss.
2366 5366 2453 5424 τήν
2470 5363 2622 5413 ταῦτα
2652 5362 3013 5426 οἰκονομοῦσαν.
3041 5366 3197 5415 Paulo
3223 5369 3344 5414 ante
3363 5363 3519 5415 Savil.

1877 5439 2048 5470 οειται.

1912 5440 2048 5472 ειται.

1877 5439 2118 5552 φξιῖἷᾷξῃι
2138 5486 2233 5552 τῷν
2254 5488 2530 5552 ἀνθρώπων,
2553 5487 2792 5550 ἄνθρωπε,
2814 5486 2959 5552 ἐστίν.

1915 5544 1941 5585 ἀ
1967 5547 2050 5596 Sic
2073 5547 2221 5611 Savil,
2267 5544 2566 5611 et'maxima
2592 5544 2704 5611 pa'rs
2751 5562 2866 5598 mss.
2906 5550 2961 5598 In
3003 5548 3174 5600 Morel.
3200 5561 3321 5599 vero
3361 5548 3521 5600 εὐκαί-

1851 5623 1967 5673 ρως,
1995 5609 2268 5671 anteposita
2290 5611 2494 5673 virgula.
2522 5609 2630 5673 Md;
2654 5613 2703 5659 in
2728 5611 2897 5660 Morel.
2927 5612 3146 5673 quaedam
3169 5614 3520 5672 deerant,qua

1852 5669 1912 5738 0x
1938 5669 2049 5738 Sag.
2065 5669 2433 5738 efmgquﬂita
2455 5677 2587 5738 s_unt.
2605 5672 2759 5723 Paulo
2774 5677 2883 5736 post
2905 5669 3084 5724 Silet
3101 5675 3296 5738 quidam

1857 5726 2161 5788 ἀναστάσεως
2192 5733 2373 5796 ἐδείχθη
2405 5733 2589 5805 τρόπος.
