4050 6160
527 283 636 338 717

515 403 732 474 ἐδείχθη
771 401 960 467 τύπος.
987 404 1180 464 Πολλοὶ
1217 404 1316 474 μέν
1345 405 1454 476 γάρ
1483 405 1580 458 xal
1612 405 1718 476 πρὸ
1743 404 1955 458 ἐκείνου
1988 403 2190 459 πολλά-

517 509 605 555 κις
637 492 942 564 ἀνέστησαν
970 494 1174 565 νεκροὶ,
1205 491 1346 546 οὕτω
1368 492 1424 545 δὲ
1454 492 1575 546 οὐδὲ
1605 487 1704 556 εἷς.
1729 493 1792 546 Οἰ
1828 492 1926 563 μὲν
1955 492 2066 564 γὰρ
2095 493 2190 548 ἀλ·

522 578 603 633 λοι
642 581 844 644 πάντες
873 583 1204 645 ἀναστάντες
1235 581 1395 636 πάλιν
1438 582 1518 644 εἰς
1565 579 1664 652 τὴν
1688 581 1792 652 γῆν
1829 579 2188 652 ὑπέστρεφον,

519 669 767 740 καὶπρὸς
795 670 986 741 καιρὸν
1008 668 1474 738 ἀπαλλαττόμενοι
1498 669 1599 738 τῆς
1623 668 1717 722 τοῦ
1745 667 1975 722 Θανάτου
2001 686 2188 740 τυραν-

519 755 682 820 νίδος,
723 757 828 809 ὑπὸ
867 757 965 828 τὴν
996 757 1169 830 ἀρχὴν
1207 757 1366 812 πάλιν
1402 757 1598 826 ἤγοντο
1637 756 1737 827 τὴν
1769 756 2000 829 ἐκείνου·
2043 756 2106 810 τὸ
2133 757 2190 812 δέ

522 841 682 913 σῶμα
711 843 773 896 τὸ
805 844 1123 899 δεσποτικὸν
1157 845 1396 900 ἀναστὰν
1432 845 1532 899 οὐκ
1561 847 1640 907 εἰς
1668 843 1767 915 τὴν
1793 844 1896 914 γῆν
1924 844 2190 916 ὑπέστρε-

518 929 638 998 ψεν.
664 930 776 986 ἀλλ’
803 933 884 996 εἰς
904 932 1035 1002 τοὺς
1054 934 1316 1004 οὐρανοὺς
1339 932 1528 1003 ἀνέϐη,
1553 931 1646 985 xal
1679 933 1854 984 πᾶσαν
1874 930 1967 984 τοῦ
1990 931 2186 1004 ἐχθροῦ

520 1015 785 1070 κατέλυσε
818 1019 916 1089 τὴν
958 1019 1268 1091 τυραννίδα,
1299 1020 1392 1074 καὶ
1425 1019 1543 1091 μεθ’
1567 1019 1759 1072 ἐαυτοῦ
1805 1019 1904 1090 τὴν
1935 1018 2190 1089 οἰκουμέ-

519 1119 619 1172 νην
640 1104 1034 1175 συνανέστησεν
1064 1107 1280 1161 ἃπασαν
1310 1107 1404 1160 xal
1437 1107 1531 1159 νῦν
1559 1107 1615 1158 ἐν
1647 1105 1724 1175 τῷ
1746 1106 1919 1176 θρόνῳ
1950 1105 2187 1175 κάθηται

516 1190 596 1262 τῷ
619 1192 900 1264 βασιλικῷ.
930 1196 1096 1250 Ταῦτ’
1119 1192 1212 1251 οῦν
1234 1197 1448 1252 ἅπαντα
1469 1195 1664 1250 ἐννοῶν
1682 1197 1710 1249 6
1735 1194 1943 1258 Παῦλος
1965 1194 2059 1247 xal
2081 1193 2188 1246 δει-

520 1280 671 1342 κνὺς,
705 1282 786 1333 ὅτι
825 1282 894 1336 τά
922 1283 1158 1337 τοσαῦτα
1188 1284 1282 1337 xal
1309 1283 1609 1354 τηλικαῦτα
1645 1281 1898 1352 θαύματα
1927 1280 2186 1350 λογισμὸς

521 1365 621 1436 μὲν
643 1368 818 1432 οὐδεὶς
843 1372 1189 1442 παραστῆσαι
1219 1371 1524 1444 δυνήσεται,
1559 1371 1738 1434 πίστις
1769 1370 1826 1423 δὲ
1861 1368 1994 1440 μόνη
2023 1368 2184 1422 δύνα-

517 1468 608 1506 ται
640 1455 847 1520 διδάξαι
885 1459 980 1512 καὶ
1023 1459 1246 1529 ποιῆσαι
1276 1459 1445 1528 σαφῆ,
1482 1459 1683 1527 ἔλεγεν,
1729 1456 1854 1510 Ἐπὶ
1881 1455 1958 1524 τῇ
1988 1456 2186 1509 πίστει

519 1542 626 1596 τοῦ
654 1545 874 1612 γνῶναι
904 1547 1019 1614 τὴν
1039 1545 1296 1616 δύναμιν
1323 1545 1432 1615 τῆς
1457 1543 1851 1610 ἀναστάσεως
1879 1545 2088 1600 αὑτοῦ.
2122 1546 2184 1600 Εἰ

517 1629 628 1702 γὰρ
658 1632 845 1696 ἀπλῶς
881 1634 1174 1688 ἀνάστασιν
1205 1635 1266 1688 ού
1299 1635 1520 1687 δύναται
1552 1634 1899 1706 παραστῆσαι
1925 1633 2186 1702 λόγισμὸς

518 1717 729 1786 (μεῖζον
753 1719 861 1792 γὰρ
886 1721 1042 1774 τοῦτο
1070 1722 1169 1790 τῆς
1195 1721 1538 1793 ἀνθρωπίνης
1565 1721 1799 1790 φύσεως,
1831 1721 1924 1774 xal
1949 1718 2051 1788 τῆς
2077 1719 2184 1774 τῶν

517 1808 857 1876 πραγμάτων
889 1807 1207 1872 ἀκολουθίας
1250 1807 1407 1874 ἐστί),
1443 1809 1542 1878 τὴν
1575 1808 1826 1861 τοσοῦτον
1865 1807 1974 1860 τῶν
2011 1807 2184 1863 ἄλλων

513 1893 864 1950 ἀναστάσεων
914 1898 1274 1969 διαφέρουσαν
1331 1897 1632 1952 ἀνάστασιν
1688 1899 1840 1960 ποῖος
1893 1896 2184 1968 δυνήσεται

515 1983 866 2054 παραστῆσαι
893 1985 1183 2057 λογισμός;
1220 1987 1334 2040 Οὐκ
1375 1985 1521 2038 ἔστιν
1546 1983 1739 2048 οὐδείς·
1781 1984 1918 2039 ἀλλά
1951 1985 2187 2051 πίστεως

514 2069 645 2140 ἡμῖν
676 2071 758 2126 δεῖ
779 2073 967 2145 μόνης,
1057 2074 1343 2144 μέλλοιμεν
1366 2080 1394 2110 ⁸
1419 2074 1725 2136 πείθεσθαι,
1756 2075 1838 2127 ὅτι
1871 2075 2028 2144 σῶμα
2058 2073 2186 2146 θνη-

511 2156 605 2209 τὸν
661 2161 755 2212 xal
807 2160 1027 2231 ἀνέστη,
1064 2163 1156 2216 xal
1199 2163 1278 2225 είς
1308 2161 1455 2234 ζωὴν
1486 2157 1647 2232 ἦλθεν
1690 2160 2186 2232 ἀθάνατον,.πέρας

511 2244 664 2298 οὐδὲν
689 2247 811 2299 ούδέ
835 2247 987 2310 τέλος
1015 2247 1264 2318 ἔχουσαν·
1299 2250 1434 2319 ὅπερ
1468 2245 1560 2302 οὖν
1592 2249 1685 2302 καὶ
1715 2248 1950 2320 ἀλλαχοῦ
1979 2249 2182 2319 σημαί-

510 2349 619 2385 νων
646 2332 851 2403 ἔλεγεν·
893 2335 947 2388 ὀ
980 2336 1234 2403 Χριστὸς
1264 2337 1523 2405 ἐγερθεὶς
1551 2335 1749 2390 οὐκέτι
1779 2335 2178 2402 ἀποθνήσκει,

511 2421 769 2487 θάνατος
795 2423 980 2477 αὐτοῦ
1005 2424 1203 2478 οὐκέτι
1234 2426 1510 2492 κυριεύει.
1539 2427 1696 2479 Ὥστε
1726 2425 1944 2479 διπλοῦν
1971 2425 2032 2478 τὸ
2060 2425 2184 2480 θαῦ-

515 2525 612 2579 μα,
645 2508 739 2563 καὶ
767 2509 830 2563 τὸ
855 2512 1172 2581 ἀναστῆναι.
1205 2513 1299 2564 xal
1325 2512 1386 2566 τὸ
1404 2513 1575 2577 οὕτως
1600 2514 1914 2582 ἀναστῆναι.
1944 2512 2042 2566 Διά
2067 2513 2184 2568 τοῦ-

510 2612 572 2650 το
605 2595 810 2664 ἔλεγεν,
859 2599 986 2651 Ἐπί
1024 2596 1100 2666 τῇ
1141 2600 1341 2653 πίστει
1385 2599 1489 2653 τοῦ
1517 2599 1744 2670 γνῶναι
1782 2599 1898 2668 τὴν
1925 2600 2183 2671 δύναμιν

510 2681 622 2749 τῆς
642 2683 1033 2750 ἀναστάσεως
1057 2687 1262 2741 αὑτοῦ.
1298 2688 1358 2740 Εἰ
1397 2687 1454 2740 δέ
1483 2687 1582 2758 τὴν
1610 2687 1904 2740 ἀνάστασιν
1933 2689 1994 2742 οὐ
2023 2689 2180 2744 δυνα-

508 2769 604 2823 τὸν
643 2770 922 2842 λογισμοῖς
960 2774 1160 2844 εὑρεῖν,
1217 2775 1366 2846 πόσῳ
1401 2776 1599 2846 μᾶλλον
1644 2777 1742 2844 τὴν
1789 2775 2042 2848 γέννησιν
2080 2777 2180 2848 τὴν

509 2857 654 2925 dvo);
688 2861 823 2930 Περὶ
866 2861 923 2914 δὲ
963 2862 1168 2918 τούτων
1203 2864 1586 2936 διαλεγόμενος
1613 2867 1641 2920 ὁ
1675 2865 1886 2930 Παῦλος
1914 2867 2008 2921 xal
2050 2869 2180 2939 περὶ

509 2945 604 3000 τοῦ
632 2947 866 3018 σταυροῦ
899 2955 991 3003 καὶ
1021 2951 1115 3004 τοῦ
1148 2952 1351 3018 πάθους
1383 2953 1576 3022 λέγων,
1611 2956 1838 3008 κάκεῖνα
1867 2958 1932 3026 τῇ
1963 2955 2064 3025 τῆς
2089 2956 2179 3010 πί-

510 3051 682 3099 στεως
717 3038 980 3108 ἐπέτρεψε
1017 3041 1263 3111 δυνάμει·
1301 3039 1418 3096 εἶτα
1459 3042 1648 3096 τοῦτον
1693 3044 1910 3098 ἅπαντα
1949 3047 2178 3115 κινήσας

506 3122 599 3176 τὸν
624 3123 796 3194 λόγον,
827 3125 979 3200 [461]
1005 3128 1206 3199 προῖὼν
1235 3124 1408 3193 εἶπεν,
1461 3129 1748 3200 Ἀδελφοί,
1775 3130 1890 3200 ἐγὼ
1917 3131 2178 3201 ἐμαυτὸν

507 3215 580 3266 οὐ
607 3213 910 3284 λογίζομαι
937 3217 1380 3286 κατειληφέναι.
1407 3218 1521 3272 Οὐκ
1541 3214 1714 3283 εἶπεν,
1758 3217 1900 3288 Ἐγὼ
1937 3221 2176 3290 ἐμαυτὸν

503 3301 566 3352 ού
597 3301 879 3373 λογίζομαι
905 3303 1123 3366 εἰδέναι,
1155 3306 1290 3360 ἀλλά
1317 3307 1758 3375 κατειληφέναι·
1784 3308 1908 3362 οὔτε
1939 3308 2174 3379 παντελῆ

507 3387 750 3455 ἄγνοιαν,
786 3389 910 3444 οὔτε
944 3393 1182 3461 παντελῆ
1208 3394 1409 3462 γνῶσιν
1451 3395 1834 3466 ἐμαρτύρησεν
1867 3396 2066 3466 ἐαυτῷ.
2102 3397 2177 3451 Τὸ

508 3474 616 3546 γὰρ
654 3478 849 3542 εἰπεῖν,
897 3481 980 3534 Ού
1031 3481 1332 3549 λογίζομαι
1390 3483 1834 3552 κατειληφέναι,
1891 3483 2177 3554 δηλοῦντός

507 3562 676 3629 ἐστιν,
723 3565 804 3617 ὅτι
854 3567 948 3619 ἐπὶ
992 3567 1090 3638 τῆς
1122 3567 1243 3621 ὁδοῦ
1272 3570 1407 3632 τέως
1436 3569 1654 3641 ἔστηκε,
1694 3570 1790 3626 xal
1820 3570 2044 3640 βαδίζει,
2082 3573 2176 3626 xal

506 3651 719 3721 πρόεισι
754 3656 1080 3724 περαιτέρω,
1111 3656 1204 3708 τοῦ
1247 3657 1303 3710 δὲ
1331 3657 1516 3720 τέλους
1557 3659 1776 3721 πάντως
1830 3660 1931 3712 οὐκ
1960 3659 2177 3732 ἐπείλη-

505 3757 658 3794 πται.
694 3741 864 3794 Τοῦτο
906 3744 999 3796 καὶ
1043 3743 1251 3811 ἑτέροις
1287 3748 1541 3815 παραινεῖ
1559 3746 1731 3813 λέγων
1763 3746 1955 3810 οὕτως·
1999 3748 2174 3802 Ὅσοι

502 3828 740 3891 τέλειοι,
769 3830 942 3884 τοῦτο
967 3829 1296 3899 φρονῶμεν·
1323 3833 1420 3886 καί
1442 3835 1498 3888 εί
1523 3852 1575 3888 τι
1603 3834 1859 3902 ἐτέρωςδ
1878 3837 2171 3905 φρονεῖτε,

505 3917 682 3970 τοῦτο
723 3921 758 3972 ό
805 3919 950 3985 Θεὸς
987 3919 1130 3987 ὑμῖν
1159 3921 1560 3991 ἀποκαλύψει.
1595 3925 1670 3976 υύ
1703 3923 1982 3994 λογισμὸς,
2026 3920 2170 3990 εἶπε,

500 4004 722 4072 διδάξει,
754 4007 872 4060 ἀλλ’
899 4009 928 4060 ὁ
948 4009 1081 4072 Θεὸς
1111 4010 1475 4080 ἀποκαλύψει.
1511 4013 1676 4085 Ὁρᾷς
1699 4016 1782 4068 ὅτι
1803 4015 1864 4068 οὐ
1897 4015 2025 4084 περὶ
2055 4015 2172 4086 βίου

501 4094 598 4148 καὶ
630 4095 904 4159 πολιτείας
932 4097 1078 4150 ἐστὶν
1121 4099 1149 4151 ὁ
1186 4097 1364 4166 λόγος,
1407 4099 1544 4152 ἀλλά
1577 4100 1707 4171 περὶ
1737 4101 2024 4171 δογμάτων
2077 4103 2172 4156 xal

501 4183 738 4248 πίστεως
763 4200 777 4248 ;
806 4184 1058 4238 Πολιτεία
1088 4186 1197 4255 γάρ
1229 4189 1322 4240 xal
1356 4186 1468 4257 βίος
1493 4188 1594 4242 οὐκ
1628 4187 2025 4258 ἀποκαλύψεως
2065 4189 2174 4244 δεῖ-

499 4285 612 4334 ται,
646 4270 783 4325 ἀλλά
813 4272 1058 4341 δόγματα
1086 4275 1178 4326 xal
1215 4274 1434 4342 γνῶσις.
1469 4276 1578 4329 Kal
1612 4276 1840 4348 ἑτέρωθι
1867 4277 1925 4332 δέ
1951 4278 2012 4330 τὸ
2039 4278 2172 4332 αὐτὸ

497 4358 659 4411 τοῦτο
693 4359 868 4429 δηλῶν
911 4361 1114 4428 ἔλεγεν·
1146 4362 1222 4416 Εἴ
1253 4379 1343 4427 τις
1369 4361 1540 4417 δοκεῖ
1571 4363 1788 4417 ειδέναι
1830 4382 1904 4429 τι,
1936 4365 2171 4420 οὐδέπω

484 4444 681 4497 ,οὐδὲν
697 4447 974 4514 ἔγνωκεν.
1005 4451 1118 4503 Οὐκ
1144 4445 1294 4503 εἶπεν
1322 4450 1525 4514 ἁπλῶς,
1560 4451 1724 4504 Ούδέν
1749 4452 2005 4520 ἔγνωκεν,
2034 4453 2170 4508 ἀλλά

499 4528 684 4593 καθὼς
710 4531 790 4584 δεῖ
817 4533 1042 4600 γνῶναι·
1074 4535 1186 4607 ἔχει
1224 4537 1326 4608 μὲν
1355 4535 1464 4608 γάρ
1491 4538 1713 4604 γνῶσιν,
1752 4539 1854 4594 οὐκ
1880 4540 2082 4614 ἀκριϐῆ
2111 4542 2169 4596 δέ

499 4616 596 4669 xal
621 4617 1059 4691 ἀπηρτισμένην.

568 4707 636 4772 ζ’.
662 4708 768 4763 Καὶ
795 4711 882 4763 ίνα
918 4710 1116 4782 μάθῃς,
1146 4710 1228 4764 ὅτι
1253 4711 1410 4765 τοῦτό
1435 4714 1582 4766 ἐστιν
1607 4713 1824 4784 ἀληθὲς,
1854 4715 2020 4788 μηδὲν
2042 4719 2170 4791 περὶ

495 4795 608 4848 τῶν
644 4797 757 4851 ἀνω
795 4797 1185 4868 διαλεχθῶμεν,
1227 4798 1365 4860 ἀλλ’,
1400 4801 1449 4852 εἰ
1485 4799 1684 4869 βούλει,
1723 4803 1872 4857 κάτω
1902 4805 2038 4876 πρὸς
2066 4806 2166 4877 τὴν

494 4884 782 4955 ὁρωμένην
814 4883 989 4938 κτίσιν
1023 4885 1114 4938 τὸν
1144 4886 1300 4954 λόγον
1325 4887 1640 4958 ἀγάγωμεν.
1668 4889 1780 4961 Οὐχ
1801 4891 1935 4964 ὁρᾷς
1956 4894 2167 4948 τουτονὶ

491 4971 586 5024 τὸν
617 4972 881 5042 οὐρανόν;
917 4973 1001 5026 ὅτι
1037 4973 1135 5044 μὲν
1177 4973 1433 5046 καμάρας
1473 4975 1656 5030 εἰκόνα
1686 4978 1939 5044 διασώζει
1980 4982 2161 5051 ίσμεν,

493 5057 773 5112 καὶτοῦτο
805 5060 936 5114 αὐτὸ
975 5060 1076 5114 οὐκ
1112 5060 1220 5114 ἀπὸ
1263 5061 1560 5134 λογισμῶν,
1594 5065 1707 5118 ἀλλ’
1739 5067 1850 5120 ἀπὸ
1881 5069 1982 5140 τῆς
2014 5068 2166 5134 θείας

494 5145 716 5216 Γραφῆς
740 5146 1023 5218 μαθόντες·
1059 5149 1156 5202 xal
1173 5149 1255 5202 ὅτι
1284 5151 1460 5204 πᾶσαν
1491 5151 1887 5223 περιλαμϐάνει
1912 5157 2010 5227 τὴν
2035 5157 2161 5228 γῆν,

493 5233 590 5287 καὶ
620 5233 778 5288 τοῦτο
813 5233 993 5306 ἴσμεν,
1037 5237 1239 5306 ὁμοίως
1280 5241 1410 5308 παρ’
1437 5240 1651 5309 ἐκείνης
1688 5241 2040 5308 ἀκούσαντες·
2081 5246 2164 5311 τίς

491 5317 549 5373 δέ
579 5319 677 5392 τὴν
707 5321 895 5374 οὐσίαν
925 5331 947 5361 ο
973 5323 1121 5375 ἐστὶν
1144 5325 1464 5394 ἀγνοοῦμεν.
1491 5327 1552 5380 Εἰ
1588 5327 1644 5380 δέ
1672 5345 1754 5392 τις
1782 5329 2164 5402 διισχυρίζοιτο

491 5410 587 5461 xal
612 5409 962 5480 φιλονεικοίη,
997 5410 1202 5480 λεγέτω
1240 5413 1293 5466 τί
1326 5413 1422 5484 τὴν
1454 5415 1640 5468 οὐσίαν
1671 5417 1818 5470 ἐστὶν
1853 5421 1881 5472 6
1912 5421 2157 5492 οὐρανός·

491 5492 602 5568 ἆρα
640 5499 974 5571 κρύσταλλος
1005 5502 1300 5575 πεπηγώς;
1350 5501 1460 5575 ἄρα
1502 5505 1663 5574 νέφος
1695 5509 2160 5581 πεπυκνωμένον;

551 5631 571 5654 ⁸
599 5635 696 5685 Alli
715 5637 746 5694 ἦ
769 5638 1036 5699 μέλλοιμεν,
1070 5641 1152 5688 alii
1179 5641 1216 5688 εἰ
1246 5641 1513 5702 μέλλοιμεν.

552 5693 582 5733 δ
607 5696 701 5744 Mli
725 5699 766 5743 εἷ
784 5714 828 5743 τι
849 5698 1020 5744 έτεοον.

607 5715 701 5744 Am
725 5715 766 5743 ει
784 5715 828 5743 τι
849 5715 1020 5758 ετερον.

523 5756 696 5825 ’θίὶῐιι
725 5758 792 5811 τίς
821 5758 870 5803 δὲ
896 5756 950 5816 τῇ
970 5759 1121 5822 οὐσίᾳ.
1175 5760 1296 5809 Infra
1329 5768 1428 5811 trcs
1456 5775 1568 5811 mss.
1607 5763 1659 5810 Ξν

498 5833 658 5866 ιλιι-η

1706 5765 1802 5827 ἔχοι
1840 5769 1981 5831 σαφὲς
2026 5772 2157 5821 οὐδὲν

1315 286 1373 342 S.
1417 285 1702 342 JOANNIS
1739 285 2178 346 CHRYSOSTO]

2280 283 2592 344 ARCIIIEP.
2630 287 3184 347 CONSTANTINOP.

3875 290 3992 347 718

2294 401 2404 476 ἄρα
2432 407 2541 477 ἀὴρ
2571 405 2911 478 παχύτερος;
2953 405 3095 459 Ἀλλ’
3117 404 3292 470 οὐδεὶς
3319 405 3385 459 ἀν
3416 404 3528 476 ἔχοι
3563 405 3749 475 σαφῶς
3771 408 3993 462 εἰπεῖν⁹

2295 491 2416 546 Ἔτι
2448 489 2540 547 οῦν
2574 493 2921 560 ἀποδείξεως,
2959 494 3080 547 εἰπέ
3127 511 3238 564 μοι,
3277 493 3454 548 δεῖσθε
3497 494 3633 566 πρὸς
3673 495 3734 549 τὸ
3771 496 3994 567 μαθεῖν

2289 579 2388 650 τὴν
2420 581 2618 650 μανίαν
2653 581 2760 635 τῶν
2788 581 2880 635 τὸν
2905 581 3038 634 Θεὸν
3063 581 3260 637 εἰδέναι
3280 581 3578 651 λεγόντων;
3601 583 3708 637 Τοῦ
3733 585 3992 657 οὐρανοῦ

2290 666 2384 719 τοῦ
2415 667 2692 738 ὁρωμένου
2729 668 2851 723 καθ’
2877 669 3091 740 ἡμέραν
3123 669 3224 738 τὴν
3263 668 3424 738 φύσιν
3449 670 3548 722 οὐκ
3585 668 3730 739 ἔχεις
3769 673 3989 736 εἰπεῖν,

2290 754 2509 808 καὶτοῦ
2553 754 2785 824 ἀοράτου
2828 754 2964 808 Θεοῦ
3005 755 3145 826 μετὰ
3188 755 3474 826 ἀκριϐείας
3511 756 3824 828 ἐπαγγέλλῃ
3878 756 3992 827 τὴν

2288 840 2477 893 οὐσίαν
2515 841 2749 906 εἰδέναι;
2781 843 2890 895 Kal
2919 843 3003 906 τίς
3040 842 3213 906 οὕτως
3249 843 3594 914 ἀναίσθητος,
3639 845 3717 909 ὡς
3760 845 3840 917 μὴ
3878 846 3989 913 τὴν

2289 926 2526 998 ἐσχάτην
2571 928 2682 981 τῶν
2713 929 2888 983 ταῦτα
2932 927 3198 999 λεγόντων
3239 930 3677 1000 καταγινώσκειν
3723 933 3984 1005 μανίαν;

2361 1013 2458 1065 Διά
2488 1013 2552 1084 δὴ
2582 1012 2755 1067 ταῦτα
2802 1015 3102 1086 παρακαλῶ
3144 1015 3350 1079 πάντας
3379 1017 3524 1088 ὑμᾶς
3553 1017 3806 1092 καθάπερ
3839 1021 3982 1085 τοὺς

2289 1099 2552 1171 φρενίτιδι
2601 1103 2999 1174 περιπεσόντας
3040 1103 3180 1174 νόσῳ
3221 1104 3315 1157 καὶ
3358 1107 3774 1177 παραπαίοντας
3819 1109 3976 1164 κατὰ

2286 1186 2514 1258 δύναμιν
2533 1187 2631 1259 τὴν
2657 1188 2927 1260 ὑμετέραν
2953 1189 3244 1261 πειρᾶσθαι
3271 1188 3597 1262 θεραπεύειν
3624 1196 3766 1266 μετά
3795 1213 3976 1266 προσ-

2286 1274 2470 1346 ηνείας
2505 1275 2598 1329 xal
2625 1277 2923 1341 ἐπιεικείας
2961 1278 3142 1342 αὐτοῖς
3169 1278 3606 1350 διαλεγομένους·
3643 1284 3737 1336 xal
3767 1283 3889 1355 γὰρ
3917 1285 3972 1352 ἐξ

2286 1362 2546 1428 ἀπονοίας
2586 1365 2768 1429 αὐτοῖς
2809 1365 2870 1418 τὸ
2905 1365 3082 1436 δόγμα
3113 1367 3270 1420 τοῦτο
3301 1369 3516 1440 ἐτέχθη,
3559 1372 3654 1428 xal
3698 1373 3842 1428 πολὺ
3871 1375 3972 1444 τῆς

2284 1451 2521 1517 διανοίας
2569 1454 2750 1508 αὐτῶν
2788 1455 2849 1509 τὸ
2895 1455 3143 1528 φύσημα·
3197 1457 3265 1510 τὰ
3310 1459 3366 1510 δὲ
3410 1459 3814 1532 φλεγμαίνοντα
3861 1463 3971 1516 τῶν

2255 1542 2613 1611 ,τραυμάτων
2647 1542 2767 1596 οὐδὲ
2804 1543 3062 1615 ἐπιϐολὴν
3110 1547 3293 1618 χειρὸς
3337 1547 3608 1619 ἀνέχεται,
3653 1550 3777 1604 οῦδέ
3817 1552 3970 1622 ἁφὴν

2287 1627 2550 1698 ὑπομένει
2599 1629 2962 1702 τραχυτέραν.
2997 1632 3098 1686 Διά
3135 1632 3290 1688 τοῦτο
3329 1636 3377 1687 οἰ
3408 1636 3564 1704 σοφοὶ
3604 1636 3712 1690 τῶν
3760 1637 3968 1709 ἰατρῶν

2288 1715 2505 1788 μαλακῇ
2534 1734 2638 1770 τινι
2673 1719 2910 1789 σπογγιᾷ
2946 1718 3015 1772 τά
3042 1719 3263 1774 τοιαῦτα
3298 1723 3706 1794 καταψήχουσιν
3741 1724 3769 1764 ά
3802 1726 3965 1797 ἕλκη.

2297 1801 2450 1856 Ἐπεὶ
2476 1797 2569 1857 οὖν
2607 1804 2701 1856 καὶ
2731 1803 2944 1869 τούτοις
2972 1805 3128 1870 ἔλκος
3154 1807 3300 1861 ἐστὶν
3330 1811 3388 1862 ἐν
3415 1811 3479 1880 τῇ
3508 1810 3656 1884 ψυχῇ
3692 1811 3967 1883 φλεγμαῖ-

2283 1905 2395 1952 νον,
2417 1888 2606 1962 ῶσπερ
2637 1891 2818 1962 ἁπαλῇ
2860 1910 2966 1946 τινι
2998 1896 3238 1966 σπογγιᾷ
3261 1896 3531 1967 προσηνὲς
3560 1897 3704 1970 ὕδωρ
3731 1900 3831 1953 καὶ
3863 1900 3967 1953 πό-

2282 1992 2442 2047 τιμον
2487 1979 2752 2044 σπῶντες,
2787 1980 2928 2034 οὓτω
2971 1983 3040 2036 τὰ
3073 1983 3343 2054 εἰρημένα
3379 1984 3615 2050 ἅπαντα,
3650 1987 3962 2059 καταντλή-

2285 2079 2480 2128 σαντες
2511 2066 2828 2137 πειρώμεθα
2865 2070 3244 2124 καταστέλλειν
3273 2071 3454 2125 αὐτῶν
3485 2071 3546 2125 τό
3576 2073 3832 2146 φύσημα,
3867 2077 3963 2129 καὶ

2283 2152 2375 2210 τὸν
2409 2152 2572 2222 δγκον
2597 2153 2878 2227 καθαιρεῖν
2915 2156 3149 2212 ἅπαντα·
3177 2158 3277 2213 κᾶν
3308 2159 3594 2231 ὑϐρίζωσι,
3631 2161 3738 2215 κάν
3770 2162 3962 2217 λακτί-

2285 2237 2438 2305 ζωσι,
2469 2240 2572 2294 κάν
2599 2242 2900 2312 ἐμπτύωσι,
2925 2244 3026 2298 κᾶν
3057 2245 3232 2300 ὁτιοῦν
3270 2246 3486 2313 ποιῶσι,
3515 2249 3590 2320 μὴ
3620 2249 3962 2325 καταλείπῃς

2282 2327 2383 2395 τὴν
2411 2328 2669 2398 ἰατρείαν,
2698 2331 2970 2402 ἀγαπητέ.
2997 2332 3134 2396 Τοὺς
3162 2333 3266 2405 γὰρ
3293 2333 3578 2404 ἄνθρωπον
3613 2325 3959 2408 παραπλῆγα

2283 2411 2692 2485 θεραπεύοντας
2741 2417 2954 2488 ἀνάγκη
3008 2418 3175 2473 πολλά
3221 2419 3446 2474 τοιαῦτα
3489 2421 3805 2492 ὑπομένειν·
3842 2425 3958 2477 ἀλλ’

2281 2497 2430 2568 ὅμως
2459 2501 2578 2556 οὐδὲ
2599 2502 2771 2566 οὕτως
2803 2503 3130 2572 ἀφίστασθαι
3158 2506 3285 2577 χρὴ,
3309 2505 3443 2560 ἀλλά
3476 2507 3543 2560 δι’
3570 2508 3712 2562 αύτά
3736 2509 3838 2580 μὲν
3863 2506 3959 2565 οὖν

2279 2587 2450 2642 ταῦτα
2473 2588 2711 2660 μάλιστα
2745 2590 2942 2654 αὐτοὺς
2964 2591 3274 2658 ταλανίζειν
3303 2594 3399 2647 xal
3425 2594 3684 2666 δακρύειν
3711 2598 3841 2668 χρὴ,
3873 2599 3958 2652 ὅτι

2281 2672 2520 2728 τοιοῦτον
2545 2676 2722 2731 αὐτῶν
2743 2679 2843 2749 τῆς
2865 2678 3176 2751 ἀρρωστίας
3199 2680 3316 2734 ἐστὶ
3342 2681 3403 2734 τὸ
3425 2679 3581 2748 εἶδος.
3609 2683 3798 2739 Ταῦτα
3820 2687 3957 2758 πρὸς

2278 2761 2404 2824 τοὺς
2432 2759 2579 2834 [όϐὶ]
2617 2765 2999 2836 ἰσχυροτέρους
3029 2766 3175 2836 λέγω
3217 2769 3312 2822 xal
3349 2769 3816 2843 ἀνεπηρεάστους,
3860 2777 3957 2828 καὶ

2279 2846 2610 2918 δυναμένους
2652 2852 2716 2904 ἐκ
2748 2851 2848 2922 τῆς
2890 2851 3112 2908 ἐκείνων
3155 2856 3373 2925 ὁμιλίας
3413 2859 3684 2930 μηδεμίαν
3716 2861 3957 2932 παραδέ-

2283 2935 2475 3001 ξασθαι
2524 2939 2749 3012 βλάϐην·
2791 2942 2867 3007 ὡς
2904 2944 2958 2997 εί
2996 2962 3080 3009 τις
3121 2945 3509 3018 ἀσθενέστερος
3553 2951 3661 3022 εἴη,
3705 2955 3956 3022 φευγέτω

2276 3025 2481 3081 τούτων
2511 3027 2608 3092 τάς
2642 3031 2924 3095 συνουσίας
2955 3033 3288 3102 ἀποπηδάτω
3313 3037 3441 3101 τοὺς
3465 3039 3777 3108 συλλόγους,
3810 3042 3952 3097 ὥστε

2279 3113 2354 3183 μὴ
2385 3113 2480 3186 τὴν
2507 3116 2604 3187 τῆς
2630 3116 2814 3186 φιλίας
2839 3118 3095 3174 ὑπόθεσιν
3121 3122 3374 3195 ἀφορμὴν
3395 3124 3651 3191 ἀσεϐείας
3671 3129 3950 3196 γενέσθαι.

2278 3199 2436 3256 Οὕτω
2494 3204 2586 3257 καὶ
2641 3205 2853 3270 Παῦλος
2885 3211 3046 3272 ποιεῖ,
3081 3209 3243 3273 αὐτὸς
3288 3213 3387 3282 μὲν
3415 3216 3530 3278 τοῖς
3569 3217 3952 3288 ἀρρωστοῦσιν

2277 3289 2634 3360 ἀναμίγνυται
2663 3293 2758 3346 xal
2787 3293 2951 3362 λέγει·
2996 3297 3316 3366 Ἐγενόμην
3341 3301 3465 3369 τοῖς
3507 3303 3842 3374 Ἰουδαίοις,
3870 3309 3951 3375 ὡς

2290 3377 2596 3466 Ἰουδαῖος,
2630 3379 2754 3446 τοῖς
2785 3381 3027 3451 ἀνόμοις
3059 3384 3140 3450 ὡς
3175 3384 3417 3456 ἄνομος·
3445 3392 3572 3456 τοὺς
3609 3391 3667 3446 δέ
3697 3396 3950 3466 μαθητὰς

2276 3463 2370 3516 xal
2408 3464 2791 3539 ἀσθενέστερον
2822 3467 3195 3541 διακειμένους
3237 3475 3441 3545 ἀπάγει
3488 3463 3772 3552 παραινῶν
3805 3463 3948 3538 οῦτω

2275 3550 2370 3605 xal
2397 3552 2679 3608 διδάσκων·
2715 3558 3066 3628 Φθείρουσιν
3086 3561 3199 3631 ἤθη
3229 3567 3465 3632 χρηστὰ
3484 3550 3709 3637 ὁμιλίαι
3743 3574 3944 3627 καλιαί·

2276 3643 2369 3692 καί⁸
2407 3640 2588 3694 πάλιν·
2633 3642 2940 3707 Ἐεέλθετε
2974 3648 3042 3701 ἐκ
3083 3647 3280 3718 μέσου
3327 3652 3548 3720 αὐτῶν,
3594 3659 3692 3710 καί
3736 3659 3948 3729 ἀφορί-

2273 3731 2482 3822 σθητε.
2504 3729 2664 3800 λέγει
2700 3733 2930 3822 Κύριος.
2971 3733 3030 3789 ὐ
3067 3736 3165 3796 μὲν
3187 3739 3295 3811 γάρ
3331 3741 3514 3812 ἰατρὸς
3549 3745 3617 3798 ἂν
3651 3746 3781 3820 ἔλθῃ
3812 3750 3950 3822 πρὸς

2272 3814 2363 3869 τὸν
2397 3817 2693 3886 κάμνοντα,
2727 3821 2976 3876 κάκεῖνον
3001 3825 3096 3877 xal
3136 3826 3324 3880 ἐαυτὸν
3350 3830 3609 3908 πολλάκις
3633 3814 3945 3907 ὠφέλησεν·

2271 3902 2300 3954 6
2349 3901 2844 3994 δὲ’-ἀσθενέστερος
2893 3909 2988 3964 καὶ
3039 3913 3231 3967 ἑαυτὸν
3285 3916 3380 3970 xal
3421 3901 3512 3973 τὸν
3556 3901 3948 3994 ἀρρωστοῦντα

2274 3988 2612 4083 παρέϐλαψε,
2636 3995 2747 4057 τοῖς
2767 3995 3016 4083 νοσοῦσιν
3035 3998 3490 4074 ἀναμιγνύμενος·
3519 3988 3727 4062 ἐκεῖνόν
3750 4027 3812 4064 τε
3840 4011 3948 4083 γὰρ

2270 4074 2422 4128 οὐδὲν
2453 4075 2730 4149 ὠφελῆσαι
2759 4081 3067 4154 δυνήσεται,
3100 4088 3192 4140 καὶ
3221 4089 3385 4155 αὐτὸς
3413 4091 3778 4150 ἐπισπάσεται
3814 4074 3945 4152 πολ·-

2271 4161 2370 4255 λῆν
2403 4164 2515 4255 ἀπὸ
2540 4167 2638 4255 τῆς
2673 4168 2986 4240 ἀρρωστίας
3016 4174 3114 4246 τὴν
3149 4174 3373 4248 βλάϐην.
3410 4179 3520 4232 Kal
3556 4181 3692 4252 amp
3719 4183 3771 4236 οἱ
3810 4187 3947 4255 πρὸς

2271 4252 2396 4341 τοὺς
2423 4253 2836 4324 ὀφθαλμιῶντας
2870 4259 3106 4330 ὁρῶντες
3147 4263 3468 4336 πάσχουσιν,
3510 4252 3868 4341 ἐφελκόμενοί
3891 4291 3948 4326 τι

2270 4339 2368 4410 τῆς
2412 4341 2721 4412 ἀρρωστίας
2753 4345 2986 4415 ἐκείνης,
3034 4347 3193 4404 τοῦτο
3238 4351 3333 4405 καὶ
3370 4353 3420 4406 οἰ
3452 4357 3564 4417 τοῖς
3595 4339 3944 4429 βλασφήμοις

2271 4433 2794 4504 συναναμιγνύμενοι
2829 4435 3038 4501 τούτοις
3082 4438 3464 4511 ὑπομένουσιν,
3507 4443 3574 4498 ἂν
3615 4438 3749 4498 ὦσιν
3777 4449 3942 4503 ἀσθε-

2268 4518 2528 4608 νέστεροι,
2559 4522 2694 4577 πολὺ
2732 4525 2832 4595 τῆς
2861 4524 3116 4591 ἀσεϐείας
3146 4529 3283 4599 πρὸς
3307 4531 3536 4597 ἑαυτοὺς
3565 4534 3941 4608 ἐπισπώμενοι

2211 4681 2222 4689 .
2271 4607 2560 4694 μέρος.⁶’1ν’
2585 4608 2679 4666 οὖν
2703 4622 2778 4681 μη
2806 4611 2878 4665 τά
2911 4613 3143 4683 μέγιστα
3167 4617 3395 4682 ἑαυτοὺς
3420 4607 3867 4694 παραϐλάψωμεν
3891 4636 3934 4691 ο,

2173 5919 2247 5934 ’σ-

2267 4692 2557 4764 φεύγωμεν
2601 4696 2782 4751 αὐτῶν
2823 4698 2922 4764 τὰς
2971 4702 3276 4769 συνουσίας,
3326 4705 3610 4777 εὐχόμενοι
3655 4692 3817 4781 μόνον
3846 4711 3936 4766 καὶ

2267 4783 2708 4855 παρακαλοῦντες
2730 4787 2820 4842 τὸν
2841 4789 3219 4862 φιλάνθρωπον
3251 4794 3404 4862 Θεὸν,
3433 4798 3528 4854 τὸν
3557 4799 3784 4858 θέλοντα
3810 4807 3939 4860 πάν-

2385 4871 2719 4963 ἀνθρώπους
2739 4875 2976 4948 σωθῆναι
3005 4881 3100 4934 xal
3121 4883 3202 4945 είς
3224 4883 3520 4953 ἐπίγνωσιν
3548 4889 3647 4962 τῆς
3680 4892 3941 4963 ἀληθείας

2265 4958 2458 5049 ἐλθεῖν,
2487 4960 2790 5027 ἀπαλλάξαι
2827 4965 2925 5034 μὲν
2966 4966 3164 5031 αὐτοὺς
3191 4969 3292 5041 τῆς
3339 4971 3567 5042 πλάνης,
3599 4958 3816 5049 καὶτῆς
3842 4981 3942 5034 τοῦ

2263 5047 2509 5102 διαϐόλου
2541 5051 2786 5120 παγίδος,
2820 5053 3187 5124 ἐπαναγαγεῖν
3233 5058 3291 5112 δέ
3331 5061 3424 5115 ἐπὶ
3455 5063 3517 5116 τὸ
3554 5067 3652 5135 τῆς
3683 5047 3948 5134 γνώσεως

2265 5137 2402 5208 φῶς,
2443 5141 2536 5192 ἐπὶ
2565 5140 2657 5194 τὸν
2685 5140 2818 5194 Θεὸν
2849 5143 2942 5195 xal
2977 5144 3185 5217 πατέρα
3216 5145 3309 5200 τοῦ
3337 5149 3541 5220 Κυρίου
3565 5153 3720 5223 ἡμῶν
3761 5155 3948 5224 Ἰησοῦ

2263 5226 2521 5296 Χριστοῦ,
2550 5229 2648 5282 σὺν
2671 5228 2748 5299 τῷ
2784 5228 3029 5302 ζωοποιῷ
3069 5232 3163 5285 xal
3198 5236 3450 5303 παναγίῳ
3488 5238 3784 5311 Πνεύματι,
3824 5236 3875 5311 ᾧ
3909 5248 3946 5316 ὴ

2261 5314 2388 5380 δόξα
2423 5317 2518 5370 xal
2549 5316 2610 5369 τὸ
2650 5317 2872 5388 κράτος,
2904 5319 2997 5372 νῦν
3032 5321 3126 5374 xal
3169 5321 3278 5387 ἀεὶ,
3318 5324 3412 5377 xal
3452 5327 3532 5390 εἰς
3565 5329 3689 5392 τοὺς
3732 5314 3951 5399 αἰῶνας

2261 5403 2370 5457 τῶν
2392 5403 2624 5458 αἰώνων.
2672 5405 2727 5457 Ἀ
2735 5406 2861 5476 μήν.

2323 5526 2351 5596 (ξ
2375 5528 2791 5596 έιίὶμκαταψῶσιν.
2812 5529 2938 5579 Infra
2961 5529 3114 5581 Savil.
3143 5536 3196 5582 et
3218 5533 3302 5584 alii
3325 5536 3708 5596 καταντλοῦντες.

2327 5594 2350 5620 ε
2376 5589 2528 5660 Βέιςίἰ.
2574 5589 2641 5639 ρι’
2669 5593 2854 5660 a_liq_uol
2898 5606 3012 5660 ωδε,
3067 5597 3502 5660 παραᾷλάπτωμεν,
3540 5589 3715 5649 ﬂore].
3756 5607 3813 5651 et
3854 5605 3946 5656 alii

2261 5653 2661 5714 παραϐλάψωμεν.
2694 5653 2817 5701 Infra
2842 5659 2953 5714 post
2984 5653 3088 5702 haec
3113 5653 3278 5713 verba.
3302 5659 3377 5706 ἐπὶ
3398 5653 3454 5708 τὸ
3474 5653 3557 5719 τῆς
3574 5663 3799 5722 γνώσεως
3817 5653 3945 5728 φδέζ

2267 5714 2416 5760 Savil.
2459 5720 2511 5761 et
2553 5716 2740 5774 aliquot
2777 5728 2890 5763 mss.
2930 5715 3007 5762 ἵνα
3036 5715 3203 5771 πάντες
3237 5720 3526 5781 ὁμοθυμαδὸν
3550 5723 3598 5770 ἐν
3620 5725 3686 5771 ἑνὶ
3729 5726 3820 5772 στὸ
3929 5747 3944 5778 ι

2265 5774 2530 5832 δοξάζωμεν
2569 5775 2649 5821 τὸν
2670 5776 2788 5822 Θεὸν
2821 5777 2900 5822 καὶ
2916 5776 3102 5832 ’πατέρα
3139 5776 3224 5824 τοῦ
3264 5781 3437 5832 Κυρίου
3464 5785 3597 5832 ἡμῶν
3627 5783 3792 5832 Ἰησοῦ

2265 5774 2530 5842 δοξάζωμεν
2557 5775 2649 5842 ⁵τὸν
2670 5776 2788 5842 Θεὸν
2821 5776 3102 5842 καξνπατέρα
3139 5776 3224 5824 τοῦ
3264 5774 3437 5840 Κυρίου
3464 5785 3597 5842 ἡμῶν
3627 5783 3792 5842 Ἰησοῦ

2266 5834 2400 5893 οῖοῦ,
2431 5842 2526 5884 etc.
2556 5835 2723 5885 Morel.
2751 5844 2802 5884 et
2822 5837 2904 5886 alii
2936 5834 3128 5886 (τοόίὶ-οε
3155 5847 3205 5887 ιιι
3231 5842 3276 5888 in
3306 5834 3463 5892 téxzu.
