4050 6160
275 362 383 422 ἩἹ

277 473 521 534 rationis
559 470 703 545 ejus.’
746 467 943 533 Novus,
992 461 1181 532 inquit,
1230 452 1634 514 resurrectionis
1674 448 1863 505 modus

282 578 537 625 ostensus
565 572 667 618 est.
695 559 845 614 Multi
873 554 1083 626 quidem
1103 561 1257 605 antea
1286 545 1477 602 mortui
1505 554 1863 605 resurrexcre,

286 659 394 714 hoc
439 654 601 709 modo
649 650 847 705 nullus.
881 645 979 701 Alii
1023 642 1219 713 quippe
1261 650 1449 693 omnes
1471 641 1748 705 postquam
1777 642 1866 683 re-

287 753 672 809 surrexerant,
702 753 911 794 rursum
953 735 1007 789 in
1058 743 1252 788 terram
1299 728 1591 793 redierunt,
1620 738 1682 778 ac
1717 736 1865 776 mor—

287 840 361 893 tis
388 832 666 909 tyrannide
687 829 751 885 ad
780 838 989 897 tempus
1013 822 1240 887 liberati,
1266 834 1450 875 rursus
1476 816 1575 870 sub
1616 813 1732 883 ejus
1772 811 1873 865 im-

290 907 500 1001 perium
529 922 730 979 redacti
758 930 883 974 sunt
909 937 922 971 :
951 930 1144 985 corpus
1170 921 1345 967 autem
1369 907 1698 964 Dominicum
1723 912 1870 975 post-

290 994 453 1089 quam
482 1016 868 1072 resurrexerat,
900 1020 1004 1061 non
1035 1006 1087 1059 in
1118 1012 1315 1057 terram
1335 997 1510 1063 rediit,
1530 994 1621 1050 sed
1641 994 1696 1048 in
1713 994 1872 1047 caelos

290 1085 553 1169 ascendit,
584 1111 640 1158 et
665 1109 828 1156 totam
871 1094 1070 1152 inimici
1113 1089 1447 1163 tyrannidem
1491 1085 1670 1151 solvit,
1713 1092 1874 1151 atque

293 1213 477 1255 secum
524 1204 696 1250 totum
743 1191 925 1245 orbem
973 1184 1267 1247 suscitavit,
1311 1182 1525 1252 jamque
1575 1182 1626 1231 in
1681 1174 1871 1228 throno

294 1291 445 1360 regio
473 1285 642 1342 sedet.
668 1283 795 1337 Ηωο
836 1278 1014 1334 omnia
1044 1291 1163 1331 cum
1191 1280 1368 1327 mente
1394 1270 1627 1324 volveret
1657 1265 1871 1330 Paulus,

293 1354 700 1438 ct'ostendisset
730 1381 807 1429 tot
832 1379 1079 1438 tantaque
1119 1363 1377 1420 mirabilia
1419 1376 1523 1415 non
1549 1358 1752 1413 ratione
1779 1354 1875 1409 de-

295 1469 489 1527 clatari
517 1481 692 1538 posse,
726 1462 821 1518 sed
864 1461 967 1515 fide
1004 1458 1174 1514 solum
1219 1469 1375 1525 posse
1412 1450 1588 1506 doceri
1619 1458 1672 1503 et
1700 1446 1878 1502 decla-

296 1563 429 1627 rari,
461 1558 668 1613 dicebat
700 1573 714 1609 :
744 1553 810 1608 In
838 1552 939 1622 [ide
963 1551 1031 1604 ad
1049 1545 1445 1619 cognoscendum
1485 1541 1755 1612 potentiam
1796 1555 1875 1591 re-

296 1650 619 1706 surrectionis
656 1646 784 1718 ejus.
814 1642 947 1697 Nam
992 1640 1038 1695 si
1085 1638 1219 1693 ratio
1257 1635 1411 1689 ﬁdem
1459 1632 1729 1688 declarare
1772 1644 1879 1683 non

297 1750 495 1814 potest,
513 1740 633 1809 quia
661 1745 713 1792 et
741 1735 986 1790 humanae
1010 1739 1211 1786 natura:
1241 1738 1451 1795 captum
1472 1734 1526 1779 et
1544 1736 1880 1779 communem

301 1848 485 1890 rerum
524 1830 716 1885 seriem
762 1833 1016 1897 supcrat,
1046 1821 1488 1878 resurrectionem
1534 1818 1676 1872 illam
1701 1857 1716 1881 ,
1763 1830 1881 1885 quae

304 1932 452 1978 tanto
478 1918 755 1975 intervallo
780 1917 958 1972 differt
978 1914 1045 1969 ab
1083 1913 1198 1966 aliis
1239 1908 1735 1968 resurrectionibus,
1764 1919 1882 1975 quae

304 2012 500 2083 poterit
525 2010 660 2065 ratio
684 2003 1082 2061 demonstrare?
1101 2002 1253 2056 Nulla
1277 2008 1423 2055 certe
1452 2016 1466 2053 :
1489 1996 1582 2053 sed
1602 1996 1713 2051 sola
1732 1996 1885 2051 nobis

305 2118 438 2173 opus
455 2109 539 2155 est
556 2100 783 2169 lide,qua
802 2109 1112 2167 persuasum
1135 2092 1641 2158 habeamus,corpus
1662 2086 1887 2141 mortale

306 2190 680 2253 resurrexisse,
715 2195 769 2242 et
799 2180 1151 2239 immortalem
1184 2180 1452 2250 accepisse
1481 2178 1660 2241 vitam,
1682 2177 1886 2231 nullum

308 2283 468 2337 ﬁnem
505 2281 586 2335 vel
615 2277 898 2333 terminum
940 2275 1243 2331 habentem.
1272 2271 1425 2339 Quod
1452 2279 1505 2326 et
1529 2270 1653 2325 alibi
1682 2267 1889 2338 signiﬁ-

311 2373 467 2426 cabat
487 2370 568 2425 his
584 2368 795 2424 verbis:
821 2366 1047 2422 Christus
1067 2367 1330 2419 suscitatus
1353 2380 1450 2417 non
1472 2364 1683 2416 moritur
1706 2376 1725 2415 :
1755 2376 1892 2414 mors

309 2464 386 2516 illi
429 2461 566 2514 ultra
601 2476 701 2537 non
732 2457 1101 2528 dominabitur(
1127 2457 1276 2511 Rom.
1307 2454 1358 2510 6.
1384 2454 1475 2524 9);
1506 2454 1577 2508 ita
1615 2462 1672 2537 ut
1697 2451 1889 2522 duplex

310 2545 468 2599 fuerit
500 2536 808 2597 miraculum
828 2583 842 2609 ,
861 2551 915 2595 et
943 2540 1319 2605 resurrexisse,
1349 2549 1403 2593 et
1424 2537 1513 2591 illo
1531 2536 1686 2592 modo
1715 2551 1893 2590 resur-

310 2635 534 2689 rexisse.
550 2633 674 2687 Ideo
689 2629 985 2698 dicebat,1n
1004 2630 1105 2700 ﬁde
1119 2628 1185 2683 ad
1207 2628 1602 2700 cognoscendum
1622 2627 1893 2697 potentiam

311 2725 686 2780 resurrectionis
715 2724 839 2793 ejus.
879 2721 1029 2789 Quod
1070 2721 1115 2774 si
1159 2719 1601 2775 resurrectionem
1626 2718 1742 2788 ejus
1787 2731 1892 2773 non

313 2831 598 2889 possumus
609 2816 811 2869 ratione
823 2812 1254 2883 assequi,quanto
1267 2811 1437 2865 minus
1452 2824 1731 2879 supernam
1745 2822 1898 2877 gene-

313 2908 599 2963 rationem?
613 2906 684 2959 De
700 2905 782 2959 bis
794 2920 952 2976 porro
970 2903 1242 2971 disputans
1258 2901 1465 2967 Paulus,
1489 2915 1693 2955 necnon
1710 2899 1773 2953 de
1785 2914 1897 2953 cru-

314 3013 377 3053 ce
398 3006 453 3052 et
472 2997 715 3067 passione
741 2995 981 3065 loquens,
1012 2992 1125 3046 hzcc
1146 3007 1354 3064 quoque
1371 2991 1435 3045 ad
1456 2990 1614 3045 fidem
1631 2990 1897 3059 pertinere

316 3089 447 3144 dixit
471 3102 729 3159 :cumque
746 3087 812 3142 de
834 3086 917 3140 his
940 3100 1240 3140 sermonem
1263 3083 1553 3146 habuisset,
1584 3081 1893 3149 subjunxit:

322 3181 545 3245 Fratres,
575 3198 665 3250 ego
692 3196 772 3233 me
797 3195 896 3232 non
935 3178 1150 3232 arbitror
1190 3175 1621 3247 comprehendisse
1641 3174 1897 3245 (Philipp.

321 3272 377 3329 5.
396 3271 506 3343 i5).
526 3271 640 3325 Non
656 3270 816 3335 dixit,
841 3269 951 3339 Ego
977 3285 1081 3323 non
1101 3268 1330 3322 arbitror
1355 3282 1441 3321 me
1469 3266 1626 3331 scire,
1651 3264 1743 3321 sed
1760 3281 1898 3317 com-

320 3362 839 3432 prehendissemeque
853 3358 1212 3415 omnimodam
1228 3357 1775 3427 ignorantiam,neque
1791 3369 1900 3408 om-

321 3454 588 3509 nimodam
603 3452 876 3507 scientiam
888 3451 985 3505 sibi
1004 3450 1303 3520 adscripsit.
1319 3447 1449 3503 Cum
1466 3449 1606 3503 enim
1624 3448 1771 3513 dicit,
1782 3446 1903 3502 Non

321 3548 535 3601 arbitror
553 3544 1013 3615 comprehendisse,
1036 3543 1295 3613 signiﬁcat
1320 3557 1378 3597 se
1399 3541 1572 3596 adhuc
1596 3541 1647 3595 in
1679 3542 1762 3595 via
1782 3554 1903 3596 esse

321 3650 373 3692 et
392 3640 488 3699 ire,
508 3637 833 3705 ulteriusque
854 3634 1119 3705 progredi,
1149 3634 1241 3689 sed
1270 3634 1426 3688 linem
1452 3631 1684 3687 nondum
1702 3631 1907 3703 attigis-

323 3729 521 3796 se.Qua
538 3727 605 3782 de
630 3742 709 3789 re,
728 3728 859 3781 alios
870 3740 1078 3796 quoque
1090 3724 1339 3779 admonet
1355 3724 1437 3779 his
1453 3724 1655 3778 verbis:
1674 3723 1906 3790 Quicum-

326 3835 419 3888 que
447 3818 650 3889 perfecti
697 3834 888 3881 sumus,
933 3816 1027 3869 hoc
1067 3816 1391 3880 sentiamus;
1432 3823 1477 3869 et
1517 3815 1560 3868 si
1596 3814 1718 3884 quid
1764 3813 1907 3867 aliud

325 3910 534 3979 sapitis,
563 3909 655 3961 hoc
682 3910 824 3960 Deus
851 3906 986 3960 vobis
1022 3905 1259 3959 reuelabit
1298 3903 1475 3975 (Ibid.
1507 3918 1552 3957 υ.
1577 3904 1644 3958 15
1668 3904 1709 3972 ).
1753 3902 1909 3958 Ratio

326 4002 501 4065 docet,
529 3999 623 4054 sed
650 3999 792 4053 Deus
819 3997 1097 4051 revelabit.
1123 3996 1277 4050 Vides
1305 4011 1408 4050 non
1435 3995 1503 4049 de
1535 3994 1636 4048 vita
1664 4004 1716 4049 et
1737 3994 1907 4049 mori-

327 4091 429 4146 bus
469 4089 573 4159 agi,
625 4088 716 4143 sed
759 4087 825 4142 de
873 4086 1206 4156 dogmatibus
1234 4096 1286 4138 et
1330 4085 1470 4139 ﬁde?
1518 4084 1634 4138 Vita
1676 4084 1817 4139 enim
1856 4093 1911 4139 et

327 4195 511 4236 mores
549 4196 654 4234 non
694 4193 828 4248 cpus
865 4177 1063 4233 habent
1093 4178 1435 4243 revelatione,
1461 4176 1553 4231 sed
1582 4176 1828 4247 dogmata
1858 4183 1914 4232 et

331 4274 574 4328 scientia.
609 4272 674 4326 Et
698 4271 824 4325 alibi
844 4286 1053 4341 quoque
1086 4270 1312 4339 idipsum
1343 4270 1622 4324 declarans
1662 4269 1909 4324 dicebat:

333 4366 526 4433 Siquis
566 4365 814 4418 existimat
857 4380 910 4417 se
944 4362 1137 4432 aliquid
1174 4378 1337 4429 nosse,
1377 4361 1599 4435 nondum
1640 4362 1915 4432 quidquam

332 4458 467 4510 novit
499 4456 571 4526 (1.
602 4454 715 4509 Cor.
741 4454 793 4508 8.
823 4453 904 4525 2).
927 4452 1042 4508 Non
1071 4453 1202 4506 dixit
1229 4452 1560 4522 simpliciter,
1583 4452 1724 4506 Nihil
1745 4452 1913 4520 novit,

332 4546 428 4601 scd
457 4544 897 4616 quemadmodum
928 4552 1171 4612 oporteat
1208 4543 1348 4598 scire
1379 4561 1391 4595 :
1424 4542 1698 4597 scientiam
1721 4542 1915 4613 quippe

335 4637 516 4702 habet,
543 4636 636 4691 sed
663 4651 769 4690 non
796 4643 1094 4689 accuratam
1119 4642 1172 4688 et
1199 4634 1505 4703 perfectam.

407 4728 461 4780 7.
492 4727 665 4797 Atque
691 4734 748 4779 ut
775 4724 826 4779 id
855 4740 1039 4780 verum
1067 4738 1186 4779 esse
1210 4722 1403 4789 discas,
1428 4722 1557 4777 nihil
1579 4721 1645 4778 de
1670 4723 1918 4794 supernis

335 4818 683 4883 disseramus,
702 4816 793 4870 sed
824 4817 868 4869 si
900 4816 983 4870 vis
1008 4815 1073 4869 ad
1095 4814 1320 4869 visibilia
1346 4815 1595 4869 deorsum
1616 4830 1919 4871 sermonem

337 4916 729 4964 convertemus.
760 4905 877 4961 Non
918 4905 1067 4960 vides
1109 4905 1210 4959 hoc
1253 4903 1485 4959 caelum?
1512 4904 1663 4972 Quod
1708 4905 1921 4976 quidem

338 5012 570 5053 camerae
616 4997 707 5051 vel
750 4995 965 5051 fornicis
1010 4994 1233 5049 formam
1285 5003 1461 5049 servet
1498 4995 1717 5060 scimus,
1766 4995 1923 5066 idque

341 5103 449 5144 non
489 5086 788 5151 ratiocinio,
837 5085 929 5141 sed
973 5101 1039 5140 ex
1083 5084 1354 5154 Scriptura
1399 5084 1574 5139 divina
1622 5084 1919 5141 discimus:

341 5180 542 5235 scimus
570 5178 697 5232 item
724 5176 896 5246 ipsum
936 5184 1096 5229 totam
1140 5174 1420 5245 complecti
1460 5185 1675 5242 terram,
1704 5176 1825 5247 quia
1853 5177 1927 5231 si-

344 5271 541 5326 militer
564 5268 634 5324 ab
662 5268 847 5324 eadem
873 5266 1147 5337 Scriptura
1174 5267 1224 5322 id
1262 5267 1576 5333 didicimus;
1603 5270 1756 5337 cujus
1795 5284 1924 5325 vero

343 5359 662 5416 substantia!
688 5359 756 5413 sit
795 5359 1118 5428 ignoramus.
1144 5356 1201 5413 Si
1226 5357 1341 5427 quis
1369 5365 1543 5412 autem
1586 5367 1846 5431 repugnet
1872 5368 1928 5415 et

342 5449 653 5515 contendat,
681 5448 822 5506 dicat
854 5464 975 5521 quae
1018 5447 1088 5504 sit
1109 5448 1225 5504 caeli
1264 5447 1577 5515 substantia,
1609 5462 1674 5504 an
1702 5450 1927 5523 crystal-

1214 343 1300 399 DE
1336 325 2010 396 INCOMPREHENSIBILI
2049 324 2156 382 DEI
2195 325 2497 384 NATURA.
2538 325 2601 386 ll.

3439 317 3550 376 τιὸ

1971 448 2350 519 lusconcreta,
2388 460 2456 499 an
2498 446 2667 498 nubes
2710 441 3019 507 addensata,
3050 454 3116 494 an
3146 455 3239 495 aer
3278 440 3549 495 crassior?

1971 511 2264 594 Sédliiemo
2288 534 2339 590 id
2369 535 2523 605 plane
2562 532 2739 589 dicere
2760 537 2961 591 potest.
2992 529 3147 594 Num,
3183 544 3385 601 quaeso,
3419 530 3555 585 ulte-

1974 627 2116 684 riore
2141 640 2277 698 opus
2304 632 2388 681 est
2418 623 2867 679 demonstratione
2895 619 2960 674 ad
2986 635 3172 674 eorum
3201 620 3554 690 comproban-

1971 719 2092 775 dam
2114 718 2395 779 insaniam,
2416 715 2505 785 qui
2533 729 2591 768 se
2612 713 2777 767 Deum
2804 726 2963 766 nosse
2987 709 3209 774 dicunt,
3237 707 3387 773 Caeli,
3410 708 3551 778 quod

1971 811 2206 883 quotidie
2234 808 2430 873 cernis,
2463 816 2703 860 naturam
2748 818 2854 857 non
2881 811 3031 872 potes
3057 801 3255 864 dicere;
3288 807 3342 853 et
3371 799 3555 852 invisi-

1973 903 2094 958 bilis
2128 900 2221 956 Dei
2252 898 2598 954 subslantiam
2632 904 2682 950 te
2711 894 2872 963 probe
2899 907 3055 947 nosse
3075 889 3330 961 jactitas?
3362 888 3557 957 Ecquis

1975 993 2044 1047 ita
2072 1006 2261 1047 sensus
2305 1004 2523 1060 expers,
2552 995 2613 1042 ut
2641 986 2764 1041 talia
2802 984 3127 1055 loquentium
3166 981 3425 1036 insaniam
3453 993 3557 1033 non

1971 1082 2191 1138 damnet
2215 1079 2239 1133 ἲ

2046 1170 2307 1226 Moderate
2350 1184 2466 1222 cum
2502 1165 2752 1226 haereticis
2799 1161 3069 1235 agendum.
3113 1190 3186 1202 —
3227 1159 3560 1229 Quapropter

1974 1278 2106 1333 rogo
2146 1275 2240 1316 vos
2269 1273 2477 1324 omnes,
2511 1264 2570 1311 ut
2596 1254 2868 1310 moderate
2906 1262 2962 1308 et
2990 1267 3111 1307 cum
3153 1250 3560 1306 mansuetudine

1977 1352 2120 1422 ipsos
2144 1351 2497 1419 alloqucntes,
2523 1362 2620 1403 ceu
2641 1344 2889 1416 plirenesi
2918 1351 3102 1412 captos
3127 1351 3180 1399 et
3210 1341 3464 1407 furentes,
3494 1337 3563 1394 ad

1973 1444 2249 1499 meliorem
2281 1441 2485 1510 frugem
2513 1438 2769 1493 reducere
2810 1434 3027 1491 curetis.
3061 1434 3266 1489 Etenim
3310 1433 3411 1486 hoc
3436 1433 3563 1502 ipsis

1975 1538 2166 1608 dogma
2212 1551 2279 1590 ex
2343 1532 2644 1603 arrogantia
2693 1539 2869 1585 ortum
2922 1534 3007 1583 est
3050 1543 3064 1579 :
3110 1526 3447 1595 maximoque
3491 1523 3564 1580 illi

1976 1628 2136 1682 animi
2166 1635 2376 1681 tumore
2407 1625 2667 1678 laborant.
2699 1620 2929 1675 Vulnera
2967 1628 3144 1673 autem
3175 1617 3521 1673 tumescentia
3547 1658 3563 1684 ,

1978 1732 2150 1787 neque
2189 1716 2288 1771 sibi
2332 1714 2475 1783 injici
2519 1726 2730 1774 manus,
2782 1724 2955 1779 neque
3002 1717 3197 1762 tactum
3239 1706 3565 1777 asperiorem

1978 1810 2272 1882 patiuntur.
2300 1806 2655 1875 Quamobrem
2709 1802 2863 1873 periti
2911 1800 3103 1856 medici
3154 1799 3299 1854 molli
3338 1798 3566 1870 quadam

1980 1900 2198 1972 spongia
2227 1899 2344 1954 hinc
2371 1898 2683 1967 abstergunt
2731 1894 2929 1949 ulcera.
2975 1893 3235 1958 Quoniam
3277 1905 3403 1960 ergo
3432 1891 3567 1945 inest

1981 1994 2215 2063 ipsorum
2260 1991 2450 2045 animis
2494 1991 2644 2044 ulcus
2683 1987 2939 2053 inﬂatum,
2973 1986 3120 2057 quasi
3167 1984 3309 2039 molli
3349 1985 3567 2053 spongia

1980 2086 2190 2140 dulcem
2210 2083 2604 2153 potabilemque
2625 2097 2815 2152 aquam
2831 2080 3153 2141 haurientes,
3167 2079 3348 2148 sicque
3367 2077 3568 2131 abster-

1983 2175 2058 2230 sis
2087 2174 2333 2229 omnibus
2361 2187 2545 2229 eorum
2572 2180 2834 2226 tumorem
2861 2168 3213 2237 comprimere
3252 2180 3570 2235 omnemque

1988 2266 2210 2321 livorem
2236 2263 2446 2319 auferre
2469 2271 2769 2333 satagamus
2799 2278 2812 2313 :
2836 2260 2935 2315 etsi
2953 2257 3301 2313 contumelias
3320 2256 3569 2320 inferant,

1989 2356 2087 2412 etsi
2138 2355 2493 2419 recalcitrent,
2549 2352 2647 2407 etsi
2704 2352 2972 2421 inspuant,
3026 2348 3126 2403 etsi
3175 2347 3385 2418 quidvis
3432 2345 3572 2400 aliud

1988 2446 2204 2510 faciant,
2255 2459 2324 2499 ne
2366 2442 2584 2498 curandi
2625 2440 2857 2495 studium
2910 2439 3160 2501 deseras,
3210 2435 3573 2490 dilectissime.

1985 2537 2120 2593 Nam
2147 2551 2260 2602 eos,
2292 2536 2380 2606 qui
2426 2535 2681 2588 furiosum
2727 2538 2917 2587 curant
2959 2529 3253 2595 hominem,
3292 2527 3455 2581 multa
3501 2527 3577 2581 si-

1990 2629 2133 2683 milia
2162 2629 2304 2682 ferre
2346 2640 2567 2681 necesse
2615 2633 2698 2679 est
2729 2640 2743 2677 :
2773 2631 3003 2676 attamen
3031 2634 3137 2675 non
3184 2628 3460 2688 propterea
3486 2616 3579 2671 de.

1990 2721 2282 2776 sistendum
2304 2736 2319 2785 ;
2342 2719 2435 2774 sed
2462 2719 2581 2773 ideo
2603 2716 2839 2772 maxime
2861 2715 3094 2783 ipsorum
3115 2711 3381 2767 miseriam
3400 2710 3579 2779 lugere

1991 2810 2265 2877 convenit,
2291 2809 2415 2879 quia
2443 2808 2561 2862 talis
2577 2814 2658 2861 est
2694 2805 2851 2873 hujus
2877 2803 3047 2859 morbi
3076 2803 3299 2872 species.
3334 2800 3461 2855 Haec
3488 2800 3577 2853 fire

1994 2904 2252 2959 mioribus
2272 2913 2325 2957 et
2367 2899 2674 2955 fortioribus
2695 2897 2903 2967 loquor,
2937 2896 3024 2964 qui
3057 2894 3257 2948 nullan
3296 2907 3361 2948 ex
3392 2906 3579 2946 eorum

1994 2993 2262 3065 colloquio
2314 2992 2557 3060 accipere
2604 2989 2809 3059 possint
2850 2986 3252 3041 detrimentum.
3311 2983 3491 3051 Itaque
3538 2981 3583 3035 si

1996 3088 2115 3159 quis
2143 3083 2404 3140 infirmior
2424 3082 2515 3146 sit,
2548 3094 2731 3135 eorum
2754 3077 3080 3132 consortium
3108 3074 3291 3144 fugiat,
3308 3074 3374 3127 ab
3399 3087 3583 3127 eorum

1997 3178 2277 3249 colloquiis
2304 3176 2523 3238 resiliat,
2557 3187 2625 3228 ne
2654 3170 2903 3225 amicitia
2947 3168 3084 3222 ratio
3112 3165 3401 3235 impietatis
3428 3179 3585 3220 occa-

1998 3271 2080 3327 sio
2108 3268 2317 3324 evadat.
2345 3265 2434 3322 Sic
2453 3272 2507 3320 et
2532 3263 2729 3318 Paulus
2751 3260 2896 3326 facit,
2926 3259 3037 3328 ipse
3056 3256 3269 3327 quidem
3288 3270 3409 3310 cum
3431 3254 3585 3323 aegris

1998 3370 2262 3426 versatur,
2285 3366 2338 3414 et
2358 3357 2432 3411 ait
2462 3372 2479 3411 :
2512 3354 2700 3409 Factus
2719 3368 2832 3407 sum
2855 3349 3053 3404 Iudaeis
3074 3358 3329 3417 tamquam
3348 3345 3586 3413 Judteus,

2000 3456 2064 3515 iis
2083 3455 2167 3526 qui
2183 3454 2291 3508 sine
2303 3453 2410 3524 lege
2421 3460 2582 3515 erant,
2601 3460 2852 3520 tamquam
2874 3447 2982 3500 sine
3000 3445 3107 3516 lege
3121 3460 3277 3499 essem
3299 3444 3343 3515 (l
3362 3486 3373 3497 .
3399 3441 3515 3496 Cor.
3529 3441 3587 3497 9.

2001 3546 2089 3601 20.
2121 3546 2236 3615 21),
2270 3542 2563 3612 discipulos
2606 3547 2781 3593 autem
2814 3535 3136 3591 infirmiores
3165 3541 3370 3599 avocat,
3401 3532 3591 3600 hisque

2003 3636 2179 3691 verbis
2195 3641 2449 3689 monetae
2459 3631 2615 3686 docet
2630 3649 2643 3683 :
2658 3628 2996 3698 Corrumpunt
3008 3626 3160 3679 bonos
3175 3639 3333 3677 mores
3344 3620 3591 3690 colloquia

2007 3743 2161 3797 prava
2178 3724 2341 3798 (Ibid.
2373 3723 2457 3778 15.
2478 3721 2601 3793 33);
2623 3734 2684 3775 ac
2695 3734 2930 3782 rursum,
2949 3716 3095 3771 Exite
3113 3716 3175 3769 de
3202 3714 3366 3768 medio
3392 3726 3588 3778 eorum,

2006 3826 2053 3870 et
2086 3814 2413 3886 separamini,
2443 3811 2563 3865 dicit
2593 3810 2842 3863 Dominus
2872 3807 2950 3879 (2.
2978 3804 3098 3862 Cor.
3124 3805 3178 3859 6.
3212 3805 3324 3875 Π).
3353 3802 3589 3857 Medicus

2007 3907 2149 3962 enim
2190 3906 2233 3960 si
2264 3914 2518 3974 aegrotum
2566 3901 2741 3966 adeat,
2779 3909 2833 3954 et
2870 3897 2969 3952 sibi
3012 3904 3066 3951 ct
3109 3894 3185 3949 illi
3226 3904 3595 3962 saepenumero

2008 3996 2261 4068 prodest;
2294 3992 2555 4049 infirmior
2581 3999 2756 4045 autem
2795 3997 2850 4044 et
2892 3986 2993 4041 sibi
3019 3995 3074 4041 et
3115 3992 3315 4054 aegroto
3345 3990 3523 4043 nocet,
3550 3980 3596 4034 si

2008 4103 2129 4142 eum
2148 4084 2304 4156 aegris
2318 4083 2673 4138 admisceatur
2692 4098 2705 4135 :
2723 4080 2869 4133 illum
2890 4077 3085 4147 quippe
3113 4074 3442 4143 nihiljuvare
3459 4079 3597 4140 pote

2009 4178 2099 4241 rit,
2128 4175 2349 4246 ipseque
2377 4188 2442 4228 ex
2465 4170 2775 4241 aegritudine
2800 4182 3047 4237 magnum
3078 4164 3290 4219 hauriet
3307 4175 3595 4216 nocumen~

2012 4277 2144 4322 tum.
2198 4264 2455 4334 Quodque
2502 4263 2537 4317 ii
2588 4261 2857 4332 patiuntur
2899 4258 2988 4328 qui
3036 4254 3373 4325 lippientium
3415 4252 3601 4308 oculos

2014 4357 2355 4430 inspicientes
2376 4356 2518 4410 illius
2536 4353 2637 4407 sibi
2654 4350 2973 4406 infirmitatis
2991 4346 3190 4418 aliquid
3215 4346 3509 4411 attrahunt,
3528 4344 3596 4399 id-

2015 4449 2189 4519 ipsum
2213 4446 2479 4516 patientur
2504 4445 2537 4498 ii
2554 4444 2642 4513 qui
2667 4457 2788 4498 cum
2818 4437 3143 4509 blasphemis
3169 4437 3271 4492 illis
3299 4435 3602 4492 hominibus

2014 4547 2333 4605 versantur;
2388 4536 2433 4591 si
2481 4534 2802 4591 infirmiores
2846 4532 2973 4597 sint,
3021 4544 3265 4601 magnam
3316 4527 3604 4599 impietatis

2027 4628 2238 4693 partem
2269 4616 2627 4673 contrahunt.
2655 4613 2734 4670 Ne
2759 4614 2927 4686 igitur
2945 4614 3183 4669 maxima
3210 4612 3369 4669 nobis
3402 4614 3605 4668 damna

2028 4714 2330 4771 inferamus
2346 4751 2364 4778 ,
2391 4711 2611 4767 illorum
2640 4707 2977 4763 consortium
3003 4705 3238 4762 vitemus
3259 4745 3275 4769 ,
3298 4703 3467 4758 Deum
3494 4704 3607 4759 cle-

2027 4807 2450 4870 mentissimum,
2467 4802 2689 4874 quivult
2708 4815 2899 4856 omnes
2920 4799 3168 4854 homines
3191 4797 3371 4852 salvos
3393 4796 3529 4859 fieri,
3551 4805 3605 4850 et

2027 4900 2097 4956 ad
2114 4898 2442 4970 agnitionem
2460 4894 2705 4952 veritatis
2716 4893 2899 4948 venire
2915 4892 2961 4962 (i
2975 4890 3199 4946 .Tim.2.
3220 4890 3299 4957 4),
3320 4897 3603 4957 precantes

2023 4995 2490 5062 obsecrantesque,
2521 4996 2582 5045 ut
2624 5002 2718 5044 eos
2745 4987 2814 5042 ab
2840 4998 3025 5041 errore
3050 4981 3239 5037 liberet
3266 4987 3321 5034 et
3358 4991 3390 5031 a
3416 4975 3610 5046 laqueo

2025 5082 2245 5146 diaboli,
2291 5089 2347 5137 et
2387 5080 2453 5136 ad
2502 5080 2679 5135 lumen
2726 5075 2964 5131 scientiae
3004 5071 3229 5128 reducat
3279 5108 3296 5134 ,
3326 5080 3518 5135 nempe
3542 5064 3610 5120 ad

2028 5177 2195 5232 Deum
2225 5175 2435 5231 Patrem
2463 5171 2672 5227 Domini
2717 5168 2884 5224 nostri
2913 5165 3040 5221 Jcsu
3082 5161 3300 5227 Christi,
3328 5174 3449 5215 cum
3477 5158 3614 5213 vivi-

2028 5267 2131 5322 fico
2154 5275 2209 5322 et
2250 5272 2434 5321 sancto
2479 5262 2697 5332 Spiritu,
2728 5259 2812 5315 cui
2850 5256 3018 5329 gloria
3059 5264 3114 5310 et
3143 5250 3445 5321 imperium,
3474 5263 3616 5305 nunc

2027 5366 2083 5413 et
2110 5371 2341 5428 semper,
2369 5363 2424 5409 et
2465 5354 2517 5409 in
2545 5350 2741 5409 saecula
2766 5346 3103 5405 saeculorum.
3134 5344 3327 5400 Amen.
