4050 6160
1124 343 1183 400 S.
1219 340 1501 401 JOANNIS
1529 337 2009 395 CHRYSOSTOMI
2050 335 2366 391 ARCHIEP.
2407 334 2940 393 CONSTANTINOP.

1127 485 3129 694 ἷῇἦνωΜΡΒΕΗΕΝδΙΒΙΜ,

3651 345 3766 401 720

685 469 3693 503 ______—__—__——————-—————-———-———-————————,,_.m

859 806 938 849 ET
979 802 1150 858 QUOD
1192 800 1356 845 νεεδ
1397 798 1482 843 NE
1523 792 1771 850 QUIDEM
1813 789 1960 836 SESE
2001 788 2462 839 ATTEMPERANS
2503 791 2545 835 Δ
2586 791 2911 844 SEMPHIM
2952 799 3148 847 FEB!“
3188 802 3422 853 POSSI‘I’.

1953 915 2322 973 ΝΜ

1045 1115 1264 1160 uomuit
1301 1110 1519 1154 TERTIA.

564 1241 616 1296 1.
645 1237 919 1293 Laboriosi
959 1234 1229 1306 agricolae,
1260 1247 1382 1286 cum
1412 1229 1657 1284 arborem
1699 1223 1880 1278 vident
1909 1221 2076 1276 infru-

486 1341 725 1388 ctuosam
755 1340 806 1385 et
835 1330 1170 1401 sylvestrem,
1201 1325 1414 1394 suisque
1443 1320 1716 1418 laboribus
1729 1318 2073 1418 ofﬁcientem,

488 1439 609 1492 qua:
635 1422 719 1476 vel
754 1421 949 1476 radicis
972 1418 1184 1484 duritie,
1211 1417 1294 1472 vel
1334 1414 1534 1469 umbra:
1571 1409 1852 1474 densitate,
1894 1407 2078 1461 fructi-

490 1517 630 1573 feras
654 1517 848 1585 stirpes
874 1520 1202 1582 corrumpat,
1229 1523 1439 1566 summa
1471 1521 1590 1561 eam
1635 1501 1904 1602 diligentia
1932 1515 2077 1602 rese-

490 1616 634 1662 cant.
681 1606 835 1675 Stepe
872 1614 1048 1659 autem
1094 1612 1284 1657 ventus
1325 1600 1532 1653 irruens
1573 1596 1860 1694 sectionem
1885 1596 2072 1694 juvat,

492 1697 862 1766 frondiumque
885 1708 1092 1750 comam
1117 1693 1402 1761 impetens,
1430 1702 1494 1742 ac
1515 1701 1705 1756 magna
1731 1685 1785 1740 vi
1809 1685 2072 1753 quatiens,

489 1789 686 1857 frangit
725 1787 888 1851 illam,
922 1786 974 1839 in
1018 1793 1321 1850 terramque
1369 1778 1684 1850 prosternit,
1726 1785 2078 1846 magnamque

490 1879 592 1935 illis
639 1877 837 1932 laboris
883 1884 1084 1945 partem
1133 1872 1323 1927 aufert.
1375 1871 1508 1925 Cum
1556 1883 1683 1937 ergo
1729 1881 1826 1921 nos
1869 1877 2079 1934 quoque

489 1971 738 2026 arborem
771 1967 1160 2039 prtecidendam
1188 1979 1439 2022 curemus
1481 1962 1793 2034 sylvestrem
1819 1966 1877 2014 et
1915 1955 2080 2011 infru-

487 2073 748 2128 ctuosam,
772 2065 1152 2116 Anommorum
1179 2059 1382 2114 scilicet
1403 2054 1668 2116 hmresim,
1693 2052 1859 2106 Deum
1891 2062 2078 2119 prece-

489 2171 629 2221 mur,
661 2165 719 2208 ut
748 2153 901 2207 nobis
925 2152 1153 2222 Spiritus
1178 2149 1398 2220 gratiam
1429 2147 1619 2211 mittat,
1654 2152 1710 2198 ut
1735 2143 1878 2199 omni
1918 2149 2078 2196 vento

489 2245 858 2300 vehementius
907 2245 1200 2313 ingruens,
1247 2240 1492 2294 haeresim
1539 2235 1791 2291 radicitus
1837 2233 2074 2296 evellat,

491 2336 750 2405 nobisque
778 2335 1010 2390 laborem
1059 2331 1250 2388 reddat
1293 2330 1568 2385 leviorem.
1597 2328 1712 2383 Jam
1746 2327 1890 2381 enim
1936 2335 2075 2380 terra

492 2429 711 2494 inculta,
738 2444 856 2497 qua:
885 2427 1236 2498 agricolarum
1266 2423 1510 2478 manibus
1535 2437 1642 2475 non
1683 2418 1911 2474 exercita
1952 2425 2033 2472 est
2056 2457 2072 2484 ,

491 2521 685 2575 herbas
725 2518 964 2584 vitiosas,
1008 2517 1279 2587 spinarum
1311 2515 1413 2568 vim
1445 2523 1500 2569 et
1525 2512 1744 2566 arbores
1789 2509 2076 2581 sylvestres

489 2629 557 2668 cx
583 2613 698 2668 sinu
728 2625 826 2666 suo
853 2626 997 2679 smpe
1026 2609 1246 2671 eduxit;
1280 2608 1349 2662 ita
1375 2615 1430 2662 et
1460 2608 1836 2660 Anomteorum
1867 2602 2075 2657 deserta

489 2705 685 2768 anima,
711 2715 764 2757 et
787 2719 852 2756 eo
879 2703 1026 2757 cultu
1052 2701 1139 2770 qui
1167 2716 1232 2754 ex
1254 2698 1543 2768 Scripturis
1563 2705 1742 2750 manat
1766 2695 1986 2764 privata,
2009 2707 2076 2747 ex

489 2811 548 2849 se
593 2795 729 2848 hanc
757 2793 920 2849 feram
964 2792 1340 2862 horridamque
1387 2790 1631 2844 haeresim
1677 2787 1883 2843 eduxit.
1933 2785 2077 2839 Hanc

489 2886 685 2956 quippe
712 2887 958 2940 arborem
989 2899 1160 2954 neque
1189 2883 1383 2938 Paulus
1415 2880 1690 2952 plantavit,
1738 2895 1838 2935 nec
1885 2877 2075 2949 Apollo
2132 2923 2134 2925 ,

492 2978 705 3047 rigavit,
739 2991 838 3031 nec
867 2977 1008 3031 Deus
1035 2975 1182 3030 auxit
1207 2991 1221 3040 ;
1253 2973 1348 3030 sed
1375 2973 1630 3044 plantavit
1659 2971 1872 3040 quidem
1914 2969 2078 3023 ratio-

488 3069 748 3123 ciniorum
779 3068 1146 3138 intempestiva
1189 3066 1496 3132 curiositas,
1528 3065 1720 3134 rigavit
1761 3063 2076 3133 arrogantia:

491 3171 688 3223 tumor,
720 3161 867 3214 auxit
910 3175 1060 3214 vanae
1102 3159 1285 3229 gloriae
1331 3174 1500 3213 amor.
1531 3157 1784 3227 Opusque
1812 3157 1966 3213 nobis
1995 3166 2074 3212 est

488 3252 718 3322 Spiritus
742 3251 974 3316 flamma,
1006 3259 1064 3306 ut
1092 3253 1373 3320 pessimam
1401 3251 1538 3304 hanc
1564 3249 1795 3305 radicem
1824 3266 1928 3304 non
1962 3257 2076 3304 tan-

491 3354 602 3398 tum
645 3344 957 3409 evellamus,
985 3343 1078 3398 sed
1118 3343 1278 3398 etiam
1323 3343 1716 3397 comburamus.
1765 3342 2075 3397 lnvocemus

487 3431 664 3496 itaque
703 3429 898 3497 ipsum,
945 3427 1032 3498 qui
1078 3427 1145 3481 ab
1194 3426 1299 3481 illis
1344 3427 1557 3496 quidem
1598 3427 2015 3497 blasphematur,
2042 3442 2074 3481 a

487 3519 642 3575 nobis
670 3529 848 3572 autem
876 3518 1177 3573 celebratur
1200 3534 1215 3584 ;
1247 3533 1600 3587 rogemusque
1629 3529 1687 3573 ut
1716 3519 1948 3589 linguam
1974 3534 2073 3573 no-

485 3619 650 3663 stram
692 3608 758 3662 ad
802 3609 1112 3663 celeriorem
1143 3624 1356 3663 cursum
1399 3610 1612 3676 excitet,
1657 3617 1711 3664 et
1733 3620 1966 3666 mentem
2009 3611 2074 3665 ad

485 3698 764 3752 clariorem
790 3698 1134 3753 dicendorum
1162 3699 1561 3769 intelligentiam
1603 3702 1824 3770 aperiat.
1853 3700 1956 3756 Pro
1984 3702 2075 3757 illo

487 3803 738 3858 namque,
767 3798 821 3842 et
852 3803 947 3858 pro
977 3789 1138 3859 gloria
1169 3789 1284 3858 ejus
1313 3801 1456 3845 totus
1484 3791 1568 3846 hic
1595 3791 1744 3847 labor
1768 3794 2071 3864 suscipitur,

487 3879 596 3934 imo
618 3881 792 3948 potius
818 3896 912 3949 pro
941 3882 1110 3937 salute
1135 3893 1334 3936 nostra.

557 3969 656 4025 Dei
693 3972 868 4024 laudes
909 3989 1007 4025 non
1031 3970 1162 4038 Deo,
1188 3973 1276 4028 sed
1316 3973 1512 4028 homini
1553 3984 1779 4044 prosunt.
1810 4006 1881 4018 -—
1906 3978 2069 4032 Deum

484 4064 629 4117 enim
672 4077 830 4118 nemo
877 4063 960 4118 vel
1009 4065 1400 4121 contemnendo
1446 4067 1657 4132 laedere,
1689 4067 1770 4122 vel
1811 4069 2075 4124 laudando

484 4156 828 4211 illustriorem
869 4156 1042 4212 facere
1089 4159 1322 4226 pcterit;
1370 4159 1462 4214 sed
1511 4161 1562 4214 in
1604 4176 1698 4214 sua
1745 4175 1959 4231 semper
1987 4163 2075 4217 ille

485 4257 664 4300 manet
705 4247 894 4316 gloria,
926 4263 1026 4302 ncc
1056 4247 1299 4303 laudibus
1343 4259 1550 4312 auctus,
1583 4266 1685 4306 nec
1732 4252 2073 4323 blasphemiis

485 4337 812 4392 imminutus.
863 4338 1116 4395 Homines
1166 4355 1296 4395 vero
1339 4341 1428 4410 qui
1485 4342 1633 4396 illum
1677 4359 1774 4414 pro
1819 4344 2074 4414 dignitate

485 4426 721 4490 laudant,
764 4429 870 4482 imo
901 4444 997 4498 pro
1043 4430 1299 4501 dignitate
1342 4448 1501 4488 nemo
1531 4442 1723 4503 potest,
1753 4436 1845 4490 sed
1871 4453 1968 4506 pro
1992 4436 2073 4490 fa-

483 4516 683 4572 cultate
710 4532 828 4584 sua,
861 4519 1031 4574 laudis
1057 4519 1285 4576 fructum
1313 4535 1746 4594 consequuntur:
1777 4528 1864 4596 qui
1893 4539 2071 4583 autem

486 4608 658 4676 ipsum
685 4609 1058 4678 blasphemant
1079 4628 1142 4667 ac
1169 4614 1515 4684 vilipcndunt,
1541 4632 1692 4671 suam
1723 4618 1822 4686 ipsi
1849 4620 2070 4674 salutem

483 4701 752 4756 amittunt.
782 4702 914 4758 Illud
938 4706 1078 4758 enim
1097 4747 1110 4769 ,
1147 4706 1247 4770 Qui
1262 4709 1387 4776 fecit
1411 4709 1632 4779 lapidem
1665 4727 1884 4778 sursum,
1906 4712 1959 4764 in
1987 4729 2075 4766 ca-

485 4803 574 4863 put
600 4811 745 4848 artum
766 4797 888 4867 jecit
917 4797 1104 4867 (Eccti.
1147 4798 1236 4852 27.
1270 4799 1386 4870 28),
1418 4800 1486 4854 de
1522 4801 1845 4870 blasphemis
1871 4802 2070 4858 dictum

487 4895 590 4942 est.
615 4887 1074 4954 Quemadmodum
1104 4891 1246 4945 enim
1275 4893 1364 4961 qui
1393 4892 1622 4961 lapidem
1653 4895 1706 4947 in
1736 4894 1899 4949 altum
1922 4897 2071 4964 jacu-

489 4980 646 5044 latur,
672 4979 886 5034 caeleste
923 4981 1138 5051 quidem
1182 4998 1376 5054 corpus
1418 4985 1661 5041 scindere
1687 5001 1791 5041 non
1834 4990 2066 5058 poterit,

485 5085 660 5144 neque
685 5072 752 5127 ad
781 5081 980 5128 tantam
1007 5075 1340 5130 altitudinem
1368 5079 1693 5149 pertingere,
1738 5081 1832 5136 sed
1862 5082 2068 5151 plagam

483 5179 587 5221 suo
626 5167 802 5235 capite
842 5167 1093 5238 excipiet,
1137 5167 1310 5238 lapide
1355 5170 1406 5224 in
1445 5171 1725 5240 iacientem
1756 5173 2067 5228 recidente:

485 5255 564 5310 sic
589 5256 678 5327 qui
710 5257 763 5310 in
791 5257 999 5312 beatam
1028 5258 1377 5313 substantiam
1409 5261 1760 5331 blasphemat,
1789 5263 1930 5318 illam
1956 5263 2071 5334 qui-

485 5345 605 5400 dem
661 5363 945 5418 numquam
999 5349 1232 5414 laeserit,
1289 5361 1471 5420 utpote
1527 5369 1644 5423 qure
1694 5355 1850 5424 longe
1901 5355 2072 5425 major

485 5438 849 5510 excelsiorque
873 5441 961 5508 sit,
989 5458 1146 5512 quam
1174 5451 1231 5497 ut
1258 5445 1423 5512 possit
1459 5445 1670 5516 aliquod
1697 5447 1944 5501 damnum
1975 5463 2070 5503 ex-

483 5530 704 5597 cipere;
749 5530 843 5585 sed
883 5542 1068 5586 contra
1116 5534 1344 5589 animam
1388 5552 1538 5591 suam
1567 5539 1583 5568 ί
1614 5537 1845 5609 gladium
1888 5540 2066 5606 acuit,

546 5684 676 5758 tusc
690 5694 866 5758 omnes
882 5683 1004 5758 fere
1023 5694 1205 5749 Mss.,ct
1225 5691 1288 5741 ita
1306 5687 1432 5754 legit
1452 5692 1731 5745 theodorus
1751 5701 1884 5758 Gaza;
1903 5694 2068 5747 Morel.

492 5754 630 5802 vero,
651 5749 794 5807 caput
816 5756 975 5794 suum.

2185 1087 2421 1158 ingratus
2447 1107 2569 1164 erga
2601 1095 2990 1157 benefactorem
3021 1105 3260 1162 effectus.
3294 1107 3559 1166 Vocemus
3587 1111 3777 1182 itaque

2187 1179 2358 1248 ipsum
2372 1183 2690 1243 ineffabilem
2708 1190 2746 1257 ¹,
2762 1192 3202 1265 inintelligibilem
3218 1199 3406 1268 Deum,
3422 1179 3766 1271 invisibiletn,

2185 1271 2798 1349 incomprehensibilem,
2818 1282 3064 1342 humanae
3081 1287 3270 1358 linguae
3285 1290 3388 1344 vim
3398 1301 3764 1362 superantem,

2183 1365 2423 1420 mortalis
2468 1372 2661 1425 mentis
2687 1375 3214 1444 comprehensionem
3255 1381 3622 1452 excedentem,
3667 1399 3766 1440 an-

2181 1455 2315 1524 gelis
2339 1472 2445 1512 non
2473 1461 2831 1530 vestigabilcm
2851 1467 2895 1534 ',
2923 1467 3233 1539 Serapltinis
3262 1473 3602 1543 invisibilem,
3630 1475 3769 1532 Che-

2182 1547 2385 1601 rubinis
2409 1549 2872 1622 inintelligibilem,
2897 1557 3328 1629 inaspectabilem
3353 1563 3766 1638 Principatibtts,

2183 1635 2562 1708 Potestatibus,
2595 1641 2907 1715 Virtutibus,
2939 1665 3001 1704 ac
3045 1651 3355 1720 simpliciter
3378 1635 3768 1714 omni—creatus

2183 1743 2258 1783 rae
2287 1746 2302 1784 :
2331 1745 2361 1784 a
2389 1733 2504 1788 solo
2528 1744 2703 1790 autem
2735 1738 2871 1795 Filio
2897 1749 2950 1796 et
2977 1757 3008 1796 a
3035 1742 3233 1814 Spiritu
3259 1757 3444 1803 sancto
3473 1750 3765 1820 cognitum.

2182 1820 2291 1876 Nec
2313 1823 2496 1894 ignoro
2524 1843 2616 1883 eos
2642 1846 2727 1885 me
2753 1835 3055 1902 petulantia:
3082 1849 3424 1898 accusaturos
3451 1859 3590 1911 esse,
3623 1847 3784 1916 quod.

2184 1912 2314 1982 ipsis
2359 1919 2603 1986 supernis
2634 1921 2923 1980 Virtutibus
2953 1927 3126 1996 ipsum
3175 1912 3774 2002 incomprehensibilem

2182 2021 2301 2063 esse
2343 2008 2567 2066 dixerim
2617 2031 2630 2068 :
2671 2030 2770 2085 ego
2827 2027 3004 2074 autem
3061 2021 3180 2078 ideo
3234 2039 3496 2082 summam
3549 2029 3780 2092 illorum

2182 2101 2543 2170 arrogantiam
2583 2115 2637 2159 et
2669 2105 2924 2163 insaniam
2974 2112 3258 2171 damnabo.
3304 2117 3420 2174 Non
3449 2121 3590 2175 enim
3617 2134 3768 2192 petu-

2183 2189 2341 2246 lantia
2393 2204 2475 2248 est
2523 2195 2720 2262 dicere,
2771 2208 3065 2258 creatorem
3116 2209 3352 2265 omnium
3401 2223 3766 2274 creaturarum

2180 2291 2391 2350 captum
2436 2291 2490 2339 et
2517 2287 2872 2355 cognitionem
2916 2308 3206 2364 superare;
3252 2300 3347 2355 sed
3393 2302 3572 2360 dicere
3599 2322 3765 2376 eum,

2181 2375 2268 2440 qui
2299 2374 2545 2443 supernis
2579 2377 2869 2436 Virtutibus
2899 2383 3445 2457 incomprehensibilis
3486 2395 3575 2461 sit,
3611 2374 3779 2467 posse

2181 2465 2248 2519 ab
2279 2465 2423 2522 humi
2464 2472 2793 2542 repentibus,
2823 2478 2914 2546 qui
2965 2487 3164 2536 tantum
3209 2483 3408 2541 distant
3433 2488 3499 2543 ab
3529 2465 3654 2556 illis,
3687 2491 3770 2546 in~

2182 2556 2330 2612 firma
2358 2560 2734 2630 cogitationum
2767 2566 3016 2625 facultate
3039 2572 3402 2632 circumscribi
3427 2588 3478 2633 et
3518 2594 3769 2652 compre-

2181 2648 2362 2705 hendi.
2400 2652 2513 2724 Ego
2555 2656 2600 2711 si
2630 2659 2770 2728 quod
2817 2662 3082 2730 pollicitus
3110 2681 3228 2722 sum
3277 2685 3381 2724 non
3427 2648 3766 2730 demonstra-

2180 2755 2327 2806 vero,
2381 2743 2570 2814 dignus
2623 2748 2779 2816 plane
2827 2750 3017 2809 fuerim
3068 2755 3159 2825 qui
3210 2759 3513 2829 petulantiae
3560 2765 3772 2822 crimen

2178 2831 2396 2886 subeam
2428 2851 2441 2888 :
2473 2851 2572 2892 vos
2615 2854 2762 2908 vero,
2800 2842 2843 2897 si
2875 2854 3150 2916 postquam
3177 2859 3448 2907 ostensum
3478 2855 3548 2909 sit
3592 2856 3774 2926 ipsum,

2180 2925 2428 2994 supernis
2485 2927 2777 2988 Virtutibus
2821 2950 2942 2992 esse
2990 2925 3619 3012 incomprehensibilem,
3671 2965 3769 3006 vos

2182 3017 2331 3072 illum
2381 3035 2540 3077 nosse
2578 3027 2909 3084 contentiose
2948 3030 3242 3100 affirmetis,
3285 3046 3413 3106 quot
3451 3038 3718 3097 barathris
3747 3084 3764 3110 ,

2182 3117 2310 3178 quot
2354 3113 2659 3182 prtecipitiis
2705 3117 2848 3188 digni
2887 3121 3057 3185 eritis,
3088 3125 3178 3192 qui
3223 3125 3551 3197 incorporeis
3582 3131 3770 3187 Virtu-

2183 3198 2323 3255 tibus
2353 3201 2622 3259 inaccessa
2647 3221 2742 3263 vos
2786 3210 3017 3280 perfecte
3062 3229 3221 3270 nosse
3264 3219 3564 3287 petulanter
3605 3221 3768 3293 jacti-

2180 3293 2338 3347 tatis?

2248 3383 2302 3437 2.
2331 3385 2441 3455 Age
2461 3403 2589 3457 ergo
2625 3390 2689 3445 ad
2719 3407 2830 3447 rem
2872 3393 3037 3464 ipsam
3069 3397 3536 3464 demonstrandam
3567 3421 3766 3478 propc-

2179 3489 2378 3540 remus,
2408 3478 2472 3533 ad
2497 3483 2856 3550 precationem
2886 3503 3097 3544 rursum
3123 3495 3364 3548 conversi
3403 3513 3416 3549 :
3450 3511 3592 3567 saepe
3618 3501 3767 3555 enim

2179 3567 2380 3624 accidet
2410 3580 2466 3625 ut
2496 3571 2608 3644 ipsa
2635 3578 2884 3644 precandi
2909 3580 3076 3641 series
3106 3597 3417 3652 argumenta
3439 3603 3536 3657 pro
3559 3604 3618 3644 re
3643 3606 3768 3659 pro-

2179 3661 2349 3728 posita
2381 3664 2533 3718 nobis
2561 3668 2880 3736 suppeditet.
2896 3671 3158 3728 Vocemus
3184 3677 3359 3746 itaque
3383 3678 3552 3747 ipsum
3577 3679 3766 3753 Regem

2177 3772 2351 3828 regum
2379 3765 2423 3811 et
2453 3757 2724 3814 Dominum
2749 3762 3147 3832 dominantium,
3197 3771 3284 3839 qui
3321 3773 3459 3827 solus
3487 3774 3635 3829 habet
3661 3777 3762 3830 im-

2179 3848 2537 3902 mortalitatem
2569 3890 2584 3916 ,
2625 3861 2670 3904 et
2713 3852 2875 3907 lucem
2921 3857 3311 3914 inaccessibilem
3341 3863 3532 3918 habitat
3563 3881 3582 3920 :
3612 3884 3768 3938 quem

2177 3938 2350 3991 nullus
2366 3938 2623 3994 hominum
2639 3944 2789 4011 vidit,
2809 3963 2965 4018 neque
2988 3950 3154 4004 videre
3177 3963 3358 4021 potest,
3390 3955 3472 4008 cui
3495 3966 3568 4010 est
3598 3958 3764 4013 honor

2177 4039 2221 4080 et
2258 4029 2523 4101 imperium
2563 4034 2615 4087 in
2651 4037 2856 4092 saecula.
2888 4040 3044 4095 Amen
3099 4045 3118 4112 (
3151 4045 3200 4098 1.
3247 4045 3376 4101 Tim.
3409 4050 3462 4102 6.
3493 4051 3579 4106 15.
3613 4052 3678 4108 16

2179 4118 2305 4175 llaec
2335 4137 2438 4176 non
2461 4139 2578 4178 mea
2608 4137 2752 4194 sunt,
2781 4131 2873 4185 sed
2899 4131 3047 4187 Pauli
3073 4135 3255 4190 verba.
3275 4139 3353 4193 Tu
3380 4141 3538 4196 velim
3561 4145 3765 4200 animas

2180 4210 2323 4266 illius
2380 4213 2628 4282 pietatem
2674 4220 2983 4278 consideres
3011 4266 3026 4292 ,
3071 4242 3416 4300 amoremque
3453 4247 3756 4293 summum:

2176 4315 2296 4357 cum
2317 4304 2458 4358 enim
2479 4305 2572 4360 Dei
2602 4310 2862 4375 meminit,
2887 4328 2992 4366 non
3024 4326 3148 4370 ante
3187 4317 3240 4371 in
3277 4321 3469 4376 seriem
3501 4322 3762 4381 doctrina)

2181 4394 2422 4461 procedit
2466 4412 2623 4466 quam
2650 4399 2889 4456 debitum
2919 4419 3075 4459 suum
3114 4409 3395 4479 exsolvat,
3447 4427 3569 4468 cum
3600 4415 3762 4471 laude

2178 4498 2481 4542 sermonem
2519 4490 2792 4546 claudens.
2825 4494 2956 4550 Nam
2987 4498 3048 4552 Si
3088 4502 3327 4554 memoria
3341 4504 3473 4572 justi
3498 4522 3612 4559 cum
3638 4507 3759 4561 latu-

2177 4575 2322 4630 dibus
2375 4578 2556 4650 (Prov.
2593 4581 2678 4636 10.
2714 4583 2802 4655 7),
2845 4586 3012 4642 multo
3037 4591 3202 4660 magis
3233 4595 3488 4650 memoria
3517 4596 3611 4652 Dei
3635 4613 3761 4654 cum

2179 4669 2567 4729 benedictione.
2602 4673 2833 4746 ldipsum
2863 4695 2990 4734 vero
3011 4681 3134 4737 facit
3153 4683 3206 4738 in
3233 4685 3468 4742 exordiis
3499 4690 3760 4758 epistola-

2177 4777 2315 4816 rum.
2349 4763 2556 4834 Saepius
2580 4768 2722 4822 enim
2751 4770 3030 4840 epistolam
3054 4775 3298 4840 ordiens,
3330 4777 3464 4833 facta
3492 4779 3588 4835 Dei
3608 4797 3764 4837 men-

2177 4854 2320 4911 tione
2346 4898 2362 4924 ,
2396 4873 2500 4912 non
2543 4860 2689 4928 prius
2731 4862 2798 4917 ad
2845 4863 3136 4921 doctrinam
3179 4870 3416 4938 procedit
3459 4888 3618 4944 quam
3647 4875 3763 4932 Deo

2175 4946 2405 5003 debitam
2433 4949 2640 5006 laudem
2667 4953 2998 5027 gloriamque
3024 4958 3250 5018 dederit.
3277 4963 3413 5019 Audi
3451 4967 3576 5036 qttid
3618 4969 3760 5024 scri-

2175 5037 2308 5093 bens
2331 5040 2397 5094 ad
2427 5041 2638 5099 Galatas
2658 5045 2798 5102 dicat
2824 5065 2839 5101 :
2872 5048 3048 5104 Gratia
3063 5053 3198 5108 vobis
3218 5066 3264 5108 et
3279 5073 3384 5126 pax
3405 5075 3438 5111 a
3465 5058 3571 5114 Deo
3600 5059 3764 5120 Patre

2175 5141 2346 5186 nostro
2375 5141 2420 5186 et
2464 5133 2683 5190 Domino
2708 5149 2880 5194 nostro
2903 5141 3028 5197 Jesu
3057 5145 3272 5212 Christo,
3303 5151 3390 5218 qui
3408 5151 3546 5204 dedit
3573 5163 3759 5207 semet-

2175 5220 2342 5290 ipsum
2370 5240 2463 5294 pro
2489 5229 2705 5293 peccatis
2729 5232 2911 5286 nostris
2929 5273 2944 5296 ,
2977 5244 3032 5288 ut
3059 5237 3270 5306 eriperet
3295 5256 3386 5294 nos
3419 5241 3483 5302 de
3523 5244 3761 5312 presenti

2175 5318 2360 5370 saeculo
2382 5335 2594 5388 nequam
2618 5323 2890 5376 secundm
2911 5327 3214 5382 voluntatem
3248 5330 3340 5384 Dei
3363 5343 3409 5386 et
3438 5332 3610 5388 Patris
3632 5376 3648 5402 ,
3675 5337 3762 5389 cui

2175 5408 2340 5480 gloria
2381 5409 2433 5463 in
2470 5413 2678 5466 saecula.
2733 5413 2894 5469 Amen
2933 5413 2952 5487 (
2982 5417 3100 5474 Gal.
3145 5420 3191 5473 l.
3225 5423 3318 5481 3-5
3347 5423 3394 5492 )._
3421 5423 3763 5494 Rursumun

2177 5497 2348 5552 alibi:
2387 5499 2510 5570 Regi
2537 5511 2704 5556 autem
2755 5507 3055 5561 necatorum
3091 5510 3367 5579 immortali
3401 5523 3448 5568 et
3488 5515 3760 5584 intisibifi;

2235 5698 2255 5774 ξ
2289 5696 2486 5774 Quidam
2507 5707 2615 5774 μεθ.
2640 5699 2839 5774 addunt.
2874 5701 3146 5774 inﬁnitum._

2235 5761 2255 5792 ²
2288 5760 2482 5817 Quidam
2505 5768 2610 5812 Mss.
2638 5763 2834 5829 addunt,
2866 5760 3169 5831 archangeli;
3204 5766 3573 5823 inscrutabilan.
