4050 6160
381 257 476 314 721

373 367 491 423 τῶν
527 363 775 430 αίώνων,
832 361 1141 434 ἀφθάρτῳ,
1184 361 1434 428 ἀοράτῳ,
1479 359 1646 428 μόνῳ
1697 357 1869 428 σοφῷ
1915 356 2037 423 Θεῷ

371 454 510 525 τιμὴ
540 454 637 508 καί
662 453 811 517 δόξα
838 453 926 516 είς
960 449 1100 515 τοὺς
1126 448 1366 512 αίῶνας.
1410 443 1607 515 Ἀμήν.
1642 440 1789 516 Ἆρα
1819 441 1911 499 οὖν
1947 443 2042 497 ἐπὶ

372 543 468 596 τοῦ
493 541 707 612 [ἰατρὸς
735 537 866 592 αὑτὸ
885 538 1029 590 ποιεῖ
1041 535 1223 607 μόνον,
1255 534 1345 586 ἐπὶ
1364 532 1419 586 δὲ
1441 533 1532 585 τοῦ
1563 531 1695 585 Υἱοῦ
1718 532 1816 602 οὑχ
1839 531 2039 594 οὖτωςς

378 630 645 683 ’Ἄκουσον
673 626 804 696 γοῦν
862 624 979 687 πῶς
1029 623 1122 676 καὶ
1176 621 1272 674 ἐπὶ
1319 619 1412 673 τοῦ
1446 618 1782 688 Μονογενοῦς
1819 617 1882 670 τὸ
1912 616 2044 671 αὑτὸ

373 717 532 772 τοῦτο
584 714 920 786 πεποίηκεν
967 710 1134 764 εἰπὼν
1176 709 1283 779 γάρ
1327 708 1430 771 ὅτι,
1461 709 1747 776 Ηὺχόμην
1781 705 2045 776 ἀνάθεμα

373 802 526 859 εἶναι
561 802 681 858 ἀπὸ
726 800 834 855 τοῦ
862 796 1120 866 Χριστοῦ
1157 794 1309 864 ὑπὲρ
1339 793 1456 848 τῶν
1481 792 1761 863 ἀδελφῶν
1779 811 1899 863 μου
1925 791 2046 846 τῶν

372 889 688 962 συγγενῶν
697 906 818 958 μου
849 884 1000 938 κατά
1033 883 1251 952 σάρκα,
1294 883 1575 954 ἐπήγαγεν
1601 897 1614 912 ⁸
1652 875 1764 934 ’Ὧν
1787 881 1825 947 ἠ
1857 883 2046 934 υἱοθε-

373 981 500 1046 σία,
534 977 633 1033 καὶ
689 979 748 1032 al
793 971 1090 1039 διαθῆκαι,
1135 972 1233 1025 καί
1271 971 1310 1038 ’ἠ
1349 970 1692 1040 νομοθεσία,
1723 968 1820 1022 καὶ
1851 971 2043 1022 al.10-

374 1067 573 1137 τρεῖαι,
599 1064 697 1117 καί
731 1065 791 1116 αι
817 1060 1197 1130 ἐπαγγελίαι·
1225 1058 1293 1122 ἐξ
1339 1046 1428 1109 ὧν
1459 1060 1490 1111 d
1516 1055 1770 1126 Χριστός
1796 1057 1864 1110 τὸ
1893 1055 2047 1110 κατὰ

371 1154 588 1220 σάρκα,
629 1153 662 1204 ό
715 1147 801 1201 ὢν
849 1147 948 1200 ἐπὶ
985 1145 1226 1198 ,πάντων
1265 1143 1408 1208 Θεὸς
1435 1141 1764 1212 εὐλογητὸς
1797 1144 1884 1208 εις
1905 1141 2048 1204 τοὺς

370 1239 608 1304 αίῶνας.
649 1235 855 1306 Ἀμήν.
887 1236 1096 1305 Ὥσπερ
1161 1232 1267 1302 γάρ
1313 1230 1390 1301 τῷ
1437 1231 1632 1301 Πατρῖ,
1663 1230 1806 1283 οὑτω
1845 1229 2046 1299 καὶτῷ

375 1330 678 1396 Μονογενεῖ
696 1325 794 1395 τὴν
819 1323 1125 1391 δοξολογίαν
1147 1321 1410 1392 πρότερον
1427 1319 1677 1381 ἀποδοὺς,
1700 1318 1820 1370 τότε
1837 1317 1929 1370 ἐπὶ
1947 1316 2046 1386 τὴν

372 1415 702 1471 ἀκολουθίαν
747 1409 878 1484 ἦλθε
925 1410 1018 1464 τοῦ
1052 1409 1241 1477 λόγον’
1282 1407 1482 1476 ἢκουσε
1522 1405 1630 1476 γάρ
1674 1404 1766 1458 τοῦ
1804 1402 2044 1476 Χριστοῦ

370 1503 616 1573 λέγοντος
638 1519 652 1534 ’
675 1501 795 1556 Ἵνα
818 1499 1039 1563 πάντες
1064 1493 1273 1565 τιμῶσι
1296 1494 1401 1547 τὸν
1426 1493 1582 1557 Υίὸν,
1610 1493 1803 1557 καθὼς
1826 1489 2041 1560 τιμῶσι

371 1589 479 1645 τὸν
505 1587 756 1657 Πατέρα.
814 1586 945 1647 Καὶ,
1003 1585 1090 1638 ἵνα
1123 1582 1332 1654 μάθητε
1374 1582 1456 1634 ὅτι
1489 1579 1627 1648 αὑτὴ
1660 1579 1792 1649 ἡμῖν
1835 1579 1869 1647 ἡ
1907 1577 2041 1648 εύχὴ

372 1676 595 1748 παρέξει
616 1675 714 1746 τὴν
735 1672 1030 1739 ἀπόδειξιν,
1060 1671 1190 1740 φέρε
1221 1667 1390 1738 αὑτὴν
1413 1669 1491 1730 εἰς
1517 1665 1682 1738 μέσον
1711 1664 2009 1733 ἀγάγωμεν
2029 1679 2043 1692 ·

383 1763 448 1818 '0
482 1761 780 1826 Βασιλεὺς
826 1759 944 1813 τῶν
989 1757 1471 1822 βασιλευόντων,
1512 1753 1667 1823 φησὶ,
1705 1752 1803 1806 καὶ
1833 1752 2048 1818 Κύριος

370 1848 489 1902 τῶν
537 1847 954 1915 κυριευόντων,
1007 1848 1040 1899 ὀ
1078 1844 1269 1913 μόνος
1305 1842 1464 1911 ἔχων
1509 1839 1872 1904 ἀθανασίαν,
1921 1835 2048 1907 φῶς

370 1935 548 1990 οἰκῶν
567 1934 910 2002 ἀπρόσιτον.
955 1930 1222 1984 Ἐνταῦθα
1258 1929 1437 2000 στῆθι,
1486 1927 1582 1980 καὶ
1633 1924 1910 1998 ἐρώτησον
1955 1923 2047 1978 τὸν

371 2022 662 2092 αἱρετικὸν,
697 2020 748 2073 τί
779 2019 909 2072 ποτέ
939 2021 1054 2072 ἐστι
1087 2016 1266 2079 τοῦτο,
1296 2016 1358 2070 τὸ
1386 2013 1502 2084 φῶς
1532 2013 1696 2067 οἰκῶν
1726 2011 2045 2082 ἀπρόσιτον,

371 2109 464 2162 καὶ
517 2108 747 2179 πρόσεχε
777 2109 844 2178 τῇ
874 2104 1127 2176 ἀκριϐείᾳ
1162 2103 1256 2156 τοῦ
1301 2101 1539 2154 Παύλου.
1577 2099 1693 2152 Οὑκ
1749 2095 1894 2160 εἶπε,
1929 2099 2048 2160 Φῶς

371 2196 446 2248 ών
477 2196 792 2265 ἀπρόσιτον,
817 2192 973 2254 ἀλλά,
1000 2190 1127 2255 Φῶς
1145 2187 1324 2242 οίκῶν
1344 2187 1708 2256 ἀπρόσιτον·
1742 2185 1829 2239 ἵνα
1863 2184 2048 2256 μάθῃς

371 2283 456 2335 ὅτι
504 2283 553 2334 εί
580 2283 608 2333 6
639 2277 786 2341 οἶκος
816 2277 1127 2348 ἀπρόσιτος,
1160 2273 1311 2344 πόσῳ
1345 2272 1542 2344 μᾶλλον
1573 2274 1602 2325 6
1632 2270 1856 2326 ἐνοικῶν
1884 2271 2048 2325 αὑτὸν

372 2369 524 2431 Θεός.
549 2367 732 2420 Ταῦτα
769 2365 827 2419 δέ
887 2365 1093 2432 ἔλεγεν,
1138 2361 1236 2432 οὑχ
1286 2361 1371 2414 ἴνα
1413 2356 1560 2413 οἷκον
1603 2359 1698 2412 καὶ
1729 2358 1894 2411 τόπον
1921 2358 2050 2427 περὶ

372 2455 504 2511 Θεὸν
530 2453 897 2524 ὑποπτεύσῃς,
919 2452 1034 2504 ἀλλ’
1063 2449 1152 2504 ἴνα
1196 2452 1261 2502 ἐκ
1298 2447 1497 2518 πολλῆς
1521 2447 1620 2517 τῆς
1651 2443 1967 2517 περιουσίας
1987 2443 2048 2498 τὸ

373 2544 755 2613 ἀκατάληπτον
788 2541 984 2612 μάθῃς.
1020 2539 1160 2592 Ἀλλ’
1181 2537 1302 2590 οὑδέ
1333 2535 1446 2606 φῶς
1474 2534 1640 2589 οίκῶν
1665 2534 2048 2598 ἀκατάληπτον

372 2629 546 2696 εἶπεν,
581 2631 716 2685 ἀλλά
739 2630 1055 2701 ἀπρόσιτον,
1083 2627 1111 2680 ὃ
1140 2626 1234 2679 τοῦ
1261 2624 1642 2694 ἀκαταλήπτου
1667 2621 1846 2692 πολλῷ
1869 2622 2048 2693 μεῖζόν

372 2724 507 2774 ἐστι.
544 2721 616 2772 Τὸ
649 2721 744 2788 μὲν
769 2717 878 2786 γάρ
906 2713 1287 2783 ἀκατάληπτον
1313 2711 1550 2780 λέγεται,
1581 2711 1720 2763 ὅταν
1758 2708 2048 2780 ἐρευνηθέν

373 2813 467 2864 καὶ
493 2809 723 2880 ζητηθέν
757 2808 831 2878 μὴ
873 2803 1196 2873 καταληφθῇ
1233 2803 1384 2872 παρὰ
1412 2800 1520 2852 τῶν
1543 2798 1855 2871 ζητούντων
1876 2797 2007 2851 αὐτό
2029 2813 2045 2830 ·

374 2898 668 2968 ἀπρόσιτον
696 2895 752 2948 δέ
785 2896 954 2957 ἐστιν,
982 2891 1011 2945 δ
1060 2890 1196 2962 μηδὲ
1241 2887 1566 2962 ἐρευνᾶσθαι
1609 2886 1859 2956 ἀνέχεται
1899 2897 1925 2926 ι
1951 2884 2048 2957 τὴν

375 2984 570 3056 ἀρχὴν,
602 2980 755 3054 [465]
791 2980 926 3051 μηδέ
972 2980 1138 3047 ἐγγὺς
1193 2975 1356 3030 αὑτοῦ
1401 2973 1652 3043 γενέσθαι
1681 2989 1766 3036 τις
1798 2972 2045 3027 δύναται.

375 3069 500 3127 Οἷον
524 3070 903 3140 ἀκατάληπτον
927 3068 1144 3136 λέγεται
1173 3066 1429 3134 πέλαγος,
1451 3066 1532 3128 είς
1558 3064 1586 3117 δ
1614 3061 1896 3126 καθιέντες
1924 3063 2050 3115 ἐαυ-

374 3162 500 3225 τοὺς
527 3161 577 3213 οί
633 3157 992 3228 κολυμϐηταὶ,
1022 3156 1117 3208 καὶ
1146 3154 1282 3226 πρὸς
1317 3154 1452 3207 πολὺ
1488 3151 1929 3221 καταφερόμενοι
1953 3149 2051 3220 βά-

377 3247 490 3311 θος,
523 3247 584 3299 τὸ
619 3246 792 3318 πέρας
822 3242 1176 3299 ἀδυνατοῦσιν
1204 3240 1382 3312 εὑρεῖν
1403 3255 1416 3269 ·
1460 3238 1753 3309 ἀπρόσιτον
1786 3237 1844 3291 δὲ
1875 3239 2052 3290 ἐκεῖνο

377 3333 613 3402 λέγεται,
662 3331 691 3385 ὃ
746 3331 882 3402 μήτε
925 3328 1025 3399 τὴν
1073 3326 1247 3399 ἀρχὴν
1289 3324 1592 3398 ζητηθῆναι
1619 3324 1863 3390 δυνατὸν,
1914 3323 2051 3395 μηδὲ

378 3419 762 3492 ἐρευνηθῆναι.

449 3508 520 3577 γ’.
539 3508 604 3560 Τί
636 3505 774 3576 πρὸς
795 3503 968 3557 ταῦτα
988 3502 1055 3557 ἂν
1085 3499 1288 3566 εἴποιςς
1331 3499 1493 3554 Ἀλλά
1517 3497 1844 3570 ἀνθρώποις,
1862 3497 2049 3568 φησὶν,

377 3595 786 3665 ἀκατάληπτον,
809 3591 931 3662 οὑχὶ
950 3591 1007 3643 δὲ
1026 3589 1298 3658 ἀγγέλοις,
1327 3587 1448 3642 οὑδὶ
1475 3591 1590 3650 ταῖς
1620 3587 1733 3641 ἀνω
1763 3587 2048 3657 δυνάμεσι.

381 3686 454 3738 Σὺ
507 3683 606 3753 μέν
653 3676 746 3735 οῦν
789 3678 1018 3747 ἄγγελος
1077 3675 1163 3740 εἱ,
1208 3675 1327 3729 είπέ
1381 3692 1493 3746 μοι,
1532 3675 1625 3728 καὶ
1652 3677 1730 3738 είς
1762 3675 1853 3729 τὸν
1893 3675 2053 3746 χορὸν

378 3770 490 3824 τῶν
517 3767 827 3839 ἀσωμάτων
859 3764 1142 3835 δυνάμεων
1159 3763 1330 3826 τελεῖς
1357 3779 1373 3827 ;
1408 3762 1529 3832 οὑχὶ
1557 3760 1844 3832 ἄνθρωπος
1869 3757 1939 3827 εἷ,
1957 3763 2053 3816 καὶ

377 3861 481 3930 τῆς
504 3857 673 3926 αὐτῆς
697 3854 889 3917 οὐσίας
914 3852 1058 3923 ἐμοὶ,
1095 3851 1129 3922 ἢ
1159 3851 1256 3904 καὶ
1297 3851 1398 3921 τῆς
1439 3848 1652 3918 φύσεως
1693 3847 2048 3921 ἐπιλέλησαις

379 3946 579 4016 Θῶμεν
606 3946 714 4015 γάρ
741 3941 1040 4015 ἀπρόσιτον
1060 3937 1369 4010 ἀνθρώποις
1406 3935 1547 3991 εἶναι
1573 3937 1754 4008 μόνον,
1784 3937 1962 3991 καίτοι
1985 3955 2052 4007 γε

377 4032 537 4089 τοῦτο
557 4034 618 4086 οὑ
649 4032 995 4104 πρόσκειται,
1031 4027 1152 4082 οὐδὲ
1175 4021 1327 4080 εἶπεν
1360 4028 1389 4079 6
1418 4025 1660 4089 Παῦλος
1718 4025 2055 4096 Ἀνθρώποις

382 4123 482 4194 μὲν
509 4121 624 4190 φῶς
649 4118 815 4174 οίκῶν
848 4117 1166 4188 ἀπρόσιτον,
1195 4114 1447 4184 ἀγγέλοις
1473 4113 1531 4168 δὲ
1582 4113 1683 4167 οὑκ
1716 4114 2010 4185 ἀπρόσιτον
2030 4131 2046 4147 ο

379 4210 519 4282 πλὴν
547 4210 686 4273 ἀλλ’,
737 4209 786 4261 εί
836 4206 1039 4279 βούλει,
1093 4203 1238 4258 κατά
1292 4201 1640 4274 συγχώρησιν
1679 4200 1896 4273 θῶμενο
1930 4203 2052 4274 οὐχὶ

378 4301 476 4355 καὶ¹
501 4299 664 4362 αὐτὸς
696 4297 983 4369 ἄνθρωπος
1015 4290 1100 4360 εἷς
1148 4291 1214 4346 Τί
1250 4286 1343 4346 οὖν
1373 4293 1423 4344 εί
1450 4290 1543 4344 καὶ
1561 4289 1814 4359 ἀγγέλοις
1841 4290 2047 4363 ἀπρόσ·

379 4402 492 4443 ιτον
533 4386 607 4456 μὴ
642 4378 698 4458 ᾖ,
722 4385 777 4437 τί
805 4383 966 4436 τοῦτο
1000 4381 1136 4452 πρὸς
1179 4380 1240 4432 σέ
1265 4379 1355 4433 τὸν
1386 4376 1792 4447 φιλονεικοῦντα
1837 4378 1930 4432 καὶ
1952 4395 2047 4430 πει

380 4473 809 4546 ριεργαζόμενον
831 4471 927 4524 καὶ
977 4469 1206 4536 λέγοντα
1249 4465 1566 4538 ἀνθρωπίνῃ
1603 4465 1763 4534 φύσει
1804 4465 2048 4535 καταλη-
2074 4490 2093 4501 .

378 4559 520 4630 πτὴν
547 4555 686 4612 εἶναι
716 4559 814 4626 τὴν
837 4556 1026 4609 οὑσίαν
1059 4555 1313 4623 ἐκείνην;
1353 4553 1473 4606 Ἵνα
1505 4553 1561 4605 δέ
1596 4550 1794 4624 μάθῃς,
1828 4552 1912 4605 ὅτι
1948 4551 2050 4604 οὑκ

377 4644 687 4716 ἀνθρώποις
723 4644 913 4715 μόνον,
955 4641 1094 4697 ἀλλά
1131 4641 1228 4695 καὶ
1267 4642 1390 4703 ταῖς
1418 4638 1530 4692 ἀνω
1573 4638 1866 4708 δυνάμεσίν
1900 4639 2048 4694 ἐστιν

377 4733 692 4804 ἀπρόσιτος,
750 4732 983 4786 ἄκουσον
1013 4729 1042 4781 6
1079 4728 1304 4791 Ἡσαΐας
1351 4727 1404 4780 τί
1434 4734 1598 4796 φησιν
1619 4743 1633 4756 ·
1664 4727 1792 4780 ὅταν
1815 4725 1872 4779 δέ
1909 4726 2048 4779 εἴπω

377 4821 470 4875 τὸν
519 4821 760 4883 Ἡσαΐαν,
791 4817 886 4872 τοῦ
917 4816 1234 4887 Πνεύματος
1261 4815 1360 4885 τὴν
1394 4813 1667 4880 ἀπόφασιν
1699 4813 1845 4881 λέγω
1866 4829 1881 4843 ο
1909 4830 2047 4884 προ-

380 4911 558 4979 φήτης
577 4906 687 4977 γὰρ
720 4907 829 4968 πᾶς
851 4906 919 4957 τά
945 4904 1045 4974 τῆς
1085 4902 1180 4956 τοῦ
1209 4901 1526 4972 Πνεύματος
1561 4899 1843 4970 ἐνεργείας
1878 4899 2046 4970 φθέγ-

379 5011 535 5064 γεται
558 5010 571 5022 ·
603 4993 712 5048 Kal
739 4992 977 5062 ἐγένετο
1009 4990 1116 5045 τοῦ
1143 4991 1317 5055 ἔτους
1353 4988 1381 5028 ιι
1409 4983 1480 5044 οὗ
1522 4987 1823 5042 ἀπέθανεν
1861 4986 2047 5054 Ὀζίας

380 5085 414 5137 ὁ
442 5081 762 5146 βασιλεὺς,
785 5075 950 5132 εἶδον
975 5077 1084 5131 τὸν
1098 5078 1319 5145 Κύριον
1341 5074 1683 5143 καθήμενον
1707 5074 1805 5128 ἐπὶ
1829 5075 2046 5142 θρόνου

379 5166 625 5236 ὑψηλοῦ
648 5167 747 5220 καὶ
771 5163 1129 5234 ἐπηρμένου,
1153 5165 1250 5218 καί
1281 5162 1354 5217 τὰ
1375 5161 1636 5230 Σεραφίμ
1655 5159 2048 5225 είστήκεισαν

378 5256 582 5321 κύκλῳ
605 5252 811 5318 αὐτοῦ,
852 5252 921 5317 ἐξ
949 5252 1238 5322 πτέρυγες
1268 5250 1347 5317 τῷ
1368 5250 1479 5313 ἐνί,
1510 5248 1609 5304 καί
1651 5246 1720 5312 ἐξ
1750 5248 2042 5318 πτέρυγες

379 5342 459 5408 τῷ
495 5342 606 5403 ἐν),
643 5341 741 5396 καί
780 5341 907 5406 ταῖς
929 5340 1044 5409 μὲν
1075 5339 1218 5394 δυσί
1246 5337 1701 5393 κατεκωυπτον
1744 5334 1816 5389 τὰ
1857 5338 2046 5405 πρόσ-

379 5446 510 5483 ωπα
534 5431 752 5493 αὐτῶν,
783 5429 912 5495 ταῖς
955 5428 1022 5482 δὲ
1045 5427 1186 5482 δυσί
1214 5426 1354 5494 τοὺς
1383 5424 1590 5491 πόδας.
1641 5424 1800 5487 Τίνος
1830 5424 2037 5488 ἕνεκεν,

431 5591 458 5621 ⁸
479 5603 724 5668 μονοιεῑ
746 5605 930 5668 aliquo}.
963 5618 1075 5654 mss.
1103 5605 1225 5665 μηδὲ
1259 5568 1800 5668 ἐρευνᾶσθαι-ἀνέχεται.
1841 5602 1936 5656 Alii
1984 5607 2038 5654 οι

552 5666 681 5728 μηδὲ
688 5663 872 5728 ἐρεύνής
889 5663 1120 5728 ἀνέχεται.
1286 5663 1296 5668 ’
1554 5706 1575 5722 _.

439 5725 468 5768 Ι)
484 5722 585 5777 Alii
601 5723 687 5773 τοῦ
705 5722 938 5776 ἐνιαυτοῦ.

1153 248 1213 303 S.
1250 243 1538 303 JOANNIS
1583 240 2062 300 CHRYSOSTOMI
2104 239 2427 302 ARCHIEP.
2466 246 3014 304 CONSTANTINOP.

3703 249 3813 308 722

2143 357 2263 410 είπέ
2308 376 2419 429 μοι,
2467 361 2799 418 καλύπτουσι
2836 363 2906 416 τά
2949 359 3216 434 πρόσωπα
3263 359 3356 415 καὶ
3406 360 3809 432 προϐάλλονται

2139 443 2238 509 τὰς
2267 447 2576 520 πτέρυγας;
2612 451 2767 514 Τίνος
2794 450 2849 504 δέ
2879 449 3068 503 ἐνεκεν
3090 448 3297 520 ἐτέρου,
3329 449 3498 521 ἀλλ’ἢ
3525 449 3614 504 διά
3641 451 3701 505 τὸ
3729 450 3810 520 μὴ

2141 533 2324 605 φέρειν
2356 534 2452 607 τὴν
2481 538 2546 589 ἐκ
2599 538 2692 592 τοῦ
2745 537 2936 609 θρόνου
2967 535 3226 607 πηδῶσαν
3263 536 3550 609 ἀστραπὴν
3581 540 3677 592 καὶ
3699 544 3808 600 τάς

2136 623 2508 695 μαρμαρυγὰς
2537 625 2784 691 ἐκείνας;
2820 626 3015 679 Καίτοι
3043 641 3108 692 γε
3140 624 3241 677 οὐκ
3266 625 3399 678 αὑτὸ
3436 625 3674 697 ἄκρατον
3703 625 3812 680 ιὼ-

2142 726 2251 780 ρων
2279 710 2340 763 τδ
2369 711 2503 779 φῶς.
2535 713 2648 765 οὐδ’
2669 713 2838 785 αὐτὴν
2868 713 3142 785 ἀκραιφνῆ
3159 713 3258 784 τὴν
3284 713 3493 776 οὐσίαν,
3516 713 3654 768 ἀλλά
3678 730 3813 782 συγ-

2140 797 2439 862 κατάσασις
2465 794 2534 870 ἦν
2577 801 2645 854 τά
2671 800 2945 871 δρώμενα.
3001 801 3066 854 Τί
3108 801 3168 854 δέ
3201 802 3316 854 ἐστι
3357 801 3808 871 συγκατάϐασιςς

2145 885 2311 936 Ὅταν
2338 885 2412 957 μὴ
2430 885 2505 949 ὼς
2524 886 2668 940 ἐστιν
2693 890 2722 941 ό
2749 888 2879 952 Θεὸς
2901 888 3178 959 φαίνηται,
3217 889 3330 943 ἀλλ’
3357 889 3434 954 ώς
3455 892 3482 944 ό
3506 890 3810 961 δυνάμενος

2143 971 2303 1025 αὑτὸν
2327 972 2547 1045 θεωρεῖν
2573 969 2682 1038 οἷός
2705 975 2764 1028 τέ
2788 977 2955 1041 ἐστιν,
2986 975 3158 1040 οὕτως
3186 976 3377 1030 ἐαυτὸν
3408 977 3651 1050 δεικνύῃ,
3680 981 3812 1033 ἐπι-

2146 1059 2359 1130 μετρῶν
2387 1063 2452 1131 τῇ
2489 1059 2598 1115 τῶν
2631 1061 2880 1132 ὁρώντων
2904 1062 3161 1133 ἀσθενείᾳ.
3200 1064 3301 1134 τῆς
3339 1064 3517 1133 ὂψεως
3554 1066 3653 1137 τὴν
3686 1067 3813 1121 ἐπί-

2141 1148 2461 1212 δειξιννΚαὶ
2497 1149 2579 1202 ὅτι
2614 1150 3016 1218 συγκατάόασις
3036 1147 3124 1223 ἦν,
3160 1153 3218 1218 ἐξ
3241 1151 3423 1205 αὑτῶν
3467 1152 3575 1207 τῶν
3626 1155 3814 1225 ῥημά-

2142 1251 2248 1288 των
2292 1236 2481 1307 δῆλον·
2509 1234 2692 1292 Εἶδον
2714 1237 2844 1308 γὰρ,
2886 1238 3042 1308 φησὶ,
3074 1240 3180 1292 τὸν
3209 1241 3429 1308 Κιὶριον
3469 1241 3814 1311 καθήμενον

2141 1323 2239 1377 ἐπὶ
2271 1325 2490 1392 θρόνου
2520 1326 2762 1394 ὑψηλοῦ
2791 1326 2890 1379 καί
2903 1327 3270 1396 ἐπηρμένου·
3300 1328 3432 1391 Θεὸς
3466 1328 3523 1381 δὲ
3549 1329 3610 1382 οὑ
3634 1330 3814 1402 κάθης-

2141 1427 2231 1464 ται
2255 1429 2267 1441 ·
2299 1413 2566 1482 σωμάτων
2588 1413 2696 1484 γὰρ
2717 1415 2744 1466 ό
2765 1414 3143 1485 σχηματισμὸς
3174 1407 3332 1478 οὗτος
3351 1432 3366 1447 ο
3414 1418 3511 1470 καὶ
3539 1417 3639 1470 ἐπὶ
3669 1420 3810 1486 θρό-

2142 1517 2274 1564 νου,
2313 1502 2444 1564 Θεὸς
2489 1501 2547 1555 δέ
2575 1502 2750 1573 θρόνῳ
2789 1503 2889 1556 οὑκ
2922 1505 3381 1577 ἐμπεριείληπται
3406 1516 3429 1545 ε
3460 1546 3474 1568 ,
3502 1507 3814 1578 ἀπερίγρα-

2145 1605 2277 1643 πτον
2303 1588 2414 1660 γὰρ
2449 1589 2510 1644 τὸ
2536 1590 2698 1644 θεῖον.
2740 1590 2878 1644 Ἀλλ’
2911 1591 3060 1661 ὅμως
3093 1592 3214 1645 οὑδὲ
3251 1594 3651 1661 συγκατάδασιν
3681 1595 3814 1664 ἡδυ-

2143 1676 2385 1747 νήθησαν
2423 1674 2685 1745 ἐνεγκεῖν,
2722 1677 2898 1732 καίτοι
2927 1679 3155 1749 πλησίον
3175 1679 3412 1734 ἑστῶσαι
3436 1699 3451 1715 ο
3484 1682 3557 1736 τά
3577 1684 3686 1754 γὰρ
3709 1686 3815 1738 Σε-

2138 1764 2328 1831 ραφὶμ
2376 1762 2761 1829 είστήκεισαν
2805 1767 3009 1828 κύκλῳ
3038 1766 3246 1821 αὐτοῦ.
3295 1767 3374 1821 Δι’
3412 1768 3544 1821 αὑτὸ
3577 1769 3676 1840 μὲν
3715 1765 3813 1824 οὖν

2147 1849 2384 1919 μάλιστα
2409 1851 2565 1905 τοῦτο
2594 1853 2694 1905 οὑκ
2719 1853 2942 1922 ἴσχυσαν
2973 1853 3121 1916 ἰδεῖν,
3152 1854 3337 1926 ἐπειδὴ
3370 1855 3596 1925 πλησίον
3627 1852 3770 1928 ἦσαν
3790 1873 3809 1889 ’

2143 1935 2369 2006 πλησίον
2405 1937 2461 1990 δὲ
2480 1937 2549 1996 ,ού
2582 1938 2733 2008 τόπῳ
2775 1940 2939 2010 φησὶν
2959 1979 2973 2002 ,
3007 1939 3145 1993 ἀλλά
3177 1940 3345 2007 δεῖξαι
3390 1941 3711 2013 βουλόμενος
3747 1943 3814 1998 τὸ

2144 2024 2366 2095 Πνεῦμα
2393 2026 2456 2079 τὸ
2485 2026 2658 2095 ἀγιον,
2687 2027 2790 2091 ὅτι,
2819 2027 2998 2081 καίτοι
3033 2045 3097 2097 γε
3124 2029 3283 2098 ἡμῶν
3314 2028 3607 2101 ἐγγύτεραι
3649 2026 3811 2084 οὖσαι

2143 2114 2207 2182 τῇ
2235 2112 2392 2182 οὐσίᾳ
2440 2113 2644 2186 ἐκείνῃ,
2689 2114 2812 2168 οὐδὲ
2846 2114 3018 2179 οὑτως
3074 2115 3242 2187 αὐτὴν
3271 2115 3810 2189 δύναντακθεωρείν,

2142 2198 2229 2252 διὰ
2257 2199 2413 2253 τοῦτό
2441 2218 2594 2270 φησι,
2623 2202 2734 2256 Καὶ
2774 2201 2847 2256 τὰ
2877 2203 3142 2274 Σεραεοὶμ
3178 2203 3564 2271 είστήκεισαν
3606 2207 3815 2275 κύκλῳ
3855 2245 3858 2248 .

2144 2288 2352 2351 αὐτοῦ,
2383 2289 2506 2358 οὑχὶ
2541 2289 2705 2343 τόπον
2731 2290 2892 2345 πάλιν
2925 2291 3293 2360 αἰνιττόμενος
3318 2338 3332 2356 ,,
3363 2291 3501 2346 ἀλλὰ
3546 2296 3612 2364 τῇ
3665 2295 3815 2349 κατὰ

2142 2373 2236 2427 τὸν
2269 2373 2432 2428 τόπον
2465 2376 2720 2447 ἐγγύτητι
2744 2378 2805 2430 τὸ
2826 2377 2986 2448 ἡμῶν
3006 2378 3312 2450 ἐγγυτέρας
3335 2379 3505 2445 αὑτάς
3536 2377 3674 2434 εἶναι
3707 2399 3817 2437 πα-

2148 2460 2411 2532 ραδηλῶν.
2441 2461 2514 2515 Τὸ
2542 2462 2650 2535 γάρ
2687 2465 3076 2537 ἀκατάληπτον
3105 2467 3204 2536 οὑχ
3233 2466 3405 2530 οὕτως
3430 2469 3592 2538 ἡμεῖς
3630 2468 3811 2538 ἴσμεν,

2144 2547 2220 2612 ὡς
2242 2551 2445 2602 ἐκεῖναι
2464 2552 2517 2604 αί
2541 2551 2816 2623 δυνάμεις,
2835 2555 2945 2624 όσῳ
2965 2552 3250 2625 καθαρώτε
3258 2569 3350 2626 ραι
3379 2555 3475 2609 καὶ
3502 2554 3814 2627 σοφώτεραι

2144 2635 2240 2690 καὶ
2263 2635 2705 2710 διορατικώτεραι
2739 2641 2838 2710 τῆς
2859 2640 3210 2713 ἀνθρωπίνης
3239 2641 3455 2709 φύσεως
3488 2641 3618 2696 είσί.
3661 2643 3816 2696 Καθ-

2144 2721 2287 2794 άπερ
2311 2727 2419 2795 γάρ
2451 2725 2513 2778 τὸ
2538 2726 2645 2779 τῶν
2670 2727 2908 2796 ἡλιακῶν
2932 2727 3082 2799 [466]
3119 2728 3356 2782 ἀκτίνων
3389 2730 3687 2800 ἀπρόσιτον
3709 2730 3813 2801 οὑχ

2142 2810 2316 2875 οὑτως
2347 2807 2486 2866 οῐδεν
2503 2815 2531 2867 6
2559 2815 2754 2883 τυφλὸς
2782 2816 2857 2880 ώς
2884 2818 2912 2869 6
2930 2807 3164 2886 βλέπων,
3183 2816 3326 2870 οὑτω
3350 2818 3446 2872 καὶ
3475 2817 3536 2872 τὸ
3559 2817 3652 2871 τοῦ
3674 2817 3813 2873 Θεοῦ

2143 2899 2522 2968 ἀκατάληπτον
2541 2901 2638 2971 οὐχ
2667 2901 2840 2966 οὕτως
2870 2903 3031 2974 ἡμεῖς
3075 2902 3232 2974 ἴσμεν
3272 2904 3348 2967 ὡς
3377 2907 3605 2960 ἐκεῖναι.
3639 2906 3814 2960 Ὅσον

2144 2986 2252 3056 γάρ
2272 2986 2472 3056 τυφλοῦ
2506 2989 2600 3043 καὶ
2624 2989 2913 3060 βλέποντος
2931 2991 2993 3044 τὸ
3025 2992 3214 3060 μέσον,
3242 2990 3495 3044 τοσοῦτον
3523 2991 3683 3062 ἡμῶν
3714 2993 3814 3048 καὶ

2142 3074 2366 3129 ἐκείνων
2384 3075 2446 3128 τὸ
2465 3076 2742 3150 διάφορον.
2771 3078 2934 3131 Ὥστε
2967 3079 3071 3133 κᾶν
3111 3078 3209 3132 τοῦ
3239 3079 3522 3149 προφήτου
3555 3079 3816 3148 λέγοντος

2142 3163 2402 3236 ἀκούσῃς,
2437 3159 2620 3218 Εἶδον
2639 3164 2746 3218 τὸν
2758 3166 2998 3234 Κύρων,
3025 3167 3099 3238 μὴ
3118 3167 3276 3220 τοῦτο
3292 3166 3639 3239 ὑποπτεύσῃς
3654 3206 3670 3231 ,
3725 3169 3815 3223 ὅτι

2142 3249 2242 3320 τὴν
2261 3249 2447 3302 οὐσίαν
2472 3247 2616 3305 εἶδεν
2645 3251 2878 3323 ἐκείνην,
2909 3251 3025 3306 ἀλλ’
3058 3252 3226 3325 αὑτὴν
3245 3255 3346 3326 τὴν
3381 3254 3814 3325 συγκατάσασιν⁹

2143 3337 2239 3389 καὶ
2279 3336 2480 3407 ταύτην
2510 3338 2567 3391 δέ
2624 3338 3010 3412 ἀμυδρότερον,
3071 3342 3216 3412 ἡπερ
3259 3343 3315 3396 al
3365 3343 3478 3398 ἄνω
3522 3343 3816 3413 δυνάμειςο

2141 3424 2393 3478 τοσοῦτον
2435 3425 2544 3496 γάρ
2586 3426 2713 3480 ίδεῖν
2757 3427 2858 3480 οὑκ
2896 3428 2963 3481 ἂν
2991 3428 3227 3500 ἴσχυσεν,
3250 3431 3374 3484 ὅσον
3397 3431 3467 3484 τά
3505 3429 3814 3501 Χερουσίμ.

2213 3512 2255 3565 δ’
2263 3553 2276 3566 .
2306 3514 2413 3566 Καὶ
2434 3514 2487 3566 τί
2513 3515 2656 3583 λέγω
2670 3515 2912 3587 περὶτῆς
2930 3517 3436 3590 μακαρίαςὼιείνης
3450 3519 3659 3584 οὐσίας,
3676 3521 3815 3574 ὅπου

2142 3615 2208 3666 γε
2237 3600 2358 3652 ούδέ
2389 3600 2622 3668 ἀγγέλου
2649 3601 2837 3657 οὑσίαν
2872 3603 3096 3656 δυνατὸν
3135 3604 3408 3676 ἀνθρώπῳ
3451 3605 3590 3676 μετά
3626 3606 3818 3672 ἀδείας

2149 3687 2305 3751 ίδεῖν;
2336 3686 2442 3741 Καὶ
2467 3688 2553 3741 ἴνα
2583 3687 2792 3759 μάθητε
2811 3726 2828 3753 ,
2856 3689 2940 3743 δτι
2968 3688 3126 3743 τοῦτό
3158 3693 3306 3745 ἐστιν
3349 3692 3569 3763 ἀληθὲς,
3601 3692 3818 3765 ἀνθρω-

2147 3791 2247 3829 πον
2278 3776 2358 3838 είς
2388 3776 2550 3846 μέσον
2579 3775 2809 3847 παράξω
2841 3775 2977 3830 Θεοῦ
3025 3777 3202 3847 φίλον,
3251 3779 3567 3850 παρρησίαν
3618 3780 3814 3851 ἔχοντα

2146 3861 2346 3932 πολλὴν
2371 3861 2463 3915 ἐπὶ
2492 3863 2654 3935 σοφίᾳ
2687 3864 2781 3918 καὶ
2807 3863 3145 3935 δικαιοσύνῃ,
3180 3866 3273 3920 καὶ
3301 3866 3397 3920 ἐπὶ
3425 3867 3642 3932 πολλοῖς
3689 3861 3814 3922 ἑτέ-

2151 3966 2262 4021 ροις
2318 3949 2735 4022 μαρτυρηθέντα
2786 3952 3201 4023 κατορθώμασι,
3238 3953 3332 4008 τὸν
3380 3953 3534 4024 ἀγιον
3571 3957 3813 4028 Δανιήλο

2147 4038 2256 4102 ἴνα,
2281 4040 2410 4092 ὅταν
2461 4038 2730 4104 ἀποδείξω
2770 4039 3159 4105 ἐξασθενοῦντα
3195 4042 3292 4096 καὶ
3337 4041 3687 4114 διαλυόμενον
3717 4046 3812 4099 καὶ

2146 4125 2556 4179 καταπίπτοντα
2588 4127 2652 4179 ἐκ
2670 4127 2770 4197 τῆς
2787 4126 2884 4180 τοῦ
2912 4128 3144 4196 ἀγγέλου
3171 4131 3494 4200 παρουσίας,
3530 4132 3719 4202 μηδεὶς
3742 4133 3809 4187 δι’

2143 4211 2516 4283 ἁμαρτήματα
2538 4214 2633 4266 καὶ
2668 4215 2904 4285 πονηρὸν
2938 4215 3176 4279 συνειδὸς
3213 4215 3374 4270 τοῦτο
3420 4218 3583 4273 αὑτὸν
3612 4237 3812 4274 πεπον-

2144 4297 2292 4351 θέναι
2324 4299 2537 4371 νομίζῃ,
2573 4300 2709 4354 ἀλλά
2730 4301 3034 4373 δειχθείσης
3063 4304 3164 4373 τῆς
3193 4303 3336 4356 κατά
3363 4303 3462 4375 τὴν
3497 4304 3677 4376 ψυχὴν
3705 4307 3810 4359 αύ-

2142 4383 2236 4437 τοῦ
2265 4387 2597 4457 παρρησίας,
2633 4390 2666 4457 ἡ
2699 4386 2797 4457 τῆς
2828 4385 3043 4456 φύσεως
3071 4388 3325 4442 ἀσθένεια
3376 4391 3562 4459 σαφῶς
3601 4392 3811 4460 διελέγ-

2142 4489 2324 4542 χηται.
2361 4466 2529 4538 Οὗτος
2558 4475 2738 4528 τοίνυν
2764 4477 2793 4528 6
2825 4475 3024 4547 Δανιὴλ
3049 4475 3078 4516 ἆ
3099 4477 3389 4548 ἐνήστευσε
3409 4482 3558 4549 τρεῖς
3583 4480 3813 4551 ἑϐδομά-

2141 4558 2237 4622 δας
2263 4561 2296 4630 ή
2304 4561 2507 4632 μερῶν,
2524 4562 2619 4615 καὶ
2638 4561 2799 4633 ἄρτον
2824 4563 3127 4634 ἐπιθυμιῶν
3149 4565 3250 4617 οὑκ
3278 4565 3500 4633 ἔφαγεν,
3522 4567 3643 4620 οὑδέ
3666 4565 3810 4634 οἶνος

2143 4647 2237 4700 καὶ
2260 4649 2427 4721 κρέας
2444 4651 2538 4704 καὶ
2566 4650 2758 4722 σίκερα
2789 4651 3037 4724 εἰσῆλθεν
3065 4653 3145 4716 είς
3172 4653 3236 4706 τὸ
3266 4654 3444 4725 στόμα
3474 4655 3662 4721 αὑτοῦ,
3685 4659 3810 4716 οὐδὲ

2141 4735 2387 4806 ἄλειμμα
2414 4736 2691 4806 ἠλείψατο.
2717 4739 2826 4792 Καὶ
2853 4738 2973 4792 τότε
2994 4734 3100 4792 εἶδε
3131 4740 3231 4811 τὴν
3272 4741 3537 4796 ὀπτασίαν
3565 4744 3806 4817 ἐκείνην,

2141 4823 2231 4876 ὅτε
2281 4823 2687 4896 ἐπιτηδειοτέρα
2714 4825 2863 4896 αύτῷ
2907 4822 2974 4898 ἦν
2999 4829 3033 4899 ἡ
3066 4827 3212 4899 ψυχὴ
3240 4828 3378 4901 πρὸς
3411 4831 3508 4902 τὴν
3552 4832 3810 4905 τοιαύτης

2142 4909 2372 4983 θεωρίας
2421 4911 2706 4984 ὑποδοχὴν,
2757 4914 2865 4968 ὑπὸ
2901 4915 3001 4986 τῆς
3045 4917 3300 4988 νηστείας
3360 4918 3666 4988 κουφοτέρα
3714 4923 3808 4976 καὶ

2141 4995 2631 5066 πνευματικωτέρα
2662 4997 2951 5070 γενομένη.
2991 5001 3102 5055 Καὶ
3149 5002 3202 5056 τί
3257 5019 3452 5072 φησιν;
3484 4999 3643 5070 Ἦρα
3663 5005 3800 5073 τοὺς

2142 5081 2484 5150 ὀφθαλμούς
2512 5099 2652 5150 μου,
2683 5084 2780 5137 καί
2813 5081 2998 5153 εἷδον,
3026 5089 3125 5142 καὶ
3159 5088 3286 5143 ίδοὺ
3309 5089 3466 5158 ἀνὴρ
3489 5089 3808 5160 ἐνδεδυμῶ

2139 5183 2248 5232 νος
2269 5166 2512 5233 βαδδίν,
2531 5171 2776 5225 τουτέστι
2801 5173 2992 5245 στολὴν
3015 5175 3187 5246 ίεράν,
3218 5175 3317 5230 καὶ
3335 5178 3374 5244 ἡ
3395 5176 3593 5245 ὀσφὺς
3616 5179 3806 5234 αὐτοῦ

2141 5254 2570 5324 περιεζωσμένη
2617 5261 2848 5327 χρυσίῳ
2904 5263 3110 5332 Ὡφὰζ,
3153 5263 3254 5317 καί
3293 5263 3361 5317 τὸ
3410 5263 3583 5333 σῶμα
3618 5267 3808 5322 αὐτοῦ

2139 5341 2280 5395 ὡσεί
2341 5343 2614 5411 Θαρσεῖς,
2673 5345 2740 5400 τὸ
2786 5349 3111 5416 ,πρόσωπον
3162 5350 3350 5406 αὐτοῦ
3393 5351 3540 5405 ὡσεί
3595 5351 3808 5421 ὅρασις

2139 5428 2550 5502 ἀπραπῆς,ξοί
2571 5433 2862 5505 ὀφθαλμοί
2888 5437 3074 5492 αὑτοῦ
3088 5437 3228 5492 ὡσεί
3252 5437 3564 5508 λαμπάδες
3589 5440 3805 5508 πυρὸς,

2203 5547 2235 5613 °_
2252 5544 2351 5613 Alii
2371 5547 2426 5596 ού
2449 5550 2789 5613 περιείληπται.

2146 5665 2374 5741 ιῦγενεξαι
2393 5665 2760 5741 ήξάρετὴζ
2777 5665 2963 5735 φύσεώς
2984 5665 3200 5728 ἀσθένεια
3227 5665 3388 5741 σαφῶς
3408 5665 3674 5741 διηλέγχθη.

2145 5743 2226 5787 τος
2245 5730 2399 5780 τοίνυν
2421 5733 2448 5780 6
2471 5730 2663 5792 Ᾱανιήλ.

2389 5815 2454 5823 ιη.
