4050 6160
244 230 343 289 rat
1174 224 1261 280 or:
1299 221 1975 280 lNCOMPBEllENSIBILt
2013 225 2124 280 DEI
2165 225 2466 283 unum.
2508 227 2591 285 Ill.
3404 238 3508 295 ηε

242 345 337 401 soli
361 339 576 410 sapienti
593 336 702 393 Deo
713 339 878 392 honor
893 346 941 393 et
959 336 1119 406 gloria
1145 336 1197 389 in
1207 336 1410 390 uacula.
1430 336 1587 389 Amen
1602 337 1649 406 (ι
1662 334 1816 390 .Tim.

244 435 297 490 Ι.
322 433 386 488 l7
414 431 459 501 ).
486 432 568 485 An
594 428 663 483 de
698 427 853 482 Patre
878 426 1047 481 solum
1085 425 1162 479 sic
1180 424 1435 495 loquitur,
1463 423 1530 479 de
1553 425 1690 479 Filio
1718 440 1823 480 non

243 528 410 585 item?
448 526 583 581 Audi
625 523 892 596 quomodo
934 522 1073 577 circa
1122 520 1465 591 Unigenitum
1507 534 1717 590 quoque
1744 519 1825 573 id-

249 621 417 690 ipsum
447 617 636 673 fecerit
662 634 677 672 :
707 631 827 670 cum
855 615 995 669 enim
1017 612 1274 679 dixisset,
1308 611 1557 683 Optabam
1584 628 1675 683 ego
1700 628 1826 664 una-

249 712 409 767 tltema
440 724 547 763 esse
573 724 606 761 a
631 706 828 761 Christo
856 721 946 774 pro
967 702 1207 773 fratribus
1236 703 1357 756 meis
1383 744 1397 767 ,
1442 702 1668 772 cognatis
1703 702 1824 756 meis

245 802 519 856 secundum
542 814 741 852 carnem
762 798 780 867 (
804 797 953 851 Rom.
984 794 1038 850 9.
1072 794 1106 850 ὅ
1135 796 1192 864 );
1231 792 1504 862 subjnnxit
1533 810 1548 848 :
1601 792 1825 858 Quorum

250 892 453 962 adoptio
481 891 706 957 filiorum
726 930 742 954 ,
780 898 828 943 et
852 897 1141 941 testamenta
1173 928 1189 953 ,
1232 895 1279 940 et
1308 886 1554 956 legislatio
1572 927 1587 952 ,
1614 896 1659 939 et
1687 886 1826 939 obse-

246 986 385 1057 quia,
416 992 465 1037 et
495 980 851 1053 promissiones
875 994 895 1033 :
923 995 985 1033 ea:
1005 978 1182 1048 quibus
1202 987 1271 1032 est
1297 976 1527 1032 Christus
1553 977 1827 1031 secundum

247 1093 469 1140 carnem,
500 1075 587 1139 qui
606 1082 677 1127 est
694 1089 848 1141 super
868 1070 1036 1123 omnia
1063 1067 1202 1122 Deus
1223 1068 1507 1122 benedictus
1531 1068 1583 1120 in
1613 1066 1820 1120 sarcula.

249 1169 426 1222 Amen.
456 1165 616 1238 (Ibid.
645 1181 692 1217 υ.
721 1166 775 1217 4.
808 1162 889 1232 5).
937 1158 1068 1215 Cum
1108 1160 1247 1215 enim
1269 1159 1408 1213 sicut
1448 1158 1589 1211 Patri
1620 1198 1635 1221 ,
1676 1156 1745 1210 ita
1773 1163 1828 1211 et

249 1255 533 1327 linigenito
556 1253 777 1324 gloriam
802 1250 948 1319 prius
971 1248 1240 1304 retulisset
1259 1290 1273 1310 ,
1302 1256 1427 1301 tunc
1453 1245 1713 1300 sermonis
1739 1259 1825 1300 se-

244 1349 380 1406 riem
411 1348 608 1417 repetit
631 1365 646 1402 :
670 1346 907 1400 audierat
926 1344 1067 1400 enim
1094 1344 1363 1398 Christum
1392 1340 1657 1394 dicentem
1692 1355 1706 1392 :
1759 1337 1828 1392 Ut

246 1457 421 1496 omnes
446 1442 690 1494 [tonarent
715 1436 926 1499 Filium,
949 1438 1075 1491 sicut
1118 1435 1363 1488 honorant
1391 1431 1597 1487 Patrem
1622 1431 1642 1501 (
1667 1430 1823 1484 Joan.

247 1532 301 1589 5.
327 1531 448 1603 23).
501 1530 566 1587 Ut
592 1546 718 1585 vero
744 1529 961 1584 discatis
998 1527 1137 1598 quod
1168 1525 1280 1595 ipsa
1313 1525 1484 1579 oratio
1518 1532 1825 1594 argumenta

246 1624 403 1677 nobis
427 1620 822 1689 suppeditatum
849 1620 953 1685 sit,
984 1633 1081 1687 age
1107 1618 1249 1671 illam
1280 1615 1332 1670 in
1376 1614 1608 1669 medium
1646 1612 1826 1683 profe-

245 1730 465 1770 ramus:
496 1713 610 1768 Rea:
627 1728 823 1783 regum,
841 1721 887 1765 et
911 1710 1153 1764 Dominus
1182 1707 1565 1769 dominantium,
1586 1707 1671 1776 qui
1690 1705 1827 1760 solus

248 1808 396 1860 habet
436 1805 865 1858 immortalitatem
894 1844 908 1869 ,
938 1811 985 1855 et
1028 1802 1187 1855 lucem
1215 1800 1405 1853 habitat
1442 1797 1828 1851 inaccessibilem

249 1897 327 1969 (Ι.
369 1897 506 1950 Tim.
543 1895 598 1950 6.
638 1896 727 1950 15.
769 1894 881 1963 16).
913 1893 1006 1947 llic
1031 1893 1159 1946 siste
1182 1888 1824 1961 gradum,eth:ereticum

248 1987 541 2055 interroga,
565 1984 691 2053 quid
711 1983 970 2053 signiﬁcet
995 1980 1121 2036 illud
1148 2023 1162 2046 ,
1192 1980 1257 2034 Et
1284 1980 1442 2034 lucem
1472 1978 1662 2032 habitat
1690 1978 1828 2030 inae-

249 2077 543 2131 cessibilem.
568 2076 715 2131 Pauli
756 2074 1144 2129 accurationem
1185 2070 1479 2141 perpendas
1503 2069 1689 2123 velim:
1720 2083 1824 2122 non

248 2168 400 2230 dixit,
435 2167 544 2220 Lux
572 2174 653 2220 est
678 2164 1057 2219 lnaccessibilis
1081 2179 1095 2228 ;
1128 2162 1243 2227 sed,
1265 2159 1448 2214 Lucem
1474 2159 1664 2212 habitat
1687 2159 1828 2212 inac-

250 2260 525 2313 cessibilem
546 2275 565 2313 :
592 2266 650 2312 ut
668 2258 840 2312 discas
862 2298 878 2323 ,
909 2255 1049 2326 quod
1070 2255 1113 2309 si
1138 2253 1329 2307 domus
1360 2253 1471 2322 ipsa
1498 2252 1568 2305 sit
1592 2252 1828 2305 inacces-

249 2351 419 2406 sibilis
451 2392 467 2417 ,
500 2358 696 2420 quanto
722 2350 890 2419 magis
912 2348 1068 2411 Deus,
1104 2346 1191 2417 qui
1218 2346 1382 2414 ipsam
1409 2343 1682 2397 inhabitat.
1706 2341 1830 2396 Haec

250 2455 414 2513 porro
438 2440 592 2507 dixit,
624 2453 733 2495 non
763 2448 822 2492 ut
842 2437 1059 2492 domum
1091 2446 1142 2490 et
1168 2435 1342 2488 locum
1376 2433 1484 2486 Deo
1511 2445 1629 2485 esse
1657 2431 1829 2501 suSpi-

249 2534 408 2599 ceris,
438 2532 532 2587 sed
568 2539 625 2585 nt
650 2529 819 2600 magis
845 2528 1118 2598 magisque
1146 2526 1240 2579 Dei
1273 2522 1828 2592 incomprehensibili-

249 2634 415 2679 tatem
466 2623 692 2679 ediscas.
758 2620 864 2677 Sed
921 2632 1093 2689 neque
1150 2617 1334 2683 dixit,
1382 2615 1578 2670 Lucem
1629 2613 1830 2668 habitat

250 2713 891 2786 incomprehensibilem;
930 2726 1137 2765 verum
1198 2707 1591 2762 inaccessibilem
1616 2746 1632 2771 ,
1688 2703 1828 2775 quod

252 2805 780 2877 incomprehensibili
808 2805 959 2873 longe
1002 2801 1170 2870 majus
1216 2809 1318 2855 est.
1367 2797 1829 2868 lncomprehensi-

252 2899 361 2955 bile
406 2912 636 2966 namque
678 2895 871 2950 dicitur
910 2891 1049 2963 quod
1091 2890 1465 2960 perquisitione
1498 2899 1551 2943 et
1586 2889 1832 2944 examine

255 2990 395 3045 iacto
423 2987 806 3057 comprehendi
839 2985 1057 3054 nequit:
1095 2981 1457 3037 inaccessibile
1494 2990 1670 3036 autem
1703 2980 1830 3035 illud

256 3091 362 3145 est,
392 3080 533 3149 quod
558 3095 623 3133 ne
651 3075 945 3131 examinari
972 3074 1183 3145 quidem
1213 3088 1242 3126 a
1282 3072 1540 3141 principio
1577 3072 1748 3136 valet,
1780 3079 1835 3126 et

257 3171 323 3225 ad
367 3170 511 3240 quod
563 3181 721 3222 nemo
772 3166 988 3235 propius
1032 3162 1288 3218 accedere
1333 3171 1528 3233 potest.
1590 3162 1833 3231 Exempli

254 3276 438 3324 causa,
468 3255 1005 3328 incomprehensibile
1032 3255 1225 3309 dicitur
1250 3270 1395 3308 mare
1423 3294 1437 3319 ,
1470 3252 1522 3307 in
1551 3252 1692 3323 quod
1714 3268 1834 3307 sese

258 3353 609 3407 immittentes
636 3349 934 3401 urinatores
958 3385 974 3409 ,
1017 3345 1069 3399 in
1111 3345 1438 3413 multamque
1467 3344 1668 3414 delapsi
1713 3358 1836 3413 pro-

255 3444 597 3506 funditatem,
620 3440 838 3495 fundum
856 3440 1114 3509 attingere
1135 3445 1403 3507 nequeunt
1426 3454 1439 3489 :
1469 3435 1835 3491 inaccessibile

256 3546 438 3590 autem
489 3533 542 3588 id
592 3529 980 3600 dicitur,quod
1027 3544 1094 3585 ne
1129 3543 1160 3583 a
1208 3528 1466 3600 principio
1501 3528 1712 3599 quidem
1756 3530 1836 3585 in-

255 3626 474 3695 quirere
502 3632 592 3676 aut
620 3621 843 3675 scrutari
871 3620 1060 3689 possis.

332 3715 385 3769 5.
415 3712 558 3767 Deus
582 3710 1092 3781 incomprehensibilis
1121 3710 1271 3763 etiam
1289 3711 1500 3781 angelis.
1516 3738 1586 3750 —
1608 3708 1742 3776 Quid
1769 3710 1834 3765 ad

259 3806 378 3861 lucc
406 3804 607 3858 dixeris
643 3801 1002 3855 illominibus
1031 3810 1209 3866 certe,
1257 3801 1492 3869 inquies,
1534 3801 1833 3868 incompre-

260 3895 543 3952 hensibilis
568 3903 669 3957 est,
698 3892 899 3962 angelis
921 3906 1025 3946 non
1053 3892 1179 3945 item
1205 3932 1220 3956 ,
1247 3905 1420 3959 neque
1445 3892 1689 3960 supernis
1716 3891 1835 3945 Vir-

259 3989 486 4041 tutibus.
518 3984 599 4039 Tu
620 3998 751 4054 ergo
779 3983 993 4051 angelus
1023 3996 1084 4036 es
1116 4022 1131 4047 ,
1184 3981 1270 4036 dic
1298 3980 1423 4034 mihi
1451 4022 1467 4046 ,
1512 3990 1565 4036 et
1592 3982 1642 4035 in
1672 3983 1838 4036 choro

260 4078 702 4146 incorporearum
730 4072 993 4127 Virtutum
1023 4069 1432 4125 annumeraris?
1462 4087 1636 4126 nonne
1675 4071 1837 4126 homo

262 4184 324 4224 es
359 4176 416 4224 et
445 4165 684 4236 ejusdem
711 4165 864 4233 cujus
886 4178 985 4233 ego
1011 4162 1319 4216 substantiae
1340 4202 1354 4225 ,
1386 4177 1450 4215 an
1479 4171 1678 4215 naturae
1699 4162 1838 4216 obli-

264 4270 350 4314 tus
375 4273 434 4313 es
459 4257 604 4312 tuae?
653 4257 914 4311 Ponamus
952 4255 1093 4308 enim
1153 4269 1273 4307 eum
1313 4253 1614 4309 hominibus
1639 4263 1836 4309 tantum

265 4348 687 4405 inaccessibilem
732 4361 852 4400 esse
880 4361 895 4400 :
925 4345 1135 4400 etiamsi
1188 4344 1315 4397 illud
1356 4359 1454 4398 nec
1509 4346 1836 4415 propositum

269 4443 355 4506 sit,
388 4456 488 4494 nec
517 4439 711 4494 dixerit
755 4438 948 4493 Paulus
984 4456 998 4491 :
1030 4436 1226 4492 Lucem
1255 4436 1513 4490 inhabitat
1538 4436 1839 4492 hominibus

268 4531 710 4595 inaccessibilem,
742 4530 942 4600 angelis
967 4544 1097 4583 vero
1124 4544 1227 4582 non
1255 4528 1673 4583 inaccessibilem
1700 4548 1714 4584 :
1745 4546 1839 4585 ve-

268 4641 383 4678 rum
416 4667 430 4689 ,
458 4625 503 4677 si
527 4625 698 4692 placet
731 4664 746 4687 ,
778 4623 876 4676 hoc
900 4622 992 4676 tibi
1015 4621 1372 4675 concedamus
1397 4662 1412 4685 ,
1441 4636 1617 4675 annon
1647 4629 1702 4676 et
1728 4621 1840 4690 ipse

269 4714 428 4767 homo
448 4714 539 4768 es?
558 4712 717 4778 Quid,
748 4712 793 4767 si
820 4712 1023 4781 angelis
1048 4710 1432 4766 inaccessibilis
1459 4726 1561 4765 non
1588 4712 1656 4765 sit
1674 4711 1697 4765 ?
1713 4711 1839 4780 quid

270 4805 395 4858 illud
421 4804 488 4857 ad
518 4813 589 4868 te,
617 4803 709 4872 qui
734 4802 1011 4857 contendis
1030 4810 1191 4870 atque
1219 4799 1455 4855 afﬁrmas
1480 4801 1830 4856 substantiam

269 4895 414 4949 illam
460 4894 707 4948 humana:
748 4901 951 4947 natura:
1001 4906 1121 4946 esse
1161 4889 1728 4960 comprehensibilem?
1773 4891 1843 4948 Ut

268 5000 396 5039 vero
419 4984 597 5039 discas
623 4998 727 5038 non
757 4981 1063 5038 hominiwa
1089 4989 1288 5035 tantum
1312 5021 1328 5048 ,
1359 4982 1452 5036 sed
1476 4983 1634 5036 etiam
1665 4997 1842 5051 super-

268 5078 354 5131 uis
378 5075 674 5130 Virtutibus
718 5088 836 5130 esse
876 5073 1327 5140 inaccessibilem,
1372 5073 1494 5128 audi
1537 5074 1662 5145 quid
1699 5075 1842 5129 dicat

271 5165 473 5223 Isaias:
520 5165 708 5220 lsaiam
751 5164 937 5221 dicens
964 5203 979 5230 ,
1024 5163 1253 5234 Spiritus
1288 5163 1603 5219 sententiam
1646 5164 1839 5233 etiam;

268 5258 528 5328 propheta
574 5270 803 5326 namque
831 5271 899 5311 ex
941 5256 1249 5325 operatione
1294 5254 1519 5326 Spiritus
1563 5257 1837 5326 loquitur:

270 5347 333 5401 Et
359 5349 553 5418 factum
582 5355 656 5399 est
684 5361 817 5399 anno
848 5386 862 5411 ,
892 5362 991 5415 quo
1029 5356 1254 5400 mortuus
1288 5355 1360 5400 est
1405 5362 1495 5400 rex
1525 5346 1675 5403 Ozias
1698 5388 1713 5411 ,
1740 5348 1843 5402 uidi

270 5436 544 5491 Dominum
567 5437 818 5490 sedentem
840 5451 990 5507 super
1009 5436 1241 5489 thronum
1258 5435 1503 5490 excelsum
1518 5447 1565 5489 et
1579 5437 1838 5505 eleuatum,

268 5521 619 5600 et'Seraphim
642 5528 840 5581 stabant
863 5528 915 5581 in
939 5527 1148 5581 circuitu
1189 5528 1299 5598 ejus
1330 5566 1346 5593 ,
1394 5544 1481 5582 sca:
1507 5529 1604 5582 ala:
1632 5529 1716 5582 uni
1743 5570 1759 5596 ,
1793 5540 1842 5584 et

268 5633 355 5675 sex
377 5624 479 5678 alte
501 5620 672 5690 alteri,
700 5628 747 5674 et
770 5619 959 5673 duabus
984 5618 1181 5690 quidem
1202 5618 1493 5673 obvelabaut
1521 5620 1675 5691 facies
1699 5637 1837 5688 suas,

1931 346 1979 390 et
1999 338 2193 392 duabus
2218 341 2369 408 pedes
2394 340 2546 411 (lsai.
2573 343 2624 398 6.
2657 342 2709 399 ί.
2738 343 2817 416 2).
2847 345 2959 413 Dic,
2990 362 3189 418 quasso,
3220 364 3317 405 cur
3339 354 3507 409 obve-

1928 428 2039 484 lant
2065 430 2227 487 facies
2255 447 2401 499 suas,
2433 436 2649 507 alasque
2681 440 3019 508 praetendunt
3046 441 3202 498 lCur
3220 486 3236 512 ,
3265 446 3500 516 inquam.

1930 520 2032 574 nisi
2060 523 2181 591 quia
2209 521 2385 594 fulgur
2418 540 2449 580 e
2487 525 2678 582 throno
2706 530 3050 599 progrediens
3077 533 3359 605 radiosque
3385 537 3505 594 illos

1928 609 2069 666 ferre
2105 628 2208 667 non
2240 617 2502 683 possunt?
2525 615 2852 689 Quamquam
2889 637 2993 675 non
3022 624 3192 695 ipsum
3223 625 3340 680 sine
3361 636 3505 681 tent-

1930 712 2242 771 peramento
2270 704 2482 771 lumen,
2517 721 2688 777 neque
2715 708 2884 778 ipsam
2924 727 3109 782 puram
3153 715 3501 774 substantiam

1927 793 2223 862 videbant,
2272 797 2365 851 sed
2408 811 2528 867 qua:
2574 799 2889 857 videbantur
2933 813 3278 878 attemperata
3324 821 3498 867 erant.

1929 883 2065 950 Quid
2108 894 2284 938 autem
2339 896 2423 941 est
2478 888 2563 942 illa
2609 893 3031 961 attemperatlo?
3074 897 3295 964 Quando
3359 900 3502 957 Deus

1928 990 2032 1031 non
2062 978 2197 1033 sicut
2223 986 2306 1033 est
2332 989 2570 1049 apparet,
2602 983 2696 1037 sed
2720 984 2787 1039 ad
2810 986 3023 1042 modum
3044 988 3180 1058 ejus,
3210 991 3297 1060 qui
3327 994 3498 1064 ipsum

1927 1069 2135 1124 visurus
2163 1080 2264 1134 est,
2287 1086 2403 1126 sese
2427 1081 2741 1143 attemperat
2764 1117 2780 1141 ,
2802 1078 3196 1151 videntiumque
3221 1083 3499 1141 inﬁrmitao

1930 1159 1968 1213 ti
1998 1175 2116 1215 sese
2137 1161 2519 1217 accommodat.
2547 1163 2697 1232 Quod
2715 1175 2887 1222 autem
2902 1176 3499 1242 perattemperationem

1930 1250 2099 1316 ﬁeret,
2130 1266 2194 1307 ex
2224 1251 2351 1321 ipsis
2377 1254 2553 1309 verbis
2583 1256 2752 1324 palam
2786 1268 2907 1314 est:
2934 1276 3054 1314 nam
3083 1265 3198 1329 ait,
3252 1265 3360 1320 Vidi
3393 1270 3499 1323 Ρο-

1928 1340 2119 1393 minuta
2151 1341 2401 1396 sedentem
2438 1360 2589 1415 super
2630 1346 2865 1401 thronum
2889 1353 3136 1406 eccelsum
3163 1362 3209 1407 et
3234 1356 3495 1412 eleuatum.

1930 1429 2068 1485 Deus
2093 1439 2271 1487 autem
2314 1448 2419 1487 non
2458 1435 2639 1501 sedet,
2661 1438 2900 1506 corporis
2924 1444 3066 1495 enim
3111 1441 3196 1497 hic
3219 1445 3353 1499 situs
3379 1424 3496 1514 est;

1928 1537 2085 1591 super
2111 1522 2345 1577 thronum
2367 1540 2389 1588 ;
2411 1534 2467 1579 at
2489 1526 2629 1582 Deus
2655 1528 2706 1583 in
2747 1529 2939 1585 throno
2965 1532 3224 1589 contineri
3268 1539 3450 1608 nequit
3478 1579 3498 1606 ,

1929 1625 2125 1667 numen
2152 1613 2344 1683 quippe
2370 1615 2881 1689 incircumscriptum
2918 1631 3019 1677 est.
3052 1625 3296 1681 Attamen
3318 1628 3396 1682 sic
3415 1637 3501 1685 at-

1931 1710 2279 1772 temperatum
2300 1706 2439 1763 ferre
2461 1723 2566 1763 non
2595 1718 2841 1778 poterant
2865 1753 2880 1776 ,
2907 1730 3227 1786 quamquam
3255 1723 3499 1788 proxime

1929 1800 2131 1848 starent
2163 1812 2177 1847 :
2214 1794 2483 1868 Seraphim
2509 1801 2652 1854 enim
2679 1802 2878 1857 stabant
2900 1805 2953 1858 in
2970 1806 3185 1861 circuitu
3206 1810 3335 1879 ejus.
3376 1812 3503 1869 ldeo

1931 1896 2061 1971 vero
2090 1886 2317 1941 maxime
2336 1887 2517 1943 videre
2545 1907 2649 1945 non
2679 1901 2950 1962 poterant,
2988 1899 3110 1967 quia
3136 1916 3303 1971 prope
3327 1915 3501 1959 erant.

1930 1970 2101 2041 Prope
2128 1984 2329 2041 autem,
2361 1978 2547 2047 inquit,
2570 1996 2674 2034 non
2706 1982 2858 2050 loco;
2887 1985 2981 2040 sed
3006 2003 3126 2042 cum
3151 1990 3311 2046 vellet
3332 1992 3508 2064 Spiri~

1931 2069 2016 2114 tus
2035 2072 2251 2119 sanctus
2279 2065 2548 2122 declarare
2574 2110 2589 2135 ,
2623 2070 2738 2125 illas
2771 2072 3003 2129 Virtutes
3030 2078 3127 2132 etsi
3162 2081 3504 2152 propinquio-

1931 2164 2018 2205 res
2061 2152 2216 2207 nobis
2257 2166 2435 2210 essent
2463 2157 2534 2211 illi
2578 2159 2921 2226 substantias,
2968 2180 3073 2219 non
3116 2177 3290 2224 tamen
3335 2171 3503 2241 ipsam

1930 2239 2112 2295 videre
2135 2243 2387 2311 potuisse,
2420 2246 2619 2303 idcirco
2652 2251 2767 2306 ait:
2800 2252 3071 2323 Seruphim
3105 2259 3303 2312 stabant
3329 2239 3381 2314 in
3400 2263 3505 2316 cir-

1931 2333 2066 2385 cuitu
2091 2335 2235 2403 ejus;
2257 2352 2361 2391 non
2385 2336 2557 2393 locum
2586 2341 2847 2410 indicans,
2879 2347 2973 2401 sed
2994 2348 3094 2403 loci
3118 2356 3506 2421 propinquitate

1930 2428 2207 2494 propiores
2232 2428 2364 2495 illas,
2387 2447 2543 2502 quam
2572 2451 2669 2489 nos
2687 2475 2704 2499 ,
2726 2452 2844 2492 esse
2869 2438 3164 2495 declarans.
3199 2442 3501 2515 lncompre-

1932 2516 2255 2576 hensibilem
2286 2524 2427 2578 enim
2451 2525 2622 2593 illum,
2655 2544 2761 2582 non
2790 2538 2893 2584 tam
2916 2533 3160 2587 novimus
3183 2550 3314 2601 nos,
3346 2553 3504 2606 quam

1932 2610 2035 2665 illte
2056 2611 2311 2680 Virtutes,
2338 2632 2455 2684 quae
2481 2629 2679 2688 quanto
2702 2622 2967 2689 puriores,
2997 2631 3143 2679 tanto
3158 2626 3508 2694 sapientiores

1932 2706 1987 2753 et
2012 2703 2423 2771 perspicaciores
2465 2706 2692 2762 humana
2736 2720 2923 2766 natura
2962 2722 3103 2768 sunt.
3149 2714 3505 2784 Quemadmo-

1933 2788 2056 2843 dum
2082 2791 2222 2845 enim
2251 2795 2499 2849 solarium
2544 2798 2808 2853 radiorum
2850 2803 3360 2862 inaccessibilitatem
3401 2825 3505 2864 non

1934 2880 2152 2949 perinde
2170 2896 2344 2937 caecus
2372 2893 2529 2956 atque
2556 2888 2601 2941 is
2628 2890 2717 2958 qui
2745 2890 2886 2945 videt
2914 2907 3103 2960 capere
3132 2902 3325 2964 potest,
3356 2898 3423 2951 ita
3455 2909 3509 2954 ct

1936 2969 2030 3025 Dei
2082 2971 2763 3043 incomprehensibilitatem
2804 2996 2906 3034 non
2951 2984 3169 3053 perinde
3209 3002 3305 3040 nos
3349 2998 3508 3057 atque

1934 3060 2040 3116 illae
2069 3064 2332 3118 novimus.
2363 3065 2626 3131 Quantum
2670 3071 2812 3124 enim
2856 3072 3140 3128 discrimen
3183 3085 3265 3129 est
3306 3091 3506 3132 caecum

1937 3154 2074 3209 inter
2096 3164 2151 3211 et
2179 3157 2441 3213 videntem
2466 3200 2481 3224 ,
2518 3170 2661 3215 tanta
2702 3173 2783 3217 est
2812 3165 2950 3218 inter
2978 3181 3073 3218 nos
3118 3175 3172 3220 et
3198 3167 3314 3222 illas
3354 3169 3508 3225 diﬁ'eé

1935 3246 2122 3299 rentia.
2156 3246 2334 3317 itaque
2360 3249 2480 3304 licet
2501 3251 2812 3321 prophetam
2841 3254 3028 3308 audias
3056 3255 3320 3311 dicentem
3342 3298 3355 3319 ,
3392 3256 3509 3312 Vidi

1936 3334 2304 3400 Dominum,ne
2329 3340 2610 3410 suspiceris
2629 3358 2749 3396 eum
2772 3343 2964 3399 vidisse
2976 3345 3322 3400 substantiam
3343 3347 3508 3414 illam,

1936 3427 2029 3482 sed
2068 3431 2467 3498 attemperantis
2508 3447 2567 3486 se
2610 3433 2829 3487 formam
2861 3474 2878 3500 ,
2924 3449 3146 3505 eamque
3183 3437 3460 3492 obscurius
3488 3478 3506 3504 ,

1937 3535 2096 3588 quam
2136 3536 2380 3591 supernae
2412 3523 2646 3578 Virtutes
2693 3535 2950 3580 cernant:
2986 3542 3089 3582 non
3130 3537 3331 3582 tantum
3366 3529 3510 3585 enim

1939 3613 2118 3668 videre
2147 3615 2333 3682 potuit,
2361 3623 2614 3684 quantum
2651 3616 2959 3672 Cherubim.

2007 3705 2063 3759 4.
2108 3704 2272 3759 Homo
2301 3722 2365 3760 ne
2401 3708 2564 3777 angeli
2601 3709 2801 3776 quidem
2828 3707 3153 3763 substantiam
3178 3710 3328 3780 facile
3347 3708 3513 3763 uidere

1940 3804 2115 3865 potest.
2138 3824 2210 3836 --
2236 3797 2435 3867 Ecquid
2456 3797 2575 3851 dico
2591 3797 2658 3853 de
2683 3798 2832 3852 beata
2858 3798 2943 3852 illa
2965 3798 3278 3865 substantia,
3301 3801 3514 3868 quando

1941 3902 2007 3940 ne
2032 3888 2202 3957 angeli
2233 3888 2444 3957 quidem
2472 3888 2817 3943 substantiam
2848 3898 3019 3958 potest
3053 3890 3211 3943 homo
3239 3891 3405 3946 libere
3431 3892 3510 3944 vi-

1940 3979 2105 4035 dere?
2146 3979 2296 4045 Quod
2326 3988 2384 4034 ut
2423 3980 2492 4034 ita
2530 3994 2650 4034 esse
2678 3979 3015 4050 intelligatis,
3045 3982 3212 4034 virum
3255 3982 3306 4036 in
3334 3983 3511 4037 medio

1939 4070 2197 4125 adducam
2231 4071 2320 4125 Dei
2350 4071 2599 4134 amicum,
2627 4071 2716 4140 qui
2742 4070 2811 4125 ob
2846 4070 3154 4139 sapientiam
3183 4080 3236 4126 et
3252 4070 3508 4141 justitiam

1942 4161 2130 4216 ﬁducia
2173 4171 2287 4215 erat
2323 4161 2573 4230 przeditus
2603 4175 2812 4229 magna,
2852 4162 3045 4230 quippe
3070 4160 3318 4230 praeclara
3347 4164 3509 4217 multa

1940 4254 2043 4308 alia
2073 4251 2263 4307 fecisse
2292 4260 2551 4314 narratur,
2581 4262 2820 4306 sanctum
2846 4251 3092 4305 videlicet
3117 4251 3421 4317 Danielem;
3454 4264 3511 4308 ut

1941 4351 2216 4413 postquam
2252 4342 2396 4396 illum
2428 4342 2714 4406 inﬁrmum,
2738 4342 2988 4407 solutum,
3012 4351 3064 4397 et
3089 4342 3418 4401 deiicientem
3446 4362 3511 4400 ex

1941 4437 2109 4505 angeli
2142 4437 2418 4504 prmsentia
2449 4434 2611 4490 fuisse
2633 4445 3022 4502 monstravero,
3041 4451 3196 4490 nemo
3213 4446 3361 4507 putet
3389 4456 3509 4493 eum

1944 4533 2279 4596 peccatorum
2332 4533 2388 4579 et
2429 4540 2601 4594 prava:
2627 4524 2963 4579 conscientiae
2988 4541 3145 4581 causa
3177 4528 3264 4582 illa
3297 4544 3509 4598 passum

1943 4631 2097 4681 esse;
2126 4616 2219 4671 sed
2246 4615 2600 4671 demonstrata
2624 4615 2738 4685 ejus
2755 4618 2914 4669 animi
2941 4616 3151 4686 ﬁducia,
3180 4619 3290 4688 ipsa
3310 4630 3513 4673 naturze

1944 4707 2222 4764 inﬁrmitas
2250 4708 2442 4762 clarius
2462 4707 2854 4775 comprobetur.
2889 4708 2983 4762 llic
3004 4709 3179 4778 itaque
3207 4710 3385 4763 Daniel
3416 4711 3515 4763 tri-

1943 4800 2041 4855 bus
2071 4800 2487 4855 hebdomadibus
2504 4800 2761 4868 jejunavit
2791 4798 2949 4872 (Dan.
2980 4801 3065 4856 10.
3098 4802 3153 4873 5)
3173 4843 3188 4869 ,
3218 4816 3512 4873 panemque

1944 4892 2344 4947 desiderabilem
2375 4906 2476 4946 non
2516 4892 2747 4947 comedit
2774 4934 2791 4961 ,
2823 4908 2995 4963 neque
3020 4894 3195 4948 vinum
3218 4936 3236 4962 ,
3268 4909 3396 4949 caro
3422 4905 3513 4949 aut

1944 4982 2114 5037 sicera
2138 4981 2378 5035 introivit
2406 4982 2458 5035 in
2484 4996 2544 5036 os
2568 4982 2690 5052 ejus
2713 5024 2729 5049 ,
2757 4998 2925 5053 neque
2951 4983 3200 5039 unctione
3238 5000 3362 5039 usus
3395 4996 3509 5041 est:

1946 5082 2000 5128 et
2022 5081 2147 5128 tunc
2170 5071 2253 5126 illa
2280 5072 2482 5127 visione
2502 5070 2741 5142 dignatus
2770 5081 2870 5136 est,
2899 5087 3019 5128 cum
3045 5073 3218 5128 anima
3239 5074 3353 5144 ejus
3372 5086 3514 5131 esset

1945 5162 2012 5216 ad
2052 5164 2208 5217 talem
2246 5161 2744 5231 contemplationem
2781 5162 2953 5231 aptior
2977 5204 2991 5228 ,
3019 5163 3220 5233 jejunio
3251 5164 3416 5220 levior
3462 5176 3515 5220 et

1946 5252 2270 5322 spiritualior
2311 5250 2516 5306 ell‘ecta.
2560 5250 2696 5318 Quid
2746 5250 2905 5319 igitur
2948 5251 3066 5305 ait?
3116 5251 3300 5307 Levavi
3340 5255 3512 5309 oculos

1948 5362 2082 5400 meos
2108 5354 2153 5399 et
2178 5343 2299 5411 uidi,
2330 5353 2378 5398 et
2404 5359 2513 5397 ecce
2536 5344 2612 5396 uir
2640 5343 2839 5397 uestitus
2869 5343 3053 5398 baddin
3073 5386 3088 5410 ,
3116 5344 3216 5401 hoc
3236 5355 3338 5413 est,
3368 5361 3516 5403 veste

1948 5450 2119 5500 sacra,
2141 5444 2187 5489 et
2213 5450 2353 5488 renes
2380 5435 2489 5503 ejus
2514 5434 2726 5487 accincti
2751 5449 2874 5488 auro
2900 5434 3078 5503 Ophaz
3113 5445 3158 5488 et
3197 5452 3381 5505 corpus
3409 5439 3516 5507 ejus

1947 5527 2092 5597 quasi
2113 5524 2323 5606 Tharsjs
2343 5565 2357 5589 ,
2382 5532 2428 5578 et
2468 5524 2631 5578 uultus
2657 5524 2767 5595 ejus
2791 5525 2936 5594 quasi
2960 5525 3082 5579 uisio
3103 5526 3318 5597 fulguris
3341 5568 3354 5591 ,
3383 5530 3516 5583 oculi

1950 5620 2059 5691 ejus
2096 5617 2241 5691 quasi
2268 5615 2526 5687 lampades
2569 5615 2734 5687 ignis;
2770 5615 2975 5671 brachia
3014 5617 3123 5688 ejus
3145 5628 3194 5672 et
3222 5632 3371 5672 crura
3412 5621 3517 5689 ejus
