4062 6166
553 265 663 322 ’123

552 377 699 449 quasi
725 374 849 431 uisio
873 373 990 429 teris
1015 369 1272 445 fulgentis,
1301 387 1400 426 vos:
1423 385 1709 425 sermonum
1745 369 1854 438 ejus
1876 364 2021 438 quasi
2043 379 2141 418 vos:

554 470 912 527 multitudinis.
944 467 1010 522 Et
1041 483 1131 538 ego
1168 467 1306 522 solus
1333 465 1437 518 uidi
1481 465 1720 519 visionem
1765 463 1918 517 hanc.
1976 460 2142 514 Porro

553 564 638 634 qui
668 572 811 617 erant
839 577 1034 615 mecum
1060 575 1160 612 non
1203 557 1430 610 viderunt
1456 596 1472 624 ,
1515 555 1602 608 sed
1630 564 1808 622 stupor
1831 567 2046 623 magnus
2066 552 2141 604 ir-

553 656 655 710 ruit
679 671 831 724 super
852 669 936 708 eos
959 693 975 718 ,
1027 660 1074 704 et
1121 654 1356 722 fugerunt
1379 648 1433 700 in
1462 647 1669 712 timore,
1711 655 1879 698 etnon
1904 641 2142 696 remansit

553 751 608 804 in
635 765 715 803 me
752 745 991 818 fortitudo
1029 759 1049 798 :
1090 752 1136 796 et
1177 741 1339 813 gloria
1386 755 1499 792 mea
1551 752 1788 791 conversa
1836 743 1908 788 est
1943 733 1995 787 in
2029 749 2144 786 cor-

554 843 839 912 ruptionem
869 836 888 906 (
919 835 1058 890 Dan.
1091 834 1178 890 10.
1204 833 1316 888 5-8
1429 831 1568 898 Quid
1616 837 1700 884 est
1738 826 1868 882 illud
1902 867 1918 892 ,
1966 823 2142 879 Gloria

553 952 667 991 mea
733 946 972 987 conversa
1023 936 1095 983 est
1141 927 1196 980 in
1220 922 1638 994 corruptionem?
1692 920 1983 975 Formosus
2028 925 2141 970 erat

551 1029 898 1085 adolescens:
930 1023 1052 1093 quia
1083 1021 1242 1091 igitur
1273 1019 1430 1072 timor
1455 1015 1630 1085 angeli
1653 1012 1931 1083 praesentis
1958 1008 2140 1065 ell‘et-it

552 1129 633 1186 ut,
665 1114 1050 1186 exspirantium
1078 1125 1227 1165 more
1251 1142 1268 1175 ,
1314 1107 1486 1177 pallor
1514 1104 1712 1160 nimius
1728 1101 1922 1171 speciei
1954 1103 2140 1154 liorem

553 1211 840 1279 vultusque
870 1205 1108 1260 nativum
1135 1201 1371 1256 colorem
1396 1197 1790 1266 exstingueret,
1817 1192 1936 1246 ideo
1962 1190 2093 1244 dixit
2122 1230 2136 1254 ,

555 1300 733 1356 Gloria
761 1313 871 1352 mea
897 1309 1135 1350 conversa
1157 1301 1230 1345 est
1253 1292 1306 1344 in
1330 1289 1722 1358 corruptionem.
1756 1284 1906 1338 Sicut
1947 1281 2088 1336 enim
2119 1321 2135 1345 ,

553 1391 642 1447 ubi
669 1389 848 1459 auriga
874 1384 1188 1456 perterritus
1214 1381 1448 1435 habenas
1468 1378 1666 1440 amisit,
1695 1375 1816 1444 equi
1841 1371 2139 1442 praecipites

553 1485 816 1548 feruntur,
833 1489 886 1536 et
904 1493 1091 1534 currus
1113 1476 1348 1531 funditus
1374 1471 1632 1527 evertitur
1663 1487 1678 1523 :
1707 1469 1783 1522 sic
1804 1479 1858 1521 et
1883 1467 1935 1520 in
1963 1465 2141 1518 anima

555 1579 671 1633 ﬁeri
714 1575 883 1641 solet,
929 1570 1141 1640 quando
1184 1577 1402 1636 stupore
1446 1573 1501 1620 et
1550 1562 1790 1634 angustia
1836 1560 2138 1615 detinetur:

554 1667 835 1740 perterrita
862 1664 1058 1734 quippe
1079 1704 1093 1728 ,
1128 1674 1358 1728 suasque
1383 1655 1721 1728 operatioaes
1751 1663 2019 1722 tamquam
2042 1650 2140 1703 ha-

553 1763 718 1818 benas
744 1776 773 1814 a
800 1757 1020 1829 singulis
1045 1754 1287 1823 corporis
1315 1751 1562 1807 sensibus
1595 1748 1841 1803 auferens
1864 1787 1876 1811 ,
1901 1744 2140 1800 membra

554 1855 620 1910 iis
644 1867 804 1906 vacua
848 1849 1121 1918 relinquit.
1143 1845 1268 1900 llaec
1294 1857 1455 1913 porro
1482 1884 1498 1909 ,
1543 1841 1593 1894 vi
1636 1840 1720 1893 illa
1749 1854 1808 1893 se
1832 1837 2142 1892 continente

551 1946 823 2007 destituta,
853 1941 1104 1996 deﬁciunt
1132 1945 1186 1992 et
1205 1942 1459 1992 corruunt
1490 1930 1668 2001 :quod
1702 1941 1756 1984 et
1786 1927 1988 1982 Danieli
2016 1937 2142 1980 tunc

553 2035 767 2092 accidit.
796 2031 932 2101 Quid
967 2031 1124 2100 igitur
1148 2025 1408 2096 angelus?
1448 2022 1618 2092 Erigit
1647 2020 1794 2074 illum
1821 2028 1876 2072 et
1902 2018 2002 2071 ait:
2033 2015 2142 2068 Da-

552 2126 655 2181 niel
683 2167 698 2188 ,
720 2125 797 2177 vir
823 2121 1186 2176 desideriorum
1209 2157 1223 2181 ,
1251 2114 1475 2184 intellige
1496 2112 1642 2166 verba
1667 2151 1683 2177 ,
1713 2124 1826 2178 qua:
1853 2123 1943 2176 ego
1965 2105 2142 2175 loquor

553 2220 621 2272 ad
651 2228 716 2283 te,
738 2227 784 2270 et
809 2226 886 2269 sta
911 2214 964 2266 in
993 2211 1154 2282 gradu
1181 2219 1267 2262 tuo
1289 2249 1303 2273 ,
1335 2208 1454 2276 quia
1481 2219 1616 2257 nunc
1645 2202 1828 2255 missus
1865 2215 1976 2253 sum
2005 2197 2073 2250 ad
2096 2206 2143 2251 te

561 2309 732 2378 (Ibid.
763 2306 877 2360 v.11
917 2303 956 2374 ).
986 2303 1080 2357 llle
1127 2314 1255 2354 vero
1303 2296 1449 2351 stetit
1499 2305 1751 2349 tremens.
1786 2291 1853 2344 Et
1901 2303 2020 2343 cum
2061 2287 2141 2340 in-

555 2401 787 2471 ecpisset
823 2395 1042 2466 angelus
1069 2391 1268 2461 alloqui
1294 2405 1415 2444 eum
1455 2402 1519 2441 ac
1559 2386 1803 2448 diceret,
1849 2380 1894 2435 Α
1918 2381 2000 2434 die
2041 2395 2142 2450 qua

563 2493 782 2550 statuisti
805 2500 857 2545 ut
883 2489 1122 2561 affliget-es
1150 2501 1237 2538 cor
1263 2493 1405 2536 tuum
1427 2481 1481 2535 in
1505 2487 1772 2546 conspectu
1801 2473 1898 2527 Dei
1921 2514 1936 2539 ,
1965 2471 2142 2526 audita

556 2596 675 2643 sunt
701 2585 847 2638 verba
877 2591 962 2634 tua
983 2596 1002 2634 :
1023 2588 1073 2633 et
1117 2594 1208 2647 ego
1246 2574 1356 2627 veni
1398 2573 1452 2624 in
1493 2569 1654 2623 verbis
1681 2567 1779 2620 tuis
1816 2564 1921 2636 (Ib.
1952 2561 2138 2633 v.19);

553 2692 764 2735 rursum
781 2673 976 2729 decidit
1001 2672 1052 2724 in
1079 2678 1298 2727 terram,
1329 2673 1385 2718 ut
1409 2663 1586 2717 animo
1604 2659 1916 2714 deﬁcientes
1943 2654 2137 2710 solent.

553 2767 1012 2840 Quemadmodum
1059 2763 1202 2818 enim
1245 2761 1318 2815 illi
1352 2758 1517 2815 erecti
1543 2767 1597 2811 et
1625 2757 1675 2810 in
1703 2771 1761 2809 se
1789 2751 2025 2818 reversi,
2057 2764 2142 2804 re-

553 2865 948 2936 spicientes-que
986 2872 1082 2914 eos
1120 2859 1207 2925 qui
1245 2869 1305 2907 se
1352 2851 1618 2906 susﬁnent
1663 2848 1954 2915 faciemque
1989 2857 2139 2897 suam

553 2975 688 3030 aqua
711 2956 897 3027 frigida
929 2955 1256 3023 inspergunt,
1291 2950 1343 3004 in
1371 2948 1498 3018 ipsis
1524 2961 1585 3002 se
1613 2943 1989 2999 sustinentium
2019 2954 2136 2994 ma-

554 3029 708 3103 nibus
743 3062 886 3114 sarpe
912 3043 1200 3099 deﬁciunt:
1231 3040 1301 3094 ita
1339 3048 1391 3093 et
1419 3037 1692 3106 prephetze
1740 3032 1980 3101 contigit.
2010 3029 2138 3084 Ani-

553 3155 672 3195 mus
701 3150 926 3206 namque
956 3132 1270 3203 perterritus
1299 3127 1632 3198 prtesentiam
1659 3123 1901 3179 conservi
1926 3121 2006 3176 sui
2035 3134 2141 3174 non

552 3231 729 3286 ferens
757 3270 772 3293 ,
817 3241 987 3295 neque
1027 3221 1368 3291 splendorem
1412 3218 1560 3272 illum
1605 3217 1870 3271 sustinere
1917 3211 2137 3278 valens,

550 3320 988 3383 conturbabatur,
1037 3331 1064 3368 a
1097 3314 1274 3368 carnis
1302 3311 1516 3365 vinculo
1552 3319 1820 3377 tamquam
1873 3321 1904 3360 a
1952 3313 2138 3359 catena

551 3432 671 3472 sese
697 3412 948 3482 expedire
968 3408 1246 3462 festinans.
1277 3403 1475 3458 Verum
1504 3401 1594 3455 ille
1620 3399 1796 3453 adhuc
1825 3397 2139 3452 continebat

552 3511 722 3566 illum.
773 3504 1006 3559 Audiant
1057 3500 1090 3553 ii
1131 3497 1222 3568 qui
1265 3495 1590 3564 Angelorum
1619 3492 1904 3546 Dominum
1933 3488 2142 3542 curiose

551 3605 884 3654 scrumutur.
923 3591 1103 3646 Daniel
1130 3629 1145 3652 ,
1191 3601 1348 3656 quem
1376 3585 1514 3639 oculi
1542 3583 1754 3636 leonum
1785 3580 1997 3635 reveriti
2027 3579 2141 3633 fue-

555 3698 708 3753 rant;
741 3684 945 3746 Daniel,
974 3683 1064 3751 qui
1090 3681 1142 3733 in
1169 3678 1404 3732 humano
1430 3687 1654 3744 corpore
1683 3687 1745 3727 ea
1777 3672 1954 3726 facere
1990 3680 2139 3740 pote-

555 3789 638 3836 rat
657 3792 776 3848 quae
799 3773 1066 3828 hominem
1093 3775 1368 3838 superant,
1397 3765 1645 3820 conservi
1673 3762 2013 3834 prasentiam
2032 3775 2140 3814 non

555 3871 717 3936 tulit,
758 3866 852 3922 sed
904 3862 1238 3919 exanimatus
1278 3857 1508 3928 iacebat.
1560 3854 1752 3908 Eversa
1799 3863 1914 3907 sunt
1952 3854 2094 3907 enim
2121 3893 2137 3920 ,

555 3962 748 4030 inquit,
779 3958 1019 4012 interiora
1044 3968 1154 4007 mea
1175 3951 1229 4005 in
1255 3949 1446 4004 uisione
1473 3964 1602 4014 mea,
1631 3955 1678 4000 et
1698 3946 1904 4016 spiritus
1931 3961 2030 3998 non
2057 3961 2140 3998 re-

556 4055 702 4108 lictus
727 4059 798 4104 est
826 4049 880 4102 in
900 4043 1155 4115 me(lbid.
1187 4057 1235 4095 υ.
1257 4041 1345 4096 i6.
1376 4037 1487 4110 17).
1515 4038 1616 4106 Qui
1643 4051 1770 4092 vero
1797 4051 1828 4089 a
1851 4035 1978 4104 justi
2001 4034 2141 4088 illius

555 4145 751 4200 virtute
781 4149 985 4195 tantum
1015 4135 1218 4191 distant
1242 4133 1410 4202 ipsam
1463 4129 1555 4184 Dei
1596 4126 1946 4182 substantiam
1974 4138 2032 4178 se
2061 4123 2142 4178 di-

555 4234 904 4307 ligentissime
942 4242 1100 4284 nosse
1141 4226 1490 4297 proﬁtentur;
1544 4219 1690 4274 illam
1722 4218 1929 4273 scilicet
1949 4231 2139 4284 supre-

555 4305 698 4383 uiam
737 4332 792 4380 et
836 4323 1062 4393 primam
1088 4359 1104 4385 ,
1149 4331 1269 4388 quae
1311 4315 1589 4369 innumera
1631 4309 1937 4380 angelorum
1979 4305 2142 4360 millia

557 4417 808 4488 produxit
837 4456 850 4480 ,
902 4425 1130 4484 quorum
1161 4422 1326 4465 unum
1356 4404 1540 4460 Daniel
1569 4402 1880 4472 conspicere
1905 4414 2011 4454 non
2043 4412 2142 4468 po-

559 4511 678 4565 luit.

632 4605 685 4660 5.
722 4602 854 4657 Deus
881 4598 1076 4654 etiamsi
1117 4613 1170 4651 se
1194 4601 1482 4664 attentperet
1502 4634 1516 4658 ,
1549 4607 1581 4644 a
1610 4588 1838 4660 supernis
1862 4583 2143 4640 Virtutibus

557 4697 717 4754 uideri
746 4695 932 4766 nequit.
956 4721 1029 4732 —
1053 4689 1157 4745 Sed
1179 4688 1244 4742 ad
1264 4686 1538 4757 pristinum
1562 4680 1887 4752 propositum
1910 4684 2144 4730 reverta-

562 4805 703 4854 mur,
717 4764 1166 4849 ostendamusque
1181 4793 1278 4833 nec
1294 4792 1321 4829 a
1340 4773 1585 4844 supernis
1596 4769 1894 4825 Virtutibus
1909 4764 2142 4835 conspici

560 4894 718 4952 posse
745 4877 911 4931 Deum
935 4913 951 4940 ,
983 4869 1192 4926 etiamsi
1221 4881 1339 4922 sese
1356 4870 1688 4933 attemperet.
1717 4859 1826 4915 Cur
1849 4857 1990 4912 enim
2009 4899 2024 4922 ,
2056 4855 2143 4911 dic

562 4948 715 5035 inihi,
737 4968 851 5022 alas
878 4959 1212 5036 praetendunt
1233 4955 1549 5028 Seraphim?
1571 4952 1721 5008 Nulla
1743 4952 1844 5005 alia
1871 4948 1938 5004 de
1957 4962 2138 5013 causa,

559 5079 720 5138 quam
750 5069 809 5116 ut
833 5057 960 5115 illud
983 5053 1328 5126 apostolicum
1350 5091 1364 5115 ,
1393 5048 1494 5116 Qui
1520 5048 1682 5102 lucem
1702 5044 1892 5099 habitat
1911 5044 2142 5096 inacces-

560 5137 756 5215 sibilem
785 5153 863 5224 (l.
892 5151 1026 5204 Tim.
1058 5147 1110 5203 6.
1145 5143 1251 5219 l6)
1274 5188 1288 5210 ,
1321 5142 1452 5214 ipsis
1477 5140 1728 5212 Operibus
1768 5137 2138 5208 proclament:

561 5264 737 5321 neque
761 5247 849 5302 illa
875 5243 1046 5299 solum
1071 5282 1087 5307 ,
1115 5239 1209 5295 sed
1231 5237 1390 5292 etiam
1415 5235 1516 5290 illis
1539 5232 1810 5303 superiora
1830 5226 2140 5284 Cherubim.

561 5320 662 5399 lite,
684 5339 882 5410 quippe
897 5333 1135 5391 Virtutes
1157 5345 1323 5401 prope
1352 5337 1528 5392 stant;
1556 5325 1659 5380 illa:
1679 5337 1806 5378 vero
1827 5320 2001 5375 throni
2023 5325 2145 5373 sunt

563 5433 662 5491 Dei
689 5434 708 5464 ί
742 5450 757 5487 :
788 5446 894 5485 non
920 5426 1060 5499 quod
1090 5426 1281 5480 throno
1310 5423 1449 5477 Deus
1472 5428 1644 5490 egeat,
1676 5416 1770 5472 sed
1809 5422 1865 5469 ut
1897 5413 2002 5468 hoc
2023 5411 2142 5468 Vir-

628 5546 648 5577 ι
681 5551 791 5594 Post
809 5541 933 5601 hac,
956 5537 1056 5589 illa:
1078 5549 1189 5588 vero
1224 5530 1382 5601 throni
1414 5537 1522 5601 sunt
1547 5525 1854 5601 Dei._in_alio
1883 5525 2142 5601 sequitur:

567 5615 625 5657 In
646 5587 1053 5666 seuit-Jahre
1073 5587 1176 5649 mos
1193 5604 1262 5648 est
1280 5594 1392 5647 illas
1408 5593 1632 5666 thronum
1655 5587 1745 5666 Dei
1761 5600 1953 5666 ppcare,
1976 5597 2071 5666 non
2091 5590 2145 5666 ut

1226 5647 1334 5711 ’Deo
1371 5667 1467 5708 non
1500 5664 1620 5720 opus
1649 5655 1721 5704 est
1758 5648 1944 5712 throno,
1979 5647 2064 5700 sed
2091 5652 2144 5697 ut

567 5728 820 5788 Virtutum,
845 5731 945 5776 etc.

1265 251 1329 316 S.
1360 251 1638 315 JOANNIS
1673 249 2150 313 CllRYSOSTOMl
2187 249 2506 306 ARClllEP.
2535 247 3072 307 CONSTANTINOP.
3699 258 3795 319 ’ω

2256 371 2425 420 tutum
2451 365 2682 435 ipsarum
2710 364 3018 436 dignitatem
3043 362 3332 436 intelligas.
3351 366 3482 424 Audi
3503 369 3654 428 alium
3674 387 3794 447 quo.

2249 472 2354 527 que
2382 457 2694 526 prophetam
2717 460 2784 512 de
2813 458 2918 513 illis
2947 459 3251 527 loquentem
3278 475 3291 512 :
3327 453 3394 513 Et
3412 465 3596 532 factum
3615 475 3680 521 est
3701 485 3798 524 oar.

2245 548 2364 604 bum
2391 548 2595 603 Domini
2620 549 2689 603 ad
2711 549 2947 605 Esecliiel
2974 550 3136 620 [ilium
3163 547 3291 605 Busi
3315 565 3455 608 secus
3473 557 3655 625 flumen.
3678 558 3798 615 Clio-

2243 640 2336 696 bar
2361 641 2572 712 (Ezeclt.
2596 645 2647 696 1.
2677 642 2757 714 5).
2804 643 2871 697 Ει
2907 642 2994 697 hic
3040 642 3107 697 ad
3135 641 3330 698 ﬁumen
3361 638 3566 701 Chobar
3586 689 3600 713 ,
3631 664 3802 719 quem-

2245 732 2532 788 admodum
2581 734 2669 788 ille
2713 733 2780 788 ad
2827 733 3022 788 ﬁumen
3051 733 3252 804 Tigrim
3287 735 3473 791 stabat.
3514 723 3639 792 Cum
3670 743 3802 798 enim

2246 826 2387 882 Deus
2432 826 2728 881 mirabilem
2765 825 3049 896 quamdam
3092 826 3352 882 visionem
3381 821 3546 884 servis
3577 822 3683 888 suis
3725 848 3806 890 os-

2247 927 2499 974 tensurus
2527 928 2610 975 est
2635 960 2651 986 ,
2680 934 2773 974 eos
2802 930 2952 975 extra
2976 919 3134 975 urbes
3162 919 3338 976 educit
3359 922 3411 975 in
3435 921 3604 977 locum
3625 927 3807 982 tumul-

2248 1019 2303 1065 tu
2335 1025 2588 1078 vacuum,
2617 1019 2676 1065 ut
2703 1026 2733 1064 a
2760 1011 2905 1066 nullo
2932 1011 3020 1067 vel
3048 1013 3148 1068 sub
3174 1024 3446 1082 aspectum
3475 1015 3559 1069 vel
3591 1017 3684 1072 sub
3715 1033 3803 1073 au-

2246 1103 2414 1158 ditum
2445 1103 2668 1159 cadente
2709 1105 3079 1175 interpelletur
3113 1107 3322 1161 animus
3348 1150 3364 1174 ,
3395 1109 3490 1163 sed
3520 1119 3655 1164 totus
3694 1128 3807 1170 cum

2246 1196 2488 1250 libertate
2529 1206 2758 1251 ostensa:
2795 1197 2874 1251 rei
2899 1198 3334 1267 contemplationi
3358 1209 3527 1255 vacet.
3565 1201 3692 1269 Quid
3720 1205 3810 1274 igi~

2247 1295 2333 1340 tur
2358 1287 2488 1341 vidit
2513 1287 2641 1341 ille?
2678 1286 2810 1341 Ecce
2834 1289 3017 1355 nubes,
3052 1290 3255 1358 inquit,
3284 1292 3508 1346 veniebat
3531 1294 3590 1346 ab
3624 1297 3809 1366 aquilo-

2245 1394 2338 1444 ne,
2367 1389 2412 1430 et
2436 1378 2676 1446 splendor
2704 1380 2758 1431 in
2788 1379 2998 1433 circuitu
3038 1381 3175 1451 ejus,
3203 1391 3249 1434 et
3288 1383 3422 1453 ignis
3449 1386 3705 1454 fulgurans
3724 1429 3739 1454 ,
3767 1397 3811 1442 et

2246 1469 2298 1522 in
2321 1470 2483 1523 medio
2505 1472 2618 1540 ejus
2645 1471 2789 1538 quasi
2831 1471 2954 1526 uisio
2995 1472 3192 1539 electri,
3225 1484 3272 1526 et
3292 1475 3536 1543 splendor
3559 1478 3610 1531 in
3653 1495 3738 1544 eo,
3766 1490 3810 1536 et

2245 1560 2295 1612 in
2342 1561 2504 1614 medio
2533 1561 2812 1615 similitudo
2851 1573 3070 1633 quatuor
3107 1565 3426 1620 animalium.
3457 1567 3555 1621 Hic
3598 1585 3812 1638 aspectus

2245 1667 2424 1703 eorum
2443 1693 2458 1716 ,
2489 1652 2767 1706 similitudo
2789 1653 3004 1708 hominis
3027 1654 3078 1708 in
3099 1655 3190 1708 eis.
3211 1653 3279 1708 Et
3299 1667 3518 1725 quatuor
3545 1661 3692 1729 facies
3711 1663 3807 1727 uni,

2246 1753 2292 1796 et
2320 1753 2536 1813 quatuor
2573 1745 2671 1798 alte
2697 1745 2804 1798 uni.
2839 1742 2906 1799 Et
2950 1745 3166 1800 altitudo
3214 1757 3322 1801 erat
3346 1749 3454 1814 eis,
3495 1760 3540 1804 et
3588 1753 3814 1807 terribilia

2245 1845 2388 1888 erant
2417 1851 2436 1889 :
2465 1846 2510 1888 et
2542 1846 2680 1904 terga
2727 1853 2897 1890 eorum
2925 1839 3073 1906 plena
3110 1839 3270 1893 oculis
3312 1841 3366 1893 in
3403 1841 3612 1894 circuitu
3654 1833 3812 1898 eorum

2245 1935 2498 1993 quatuor;
2523 1935 2570 1978 et
2595 1926 2869 1980 similitudo
2890 1944 3041 1998 super
3065 1939 3216 1998 caput
3242 1947 3416 1984 eorum
3437 1971 3453 1996 ,
3484 1933 3626 2001 quasi
3646 1933 3812 2001 firma-

2246 2029 2466 2073 mentum
2484 2062 2497 2081 ,
2519 2020 2666 2090 quasi
2693 2031 2926 2090 aspectus
2954 2021 3182 2092 crystalli
3206 2023 3446 2077 terribilis
3471 2065 3486 2090 ,
3519 2035 3712 2078 extensa
3730 2043 3812 2080 su-

2247 2129 2337 2180 per
2361 2123 2511 2184 caput
2543 2129 2716 2167 eorum
2741 2113 2988 2184 desuper:
3005 2123 3052 2168 et
3078 2115 3177 2168 alae
3200 2131 3379 2168 eorum
3407 2117 3672 2188 unicuique
3687 2118 3808 2184 date,

2249 2211 2464 2270 tegentes
2493 2219 2709 2272 corpora
2750 2219 2920 2258 eorum
2943 2219 2962 2258 :
2983 2213 3030 2257 et
3064 2222 3220 2276 supra
3271 2206 3643 2275 ﬁrmamentum
3678 2210 3809 2278 quasi

2251 2305 2481 2365 aspectus
2525 2295 2710 2364 lapidis
2753 2297 2983 2366 sapphiri
3010 2313 3029 2351 :
3058 2306 3104 2350 et
3147 2298 3426 2352 similitudo
3453 2297 3642 2352 Tltroni
3672 2316 3811 2368 super

2246 2403 2396 2452 eum,
2441 2397 2488 2440 et
2531 2403 2682 2459 super
2722 2389 3102 2443 similitudinem
3147 2389 3318 2443 tltroni
3365 2389 3638 2443 similitudo
3680 2390 3812 2461 quasi

2244 2481 2432 2550 species
2469 2481 2687 2534 hominis
2720 2499 2869 2552 super
2893 2499 3024 2536 eum.
3060 2481 3128 2534 Et
3158 2483 3257 2536 vidi
3283 2485 3436 2553 quasi
3455 2494 3702 2552 aspectum
3722 2485 3813 2538 ele-

2245 2572 2364 2636 ctri,
2390 2572 2451 2624 ab
2473 2581 2676 2641 aspectu
2707 2572 2897 2638 lumbi,
2926 2582 2972 2625 et
2999 2589 3151 2642 usque
3180 2574 3402 2643 desuper
3421 2615 3434 2636 ,
3465 2583 3510 2627 et
3535 2574 3595 2628 ab
3623 2582 3811 2644 aspectu

2247 2661 2402 2716 lumbi
2425 2678 2582 2733 usque
2605 2663 2872 2728 deorsum,
2903 2664 3046 2733 quasi
3070 2664 3308 2717 visionem
3334 2665 3467 2735 ignis
3488 2679 3505 2717 :
3523 2674 3566 2718 et
3591 2653 3812 2733 splendor

2244 2756 2355 2825 ejus
2394 2756 2538 2824 quasi
2575 2766 2804 2823 aspectus
2840 2772 3020 2819 arcus,
3054 2772 3167 2808 cum
3196 2758 3354 2827 fuerit
3395 2758 3448 2810 in
3485 2757 3610 2811 nube
3649 2759 3698 2810 in
3739 2758 3812 2811 die

2246 2846 2431 2916 pluvia:
2458 2843 2616 2914 (Ibid.
2649 2862 2677 2899 υ
2704 2846 2758 2900 4.
2786 2845 2968 2916 seqq.).
3011 2846 3137 2900 Post
3188 2847 3305 2901 hzec
3365 2858 3541 2902 autent
3578 2855 3692 2902 eum
3727 2847 3811 2902 de-

2247 2939 2448 2993 clarare
2474 2938 2667 3004 vellet,
2715 2953 2813 2991 nec
2851 2938 3167 3008 Prophetam
3210 2955 3309 2994 nec
3340 2940 3574 2996 Virtutes
3603 2933 3713 2994 illas
3750 2941 3809 2994 ad

2245 3046 2448 3084 meram
2471 3030 2638 3099 ipsam
2667 3030 3014 3085 substantiam
3041 3033 3336 3087 accessisse
3360 3074 3373 3096 ,
3404 3033 3611 3089 dicebat
3647 3052 3659 3086 :
3692 3029 3806 3088 lites

2245 3123 2371 3177 visio
2413 3121 2758 3177 similitudinis
2803 3122 2978 3192 gloria
3018 3121 3220 3176 Domini
3257 3122 3385 3194 (Id.
3426 3125 3480 3178 2.
3536 3122 3607 3195 l.)
3642 3123 3808 3178 Viden'

2245 3223 2298 3270 et
2324 3213 2410 3268 hic
2430 3223 2484 3267 et
2508 3214 2578 3268 ibi
2613 3213 2705 3267 Dei
2727 3215 3261 3281 attemperationem?
3282 3215 3532 3270 Attamen
3555 3217 3675 3284 ipsae
3694 3229 3810 3284 quo-

2245 3323 2349 3377 que
2378 3307 2610 3360 Virtutes
2639 3320 2699 3360 se
2742 3305 2842 3359 alis
2868 3307 3146 3374 operiunt,
3180 3307 3323 3361 nulla
3355 3309 3460 3362 alia
3486 3323 3638 3378 quam
3665 3321 3808 3376 supra

2245 3398 2384 3453 dicta
2416 3397 2484 3453 de
2509 3413 2663 3452 causa
2695 3414 2708 3450 :
2741 3413 3058 3467 quamquam
3090 3399 3534 3468 sapientissime,
3562 3399 3812 3469 perSpica-

2246 3489 2477 3571 eissimze
2525 3496 2580 3542 et
2624 3487 2925 3556 purissima:
2964 3491 3090 3542 sint.
3135 3488 3414 3544 Undenam
3443 3491 3495 3544 id
3525 3489 3714 3560 liquet?
3739 3487 3812 3542 Ab

2245 3581 2376 3651 ipsis
2397 3579 2720 3634 nominibus.
2740 3579 3194 3646 Quemadmodum
3214 3581 3358 3634 enim
3386 3581 3601 3650 angelus
3613 3579 3808 3641 dicitur,

2245 3675 2366 3743 quia
2393 3688 2511 3742 quae
2550 3672 2645 3726 Dei
2675 3682 2798 3724 sunt
2817 3671 3119 3726 hominibus
3140 3671 3442 3737 annuntiat,
3465 3673 3811 3738 ἀναγγιλλσιεει

2245 3763 2594 3834 archangelus
2615 3763 2735 3831 quia
2763 3763 2964 3832 angelis
2995 3763 3244 3830 imperat:
3263 3760 3342 3814 sic
3367 3771 3422 3816 et
3441 3762 3541 3816 ilhc
3574 3757 3809 3815 vocabula

2247 3865 2414 3910 nactae
2443 3865 2567 3909 sunt
2591 3869 2709 3924 qua:
2730 3855 2964 3923 ipsarum
2997 3853 3308 3922 sapientiam
3338 3861 3395 3907 et
3421 3852 3693 3922 puritatem
3721 3864 3810 3903 no-

2245 3949 2328 4004 bis
2357 3947 2660 4010 declarent;
2690 3960 2753 4000 ac
2794 3945 2931 4000 sicut
2976 3945 3073 3998 ala:
3105 3953 3306 3998 natura
3333 3944 3702 3999 sublimitatem
3737 3941 3810 3994 in—

2245 4038 2425 4094 dicant
2475 4036 2712 4108 (etenim
2753 4035 2966 4091 Gabriel
3005 4035 3190 4090 volans
3236 4043 3679 4104 repraesentetur,
3714 4044 3809 4084 non

2245 4129 2384 4201 quod
2411 4128 2610 4199 angelis
2637 4129 2743 4182 sint
2766 4127 2895 4192 aha,
2921 4126 3014 4181 sed
3043 4135 3100 4180 ut
3123 4125 3331 4180 ediscas
3357 4142 3421 4180 ex
3451 4122 3713 4178 altissimis
3735 4121 3809 4174 lo-

2245 4223 2322 4278 eis
2341 4264 2356 4288 ,
2388 4234 2561 4291 exque
2591 4233 2838 4290 supremo
2858 4217 3126 4273 domicilio
3151 4217 3300 4271 illum
3329 4217 3394 4271 ad
3427 4217 3701 4270 humanam
3726 4211 3807 4265 ad-

2245 4324 2464 4371 ventare
2512 4311 2831 4383 naturam),
2877 4313 2956 4366 sic
2983 4317 3039 4366 et
3078 4311 3130 4365 in
3179 4311 3296 4366 istis
3344 4311 3478 4365 nihil
3519 4308 3657 4364 aliud
3681 4306 3804 4370 aha,

2246 4422 2404 4477 quam
2453 4405 2833 4462 sublimitatem
2878 4411 3079 4457 naturae
3121 4401 3443 4472 signiﬁcant.
3491 4401 3635 4456 Sicut
3665 4398 3808 4467 igitur

2247 4501 2347 4555 alae
2378 4509 2580 4554 naturae
2610 4495 2986 4554 sublimitatem
3013 4494 3286 4550 declarant
3311 4533 3327 4560 ,
3356 4503 3411 4548 et
3442 4493 3656 4547 thronus
3677 4484 3804 4558 quod

2247 4592 2387 4646 Deus
2418 4591 2471 4646 in
2515 4589 2645 4660 ipsis
2683 4588 3008 4658 requiescat,
3052 4595 3105 4640 et
3149 4586 3286 4640 oculi
3333 4582 3806 4654 perspicacitatem,

2248 4683 2426 4738 throni
2455 4681 2819 4752 propinquitas
2845 4688 2899 4734 et
2923 4678 3104 4749 hymni
3131 4676 3378 4747 perpetui
3408 4672 3724 4744 vigilantiam
3762 4677 3809 4720 et

2249 4775 2510 4830 insomnia
2540 4792 2554 4828 :
2583 4774 2659 4827 sic
2709 4771 2925 4827 nomina
2973 4771 3162 4823 horum
3209 4768 3522 4838 sapientiam
3551 4805 3568 4831 ,
3613 4763 3807 4818 illorum

2245 4868 2528 4941 puritatem
2569 4865 2884 4936 signiﬁcant.
2912 4861 3046 4931 Quid
3075 4861 3217 4916 enim
3243 4859 3342 4914 sibi
3368 4859 3482 4913 vult
3500 4850 3809 4912 Cherubim?

2246 4960 2409 5016 Plena
2433 4957 2671 5013 scientia.
2695 4956 2829 5025 Quid
2853 4955 3129 5024 Seraphim
3149 4954 3174 5004 ‘l
3195 4951 3358 5022 Ignita
3379 4965 3494 5004 ora.
3523 4945 3694 5002 Viden‘
3714 4954 3808 5012 quo

2252 5060 2409 5123 pacto
2437 5050 2653 5106 nomina
2698 5049 2910 5104 illorum
2932 5047 3246 5117 sapientiam
3271 5079 3287 5110 ,
3327 5042 3516 5096 horum
3545 5037 3806 5108 puritatem

2249 5143 2585 5215 signiﬁcent?
2608 5142 2663 5197 Si
2692 5156 2818 5197 vero
2845 5139 2933 5194 ubi
2963 5138 3113 5208 plena
3139 5136 3357 5192 scientia
3383 5143 3499 5200 est,
3541 5145 3606 5185 ne
3629 5137 3806 5182 attem-

2249 5244 2491 5306 peratum
2517 5233 2730 5304 quidem
2763 5231 2852 5285 Dei
2877 5229 3092 5284 modum
3113 5237 3358 5282 accurate
3370 5224 3551 5280 videre
3568 5223 3805 5292 possunt:

2249 5328 2337 5383 ubi
2368 5343 2434 5383 ex
2463 5335 2611 5397 parte
2657 5323 2918 5394 cognitio,
2961 5328 3021 5374 ut
3060 5319 3132 5374 ait
3163 5318 3356 5374 Paulus
3380 5355 3396 5382 ,
3446 5312 3530 5368 Ea:
3569 5317 3704 5382 parte
3729 5321 3809 5360 co-

2249 5395 2534 5492 gnoscimus
2553 5459 2568 5485 ,
2598 5427 2652 5473 et
2671 5459 2686 5485 ,
2715 5415 2814 5471 Per
2851 5413 3113 5485 speculum
3150 5420 3197 5464 et
3236 5412 3288 5464 in
3312 5407 3574 5478 terrigmate
3603 5401 3672 5474 (ι.
3703 5395 3812 5492 σοι·Σ

2251 5485 2538 5581 i5.9.l2),
2577 5516 2789 5580 quantae
2836 5506 2995 5560 fuerit
3037 5503 3314 5567 amentiis,
3365 5511 3462 5562 ea,
3509 5506 3626 5564 quae
3653 5508 3716 5547 ne
3745 5485 3811 5541 illi

2251 5603 2468 5675 quidem
2499 5610 2722 5674 possunt
2751 5599 2972 5667 intueri,
3015 5597 3113 5655 sibi
3149 5605 3270 5652 nota
3299 5601 3353 5649 et
3391 5584 3666 5659 perspicua
3701 5591 3813 5635 esse

2253 5705 2439 5766 putare
2457 5694 2490 5768 l_
