4062 6166
238 244 328 300 7T5

228 364 277 416 οι
294 357 610 428 βραχίονες
636 354 826 412 αὑτοῦ
855 353 949 411 καὶ
976 356 1046 412 τὰ
1079 344 1275 427 σκέλη
1311 359 1455 413 ὡσεὶ
1489 360 1702 429 ὅρασις
1734 358 1883 427 χαλ⁶

230 448 331 504 κοῦ
349 448 722 512 στίλϐοντος,
749 448 788 514 ἡ
819 446 987 516 φωνὴ
1010 444 1130 500 τῶν
1162 447 1364 517 λόγων
1385 448 1574 503 αὑτοῦ
1612 448 1692 514 ὡς
1714 445 1885 517 φωνὴ

230 537 419 606 ὄχλου.
454 534 565 589 Καὶ
596 534 712 605 ἐγὼ
735 536 925 605 μόνος
951 531 1116 588 εἶδον
1142 533 1259 603 τὴν
1297 536 1600 589 ὀπτασίαν
1640 534 1885 601 ταύτην,

230 626 317 680 καὶ
347 627 400 678 οἱ
416 625 543 693 μετ’
577 623 725 693 ἐμοῦ
766 626 879 678 οὐκ
931 620 1117 685 εἶδον,
1161 625 1301 678 ἀλλ’
1331 625 1624 690 ἔκστασις
1650 621 1889 694 μεγάλη

229 713 436 768 ἔπεσεν
482 712 576 765 ἐπ’
608 713 853 779 αὐτοὺς,
914 713 1010 766 καὶ
1048 712 1278 783 ἔφυγον
1312 714 1383 767 έν
1417 714 1600 783 φόϐῳ,
1631 712 1730 767 καὶ
1776 714 1890 782 οὐχ

232 801 544 871 ὑπελείφθη
562 801 633 854 έν
654 802 783 870 ἐμοὶ
806 802 1005 871 ἰσχὺς,
1024 802 1121 856 καὶ
1143 803 1182 870 ἡ
1207 801 1357 868 δόξα
1371 821 1490 873 μου
1508 801 1891 873 μετεστράφη

231 893 307 956 εις
340 888 687 960 διαφθοράν.
731 890 797 942 Τί
832 892 996 953 ἐστιν,
1036 891 1110 946 ἸΙ
1136 890 1289 957 δόξα
1330 908 1458 961 ⁹μου
1502 889 1889 961 μετεστράφη

231 982 307 1043 εις
332 977 696 1047 διαφθοράν;
734 979 1031 1051 Εύπρεπὴς
1056 976 1126 1053 ἦν
1175 982 1203 1034 6
1252 979 1508 1043 νεανίας*
1544 981 1666 1033 ἐπεὶ
1721 975 1816 1033 οὖν
1867 982 1895 1033 6

231 1065 377 1138 φόϐος
401 1068 502 1136 τῆς
529 1066 831 1138 παρουσίας
858 1066 952 1121 τοῦ
987 1066 1244 1137 ἀγγέλου,
1266 1067 1519 1139 καθάπερ
1547 1070 1675 1132 τοὺς
1705 1068 1899 1120 ἐκπνέ-

230 1173 392 1219 οντας,
416 1155 595 1219 οὕτως
619 1156 781 1208 αὑτὸν
810 1155 1049 1227 διέθηκε,
1105 1155 1308 1227 πολλὴν
1342 1157 1764 1220 κατασκευάσας
1798 1156 1897 1228 τὴν

228 1244 440 1316 ὠχρίαν,
477 1245 574 1296 καὶ
594 1242 882 1307 ἀναλώσας
904 1245 965 1298 τὸ
997 1244 1155 1307 ἄνθος
1179 1244 1279 1316 τῆς
1301 1243 1453 1316 ὥρας
1469 1285 1484 1311 ,
1527 1246 1620 1298 καὶ
1649 1245 1895 1315 δαπανή-

231 1349 321 1396 σας
341 1333 441 1402 τὴν
459 1330 713 1404 εὔχροιαν
734 1333 834 1402 τῆς
850 1333 1172 1402 ἐπιφανείας
1193 1334 1431 1397 ἃπασαν,
1450 1333 1538 1388 διὰ
1562 1333 1717 1388 τοῦτό
1740 1350 1896 1403 φησι,

226 1422 608 1491 Matt-rarde
664 1423 703 1491 ἡ
748 1421 897 1486 δόξα
930 1440 1051 1491 μου
1108 1425 1196 1489 εἰς·
1239 1422 1589 1492 διαφθοράν.
1629 1422 1900 1494 Καθάπερ

226 1513 346 1583 γὰρ,
398 1511 623 1582 ἡνιόχου
670 1510 1001 1580 φοϐηθέντος
1045 1512 1142 1565 καὶ
1185 1511 1285 1576 τὰς
1336 1513 1494 1585 ἡνίας
1528 1512 1779 1582 ἀφέντος,
1810 1514 1898 1565 ἐπ’

226 1602 338 1672 ὄψιν
360 1604 407 1654 οἱ
440 1602 603 1655 ἵπποι
628 1602 1029 1672 καταφέρονται
1057 1602 1259 1664 πάντες
1280 1603 1375 1655 καὶ
1413 1601 1473 1654 τὸ
1506 1591 1902 1673 ἀρμαόλόκλη-

229 1708 314 1761 ρον
336 1688 761 1761 περιτρέπεταιο
794 1687 939 1743 οὕτω
984 1690 1078 1743 καὶ
1127 1690 1219 1742 ἐπὶ
1244 1691 1345 1760 τῆς
1375 1688 1553 1760 ψυχῆς
1579 1689 1902 1760 συμϐαίνειν

228 1780 426 1842 εἴωθεν,
454 1780 589 1832 ὅταν
616 1778 722 1831 ὑπό
743 1795 889 1842 τινος
915 1777 1157 1848 θάμϐους
1189 1778 1283 1832 καὶ
1306 1779 1546 1847 ἀγωνίας
1576 1779 1898 1848 κατέχηται·

229 1868 530 1939 πτοουμένη
563 1868 691 1939 γάρ.
728 1867 825 1937 καὶ
876 1867 1127 1940 καθάπερ
1177 1868 1333 1938 ἡνίας
1383 1866 1536 1930 τινὰς
1566 1867 1667 1931 τάς
1697 1866 1902 1931 οἰκείας

232 1958 501 2028 ἐνεργείας
558 1956 926 2009 συστέλλουσα
962 1956 1057 2021 ἀφ’
1105 1956 1335 2010 ἑκάστου
1382 1954 1489 2009 τῶν
1530 1955 1901 2027 αίσόητηρίων

229 2044 314 2098 τοῦ
338 2043 620 2115 σώματος,
657 2044 839 2115 ἔρημα
870 2044 1063 2115 ἀφίησι
1104 2042 1172 2096 τὰ
1204 2042 1371 2113 μέλη·
1398 2038 1516 2096 εἶτα
1545 2044 1747 2109 ἐκεῖνα,
1775 2046 1903 2114 ἐρη-

233 2136 470 2206 μωθέντα
500 2136 607 2207 τῆς
636 2134 974 2205 κατεχούσης
1007 2133 1149 2188 αύτά
1174 2134 1477 2203 δυνάμεως,
1500 2133 1783 2186 διαπίπτει
1808 2134 1902 2187 καὶ

229 2224 615 2297 περικρούεται
637 2241 649 2256 ·
684 2224 823 2294 ὅπερ
856 2225 952 2277 καὶ
979 2225 1007 2276 6
1046 2221 1247 2293 Δανιὴλ
1276 2221 1444 2274 ἔπαθε
1484 2221 1626 2275 τότε.
1659 2221 1725 2276 Τί
1752 2218 1845 2276 οὖν
1874 2224 1902 2275 6

229 2314 479 2383 ἀγγελος;
523 2312 852 2383 Ἀνέστησεν
885 2311 1070 2375 αὐτὸν,
1104 2311 1195 2365 καί
1238 2327 1411 2382 φησι,
1466 2309 1715 2378 Δανιὴλ,
1758 2311 1902 2380 ἄνερ

226 2400 552 2471 ἐπιθυμιῶν
575 2442 590 2466 ,
639 2400 828 2466 σύνες
879 2399 950 2452 έν
985 2398 1112 2465 τοῖς
1141 2399 1345 2468 λόγοις
1382 2400 1617 2465 τούτοις
1660 2395 1752 2464 οἷς
1789 2400 1905 2469 ἐγὼ

225 2488 382 2543 λαλῶ
413 2490 573 2558 πρὸς
602 2488 698 2549 σὲ,
718 2486 815 2541 καὶ
845 2486 1023 2556 στῆθι
1044 2486 1142 2540 ἐπὶ
1169 2485 1245 2554 τῇ
1269 2486 1483 2542 στάσει
1512 2502 1649 2552 σου,
1669 2487 1758 2540 ὅτι
1791 2489 1907 2543 νῦν

226 2577 582 2645 ἀπεστάλην
608 2576 759 2644 πρὸς
780 2573 875 2630 σέ.
917 2576 975 2629 '0
1002 2574 1153 2646 [467]
1185 2574 1242 2627 δὲ
1263 2575 1459 2647 ἀνέστη
1486 2575 1767 2648 ἔντρομος.
1796 2578 1906 2630 Καὶ¹

226 2665 531 2737 ἀρχομένου
564 2664 726 2718 πάλιν
759 2663 894 2733 πρὸς
924 2661 1088 2715 αὐτὸν
1120 2661 1464 2729 διαλέγεσθαι
1507 2662 1600 2716 τοῦ
1647 2664 1903 2733 ἀγγέλου,

226 2755 313 2806 καὶ
344 2753 533 2821 λέγειν
558 2754 666 2817 ὅτι,
712 2750 849 2805 Ἇπό
879 2749 991 2819 τῆς
1014 2749 1239 2819 ἡμέρας
1268 2745 1343 2819 ἧς
1366 2750 1595 2816 ἔδωκας
1619 2750 1734 2820 τὴν
1768 2768 1907 2820 καρ-

223 2841 354 2897 δίαν
380 2858 505 2896 σου
538 2839 880 2908 κακωθῆναι
905 2839 1184 2892 ἐναντίον
1204 2838 1309 2892 τοῦ
1338 2837 1484 2892 Θεοῦ
1508 2841 1908 2908 ήκούσθησαν

224 2934 275 2985 οί
306 2932 475 3001 λόγοι
500 2943 647 2991 σου,
687 2926 850 2997 κάγὼ
876 2923 1064 2998 ἦλθον
1094 2928 1165 2980 ἐν
1199 2927 1322 2992 τοῖς
1341 2928 1547 2997 λόγοις
1566 2943 1683 2982 σου
1702 2970 1716 2994 ,
1744 2928 1907 2982 πάλιν

135 3076 143 3081 ,
226 3020 533 3074 κατέπεσεν
562 3016 658 3070 ἐπὶ
686 3017 782 3087 τὴν
806 3016 940 3086 γῆν·
980 3016 1119 3087 ὅπερ
1150 3017 1245 3069 καὶ
1283 3016 1377 3068 ἐπὶ
1423 3016 1530 3069 τῶν
1565 3016 1908 3088 ἐκλυομένων

227 3108 538 3179 συμϐαίνει.
579 3105 847 3175 Καθάπερ
881 3104 990 3175 γὰρ
1018 3106 1215 3157 ἐκεῖνοι
1263 3103 1656 3175 διεγερθέντες,
1687 3106 1781 3159 καὶ
1828 3107 1909 3170 εἰς

224 3197 443 3260 ἑαυτοὺς
503 3192 918 3255 ἐπανελθόντες,
974 3191 1069 3244 καὶ
1124 3191 1510 3263 διαϐλέψαντες
1571 3192 1910 3264 κατεχόντων

224 3288 370 3359 ἡμῶν
398 3287 633 3349 αὐτοὺς,
667 3285 763 3338 καὶ
804 3282 1098 3355 ραινὸντων
1134 3282 1196 3336 τὸ
1231 3283 1524 3353 πρόσωπον
1558 3282 1787 3355 ψυχροῖς
1815 3284 1910 3338 νάοι

225 3394 400 3446 μασιν,
431 3378 494 3430 ἐν
539 3374 731 3435 αὑταῖς
765 3372 925 3444 ἡμῶν
956 3371 1216 3437 πολλάκις
1241 3371 1521 3425 ἐκλύονται
1560 3370 1765 3442 μεταξὺ
1790 3375 1911 3437 ταῖς

219 3466 424 3536 χερσὶν,
457 3462 617 3517 οὕτω
663 3461 758 3515 καὶ
789 3463 817 3515 6
865 3460 1156 3531 προφήτης
1203 3459 1462 3530 ἔπασχεν.
1515 3460 1580 3513 Ἥ
1610 3460 1718 3532 γάρ
1763 3460 1911 3533 ψυχὴ

220 3554 534 3625 φοϐηθεῖσα
560 3552 656 3605 καὶ
677 3550 775 3623 τὴν
804 3549 929 3620 ὄψιν
967 3550 1067 3619 τῆς
1099 3549 1404 3620 παρουσίας
1439 3551 1500 3602 ού
1538 3551 1780 3622 φέρουσα
1814 3550 1910 3604 τοῦ

220 3641 546 3705 συνδούλου,
576 3638 699 3691 οὐδὲ
726 3638 788 3690 τὸ
819 3636 933 3707 φῶς
964 3639 1139 3689 ἐκεῖνο
1166 3637 1440 3708 δυναμένη
1473 3638 1767 3709 βαστάζειν
1795 3637 1913 3692 ἐθο-

219 3731 457 3802 ρυϐεῖτο,
486 3726 754 3798 καθάπερ
781 3725 927 3789 τινὸς
961 3723 1206 3787 ἁλύσεως
1226 3724 1320 3777 τοῦ
1357 3724 1558 3795 δεσμοῦ
1588 3727 1687 3798 τῆς
1710 3728 1914 3799 σαρκὸς

217 3820 417 3891 ἑαυτὴν
442 3813 770 3887 ἀπορρῆξαι
797 3813 1151 3884 ἐπειγομένη.
1201 3812 1341 3865 Ἀλλ’
1385 3815 1592 3878 ἐκεῖνος
1623 3813 1702 3867 ἐτι
1732 3819 1914 3870 κατεῖ-

218 3928 330 3981 χεν.
357 3907 750 3962 Ἀκουέτωσαν
771 3905 818 3957 οἱ
842 3903 934 3957 τὸν
971 3903 1082 3956 τῶν
1105 3903 1353 3971 ἀγγέλων
1378 3905 1653 3975 Δεσπότην
1690 3923 1915 3978 περιερ-

217 3999 541 4070 γαζόμενοι.
580 3991 801 4066 Δανιὴλ,
829 3992 887 4046 ὃν
912 3992 1216 4064 ᾐδέσθησαν
1243 3991 1513 4062 ὀφθαλμοὶ⁵
1539 3993 1913 4058 λεόντων,Δαο

219 4089 357 4160 νιὴλ,
392 4089 423 4140 6
456 4086 535 4140 τά
576 4084 718 4153 ὑπὲρ
742 4081 1033 4154 ἄνθρωπον
1063 4082 1122 4134 ἐν
1156 4079 1483 4152 ἀνθρωπίνῳ
1518 4079 1734 4152 σώματι
1756 4082 1915 4154 δυνηο

221 4177 352 4241 θεὶς,
409 4172 707 4230 συνδούλου
758 4169 1059 4241 παρουσίαν
1111 4169 1211 4223 οὐκ
1245 4169 1495 4239 ἡνεγκεν,
1549 4169 1663 4223 ἀλλ’
1711 4170 1915 4235 ἄπνους

220 4266 419 4320 ἔκειτο.
465 4257 781 4329 Ἐστριίρη
821 4258 952 4330 γάρ,
993 4258 1149 4330 φησὶ,
1176 4256 1250 4311 τὰ
1281 4258 1457 4323 ἐντός
1474 4276 1594 4328 μου
1616 4258 1687 4314 ἐν
1707 4259 1915 4328 όράσει

215 4371 356 4423 μου,
392 4351 499 4406 καὶ
526 4348 690 4416 πνοὴ
721 4349 837 4417 οὐχ
864 4345 1197 4415 ὑπελείφθη
1216 4345 1286 4399 ἐν
1314 4345 1465 4414 ἐμοί.
1494 4347 1559 4399 Οἱ
1582 4346 1638 4400 δὲ
1665 4346 1917 4403 τοσοῦτον

218 4443 314 4513 τῆς
347 4440 568 4513 ἀρετῆς
595 4434 969 4505 ἀφεστηκότες
999 4433 1093 4487 τοῦ
1123 4432 1334 4487 δικαίου
1368 4433 1542 4506 αὐτὴν
1585 4434 1917 4507 ὑπισχνοῦν-

221 4547 306 4583 ται
325 4529 427 4601 τὴν
459 4526 658 4582 οὐσίαν
686 4524 881 4578 εἰδέναι
913 4522 1050 4593 μετὰ
1070 4521 1358 4594 ἀκριϐείας
1386 4519 1628 4594 ἀπάσης,
1660 4522 1759 4596 τὴν
1779 4526 1920 4579 ἀνω-

219 4618 369 4671 τάτω
399 4615 506 4671 καὶ
547 4611 774 4684 πρώτην
819 4612 915 4665 καὶ
945 4609 1045 4673 τὰς
1070 4608 1340 4680 μυριάδας
1376 4608 1484 4662 τῶν
1517 4609 1766 4679 ἀγγέλων
1797 4613 1921 4667 τού-

220 4723 327 4759 των
350 4698 824 4775 παραγαγοῶαν,
855 4690 931 4753 ὧν
964 4698 1061 4751 ἕνα
1095 4698 1123 4750 6
1151 4696 1352 4767 Δανιὴλ
1393 4698 1521 4751 ἰδεῖν
1550 4699 1649 4753 οὐκ
1679 4700 1915 4770 ἴσχυσεν.

289 4800 352 4847 ε’,
403 4791 560 4845 Ἀλλ’
593 4786 1034 4858 ἐπαναγάγωμεν
1062 4786 1155 4838 τὸν
1190 4785 1348 4853 λόγον
1385 4787 1477 4839 ἐπὶ
1514 4787 1612 4859 τὴν
1645 4789 1920 4862 προτέραν

221 4880 517 4945 ὑπόθεσιν,
541 4877 637 4931 καὶ
664 4875 930 4945 δείξωμεν
949 4876 1031 4928 ὅτι
1061 4874 1156 4926 καὶ
1173 4876 1296 4938 ταῖς
1316 4873 1428 4928 ἀνω
1445 4873 1739 4947 δυνάμεσιν
1760 4877 1923 4932 ἀθέα-

218 4971 311 5033 τός
337 4970 503 5022 ἐστιν
538 4967 566 5019 ὁ
593 4965 745 5029 Θεὸς,
781 4963 877 5017 καὶ
908 4961 1081 5015 ταῦτα
1119 4959 1590 5029 συγκαταϐαίνων.
1620 4963 1776 5028 Τίνος
1809 4965 1921 5036 γὰρ

220 5059 439 5125 ἕνεκεν,
466 5055 597 5110 εἰπέ
626 5072 737 5127 μοι,
766 5052 867 5117 τὰς
890 5052 1170 5123 πτέρυγας
1202 5049 1567 5122 προϐάλλεται
1595 5064 1620 5092 ει
1652 5053 1719 5107 τὰ
1747 5054 1909 5125 Σεραο

221 5152 361 5225 φίμ;
397 5149 489 5203 Δι’
517 5147 670 5201 οὐδὲν
700 5146 889 5214 ἕτερον
917 5143 1032 5198 ἀλλ’
1065 5143 1098 5216 ἢ
1129 5142 1348 5206 πάντως
1376 5143 1552 5196 ἐκεῖνο
1592 5143 1653 5197 τὸ
1689 5144 1921 5198 ἀποστοσ

219 5242 396 5304 λικὸν,
426 5238 518 5303 τὸ,
548 5235 676 5302 Φῶς
699 5232 880 5289 οἰκῶν
901 5232 1255 5302 ἀπρόσιτον,
1282 5231 1369 5285 διὰ
1386 5231 1493 5283 τῶν
1526 5231 1704 5303 ἔργων
1742 5233 1922 5288 αὐτῶν

220 5318 756 5402 πρὸαναφωνοῦσαι,
781 5324 876 5378 καὶ
906 5323 1006 5376 οὐκ
1036 5321 1198 5376 αὐταὶ
1236 5319 1418 5391 μόνον,
1447 5319 1581 5374 ἀλλά
1608 5322 1701 5374 καὶ⁹
1723 5323 1779 5374 αἱ
1800 5322 1921 5376 τού-

218 5438 325 5472 των
356 5414 641 5488 ἀνωτέρω
684 5412 756 5467 τὰ
799 5410 1102 5483 Χερουϐίμ.
1165 5404 1335 5465 Αὗται
1372 5411 1470 5481 μὲν
1525 5409 1634 5481 γὰρ
1695 5410 1923 5482 πλησίον

219 5507 536 5578 ἑστήκασιν
555 5519 569 5533 ο
606 5504 810 5557 ἐκεῖναι
857 5500 913 5554 δὲ
946 5499 1128 5569 θρόνοι
1159 5499 1465 5570 ὑπάρχουσι
1487 5498 1582 5552 τοῦ
1612 5497 1773 5565 Θεοῦ,
1820 5494 1924 5555 οὐκ

221 5593 418 5665 ἐπειδὴ
446 5589 655 5663 θρόνου
676 5589 844 5643 δεῖται
865 5589 895 5641 6
924 5587 1078 5652 Θεὸς,
1102 5586 1218 5640 ἀλλ’
1243 5587 1329 5640 ἵνα
1355 5586 1442 5641 διὰ
1462 5587 1653 5642 τούτου
1678 5589 1776 5662 τὴν
1804 5591 1927 5663 ἀρε-

289 5697 317 5725 ·
345 5693 452 5744 Αιίί
473 5687 1308 5768 τοοξάλὶοτῖαεἔρῖτέείὶξι,ί¹ὶξιε¹ν
1332 5688 1507 5768 ἐκεῖναι
1527 5691 1579 5768 δὲ
1595 5692 1750 5768 θεόνει
1772 5694 1923 5768 θείε-

226 5774 405 5821 χουσαι
432 5752 535 5804 τοῦ
545 5752 714 5821 -Θεοῦ,
740 5753 791 5821 il!
814 5752 912 5821 aljo
932 5754 1159 5821 qupilur
1197 5752 1358 5821 θρόνον
1379 5752 1603 5821 δὲαύτὰς
1614 5752 1738 5821 Θεοῦ
1761 5752 1922 5821 καλεῖν

230 5812 520 5926 g1)?
530 5812 721 5926 ῖξαριὶῗὲ,
740 5815 828 5881 οὐχ
850 5815 929 5863 τνα
948 5812 1113 5878 θρόνον
1130 5812 1324 5876 νοήάης,
1345 5814 1455 5863 οὐδὲ
1471 5815 1560 5881 γὰρ
1582 5816 1749 5881 θρόνου
1773 5818 1919 5868 δεῖται

230 5880 370 5941 Θεὸς,
396 5878 513 5931 ἀλλ’
530 5878 609 5926 ἵνα
627 5878 719 5928 διά.

691 5969 967 6032 ΡΑτιιοι..
1012 5965 1131 6029 Gn.
1171 5960 1453 6029 XLVIII.

1206 240 1294 297 DE
1337 233 2041 297 ιΝοοδιΡιιΕΙιΕΝειΒιιι
2082 233 2194 292 DEI
2233 236 2541 296 NATURA.
2578 239 2663 296 Ill.

3566 238 3673 299 724

1989 351 2090 422 τὴν
2120 352 2228 406 τῶν
2261 354 2546 426 δυνάμεων
2594 357 2774 411 αὐτῶν
2817 358 3018 432 μάοης.
3073 360 3340 414 ’Ἄκουσον
3393 358 3524 429 γοῦν
3580 357 3678 414 καὶ

1990 443 2179 515 ἐτέρου
2207 447 2486 517 προφήτου
2531 447 2660 519 περὶ
2694 449 2917 505 ἐκείνων
2956 449 3374 522 διαλεγομένου.
3410 448 3516 503 Καὶ
3545 445 3676 519 ἐγέη

1990 548 2127 586 νετο
2151 534 2334 602 λόγος
2355 537 2575 603 Κυρίου
2596 538 2746 605 πρὸς
2775 537 3056 608 Ἰεζεκιὴλ
3084 537 3214 592 υἱόν
3241 535 3417 599 Βουζί
3440 537 3538 590 ἐπὶ
3568 538 3676 592 τοῦ

1992 622 2261 691 ποταμοῦ
2291 621 2506 692 Χοϐιίρ.
2549 626 2658 679 Καὶ
2686 618 2843 691 οὗτος
2874 627 3025 699 παρά
3048 627 3139 681 τὸν
3182 627 3427 698 ποταμὸν
3465 624 3674 697 Χοϐἀρ,

1994 711 2243 775 κάκεῖνος
2273 713 2424 786 παρά
2449 713 2540 767 τὸν
2569 715 2814 786 ποταμὸν
2842 716 3032 789 Τίγριν
3061 715 3183 770 τότε
3208 716 3474 788 εἱστήκει.
3506 714 3680 770 Ὀταν

1993 799 2102 871 γὰρ
2132 801 2301 873 μέλλῃ
2328 802 2451 856 τινὰ
2477 804 2777 875 παράδοξον
2809 792 3074 875 ὄψιντοῖς
3108 804 3304 859 ἑαυτοῦ
3336 803 3545 868 δούλοις
3572 802 3681 856 δει-

1995 887 2185 942 κνύναι
2209 891 2237 943 6
2267 890 2419 956 Θεὸς,
2457 890 2561 956 ἔξω
2586 891 2694 946 τῶν
2730 893 2939 947 πόλεων
2967 894 3165 959 αὐτοὺς
3194 893 3379 963 ἐξάγει
3400 894 3480 958 εἰς
3509 893 3679 947 καθα-

1999 976 2091 1047 ρὸν
2117 968 2361 1049 θορύϐων
2387 980 2606 1052 χωρίον,
2640 980 2781 1035 ὥστε
2814 982 3004 1054 μηδενὶ
3052 984 3188 1054 μήτε
3215 981 3322 1035 τῶν
3362 980 3678 1054 ὁρωμένων.

2003 1064 2141 1135 μήτε
2187 1067 2295 1120 τῶν
2339 1068 2690 1139 ἀκουομένων
2752 1072 3114 1143 ἐκκρούεσθαι
3170 1071 3271 1143 τὴν
3309 1070 3513 1143 ψυχὴν,
3563 1071 3680 1124 ἀλλ’

1998 1154 2127 1225 ὅλην
2148 1156 2318 1227 αὐτὴν
2343 1156 2526 1220 ἀδείας
2548 1156 2931 1212 ἀπολαύουσαν
2950 1159 3086 1230 πρὸς
3115 1159 3214 1231 τὴν
3247 1159 3358 1213 τῶν
3386 1159 3682 1230 ὁρωμένων

2001 1245 2250 1314 ἀσχολεῖν
2284 1246 2538 1318 θεωρίαν.
2573 1247 2638 1301 Τί
2684 1243 2779 1301 οὖν
2820 1240 2976 1313 οὗτος
3011 1245 3187 1317 εἷδεν;
3241 1248 3390 1304 Ἰδοὺ
3429 1248 3680 1318 νεφέλη,

2002 1336 2187 1405 φησὶν,
2207 1334 2325 1389 ἀπὸ
2341 1335 2536 1406 ,βορρᾶ
2557 1336 2798 1407 ἤρχετο,
2827 1338 2927 1392 καὶ
2954 1338 3171 1409 φέγγος
3198 1340 3425 1404 κύκλῳ,
3444 1337 3542 1392 καὶ
3563 1339 3683 1405 πῦρ

2002 1423 2274 1491 ἀστρὰπτ
2282 1443 2373 1489 ον,
2393 1425 2489 1477 καὶ
2504 1426 2575 1478 ἐν
2587 1427 2757 1495 μέσῳ
2777 1426 2962 1481 αὐτοῦ
2978 1428 3118 1480 ὡσεὶ
3138 1427 3348 1496 ὅρασις
3364 1425 3682 1496 ἠλέκτρου,

2002 1512 2100 1565 καὶ
2129 1512 2349 1583 φέγγος
2395 1515 2465 1567 ἐν
2502 1514 2686 1581 αὐτῷ,
2716 1516 2813 1569 καὶ
2845 1517 2914 1569 έν
2947 1515 3027 1582 τῷ
3047 1516 3217 1586 μέσῳ
3258 1516 3521 1586 ὁμοίωμα
3551 1529 3685 1567 τεσο

2003 1600 2206 1670 σάρων
2229 1601 2403 1663 ζώων.
2433 1604 2596 1671 Αὕτη
2621 1605 2658 1672 ἡ
2682 1604 2893 1675 ὅρασις
2920 1605 3141 1669 αὐτῶν,
3183 1606 3447 1674 ὁμοίωμα
3470 1601 3687 1670 ἀνθρὼι

2005 1706 2123 1743 που
2150 1691 2243 1755 ἐπ’
2269 1691 2493 1758 αὐτοῖς.
2521 1695 2630 1747 Καὶ
2658 1693 2927 1762 τέσσαρα
2972 1694 3267 1760 πρόσωπα
3299 1691 3379 1758 τῷ
3424 1692 3535 1755 ἑνὶ,
3586 1691 3687 1745 καί

2003 1776 2298 1847 τέσσαρες
2322 1780 2613 1852 πτέρυγες
2634 1780 2710 1847 τῷ
2734 1783 2845 1838 ἐνί.
2867 1784 2975 1836 Καὶ
2998 1782 3156 1850 ὕψος
3177 1777 3256 1851 ἦν
3275 1779 3501 1846 αὐτοῖς,
3527 1779 3684 1850 φησὶ.

2006 1867 2104 1919 καὶ
2129 1869 2363 1936 φοϐεροὶ
2385 1865 2567 1939 ἦσαν,
2587 1872 2681 1923 καὶ
2703 1872 2755 1923 οὶ
2778 1869 2951 1924 νῶτοι
2974 1867 3174 1923 αὐτῶν
3193 1868 3446 1937 πλήρεις
3462 1867 3688 1937 ὀφθαλο

2002 1954 2133 2025 μῶν
2160 1958 2462 2012 κυκλόθεν
2500 1957 2620 2023 τοῖς
2666 1959 3025 2026 τέσσαρσιν,
3076 1956 3175 2011 καὶ
3223 1957 3488 2025 ὁμοίωμα
3534 1954 3688 2024 ὑπὲρ

2006 2042 2277 2112 κεφαλῆς
2294 2042 2496 2098 αὐτῶν
2526 2045 2667 2098 ὡσεὶ
2691 2045 3014 2114 στερέωμα.
3039 2044 3121 2111 ὡς
3145 2043 3357 2112 ὅρασις
3385 2043 3690 2111 κρυστάλι

2005 2136 2120 2186 λου
2173 2132 2451 2201 φοϐερόν,
2503 2132 2900 2203 ἐκτεταμένον
2962 2131 3117 2201 ὑπὲρ
3167 2131 3443 2201 κεφαλῆς
3488 2130 3691 2186 αὐτῶν

2006 2220 2256 2285 ἄνωθεν,
2296 2220 2394 2275 καὶ
2416 2224 2476 2275 αἱ
2506 2221 2798 2292 πτέρυγες
2819 2221 3020 2276 αὐτῶν
3065 2220 3303 2288 ἑκάστῳ
3340 2220 3473 2288 δύο,
3505 2224 3691 2276 καλύ-

2008 2322 2267 2363 πτουσαι
2309 2311 2382 2365 τὰ
2414 2301 2659 2379 σώματα
2710 2309 2932 2377 αὐτῶν,
2965 2311 3063 2363 καὶ
3100 2308 3379 2378 ὑπεράνω
3405 2309 3512 2362 τοῦ
3551 2325 3691 2362 στε-

1999 2398 2303 2466 ρεώματος
2328 2442 2343 2464 ,
2374 2399 2455 2464 ὠς
2496 2397 2706 2466 ὅρασις
2758 2399 2935 2452 λίθου
2980 2399 3351 2466 σαπςςείρου·
3403 2396 3554 2469 [468]
3593 2395 3691 2451 καί

2008 2486 2270 2556 όμοίωμα
2315 2487 2534 2554 θρόνου
2580 2485 2672 2539 ἐπ’
2703 2483 2884 2550 αὐτῷ,
2914 2486 3013 2539 καὶ
3052 2485 3149 2538 ἐπὶ
3194 2486 3298 2540 τοῦ
3327 2484 3691 2555 όμοιώματος

2008 2572 2114 2627 τοῦ
2142 2575 2359 2641 θρόνου
2405 2573 2667 2643 όμοίωμα
2700 2574 2780 2639 ὡς
2809 2568 2970 2639 εἶδος
3013 2572 3328 2641 ἀνθρώπου
3362 2573 3456 2626 ἐπ’
3506 2572 3687 2639 αὐτῷ.

2008 2661 2115 2715 Καὶ
2148 2658 2312 2715 εἶδον
2331 2662 2410 2728 ὡς
2436 2660 2652 2730 ὅρασιν
2670 2659 2989 2730 ἠλέκτρου,
3020 2660 3137 2715 ἀπὸ
3166 2660 3434 2728 όράσεως
3458 2661 3691 2729 ὀσφύος

2008 2751 2107 2803 καὶ.
2125 2748 2234 2816 ἕως
2251 2748 2471 2815 ἐπάνω,
2486 2752 2581 2803 καὶ
2602 2751 2720 2805 ἀπὸ
2738 2750 3004 2819 ὁράσεως
3018 2750 3248 2819 ὀσφύος
3268 2749 3365 2803 καὶ
3378 2748 3488 2819 ἕως
3512 2751 3688 2813 κάτω,

2008 2838 2088 2904 ὡς
2126 2836 2341 2906 ὅρασιν
2386 2838 2598 2906 πυρός,
2643 2837 2742 2890 καὶ
2776 2837 2844 2891 τὸ
2884 2838 3105 2909 φέγγος
3147 2837 3336 2893 αὐτοῦ
3373 2839 3454 2903 ὡς
3484 2837 3693 2907 ὅρασις

2009 2926 2212 2992 τόξου,
2240 2926 2385 2980 ὅταν
2403 2920 2446 2997 ᾖ
2472 2927 2543 2979 ἐν
2564 2924 2641 2994 τῇ
2673 2926 2900 2995 νεφέλῃ
2917 2927 2988 2981 έν
3011 2927 3202 2997 ἡμέρῃ
3236 2925 3436 2984 ὑετοῦ.
3457 2926 3569 2980 Καὶ
3599 2943 3697 2997 με·

2007 3014 2079 3069 τὰ
2104 3013 2275 3068 ταῦτα
2314 3014 2489 3068 πάντα
2519 3013 2840 3085 βουλόμενος
2864 3014 3056 3081 δεῖξαι,
3075 3016 3158 3068 ὅτι
3183 3012 3307 3068 οὕτε
3335 3017 3363 3067 6
3380 3014 3690 3086 προφήτης,

2008 3102 2134 3156 οὔτε
2180 3104 2235 3156 αἱ
2265 3102 2519 3174 δυνάμεις
2557 3103 2763 3157 ἐκεῖναι
2807 3101 3034 3173 ἀκράτῳ
3077 3102 3419 3173 προσέϐαλον
3454 3103 3591 3176 αὐτῇ
3625 3105 3693 3174 τῇ

2010 3190 2187 3262 οὐσίᾳ,
2217 3189 2382 3260 φησίν
2402 3208 2416 3221 ·
2450 3190 2611 3258 Αὕτη
2653 3191 2690 3259 ἡ
2726 3190 2936 3258 ("pacm
2976 3189 3341 3260 όμοιώματος
3373 3189 3557 3257 δόξης
3581 3195 3694 3246 Κυ-

2003 3280 2164 3346 ρίου.
2223 3275 2373 3343 Εἶδες
2417 3280 2578 3333 κάκεῖ
2615 3279 2709 3333 καὶ
2762 3278 2997 3333 ἐνταῦθα
3038 3278 3489 3347 συγκατάϐασιν;
3551 3277 3695 3333 Ἀλλ’

2013 3370 2162 3440 ὅμως
2214 3369 2309 3421 καὶ⁹
2337 3368 2500 3422 αὐταὶ
2545 3370 2599 3423 αἱ
2634 3369 2894 3440 δυνάμεις
2933 3366 3299 3422 καλύπτουσιν
3346 3367 3545 3431 ἑαυτὰς
3574 3366 3697 3433 ταῖς

2014 3457 2263 3528 πτέρυξι,
2294 3457 2359 3513 δι’
2382 3458 2532 3512 οὐδὲν
2559 3458 2747 3529 ἕτερον
2771 3457 2802 3528 ἦ
2832 3456 2921 3510 διὰ
2941 3456 3121 3522 τοῦτο,
3154 3456 3331 3510 καίτοι
3354 3472 3418 3524 γε
3453 3454 3697 3525 σοφώτα-

2011 3563 2103 3600 ται
2130 3547 2225 3600 καὶ
2250 3545 2700 3614 γνωπικώταται
2730 3547 2826 3603 καὶ
2857 3543 3246 3615 καθαρώταταί
3286 3546 3423 3598 εἰσιν
3454 3544 3509 3596 αἱ
3542 3544 3698 3597 δυνά⁴

2016 3652 2139 3704 μεις
2169 3629 2349 3689 αὗται,
2412 3635 2584 3688 Πόθεν
2632 3633 2825 3704 δῆλον;
2877 3634 2999 3687 Ἀπ’
3034 3632 3215 3686 αὐτῶν
3244 3632 3359 3686 τῶν
3391 3632 3694 3703 ὀνομάτων.

2016 3723 2227 3794 Ὥσπερ
2255 3721 2362 3794 γάρ
2390 3721 2621 3790 ἄγγελος
2657 3720 2897 3791 λέγεται,
2934 3720 3123 3793 ἐπειδὴ
3162 3722 3232 3775 τὰ
3269 3717 3365 3773 τοῦ
3412 3719 3548 3772 Θεοῦ
3585 3721 3698 3781 τοῖς

2014 3810 2322 3883 ἀνθρώποις
2355 3810 2697 3880 ἀναγγέλλει,
2725 3811 2820 3864 καὶ
2848 3809 3191 3882 ἀρχάγγελος
3228 3809 3469 3877 λέγεται,
3511 3807 3697 3878 ἐπειδὴ

2014 3903 2129 3957 τῶν
2156 3901 2404 3970 ἀγγέλων
2439 3901 2617 3972 ἄρχει,
2635 3899 2782 3954 οὕτω
2802 3899 2894 3953 καὶ
2924 3891 3086 3953 αὗται
3115 3899 3491 3969 προσηγορίας
3514 3897 3697 3967 ἔχουσι

2014 3992 2115 4062 τὴν
2140 3992 2331 4059 σοφίαν
2361 3989 2540 4043 αὐτῶν
2561 3990 2656 4042 καὶ
2680 3987 3032 4059 καθαρότητα
3057 3985 3236 4039 αὐτῶν
3255 3984 3523 4054 δηλούσας
3542 3986 3695 4054 ἡμῖν·

2016 4073 2114 4127 καὶ
2149 4072 2339 4145 ὥσπερ
2370 4075 2430 4126 αἱ
2458 4072 2729 4143 πτέρυγες
2749 4071 2812 4124 τὸ
2847 4069 2981 4140 ὕψος
3009 4069 3335 4140 ἐμφαίνουσι
3353 4070 3451 4137 τῆς
3482 4066 3701 4136 φύσεως

2019 4156 2283 4228 (καὶγὰρ
2325 4159 2353 4210 6
2396 4157 2436 4209 Γ
2440 4155 2637 4227 αϐριὴλ
2682 4155 2983 4225 πετόμενος
3037 4153 3319 4222 φαίνεται,
3364 4152 3466 4204 οὐκ
3513 4150 3699 4221 ἐπειδὴ

2020 4241 2197 4312 πτερά
2246 4240 2377 4311 περὶ
2417 4239 2509 4293 τὸν
2555 4238 2823 4307 ἄγγελον,
2856 4236 2974 4291 ἀλλ’
3006 4236 3093 4290 ἵνα
3138 4235 3338 4307 μάθῃς,
3365 4235 3447 4288 ὃτι
3495 4235 3558 4287 ἐκ
3589 4232 3699 4286 τῶν

2020 4323 2373 4396 ὑψηλοτάτων
2436 4322 2653 4395 χωρίων
2726 4320 2821 4376 καὶ
2879 4320 2990 4375 τῶν
3035 4319 3149 4375 ἄνω
3200 4317 3494 4392 διατριϐῶν
3563 4317 3701 4388 πρὸς

2018 4408 2119 4479 τὴν
2175 4408 2524 4479 ἀνθρωπίνην
2582 4409 2807 4475 ἀφῖκται
2864 4406 3099 4477 φύσιν)’
3157 4403 3304 4459 οὕτω
3353 4404 3410 4458 δὲ
3456 4403 3551 4458 καὶ
3605 4402 3700 4454 ἐπὶ

2018 4492 2224 4546 τούτων
2266 4490 2416 4544 οὐδὲν
2466 4489 2595 4545 ἀλλο
2635 4489 2788 4562 δηλοῖ
2823 4489 2892 4544 τά
2946 4487 3141 4561 πτερὰ,
3183 4489 3216 4561 ἢ
3256 4489 3318 4541 τὸ
3349 4491 3449 4560 τῆς
3485 4486 3699 4557 φύσεως

2021 4576 2175 4641 ὕψος.
2210 4577 2424 4648 Ὠσπερ
2458 4570 2551 4629 οὖν
2583 4575 2641 4629 αί
2692 4574 2962 4645 πτέρυγες
3006 4575 3066 4627 τὸ
3105 4573 3206 4643 τῆς
3243 4571 3460 4643 φύσεως
3495 4569 3700 4641 ὑψηλὸν

2020 4660 2264 4733 δηλοῦσι,
2300 4661 2396 4715 καὶ
2427 4661 2456 4714 6
2485 4659 2675 4731 θρόνος
2720 4659 2783 4712 τὸ
2824 4659 2915 4712 τὸν
2953 4658 3086 4712 Θεὸν
3131 4657 3319 4719 αὐτοῖς
3354 4654 3703 4708 ἐπαναπαύε-

2024 4745 2170 4812 σθαι,
2208 4750 2301 4803 καὶ
2333 4747 2381 4798 οἱ
2408 4742 2679 4815 ὀφθαλμοὶ
2703 4741 2765 4795 τὸ
2785 4740 3111 4813 διορατικὸν,
3138 4741 3234 4794 καὶ
3262 4740 3324 4793 τὸ
3358 4741 3527 4809 ἐγγὺς
3558 4736 3700 4794 εἶναι

2019 4827 2115 4882 τοῦ
2162 4829 2355 4901 θρόνου
2398 4827 2493 4882 καὶ
2523 4826 2586 4880 τὸ
2624 4825 2919 4888 διαπαντὸς
2948 4824 3112 4879 αὐτὸν
3152 4825 3410 4895 ἀνυμνεῖν
3442 4823 3504 4876 τὸ
3530 4823 3703 4895 ἀγρυ-

2022 4930 2155 4966 πνον
2184 4915 2279 4967 καὶ
2316 4911 2641 4984 ἐγρηγορὸς,
2672 4910 2814 4965 οὕτω
2848 4909 2912 4981 δὴ
2952 4908 3050 4963 καὶ
3079 4908 3149 4962 τὰ
3183 4909 3426 4979 ὀνόματα
3456 4907 3567 4961 τῶν
3602 4909 3701 4979 μὲν

2021 4999 2120 5062 τὴν
2146 4998 2358 5065 σοφίαν,
2388 4997 2495 5050 τῶν
2523 4997 2578 5050 δὲ
2615 4995 2716 5067 τὴν
2752 4994 3102 5065 καθαρότητα
3141 4993 3309 5065 δηλοῖ.
3338 4990 3403 5045 Τί
3435 4990 3544 5062 γάρ
3585 4993 3702 5044 ἐστι

2024 5079 2337 5151 Χερουϐίμ;
2365 5078 2793 5150 πεπληθυσμένη
2826 5076 3049 5146 γνῶσις.
3084 5077 3149 5128 Τί
3189 5076 3246 5128 δὲ
3274 5074 3563 5147 Σεραφίμ;
3602 5072 3703 5144 ἐμ·-

2025 5182 2177 5236 πυρα
2210 5165 2476 5235 στόματα.
2510 5161 2665 5226 Εἶδες
2694 5163 2811 5226 πῶς
2838 5163 2934 5216 καὶ
2967 5162 3067 5233 τὴν
3103 5161 3457 5233 καθαρότητα
3482 5160 3578 5212 καὶ
3599 5160 3703 5231 τὴν

2027 5248 2219 5319 σοφίαν
2254 5248 2323 5301 τὰ
2361 5248 2601 5319 ὀνόματα
2652 5247 3072 5320 παρεδήλωσεν;
3116 5246 3179 5300 El
3211 5244 3291 5309 δέ,
3326 5244 3456 5297 ἔνθα
3500 5242 3704 5314 πεπλη-

2025 5333 2268 5404 θυσμένη
2292 5332 2515 5401 γνῶσις,
2548 5332 2668 5385 οὐδὲ
2700 5328 3110 5400 ωγκατάϐασιν
3132 5327 3269 5382 Θεοῦ
3294 5327 3550 5380 δύνανται
3575 5327 3703 5381 ἰδεῖν

2029 5417 2168 5490 μετὰ
2212 5416 2520 5488 ἀκριϐείας,
2560 5414 2730 5493 ἔνθαδ
2760 5412 2961 5485 μερικὴ
3005 5412 3227 5483 γνῶσις,
3270 5411 3453 5476 καθὼς
3491 5411 3703 5475 Παῦλός

2027 5518 2220 5573 φησιν,
2277 5501 2372 5555 Ἐκ
2404 5498 2630 5570 μέρους
2671 5497 3069 5568 γινώσκομεν,
3110 5497 3210 5551 καὶ
3259 5496 3335 5550 δι’
3367 5496 3700 5565 ἐσόπτρου,
3798 5532 3805 5551 ι

2025 5588 2125 5641 καὶ
2149 5587 2218 5641 ἐν
2246 5586 2564 5655 αἰνίγματι,
2594 5583 2768 5653 πόσης
2800 5582 3059 5646 ἀπονοίας
3094 5582 3161 5636 ἀν
3189 5581 3299 5653 εἴη,
3320 5581 3387 5636 τά
3411 5581 3549 5652 μηδέ
3565 5579 3704 5632 ὲκεί-

2026 5688 2135 5734 νοις
2170 5669 2357 5755 θεατά,
2397 5667 2574 5724 ταῦτα
2621 5668 2807 5733 αὐτοῖς
2849 5667 3092 5739 νομίζειν
3126 5661 3267 5724 εἶναι
3318 5665 3572 5738 γνώριμα
3608 5663 3703 5717 καὶ

2031 5757 2318 5827 καταφανῆ
2334 5774 2348 5823 ;

2090 5879 2118 5921 δ
2139 5879 2236 5932 Alii
2261 5879 2451 5930 δύναται
2473 5881 2586 5931 ἰδεῖν
2611 5882 2711 5947 μετ’
2743 5880 2918 5946 ἀδείας,
2944 5882 3068 5933 ἔνθα.
3276 5943 3349 6005 13
