4062 6166
298 270 415 321 Ἷὲὗ

375 392 450 451 ς’.
478 379 674 438 Ὀτιδέ
695 386 758 439 οὐ
779 384 890 445 τοῖς
915 381 1189 454 Χερουϐὶμ
1204 420 1219 445 ,
1238 379 1360 434 οὐδὲ
1381 382 1493 443 τοῖς
1519 380 1770 450 Σεραφὶμ
1792 377 1977 450 μόνον,

302 473 419 528 ἀλλ’
451 472 572 527 οὐδὲ
600 472 819 543 ἀρχαῖς,
842 471 963 523 οὐδέ
994 469 1289 533 ἐξουσίαις,
1321 468 1442 521 οὐδὲ
1468 466 1603 540 ἄλλῃ
1639 468 1744 521 τινὶ
1778 468 1973 536 κτιστῇ

301 562 530 631 δυνάμει
556 559 911 631 κατάληπτός
943 560 1091 612 ἐστιν
1120 558 1148 609 6
1179 556 1335 620 Θεὸς,
1369 556 1463 609 καὶ
1494 555 1652 608 τοῦτο
1680 555 1979 625 ἐϐουλόμην

302 651 583 716 ἀποδεῖξαι
605 649 722 714 νῦν,
748 648 862 702 ἀλλ’
898 647 1104 717 ἔκαμεν
1140 646 1273 715 ἡμῖν
1313 646 1345 715 ή
1383 643 1616 706 διάνοια,
1646 644 1707 697 ού
1736 642 1814 714 τῷ
1846 644 1978 714 πλή-

305 738 405 801 θει,
433 738 567 792 ἀλλὰ
584 741 649 809 τῇ
682 738 852 809 φρίκῃ
884 736 992 801 τῶν
1029 733 1357 806 εἰρημένων.
1384 732 1592 804 Τρέμει
1626 732 1737 805 γὰρ
1759 732 1854 786 καὶ
1891 735 1982 785 ἐκ»

309 828 615 899 πέπληκται
658 830 692 898 ὴ
732 826 878 896 ψυχὴ
926 824 1019 877 ἐπί
1059 823 1194 877 πολὺ
1237 825 1359 886 ταῖς
1400 824 1513 877 άνω
1560 821 1982 892 ἐνδιατρίϐουσα

302 917 580 988 θεωρίαις.
619 915 711 969 Διὸ
756 915 890 985 φέρε
929 914 1103 983 αὐτὴν
1138 913 1204 965 ἐκ
1246 911 1358 964 τῶν
1399 909 1648 981 οὐρανῶν
1677 909 1979 963 καταϐιϐά-

304 1023 487 1076 σωμεν
504 1005 598 1057 καὶ
635 1004 1131 1074 ψυχαγωγήσωμεν
1164 998 1727 1070 καταπεπληγμένην,
1754 998 1848 1050 ἐπὶ
1880 999 1980 1070 τὴν

302 1089 511 1160 συνήθη
547 1087 964 1156 καταφυγόντες
994 1085 1363 1156 παράκλησιν.
1395 1085 1491 1148 Τίς
1524 1084 1581 1136 δὲ
1617 1082 1758 1154 αῦτη
1795 1083 1975 1147 ἐστίν;

301 1176 573 1248 Εὗχεσθαι
604 1177 730 1240 τοὺς
767 1176 837 1230 τά
875 1174 1101 1229 τοιαῦτα
1135 1174 1429 1238 νοσοῦντας
1466 1173 1686 1243 ύγιᾶναί
1722 1190 1877 1226 ποτε.
1914 1172 1978 1224 Ei

300 1267 406 1338 γάρ
446 1265 586 1335 ὑπὲρ
607 1264 713 1317 τῶν
743 1265 801 1317 ἐν
830 1263 1028 1328 νόσοις,
1063 1263 1121 1315 ἐν
1156 1261 1458 1333 μετάλλοις,
1488 1263 1545 1314 ἐν
1573 1261 1837 1333 σκληραῖς
1861 1260 1980 1313 δου-

302 1355 492 1417 λείαις,
526 1352 620 1405 καὶ
662 1352 806 1423 ὑπὲρ
860 1351 970 1403 τῶν
1019 1350 1428 1422 ἐνεργουμένων
1484 1350 1821 1420 κελευόμεθα
1889 1348 2005 1401 τὸνν

300 1441 435 1493 Θεὸν
466 1438 830 1512 παρακαλεῖν,
855 1437 1008 1507 πόσῳ
1039 1435 1239 1507 μᾶλλον
1263 1436 1402 1507 ύπέρ
1430 1434 1666 1501 τούτων;
1709 1436 1862 1488 Ἐπεὶ
1889 1435 1981 1486 καὶ

300 1528 663 1600 χαλεπωτέρα
708 1527 805 1581 τοῦ
852 1526 1104 1595 δαίμονος
1143 1528 1176 1597 ἡ
1221 1524 1482 1579 ἀσέϐεια·
1521 1524 1702 1593 ἐκείνη
1739 1523 1836 1592 μὲν
1873 1529 1980 1593 γὰρ

299 1620 412 1688 ἔχει
450 1616 785 1687 συγγνώμην
822 1617 854 1687 ἡ
890 1614 1076 1695 μανία,
1109 1613 1248 1683 αῦτη
1296 1613 1352 1667 δὲ
1391 1614 1571 1683 πάσης
1615 1612 1912 1680 ἀπολογίας
1948 1613 1980 1683 ή

302 1710 457 1772 νόσος
499 1707 813 1777 ἐστέρηται.
861 1703 1001 1756 Ἀλλ’
1036 1702 1224 1772 ἐπειδὴ
1267 1703 1367 1773 τῆς
1404 1703 1545 1774 ὑπὲρ
1584 1701 1691 1753 τῶν
1727 1702 1982 1770 ἐνεργου-

305 1800 483 1870 μένων
516 1796 799 1868 ἐμνήσθην
829 1795 1014 1865 εὐχῆς,
1041 1792 1303 1862 βούλομαί
1336 1809 1387 1844 τι
1414 1792 1549 1863 πρὸς
1579 1790 1677 1862 τὴν
1708 1791 1981 1861 ὑμετέραν

297 1888 648 1959 διαλεχθῆναι
684 1886 927 1957 ἀγάπην,
959 1885 1053 1938 καὶ
1084 1884 1298 1954 νόσημα
1326 1882 1477 1955 [569]
1504 1882 1603 1953 τῆς
1653 1883 1982 1953 Ἐκκλησίας

301 1978 533 2047 iac-454:1:
569 1975 829 2047 χαλεπόν.
874 1973 985 2027 Καὶ
1014 1973 1124 2045 γὰρ
1150 1973 1352 2026 ἄτοπον
1388 1973 1453 2026 ἂν
1489 1970 1576 2043 εἴη
1612 1971 1741 2034 τούς
1783 1971 1983 2045 ἔξωθεν

304 2066 445 2136 μετὰ
498 2064 772 2132 τοσαύτης
828 2061 1178 2134 ἰατρεύοντας
1230 2060 1548 2131 ἐπιμελείας
1600 2060 1709 2112 τῶν
1759 2061 1983 2112 οἰκείων

301 2151 666 2218 καταφρονεῖν
711 2145 910 2217 μελῶν.
962 2144 1029 2198 Τί
1079 2146 1198 2197 ποτ’
1228 2139 1321 2196 οῦν
1357 2146 1475 2198 ἐστι
1513 2143 1575 2195 τὸ
1627 2143 1879 2214 νόσημα;
1911 2143 1983 2196 Ίὸ

302 2235 505 2306 πλῆθος
538 2234 698 2286 τοῦτο
731 2233 790 2285 τὸ
828 2232 1057 2301 ἄφατον,
1089 2230 1149 2283 τὸ
1180 2228 1691 2302 συγκεκροτημένον
1729 2229 1845 2293 νῦν,
1889 2229 1984 2282 καὶ

306 2320 443 2391 μετά
470 2318 740 2388 τοσαύτης
769 2316 1059 2388 ἀκριϐείας
1090 2315 1357 2387 προσέχον
1387 2317 1502 2374 τοῖς
1526 2313 1862 2384 λεγομένοις,
1883 2331 1984 2366 κα-

300 2409 372 2463 τά
400 2410 500 2479 τὴν
535 2407 982 2478 φρικωδεστάτην
1016 2404 1165 2475 ὤραν
1219 2403 1435 2473 ἐκείνην
1480 2402 1742 2465 πολλάκις
1790 2402 1984 2471 ἐπιζη-

301 2498 474 2568 τήσας
505 2497 634 2550 ἰδεῖν
661 2496 761 2548 οὐκ
783 2494 1077 2565 ἠδυνήθην,
1110 2493 1203 2545 καὶ
1231 2490 1438 2563 σφόδρα
1464 2490 1757 2557 ιέστέναξα,
1780 2491 1863 2544 ὃτι
1889 2490 1983 2543 τοῦ

307 2586 407 2657 μὲν
456 2584 740 2640 συνδούλου
760 2581 1146 2651 διαλεγομένου
1183 2580 1353 2649 πολλή
1405 2580 1437 2649 ή
1485 2579 1709 2650 σπουδὴ,
1740 2581 1985 2633 ἐπιτετα-

310 2675 447 2746 μένη
483 2677 516 2745 ἠ
546 2672 823 2745 προθυμία
852 2669 961 2722 τῶν
992 2668 1379 2721 συνωθούντων
1408 2667 1672 2740 ἀλλήλους
1701 2668 1795 2721 καὶ
1822 2668 1984 2739 μέχρι

303 2762 493 2823 τέλους
529 2757 979 2829 παραμενόντων,
1013 2756 1106 2808 τοῦ
1140 2756 1198 2809 δὲ
1235 2754 1475 2826 Χριστοῦ
1520 2754 1811 2824 φαίνεσθαι
1842 2754 1987 2825 μέλ-

303 2850 487 2910 λοντος
520 2846 613 2899 ἐπὶ
649 2844 760 2896 τῶν
794 2843 953 2914 ἱερῶν
1004 2843 1341 2913 μυστηρίων,
1377 2842 1508 2913 κενὴ
1560 2842 1657 2895 καὶ
1704 2841 1910 2912 ἔρημος
1950 2843 1983 2913 ή

316 2934 616 3005 Ἐκκλησία
631 2934 857 3001 γίνεται.
875 2931 983 2985 Καὶ
1002 2929 1103 2982 ποῦ
1122 2929 1294 2983 ταῦτα
1313 2929 1642 3000 συγγνώμης
1659 2927 1812 2995 ἅξιας
1855 2930 1987 2983 Ἀπὸ

304 3025 404 3094 τῆς
452 3022 728 3095 ῥᾳθυμίας
767 3018 974 3089 ταύτης
1014 3020 1109 3073 καὶ
1152 3020 1279 3083 τοὺς
1319 3018 1574 3082 ἐπαίνους
1619 3019 1746 3082 τοὺς
1779 3019 1874 3072 ἐπὶ
1915 3020 1982 3090 τῇ

305 3112 449 3165 κατὰ
482 3110 580 3181 τὴν
611 3109 875 3180 ἀκρόασιν
923 3106 1125 3178 σπουδῇ
1171 3107 1379 3171 πάντας
1419 3106 1707 3161 ἀπόλλυτε.
1741 3106 1836 3170 Τίς
1876 3106 1985 3178 γὰρ

304 3200 461 3272 ὑμῶν
495 3200 555 3252 οὐ
593 3196 1009 3266 καταγνώσεται
1037 3198 1131 3250 καὶ
1161 3195 1339 3267 ἡμῶν,
1368 3198 1495 3251 ὅταν
1528 3195 1613 3270 ἴδῃ
1643 3196 1735 3249 τὸν
1773 3196 1986 3268 καρπὸν

303 3289 407 3364 τῆς
448 3288 766 3363 ἀκροάσεως
795 3285 997 3351 εὐθέως
1034 3285 1163 3356 ὑμῖν
1192 3284 1553 3357 διαρῤυέντας
1597 3286 1659 3339 EE
1689 3285 1801 3356 γάρ
1844 3284 1987 3356 μετά

307 3382 592 3454 ἀκριϐείας
624 3378 947 3451 προσείχετε
991 3378 1103 3438 τοῖς
1147 3374 1485 3445 λεγομένοις,
1517 3374 1607 3428 διὰ
1651 3374 1758 3427 τῶν
1806 3374 1985 3446 ἔργων

311 3472 377 3525 ἂν
414 3466 765 3533 ἐπεδείξασθε
803 3465 902 3535 τὴν
937 3463 1209 3533 σπουδήν·
1252 3463 1312 3515 τὸ
1349 3462 1406 3515 δέ
1436 3462 1643 3525 εὐθέως
1686 3462 1985 3527 ἀκούοντας

309 3557 597 3627 ἁποπηδᾷν
623 3555 849 3625 σημεῖόν
879 3552 994 3604 ἐστι
1021 3550 1116 3603 τοῦ
1143 3551 1309 3621 μηδὲν
1334 3550 1590 3615 δέξασθαι
1615 3551 1723 3605 τῶν
1755 3551 1984 3622 εἰρημέ-

311 3663 415 3699 νων
444 3646 536 3697 καὶ
570 3639 935 3695 ἐναποθέσθαι
970 3640 1036 3708 τῇ
1063 3637 1291 3708 διανοίᾳ.
1324 3638 1387 3690 Et
1422 3637 1530 3710 γὰρ
1568 3638 1887 3692 ἐναπέκειτο
1917 3642 1984 3693 τὰ

310 3731 578 3801 λεγόμενα
606 3730 724 3791 ταῖς
755 3726 978 3796 ψυχαῖς,
1014 3725 1231 3788 πάντως
1264 3723 1329 3777 ἂν
1361 3725 1503 3795 ὑμᾶς
1545 3724 1693 3777 ἔνδον
1727 3725 1981 3795 κατέσχε,

310 3821 406 3874 καὶ
448 3818 586 3889 πρὸς
636 3814 706 3868 τὰ
751 3811 1171 3888 φρικωδέστατα
1210 3810 1350 3883 μετά
1383 3811 1627 3876 πλείονος
1662 3812 1986 3878 εὐσεϐείας⁶

311 3904 663 3980 παρέπεμψε.
700 3902 815 3957 Νῦν
859 3902 917 3956 δέ
962 3900 1153 3971 ῶσπερ
1188 3898 1500 3972 κιθαρῳδοῦ
1541 3918 1687 3965 τινος
1713 3902 1984 3956 ἀκούσαν-

308 4014 422 4061 τες,
464 3994 637 4057 οὕτως
674 3992 869 4064 ἔρημοι
923 3990 1104 4060 πάσης
1152 3988 1437 4058 ὡφελείας,
1481 3989 1832 4061 παυσαμένου
1885 3990 1982 4043 τοῦ

308 4088 582 4157 λέγοντος,
618 4083 971 4153 ἀναχωρεῐτε.
1018 4078 1180 4132 Ἀλλά
1213 4079 1297 4143 τίς
1329 4078 1573 4152 ήψυχρέι
1624 4079 1732 4132 τῶν
1774 4078 1983 4133 πολλῶν

309 4177 606 4245 ἀπολογίας
635 4172 929 4237 Εὐξασθαι,
960 4171 1114 4242 φησὶ,
1147 4171 1242 4223 καὶ
1275 4169 1371 4222 ἐπὶ
1404 4169 1502 4239 τῆς
1525 4170 1704 4234 οίκίας
1723 4170 1981 4242 δύναμαι,

309 4269 524 4337 ὁμιλίας
550 4262 621 4337 δὲχ
649 4263 880 4318 ἀκοῦσαι
908 4261 999 4315 καὶ
1022 4260 1370 4323 διδασκαλίας
1396 4259 1457 4312 οὐ
1494 4259 1722 4315 δυνατὸν
1754 4261 1847 4314 ἐπὶ
1881 4261 1984 4331 τῆς

307 4324 504 4418 οἰκίας.
547 4324 788 4421 ’Λπατᾷς
831 4348 1049 4410 σαυτὸν,
1094 4347 1379 4419 ἄνθρωπε·
1419 4346 1680 4414 εὐξασθαι
1726 4348 1826 4419 μὲν
1873 4349 1983 4421 γὰρ

309 4445 405 4497 καὶ
447 4441 537 4494 ἐπὶ
574 4440 672 4508 τῆς
711 4438 886 4500 οἰκίας
922 4435 1170 4499 δυνατὸν,
1199 4435 1340 4489 οὕτω
1378 4435 1435 4489 δὲ
1483 4434 1743 4503 εὔξασθαι
1776 4436 1850 4501 ὠς
1893 4438 1983 4489 ἐπὶ

306 4533 405 4602 τῆς
449 4524 775 4596 Ἐκκλησίας
803 4524 1081 4585 ἀδύνατον,
1115 4525 1247 4577 ὅπου
1271 4525 1532 4596 Πατέρων
1576 4524 1778 4595 πλῆθος
1803 4524 1985 4579 τοσοῦ-

307 4634 421 4680 τον,
452 4615 586 4668 ὅπου
746 4610 882 4681 πρὸς
919 4611 1011 4662 τὸν
1045 4609 1178 4663 Θεὸν
1204 4610 1547 4680 όιιοθυμαδὸν
1573 4611 1978 4681 ἀναπέμπεται.

309 4705 423 4775 Οὐχ
464 4701 637 4763 οὕτως
676 4697 937 4770 εἰσακούῃ
975 4697 1118 4751 κατά
1151 4698 1346 4752 σαυτὸν
1387 4698 1477 4750 τὸν
1508 4697 1785 4768 Δεσπότην
1813 4717 1985 4770 παρα.

308 4792 516 4854 καλῶν,
544 4790 619 4853 ὡς
664 4788 803 4861 μετά
830 4786 939 4839 τῶν
975 4785 1219 4854 ἀδελφῶν
1257 4785 1366 4838 τῶν
1398 4785 1525 4839 σῶν.
1575 4785 1842 4840 Ἐνταῦθα
1875 4789 1983 4859 γάρ

309 4882 426 4935 ἐστί
452 4898 506 4933 τι
540 4877 725 4939 πλέον,
751 4870 863 4929 οἷον
892 4876 925 4946 ή
957 4873 1179 4945 ὁμόνοια
1208 4875 1304 4928 καὶ
1330 4876 1364 4944 ἠ
1398 4874 1711 4944 συμφωνία,
1752 4874 1846 4928 καὶ
1883 4876 1984 4946 τῆς

307 4969 532 5041 ἀγάπης
563 4970 591 5021 6
619 4965 939 5035 σύνδεσμος,
964 4962 1060 5017 καὶ
1094 4962 1152 5015 αἱ
1179 4960 1286 5015 τῶν
1320 4962 1511 5033 ίερέων
1543 4962 1720 5033 εὐχαί.
1751 4963 1850 5017 Διά
1874 4963 1982 5037 γὰρ

307 5057 466 5112 τοῦτο
491 5056 540 5108 οί
577 5055 742 5126 ἱερεῖς
766 5051 1193 5123 προεστήκασιν.
1220 5050 1306 5103 ἴνα
1343 5051 1399 5102 αἱ
1432 5048 1526 5102 τοῦ
1559 5049 1798 5121 πλήθους
1826 5052 1984 5122 εὐχαὶ

307 5144 695 5214 ἀσθενέστεραι
742 5135 924 5202 οὖσαι,
947 5139 1057 5192 τῶν
1090 5137 1476 5207 δυνατωτέρων
1500 5136 1706 5191 τούτων
1735 5138 1986 5193 ἐπιλαϐό-

312 5250 493 5304 μεναι,
522 5231 657 5302 ὁμοῦ
684 5228 1078 5284 συνανέλθωσιν
1101 5227 1290 5291 αὑταῖς
1326 5227 1406 5290 είς
1437 5226 1528 5279 τὸν
1562 5226 1812 5299 οὐρανόν.
1850 5227 1982 5280 Ἀλ-

307 5321 415 5385 λως
436 5320 492 5374 δέ
512 5320 565 5371 τί
584 5318 779 5388 γένοιτ’
800 5316 870 5372 ἂν
899 5316 1089 5385 δφελος
1114 5315 1352 5386 ὁμιλίας,
1375 5315 1502 5368 ὅταν
1525 5315 1658 5386 εὐχὴ
1689 5316 1764 5385 μὴ
1853 5334 1979 5370 συν-

306 5406 643 5478 εζευγμένης
673 5404 950 5478 Πρότερον
995 5403 1152 5475 εὐχή,
1190 5403 1285 5457 καὶ
1329 5402 1449 5456 τότε
1490 5402 1678 5471 λόγος·
1716 5402 1860 5457 οὕτω
1887 5406 1982 5458 καὶ

307 5500 356 5550 οἱ
395 5496 686 5549 ἀπόστολοι
730 5510 927 5565 φασιν·
973 5493 1164 5563 Ἡμεῖς
1201 5492 1270 5546 δὲ
1305 5490 1380 5561 τῇ
1423 5491 1739 5562 προσευχῇ
1776 5494 1873 5547 καὶ
1906 5493 1982 5562 τῇ

305 5582 582 5649 διακονίᾳ
613 5581 721 5635 τοῦ
764 5582 951 5649 λόγου
982 5579 1619 5650 προσκαρτερήσωμεν.
1649 5580 1806 5634 Οὕτω
1833 5581 1927 5635 καὶ
1952 5582 1980 5634 6

308 5672 519 5732 Παῦλος
543 5670 688 5721 ποιεῖ
724 5667 780 5718 ἐν
803 5671 913 5729 τοῖς
942 5669 1250 5737 προοιμίοις
1277 5667 1386 5718 τῶν
1418 5666 1721 5720 ἐπιστολῶν
1747 5668 1980 5738 εὐχόμε-

310 5778 416 5823 νος,
446 5759 514 5813 tv‘
559 5758 747 5826 ὥσπερ
790 5753 981 5825 λύχνου
1018 5754 1155 5823 φῶς.
1201 5752 1341 5807 οὕτω
1392 5755 1453 5807 τὸ
1501 5757 1603 5824 τῆς
1651 5755 1815 5825 εὐχῆς
1860 5754 1976 5825 φῶς

370 5882 398 5911 ³
416 5879 516 5931 Alii
540 5878 801 5934 εὐλαϐείας.

1093 265 1148 321 S.
1187 263 1473 321 JO.\NN|S
1511 261 1999 318 CIIRYSOSTOMI
2040 263 2361 320 ARCHIEP.
2404 264 2956 324 CONSTANTINOP.

3644 274 3745 330 726

2086 381 2492 454 προοδοποιήσῃ
2533 380 2612 452 τῷ
2652 381 2819 452 λόγῳ.
2863 383 2991 437 Ἐάν
3021 381 3211 455 ἐθίσῃς
3252 385 3479 440 σεαυτὸν
3509 385 3758 457 εὔχεσθαι

2090 466 2230 536 μετά
2264 466 2567 538 ἀκριϐείας,
2595 469 2657 522 οὐ
2691 469 2860 542 δεήσῃ
2889 470 2990 539 τῆς
3026 471 3179 539 παρά
3215 471 3324 525 τῶν
3357 471 3656 526 συνδούλων
3681 473 3761 527 δι-

2084 554 2401 618 δασκαλίας,
2426 555 2594 609 αὐτοῦ
2623 573 2707 608 σοι
2734 557 2828 610 τοῦ
2860 556 2997 611 Θεοῦ
3029 558 3199 630 χωρὶς
3228 556 3451 627 μεσίτου
3491 558 3634 621 τινὸς
3662 576 3760 614 κα-

2085 642 2450 709 ταυγαζοντος
2487 642 2585 714 τὴν
2622 644 2880 698 διάνοιαν.
2924 646 2985 700 Ei
3015 645 3073 698 δὲ
3111 646 3246 717 εὐχὴ
3293 645 3460 714 μόνου
3499 647 3760 719 τοσαύτην

2085 728 2197 800 ἔχει
2226 728 2478 799 δύναμιν,
2517 729 2697 801 πολλῷ
2732 731 2934 802 μᾶλλον
2965 733 2997 802 ἡ
3043 733 3183 804 μετά
3221 732 3494 804 πλήθους·
3546 734 3762 807 μείζονα

2087 817 2195 888 γάρ
2226 816 2433 888 ταύτης
2474 818 2543 872 τά
2583 820 2772 891 νεῦρα,
2817 822 2911 874 καὶ
2953 820 3154 876 πλείων
3200 824 3233 892 ἡ
3275 823 3563 894 παρρησία
3589 824 3761 895 πολλῷ

2084 904 2182 974 τῆς
2209 906 2265 958 ἐν
2298 905 2448 976 οἰκίᾳ
2476 906 2570 959 καὶ
2608 907 2727 959 κατ’
2754 908 2913 961 ἰδίαν.
2952 909 3126 962 Πόθεν
3165 908 3326 961 τοῦτο
3369 909 3560 980 δῆλονς
3592 912 3761 966 Αὐτοῦ

2084 992 2178 1046 τοῦ
2206 994 2419 1047 Παύλου
2452 994 2703 1063 λέγοντος
2726 995 2957 1051 ἄκουσον
2977 1015 2989 1028 ·
3049 1000 3144 1065 '0;-
3175 997 3244 1051 ἐκ
3276 999 3638 1065 τηλικούτου
3662 1004 3762 1056 θα-

2084 1079 2271 1135 νάτου
2297 1082 2593 1150 ἐρρύσατο
2622 1082 2800 1152 ἡμᾶς,
2835 1084 2933 1138 καὶ
2951 1086 3192 1151 ῥύεται·
3225 1086 3573 1155 ἠλπίκαμεν
3586 1085 3653 1141 δὲ
3676 1085 3763 1143 ὅτι

2085 1167 2185 1222 καί
2229 1168 2316 1222 ἔτι
2359 1170 2638 1237 ῥύσεται,
2680 1173 3275 1242 συνυπουργούντων
3320 1173 3422 1229 καὶ
3476 1174 3644 1243 ὑμῶν
3692 1177 3764 1247 τῇ

2085 1256 2293 1326 δεήσει
2315 1257 2468 1327 ὑπὲρ
2493 1256 2681 1327 ἡμῶν,
2708 1259 2809 1313 ἵνα
2832 1260 2897 1314 τὸ
2921 1263 3009 1326 εἰς
3029 1259 3188 1329 ἡμᾶς
3210 1258 3481 1331 χάρισμα
3503 1262 3600 1317 διὰ
3629 1268 3764 1320 πολ·

2085 1343 2213 1398 λῶν
2239 1346 2577 1416 προσώπων
2616 1349 3028 1419 εὐχαριστηθῇ
3064 1349 3217 1418 ὑπὲρ
3265 1349 3454 1420 ἡμῶν.
3490 1352 3643 1406 Οὕτω
3675 1355 3764 1409 καὶ

2086 1433 2292 1504 Πέτρος
2311 1435 2371 1489 τὸ
2390 1435 2762 1507 δεσμωτήριον
2786 1437 3027 1507 διέφυγε.
3048 1438 3369 1508 Προσευχὴ
3384 1440 3494 1508 γὰρ
3514 1436 3592 1511 ἦν
3611 1442 3767 1497 ἐκτε-

2086 1520 2340 1589 νὴςὺπὸ
2371 1521 2481 1589 τῆς
2527 1521 2887 1591 Ἑκκλησίας
2917 1524 3071 1593 ὑπὲρ
3092 1526 3280 1580 αὐτοῦ
3305 1527 3592 1598 γινομένη
3622 1529 3763 1597 πρὸς

2088 1608 2197 1663 τόν
2230 1611 2396 1665 Θεόν.
2429 1612 2495 1665 Εἰ
2526 1611 2582 1665 δέ
2604 1610 2811 1683 Πέτρον
2842 1610 2995 1685 [470]
3034 1614 3283 1685 ὠφέλησε
3307 1616 3409 1687 τῆς
3446 1616 3766 1689 Ἐκκλησίας

2086 1704 2119 1771 ή
2143 1701 2297 1774 εὐχὴ,
2327 1702 2422 1756 καὶ
2445 1702 2538 1755 τὸν
2566 1700 2755 1755 στῦλον
2780 1704 2988 1759 ἐκεῖνον
3016 1702 3239 1772 ἐξέϐαλε
3255 1704 3353 1759 τοῦ
3372 1705 3762 1777 δεσμωτηρίου,

2089 1788 2208 1853 πῶς
2242 1790 2307 1842 σὺ
2348 1792 2716 1862 καταφρονεῖς
2739 1791 2837 1862 τῆς
2858 1790 3140 1862 δυνάμεως
3163 1792 3368 1863 αὐτῆς,
3393 1793 3515 1846 εἰπέ
3541 1811 3647 1865 μοι,
3679 1796 3767 1848 καὶ

2089 1878 2249 1932 ποίαν
2276 1877 2425 1943 ἔξεις
2458 1878 2789 1947 ἀπολογίαν;
2817 1880 3086 1933 ’Ἄκουσον
3129 1881 3222 1934 καὶ
3262 1880 3439 1934 αὐτοῦ
3492 1880 3585 1935 τοῦ
3634 1882 3763 1936 Θεοῦ

2089 1964 2363 2033 λέγοντος,
2422 1967 2503 2020 ὅτι
2530 1965 2863 2021 δυσωπεῖται
2886 1968 2948 2020 τὸ
2974 1967 3181 2040 πλῆθος
3210 1969 3334 2040 μετ’
3364 1970 3580 2033 εὐνοίας
3609 1970 3764 2024 αὑτὸν

2091 2054 2466 2125 παρακαλοῦν.
2500 2056 2646 2125 Πρὸς
2678 2056 2786 2127 γάρ
2826 2056 2917 2109 τὸν
2964 2056 3152 2111 Ἱωνᾶν
3178 2058 3647 2129 ἀπολογούμενος,
3679 2059 3764 2113 διά

2089 2142 2183 2194 τοῦ
2216 2142 2383 2211 φυτοῦ
2417 2142 2516 2213 τῆς
2552 2142 2903 2216 κολοκύντης,
2936 2145 3069 2216 φησί
3092 2162 3104 2175 ·
3130 2146 3215 2199 Σὺ
3232 2146 3358 2216 μὲν
3384 2148 3603 2216 ἐφείσω
3621 2146 3765 2215 ὑπὲρ

2090 2226 2201 2295 τῆς
2228 2230 2625 2296 κολοκύντης.
2660 2230 2813 2299 ὑπὲρ
2840 2226 2915 2303 ἧς
2942 2235 3055 2286 οὐκ
3106 2233 3598 2302 ἐκακοπάθησας,
3630 2233 3765 2289 οὐδὲ

2090 2315 2419 2384 ἐξέθρεψας
2451 2317 2679 2382 αὐτήν·
2717 2319 2833 2387 ἐγὼ
2860 2318 2928 2371 δὲ
2956 2321 3029 2373 οὐ
3064 2320 3357 2390 φείσομαι
3386 2322 3537 2391 ὑπὲρ
3563 2323 3764 2377 Νινευτ

2090 2403 2202 2471 τῆς
2239 2405 2474 2470 πόλεως
2501 2404 2612 2471 τῆς
2636 2404 2930 2475 μεγάλης,
2966 2409 3037 2462 ἐν
3062 2403 3103 2480 ᾖ
3132 2411 3487 2465 κατοικοῦσι
3523 2412 3763 2478 πλείους

2090 2490 2129 2558 ἢ
2175 2488 2405 2545 δώδεκα
2446 2492 2736 2560 μυριάδες
2783 2494 3054 2563 ἁνδρῶνς
3089 2496 3424 2566 Οὐχ⁸ἀπλῶς
3465 2498 3525 2551 τὸ
3571 2498 3761 2570 πλῆθος

2094 2578 2484 2649 προϐάλλεται,
2519 2580 2633 2633 ἀλλ’
2670 2582 2755 2634 ίνα
2789 2583 2989 2654 μάθῃς,
3034 2585 3116 2638 ὃτι
3175 2588 3209 2657 ή
3254 2586 3403 2657 μετά
3454 2587 3762 2657 συμφωνίας

2091 2667 2226 2743 εὐχή
2257 2667 2501 2745 μεγάλην
2542 2669 2656 2739 ἔχει
2697 2670 2796 2741 τὴν
2830 2670 3077 2744 δύναμιν.
3111 2674 3282 2727 Τοῦτο
3340 2676 3437 2729 καὶ
3478 2676 3535 2741 ἐξ
3568 2674 3765 2745 ἀνθρω-

2092 2742 2256 2826 πίνης
2300 2742 2542 2827 ἱστορίας
2573 2758 2702 2828 ὐμῖν
2742 2758 2966 2829 ποιῆσαι
2999 2760 3261 2832 βούλομαι
3298 2763 3556 2835 φανερόν.

2164 2842 2227 2907 ζ’.
2271 2843 2384 2915 Πρὸ
2412 2843 2522 2914 γάρ
2543 2844 2675 2897 δέκα
2696 2844 2901 2899 τούτων
2928 2847 3063 2900 ἐτῶν
3094 2849 3349 2904 ἑάλωσαν
3375 2851 3467 2905 ἐπὶ
3494 2849 3760 2921 τυραννίδι

2090 2932 2253 2996 τινὲς,
2287 2932 2538 3004 καθάπερ
2567 2934 2663 2987 καὶ
2693 2935 2851 3006 ὑμεῖς
2885 2937 3018 2992 ῖστε.
3055 2933 3189 2990 Εἶτα
3218 2939 3334 2993 τῶν
3357 2944 3415 2994 ἐν
3443 2939 3760 3009 δυναστείᾳδ

2090 3038 2175 3085 τις
2202 3021 2371 3075 ὄντων
2400 3022 2702 3088 ὑπεύθυνος
2734 3028 2849 3088 τοῖς
2881 3026 3196 3098 ἐγκλήμασι
3250 3030 3472 3097 φανεὶς,
3505 3030 3758 3101 σπαρτίον

2092 3110 2185 3163 ἐπὶ
2207 3110 2301 3163 τοῦ
2333 3111 2603 3181 στόματος
2629 3112 2831 3179 λαϐὼν,
2866 3114 3094 3186 ἐξήγετο
3118 3115 3216 3187 τὴν
3246 3119 3347 3171 ἐπὶ
3373 3117 3599 3171 θάνατον
3627 3118 3755 3170 ὁδόν.

2093 3199 2228 3252 Τότε
2264 3199 2327 3271 δὴ
2374 3202 2523 3253 πᾶσα
2552 3204 2585 3272 ή
2623 3201 2779 3265 πόλις
2817 3203 2911 3256 ἐπὶ
2939 3204 3029 3256 τὸν
3076 3205 3413 3278 ἱππόδρομον
3439 3206 3640 3278 ἔτρεχε,
3674 3206 3760 3259 καὶ

2091 3287 2219 3352 τοὺς
2248 3292 2311 3342 ἐκ
2341 3288 2452 3342 τῶν
2498 3291 2881 3363 ἐργαστηρίων
2915 3291 3130 3363 ἐξῆγον,
3166 3294 3263 3347 καὶ
3294 3300 3452 3367 κοινῇ
3491 3297 3593 3360 πᾶς
3620 3297 3652 3349 ό
3672 3294 3760 3366 δῆ-

2095 3392 2196 3445 μος
2226 3374 2465 3429 ἀνελθὼν
2500 3378 2778 3448 ἐξήρπασε
2796 3379 2896 3449 τῆς
2927 3379 3213 3452 βασιλικῆς
3241 3382 3417 3455 ὀργῆς
3445 3383 3533 3436 τὸν
3551 3381 3759 3436 καταδι-

2092 3463 2388 3527 κασθέντα,
2419 3465 2515 3518 καὶ
2564 3466 2825 3537 οὐδεμιᾶς
2870 3467 3021 3534 ἀξιον
3076 3469 3204 3523 ὄντα
3252 3471 3601 3542 συγγνώμης.
3633 3465 3760 3525 Εἶτα

2094 3551 2360 3622 βασιλέως
2418 3555 2516 3624 μέν
2563 3554 2735 3627 ὀργὴν
2786 3556 3028 3625 ἐπιγείου
3078 3558 3387 3613 καταλῦσαι
3436 3558 3756 3630 βουλόμενοι,

2095 3639 2233 3710 μετά
2263 3642 2469 3694 παίδων
2499 3643 2592 3695 καὶ
2624 3643 2900 3711 γυναικῶν
2945 3644 3297 3717 συνετρέχετε
3332 3646 3551 3711 πάντες,
3585 3645 3672 3699 τὸν
3704 3644 3757 3697 δὲ

2090 3728 2200 3781 τῶν
2256 3730 2506 3800 οὐρανῶν
2558 3732 2783 3801 βασιλέα
2842 3733 3135 3803 μέλλοντες
3182 3735 3310 3788 ἵλεω
3356 3736 3618 3805 ποιήσειν,
3670 3734 3758 3787 καὶ

2092 3812 2425 3884 ἐξαρπάσειν
2476 3815 2575 3885 τῆς
2624 3815 2793 3886 ὀργῆς
2852 3815 3017 3870 αὐτοῦ
3064 3818 3163 3887 οὐχ
3203 3817 3301 3871 ἕνα
3342 3818 3592 3885 καθάπερ
3622 3816 3752 3877 τότε,

2090 3901 2211 3954 οὐδέ
2240 3902 2332 3954 δύο
2363 3904 2457 3956 καὶ
2486 3906 2639 3975 τρεῖς
2675 3904 2770 3957 καὶ
2817 3904 3033 3970 ἑκατὸν,
3068 3905 3207 3959 ἀλλὰ
3238 3907 3451 3971 πάντας
3478 3907 3601 3969 τοὺς
3624 3902 3755 3958 κατά

2088 3991 2189 4060 τὴν
2234 3990 2563 4063 οἰκουμένην
2614 3992 3014 4065 ἁμαρτωλοὺς,
3069 3995 3162 4048 καὶ
3212 3996 3343 4060 τοὺς
3398 3991 3755 4065 δαιμονῶντας

2090 4079 2451 4133 ἀπαλλάττειν
2467 4080 2569 4150 τῆς
2590 4081 2683 4133 τοῦ
2704 4081 2953 4134 διαϐόλου
2979 4082 3209 4151 παγίδος
3226 4094 3274 4148 ε,
3305 4084 3413 4149 ἔξω
3444 4081 3749 4145 καθέζεσθε,

2090 4170 2184 4222 καὶ
2210 4169 2269 4222 οὐ
2301 4168 2625 4239 συντρέχετε
2653 4168 2807 4240 κοινῇ
2839 4169 3060 4235 πάντες,
3079 4171 3165 4225 ἵνα
3195 4174 3222 4226 ό
3251 4171 3387 4237 Θεὸς
3410 4172 3509 4242 τὴν
3537 4186 3751 4240 συμφω-

2089 4255 2207 4308 νίαν
2238 4253 2392 4325 ὑμῶν
2434 4255 2721 4321 αἰδεσθεὶς,
2764 4259 3044 4322 κάκείνοις
3081 4260 3193 4331 ἀφῇ
3244 4260 3347 4333 τήν
3400 4258 3637 4316 κόλασιν,
3666 4253 3751 4308 καὶ

2090 4344 2217 4413 ὑμῖν
2252 4345 2585 4416 συγχωρήσῃ
2618 4346 2688 4398 τά
2718 4346 3131 4417 ἀμαρτήματα;
3164 4348 3230 4402 Εἰ
3289 4350 3400 4421 γάρ
3431 4345 3519 4400 ἐπ’
3558 4343 3750 4414 ἀγορᾶς

2087 4431 2270 4502 τύχοις
2293 4430 2367 4485 ὢν
2406 4432 2550 4485 κατά
2595 4432 2685 4485 τὸν
2720 4432 2912 4504 καιρὸν
2951 4435 3182 4499 ἐκεῖνον,
3214 4435 3264 4488 εἰ
3302 4437 3413 4507 γὰρ
3439 4434 3531 4487 ἐπὶ
3558 4432 3650 4502 τῆς
3674 4431 3747 4482 ol-

2089 4519 2232 4585 κίας,
2270 4522 2318 4573 εἰ
2348 4520 2458 4591 γάρ
2488 4523 2546 4574 ἐν
2589 4521 2987 4593 ἀπαραιτήτοις
3040 4522 3385 4594 πράγμασιν,
3416 4520 3535 4591 οὐχὶ
3563 4515 3748 4578 παντὸς

2088 4607 2302 4671 λέοντος
2337 4608 2696 4679 σφοδρότερον
2735 4608 2952 4662 ἅπαντα
2981 4609 3284 4682 διαρρήξας
3321 4610 3392 4665 τά
3429 4605 3601 4679 δεσμά
3622 4603 3748 4675 πρὸς

2088 4697 2189 4768 τὴν
2220 4696 2406 4766 κοινὴν
2455 4695 2735 4768 ἱκετηρίαν
2761 4696 3188 4769 αὐτομολήσεις;
3217 4700 3387 4753 Ποίαν
3420 4696 3562 4763 ἔξεις
3592 4707 3746 4759 σωτη-

2094 4780 2214 4850 ρίας
2244 4779 2455 4843 ἐλπίδα,
2489 4780 2610 4833 εἰπέ
2643 4797 2757 4851 μοι.
2789 4781 2932 4835 κατά
2983 4782 3075 4835 τὸν
3126 4782 3318 4852 καιρὸν
3353 4783 3579 4841 ἐκεῖνον,
3621 4776 3745 4841 ἀγα-

2090 4866 2260 4938 πητές
2291 4869 2407 4921 Οὐκ
2454 4866 2733 4940 ἄνθρωποι
2778 4869 2927 4939 μόνοι
2981 4868 3145 4940 βοῶσι
3191 4868 3290 4942 τήν
3322 4860 3745 4941 φρικωδεστάτην

2090 4952 2306 5024 ἐκείνην
2326 4952 2475 5024 βοὴν,
2507 4953 2643 5008 ἀλλά
2664 4954 2758 5007 καὶ
2787 4954 3010 5023 ἄγγελοι
3036 4957 3442 5027 προσπίπτουσι
3457 4950 3534 5022 τῷ
3558 4943 3746 5002 Δεσπό-

2088 5057 2176 5111 τθν
2209 5040 2304 5094 καὶ
2335 5041 2664 5112 ἀρχάγγελοι
2692 5041 2924 5097 δέονται.
2955 5043 3179 5113 Ἔχουσι
3208 5045 3302 5100 καὶ
3329 5042 3420 5099 τὸν
3451 5035 3632 5107 καιρὸν
3652 5029 3744 5085 αὐ·

2088 5131 2197 5192 τοῖς
2222 5128 2636 5201 συμμαχοῦντα,
2668 5129 2767 5201 τὴν
2795 5130 3115 5203 προσφοράν
3160 5130 3484 5203 βοηθοῦσαν.
3520 5121 3622 5178 Καὶ
3647 5134 3741 5172 κα-

2089 5214 2267 5287 θάπερ
2314 5220 2360 5270 οἱ
2413 5215 2713 5289 ἂνθρωποι,
2747 5218 2976 5282 κλάδους
3019 5219 3215 5275 ἐλαιῶν
3246 5218 3595 5301 ἐκκόψαντες,
3629 5207 3740 5301 ἐπις

2089 5302 2296 5355 σείουσι
2327 5306 2440 5365 τοῖς
2471 5303 2775 5374 βασιλεῦσι,
2802 5306 2892 5359 διὰ
2938 5305 3035 5361 τοῦ
3065 5307 3235 5377 φυτοῦ
3260 5306 3458 5365 αὐτοὺς
3484 5298 3629 5354 ἐλέου
3655 5298 3740 5344 καὶ

2089 5391 2500 5462 φιλανθρωπίας
2546 5395 3085 5467 ἀναμιμνήσκοντες·
3117 5396 3263 5451 οὕτω
3294 5394 3356 5467 δὴ
3390 5390 3485 5446 καὶ
3512 5387 3559 5440 οί
3590 5381 3739 5467 ἄγγε-

2087 5477 2169 5531 λοι
2194 5478 2316 5532 τότε
2339 5479 2460 5532 ἀντί
2489 5462 2699 5534 κλάδων
2724 5462 2920 5537 ἐλαιῶν
2937 5482 3070 5538 αὐτὸ
3093 5483 3155 5537 τὸ
3182 5462 3355 5556 σῶμα-
3371 5481 3431 5536 τὸ
3442 5462 3740 5560 δεσποτικξν

2088 5567 2514 5637 προτεινόμενοι,
2560 5569 2652 5623 τὸν
2708 5571 2991 5643 Δεσπότην
3046 5570 3455 5644 παρακαλοῦσιν
3481 5560 3615 5653 lt”???
3645 5565 3739 5653 ττξς

2087 5652 2434 5725 ἀνθρωπίνης
2457 5655 2692 5725 φύσεως,
2732 5662 3015 5732 μονονουχὶ
3036 5660 3286 5731 λέγοντες
3313 5660 3414 5721 ὅτι,
3443 5647 3610 5718 ’Υπὲρ
3630 5647 3739 5695 τ⁰ῡ’

2148 5756 2178 5797 b
2207 5758 2300 5805 Alii
2324 5759 2372 5806 ἐν
2396 5761 2704 5819 δυναστείαις.

2140 5819 2381 5892 inﬁgi.
2417 5818 2504 5869 τοῦ
2525 5809 2747 5892 διαϐόλου
2765 5827 2979 5891 παγίδος,
2994 5825 3144 5880 Savil.
3160 5825 3246 5878 τοῦ
3269 5821 3486 5879 διαϐόλου
3504 5809 3594 5880 μάο
3605 5817 3734 5869 τιγκι

2086 5880 2403 5930 αὶὶἱδιαϐόλου
2424 5886 2710 5943 τυραννίδος.
