4062 6166
319 292 423 347 7‘35

389 407 443 461 6.
476 404 628 473 Quod
669 412 851 460 autem
892 418 996 457 non
1043 401 1172 472 ipsis
1207 400 1493 457 Cherubim
1535 409 1588 455 et
1615 397 1897 467 Seraphim

320 504 525 551 tantum
548 537 562 560 ,
602 494 696 549 sed
722 509 824 550 nec
864 494 1023 548 etiam
1060 491 1474 562 Principatibus,
1504 489 1860 545 Potestatibus
1882 530 1899 555 ,

318 602 494 656 neque
517 586 607 640 alii
633 586 859 655 cuipiam
890 584 1079 639 Virtuti
1108 582 1602 652 comprehensibilis
1629 582 1700 637 sit
1730 581 1898 645 Deus,

320 683 373 738 id
396 683 503 752 jam
536 682 724 736 vellem
765 679 1077 743 ostendere;
1126 678 1219 733 sed
1255 678 1365 748 jam
1409 676 1671 736 defessus,
1692 675 1904 729 animus

317 783 434 839 est,
460 790 566 828 non
589 772 948 837 multitudine,
974 772 1067 827 sed
1091 772 1312 827 horrore
1333 770 1675 825 dicendarum
1697 785 1899 824 rerum.

320 865 526 923 Tremit
552 866 694 920 enim
726 875 780 919 et
807 863 1070 919 horrescit
1109 863 1351 934 supernis
1376 859 1478 917 illis
1502 858 1905 931 contemplatio-

318 957 478 1012 nibus
505 954 706 1011 diutius
748 953 1057 1008 immorans.
1089 954 1443 1021 Quamobrem
1489 968 1556 1008 ex
1592 952 1736 1007 czelis
1781 968 1901 1007 eum

326 1045 667 1110 reducamus,
694 1045 1101 1114 pereulsumque
1122 1060 1444 1109 recreemus,
1467 1044 1534 1098 ad
1550 1044 1758 1098 solitam
1775 1057 1901 1097 con-

322 1136 583 1210 fugientes
610 1140 1055 1198 exhortationem.
1084 1138 1337 1207 Quaenam
1362 1138 1451 1192 illa
1476 1138 1591 1193 est?
1622 1137 1687 1193 Ut
1716 1152 1903 1207 prece-

317 1248 443 1289 mur
471 1248 566 1288 eos
593 1234 680 1304 qui
713 1231 804 1287 tali
846 1232 1036 1287 morbo
1065 1232 1308 1288 laborant
1342 1232 1408 1286 ad
1442 1226 1720 1286 sanitatem
1748 1246 1902 1285 revo-

322 1325 452 1380 cari.
486 1322 617 1379 Nam
666 1325 710 1380 si
742 1340 838 1394 pro
882 1325 1095 1394 aegrotis
1119 1365 1133 1389 ,
1166 1341 1262 1395 pro
1292 1324 1651 1379 laborantibus
1696 1319 1761 1378 ad
1793 1339 1906 1379 me-

321 1417 445 1471 talla
470 1457 486 1482 ,
534 1432 630 1486 pro
658 1416 787 1471 dura
832 1417 1084 1471 servitute
1111 1416 1337 1486 pressis,
1374 1431 1472 1486 pro
1498 1416 1868 1486 energnmcnis
1888 1458 1902 1482 ,

323 1509 488 1564 Deum
521 1524 710 1579 rogare
748 1509 1025 1579 jubemur,
1056 1518 1254 1579 quanto
1297 1509 1465 1578 magis
1496 1524 1592 1577 pro
1638 1509 1760 1563 itis?
1798 1509 1904 1564 lm-

323 1601 492 1668 pietas
532 1601 729 1670 quippe
765 1601 882 1670 ipso
907 1601 1147 1656 daemone
1178 1600 1364 1655 tetrior
1385 1610 1467 1656 est
1498 1618 1510 1653 :
1547 1601 1634 1656 illa
1680 1616 1906 1671 namque

323 1694 526 1748 inSania
555 1694 763 1747 veniam
786 1702 1017 1749 meretur
1036 1734 1051 1759 ,
1083 1693 1169 1748 hic
1197 1708 1321 1748 vero
1350 1694 1568 1748 morbus
1592 1693 1791 1748 nullam
1813 1692 1906 1747 ha-

324 1786 413 1841 bet
437 1785 823 1841 defensionem.
851 1788 917 1841 At
946 1787 1155 1854 quando
1181 1785 1248 1839 de
1278 1787 1517 1841 oratione
1548 1801 1643 1856 pro
1681 1801 1901 1857 energu-

324 1878 497 1933 meuis
527 1879 855 1932 mentionem
886 1876 983 1932 feci
1008 1919 1022 1943 ,
1055 1877 1249 1947 aliquid
1276 1892 1338 1931 ea
1360 1876 1428 1932 de
1457 1892 1516 1931 re
1554 1886 1746 1930 vestra:
1771 1876 1907 1930 cari-

326 1968 418 2022 tati
461 1968 727 2022 dissercre
772 1968 982 2023 animus
1008 1978 1089 2022 est
1112 2009 1125 2032 ,
1176 1983 1282 2037 quo
1321 1982 1541 2037 gravem
1570 1968 1637 2022 ab
1666 1967 1905 2022 Ecclesia

325 2059 566 2113 morbum
596 2059 986 2113 exscindamus.
1022 2059 1230 2113 Etenim
1281 2059 1566 2113 absurdum
1597 2067 1740 2115 esset
1780 2058 1906 2115 dum

325 2156 628 2202 exterarum
655 2148 855 2202 morbis
887 2157 1027 2202 tanta
1068 2163 1190 2203 cura
1221 2148 1496 2203 medemur
1519 2190 1533 2213 ,
1567 2150 1777 2218 propria
1815 2165 1909 2204 ne-

325 2240 521 2309 gligere
550 2240 808 2313 membra.
841 2239 991 2307 Quod
1017 2253 1186 2309 genus
1216 2240 1384 2293 morbi
1417 2238 1544 2293 illud
1575 2239 1687 2293 est?

394 2332 578 2402 Arguit
627 2333 961 2386 Antiochenos
1014 2333 1148 2402 quod
1195 2342 1305 2402 post
1334 2333 1625 2387 concionem
1672 2348 1706 2386 a
1751 2333 1909 2388 sacris

330 2424 580 2495 mysteriis
607 2424 914 2478 recederent.
939 2454 1010 2464 —-
1034 2424 1302 2495 Ingentem
1329 2425 1466 2479 hanc
1510 2424 1686 2494 populi
1725 2425 1909 2479 mulli-

326 2517 559 2573 tudinem
582 2533 723 2572 nunc
749 2526 985 2571 coactam
1010 2559 1026 2584 ,
1050 2527 1105 2572 et
1135 2525 1280 2571 tanto
1304 2516 1479 2571 studio
1499 2516 1906 2582 auscultantem,

327 2610 601 2666 tremenda
628 2610 719 2664 illa
742 2609 869 2665 hora
898 2610 1064 2664 oculis
1092 2610 1407 2679 perquirens
1430 2650 1445 2676 ,
1470 2608 1652 2663 videre
1679 2623 1783 2663 non
1813 2624 1908 2677 po-

326 2702 400 2756 tui
433 2718 447 2754 :
488 2701 880 2771 admodumque
906 2702 1137 2772 ingemni
1158 2743 1173 2767 ,
1205 2701 1348 2771 quod
1372 2744 1387 2767 ,
1420 2702 1669 2771 loquente
1697 2701 1906 2771 quidem

325 2809 623 2859 conservo,
670 2796 859 2866 ingens
923 2797 994 2851 sit
1042 2797 1316 2862 studium,
1365 2810 1570 2851 summa
1623 2797 1906 2864 alacritas,

326 2887 530 2940 cunctis
555 2901 676 2942 sese
703 2895 889 2942 mutuo
919 2887 1308 2956 impellentibus
1334 2929 1348 2954 ,
1383 2897 1439 2942 et
1467 2887 1533 2942 ad
1556 2903 1724 2957 usque
1749 2888 1907 2944 finem

329 2978 701 3046 manentibus;
729 2994 850 3033 cum
880 2988 1055 3034 autem
1083 2979 1327 3034 Christus
1356 2980 1409 3034 in
1449 2981 1614 3034 sacris
1641 2982 1911 3051 mysteriis

329 3084 444 3125 sese
472 3080 786 3125 ostensurus
812 3080 933 3136 est,
979 3071 1202 3126 ecclesia
1228 3086 1391 3125 vacua
1437 3071 1751 3143 desertaque
1792 3088 1909 3127 ma-

328 3169 466 3216 neat.
492 3162 622 3228 »Qno
647 3170 801 3231 pacto
824 3163 1007 3217 isthzcc
1027 3162 1233 3217 veniam
1264 3163 1602 3217 mereantur?
1627 3163 1740 3218 Tali
1765 3174 1910 3220 certe

329 3253 551 3322 segnitie
583 3267 794 3306 omnem
824 3252 983 3306 studii
1014 3252 1067 3307 in
1109 3252 1457 3307 auscultando
1484 3254 1647 3308 vestri
1698 3254 1907 3309 laudem

330 3343 590 3397 amittitis.
623 3343 751 3411 Quis
776 3344 915 3397 enim
934 3358 998 3398 ex
1026 3344 1174 3398 vobis
1205 3358 1310 3398 non
1333 3359 1432 3399 nos
1457 3359 1668 3415 quoque
1692 3344 1911 3399 damna-

332 3443 481 3489 turus
509 3444 594 3490 est
618 3476 634 3502 ,
664 3451 784 3490 cum
815 3434 994 3490 videat
1021 3445 1185 3490 totum
1213 3437 1487 3492 concionis
1514 3437 1737 3492 fructum
1760 3438 1909 3493 vobis

331 3529 508 3582 statim
540 3527 817 3585 efﬂuxisse
835 3528 859 3581 ’ἰ
879 3529 1009 3584 Nam
1038 3530 1081 3583 si
1112 3529 1267 3584 dictis
1294 3529 1480 3584 scdulo
1519 3528 1865 3585 attenderetis
1891 3572 1905 3594 ,

330 3620 580 3688 operibus
606 3634 735 3674 sane
763 3629 999 3675 vestram
1030 3619 1354 3674 exhiberetis
1383 3619 1729 3690 diligentiam.
1759 3620 1907 3688 Quod

330 3722 506 3767 autem
538 3706 726 3766 ‘statim
753 3722 910 3782 atque
952 3712 1230 3767 audivistis
1252 3753 1266 3777 ,
1296 3712 1579 3767 discedatis
1602 3754 1615 3778 ,
1651 3712 1701 3767 id
1736 3713 1910 3782 profe-

330 3812 415 3857 cto
441 3805 648 3874 signum
688 3810 770 3858 est
794 3817 886 3857 vos
912 3802 1044 3856 nihil
1081 3802 1341 3857 dictorum
1384 3803 1561 3857 animo
1589 3804 1906 3872 suscepisse.

332 3895 541 3948 Atenint
566 3894 611 3947 si
648 3908 709 3948 ea
752 3893 803 3946 in
836 3894 1027 3947 animis
1052 3893 1241 3947 vestris
1280 3892 1519 3961 deposita
1557 3901 1770 3957 essent,
1817 3909 1911 3947 vos

331 3988 486 4057 plane
514 3988 656 4040 intns
692 3986 1022 4049 retinerent,
1071 3992 1126 4039 et
1176 3983 1364 4053 majori
1397 3999 1517 4037 cum
1556 3982 1751 4053 pietate
1788 3983 1914 4036 hor-

333 4079 511 4134 rendis
537 4079 640 4132 illis
671 4077 938 4149 mysteriis
976 4076 1319 4131 admoverent
1349 4093 1363 4129 :
1393 4090 1534 4129 nunc
1563 4083 1737 4129 autem
1761 4075 1910 4144 quasi

332 4169 699 4240 cytharmdum
739 4167 1041 4239 quempiam
1084 4166 1404 4231 audissetis,
1450 4166 1527 4220 sic
1554 4165 1697 4220 omni
1739 4164 1910 4219 fructu

345 4267 484 4321 vacui
511 4273 753 4320 cessante
781 4264 1037 4319 concione
1060 4261 1328 4317 receditis.
1349 4262 1415 4314 At
1439 4274 1693 4330 quorsum
1726 4257 1910 4329 frigida

338 4359 422 4412 illa
450 4359 741 4412 multorum
770 4354 1085 4410 excusatio?
1110 4352 1322 4407 Precari
1362 4352 1522 4407 etiam
1549 4350 1692 4405 domi
1723 4365 1911 4419 possu-

339 4467 455 4503 mus
476 4492 490 4514 ,
524 4448 836 4503 concionem
864 4444 1265 4512 doctrinamque
1290 4443 1472 4497 audire
1500 4442 1709 4496 nonnisi
1735 4441 1787 4495 in
1826 4455 1912 4495 ee-

338 4543 491 4595 clesia
522 4553 826 4610 possumus.
853 4537 929 4591 Te
960 4538 1132 4606 ipsum
1156 4576 1173 4602 ,
1204 4536 1274 4588 m‘i
1308 4534 1467 4588 homo
1489 4576 1504 4600 ,
1544 4532 1764 4602 decipis.
1791 4533 1914 4587 Prc-

338 4633 445 4686 cari
472 4633 630 4684 etiam
662 4629 805 4683 domi
834 4635 1016 4697 potes;
1049 4626 1121 4679 ita
1146 4640 1273 4679 vero
1299 4623 1505 4693 precari
1532 4631 1591 4676 ut
1615 4623 1665 4675 in
1687 4621 1913 4677 ecclesia

339 4738 440 4775 non
467 4730 618 4789 potes
639 4761 654 4785 ,
682 4719 769 4773 ubi
800 4726 946 4773 tanta
969 4726 1175 4787 patrum
1206 4713 1501 4783 frequentia
1525 4754 1540 4778 ,
1584 4713 1671 4767 ubi
1715 4713 1914 4767 clamor

340 4815 659 4869 unanimiter
677 4813 744 4868 ad
773 4813 937 4868 Deum
962 4812 1206 4867 emissus.
1233 4809 1348 4864 Non
1376 4808 1594 4879 perinde
1619 4805 1915 4862 exaudieris

343 4924 459 4963 cum
482 4921 647 4979 penes
677 4907 897 4961 tesolus
937 4905 1103 4959 Deum
1143 4901 1414 4973 precaris,
1457 4910 1614 4969 atque
1661 4897 1746 4952 ubi
1787 4911 1907 4951 cum

345 4999 595 5055 fratribus
622 4999 744 5052 tuis.
774 4996 872 5051 Hie
900 4995 1094 5064 aliquid
1134 4993 1359 5062 amplius
1396 4999 1514 5054 est,
1554 5002 1744 5058 nempe
1785 5001 1914 5041 con-

345 5093 521 5149 cordia
568 5101 624 5147 et
670 5105 991 5153 consensus,
1041 5086 1274 5142 caritatis
1323 5084 1613 5147 vinculum,
1661 5090 1714 5134 et
1743 5093 1919 5134 sacer-

346 5185 524 5241 dotum
573 5182 862 5237 orationes.
896 5179 1019 5234 Ideo
1051 5192 1277 5247 namque
1305 5174 1607 5230 sacerdotes
1644 5180 1877 5241 praesunt
1899 5210 1914 5232 ,

346 5285 402 5331 ut
430 5272 783 5329 multitudinis
810 5284 994 5340 preces
1040 5267 1357 5322 infirmiores
1381 5280 1500 5319 cum
1528 5262 1673 5316 hisce
1702 5258 1921 5313 validio-

346 5367 490 5421 ribus
533 5363 837 5433 conjunctze
864 5375 967 5414 una
1015 5374 1135 5414 cum
1184 5358 1261 5412 eis
1291 5356 1346 5409 in
1396 5352 1581 5407 caelum
1609 5348 1915 5404 ascendant.

347 5457 594 5527 Alioquin
640 5453 767 5524 quid
803 5451 990 5506 concio
1034 5449 1240 5521 prosit,
1272 5447 1372 5500 nisi
1414 5445 1628 5500 sitcum
1681 5440 1920 5494 oratione

348 5538 625 5617 conjuncta
641 5546 667 5599 ?
692 5543 849 5599 Prius
869 5540 1060 5606 oratio,
1083 5537 1274 5595 deinde
1297 5549 1502 5593 sermo:
1525 5534 1600 5589 sic
1629 5531 1776 5586 aiunt
1802 5544 1922 5599 apo-

347 5638 463 5693 stoli
498 5655 513 5692 :
544 5634 657 5691 Nos
685 5642 850 5687 autem
881 5632 931 5686 in
959 5632 1183 5685 oratione
1203 5639 1249 5683 et
1285 5627 1416 5681 verbi
1448 5623 1718 5679 ministerio
1758 5635 1924 5689 perse-

345 5741 565 5785 veremus
603 5724 740 5797 (Act.
772 5724 823 5780 6.
852 5721 927 5794 4).
956 5721 1043 5779 Sic
1073 5729 1127 5777 et
1162 5718 1353 5775 Paulus
1382 5715 1536 5783 facit,
1568 5730 1687 5770 cum
1731 5713 1783 5768 in
1811 5710 1922 5781 epi-

1242 284 1328 342 DE
1367 275 2044 341 INCOMl’REilENSlBILI
2087 280 2195 336 DEI
2234 276 2535 335 NATL'RA.
2580 276 2662 332 111.

3480 274 3583 334 7'26

2011 395 2264 450 stolarum
2294 394 2526 450 exordiis
2554 401 2829 464 precetur,
2852 400 2910 447 ut
2930 392 3079 462 quasi
3110 392 3286 448 lumen
3314 391 3541 448 lucernae
3566 435 3583 458 ,

2008 485 2079 540 ita
2100 495 2150 540 et
2172 486 2423 540 orationis
2446 485 2534 539 lux
2549 485 2712 540 verbo
2736 493 2949 555 praecat.
2975 484 3028 539 Si
3061 485 3133 539 ita
3158 492 3207 539 te
3232 484 3583 554 assuefeccris

2007 572 2192 629 orandi
2224 574 2538 645 diligentias,
2566 588 2946 630 conservorum
2971 572 3207 628 doctrina
3246 589 3350 629 non
3383 574 3585 645 cgebis,

2008 665 2125 735 ipso
2151 666 2293 732 Deo,
2332 667 2447 721 sine
2478 665 2588 721 ullo
2631 666 2958 731 mediatore,
3005 677 3235 721 mentem
3267 666 3408 721 tuam
3457 668 3588 722 irra-

2008 760 2209 814 diante.
2258 759 2409 828 Quod
2455 761 2498 813 si
2549 760 2706 814 unius
2746 758 2916 814 oratio
2960 768 3156 815 tantam
3201 760 3306 814 vim
3360 760 3586 828 habent,

2011 849 2177 904 multo
2204 848 2369 918 magis
2412 865 2471 903 ca
2499 890 2513 915 ,
2558 865 2675 919 qua:
2722 864 2842 903 cum
2898 849 3236 905 multitudine
3284 849 3585 904 emittitur:

2009 941 2124 995 hcce
2174 940 2291 1010 plus
2340 938 2499 995 habet
2539 954 2858 1007 nervorum,
2907 940 3266 1010 majoremque
3305 940 3588 1007 fiduciam,

2009 1048 2167 1103 quam
2193 1033 2335 1087 domi
2363 1032 2578 1088 emissa.
2609 1030 2885 1088 Undenam
2919 1034 2968 1088 id
3009 1034 3209 1104 liquet?
3253 1034 3430 1104 ipsum
3460 1033 3583 1089 audi

2012 1123 2232 1177 Paulum
2264 1123 2566 1193 loquentem
2598 1141 2611 1177 :
2646 1123 2745 1190 Qui
2788 1125 2851 1178 de
2875 1134 3015 1178 tanta
3043 1134 3202 1179 morte
3240 1126 3426 1196 eripuit
3455 1139 3581 1190 nos,

2010 1223 2055 1268 et
2076 1216 2243 1269 adhuc
2270 1225 2428 1270 eruet.
2454 1215 2729 1286 Speramus
2751 1218 3065 1288 autemquod
3092 1218 3258 1272 adhuc
3282 1208 3455 1289 Eripiet
3472 1235 3490 1273 :
3506 1230 3593 1273 tio.

2012 1307 2084 1360 bis
2105 1320 2300 1378 quoque
2323 1306 2375 1361 in
2402 1307 2628 1361 oratione
2656 1322 2750 1378 pro
2797 1309 2940 1363 nobis
2981 1309 3383 1364 subvenientibus
3405 1352 3420 1373 ,
3450 1320 3504 1364 ut
3530 1310 3592 1365 de

2011 1397 2145 1451 dono
2166 1396 2307 1452 nobis
2333 1394 2517 1453 collato
2548 1416 2635 1469 per
2663 1398 2847 1452 multas
2887 1416 3124 1469 personas
3152 1401 3332 1471 gratia:
3373 1412 3589 1472 agantur

2011 1506 2103 1560 pro
2129 1489 2268 1545 nobis
2295 1486 2373 1560 (2.
2404 1490 2522 1545 Cor.
2555 1493 2605 1547 1.
2633 1492 2720 1547 10.
2753 1491 2860 1560 11).
2893 1491 2979 1547 Sic
3011 1491 3170 1547 etiam
3201 1491 3388 1546 Petrus
3407 1494 3590 1546 caree-

2012 1599 2123 1637 rem
2158 1582 2340 1652 effugit
2379 1601 2392 1636 :
2429 1583 2604 1638 Oratio
2642 1584 2774 1638 enim
2813 1584 2962 1652 ﬁebat
2987 1584 3097 1638 sine
3140 1584 3505 1638 intermissione
3529 1587 3613 1637 alr

2012 1672 2240 1728 Ecclesia
2264 1674 2331 1727 ad
2366 1673 2522 1728 Deum
2548 1691 2638 1744 pro
2672 1691 2730 1729 eo
2760 1674 2893 1745 (Act.
2925 1673 3013 1729 12.
3041 1672 3117 1745 5).
3145 1674 3298 1742 Quod
3324 1675 3369 1729 si
3412 1675 3595 1731 Eccle-

2010 1766 2105 1821 sia:
2130 1767 2299 1820 oratio
2324 1766 2485 1822 Petro
2516 1766 2744 1835 profuit,
2792 1781 2854 1820 ac
2890 1766 3191 1821 columnam
3237 1766 3380 1821 illam
3408 1766 3596 1821 eduxit

2011 1873 2075 1912 ex
2101 1873 2347 1925 carcere,
2378 1874 2543 1928 quare
2569 1868 2622 1911 tn
2648 1858 2765 1927 ejus
2786 1857 2892 1912 vim
2924 1857 3154 1928 despicis
3172 1899 3188 1926 ,
3214 1857 3301 1914 dic
3341 1858 3468 1913 mihi
3488 1901 3503 1924 ,
3543 1870 3598 1914 et

2011 1964 2168 2018 quam
2203 1948 2421 2004 habebis
2464 1948 3116 2018 excusationemilpsum
3168 1964 3380 2018 quoque
3422 1949 3590 2004 Deum

2012 2040 2274 2094 dicentem
2342 2039 2504 2105 audi,
2557 2054 2616 2093 se
2667 2038 3005 2093 multitudine
3052 2053 3173 2093 cum
3220 2037 3592 2094 benevolentia

2013 2140 2201 2185 orante
2240 2129 2457 2198 placari.
2506 2129 2636 2181 Nam
2679 2144 2799 2182 cum
2830 2143 2952 2182 sese
2976 2126 3116 2196 apud
3158 2127 3349 2182 Jonam
3377 2143 3595 2183 excusa-

2011 2229 2093 2275 ret
2108 2220 2175 2275 de
2195 2219 2480 2275 cucurbitas
2501 2217 2708 2284 frutice,
2728 2220 2801 2272 ait
2826 2238 2839 2273 :
2864 2217 2944 2272 Tu
2966 2218 3169 2287 quidem
3207 2220 3472 2289 pepercisti
3499 2236 3592 2272 cn-

2010 2312 2236 2378 curbita,
2260 2327 2352 2382 pro
2379 2327 2479 2382 qua
2509 2327 2609 2364 non
2631 2311 2891 2376 laborasti,
2913 2327 3072 2380 neque
3092 2311 3354 2366 excoluiin
3377 2326 3487 2365 eam
3502 2329 3521 2377 ;
3548 2321 3594 2366 ct

2012 2422 2103 2476 ego
2124 2421 2225 2458 non
2253 2420 2458 2473 parcam
2487 2400 2691 2456 Ninivaz
2733 2403 2923 2457 civitati
2966 2418 3162 2472 magum
3181 2444 3195 2467 ,
3228 2403 3281 2456 in
3310 2419 3409 2472 qua
3453 2402 3596 2456 habi-

2012 2504 2121 2549 tant
2149 2494 2264 2566 plus
2292 2511 2445 2565 quam
2475 2500 2673 2547 centum
2704 2492 2880 2563 viginti
2924 2489 3089 2545 millia
3133 2493 3394 2546 hominum
3436 2492 3593 2565 (Jan.

2010 2589 2063 2645 4.
2095 2589 2181 2645 10.
2211 2590 2269 2645 11
2293 2588 2336 2660 ).
2367 2587 2483 2643 Νοη
2510 2588 2605 2643 abs
2627 2602 2686 2642 re
2717 2585 3108 2640 multitudinem
3135 2586 3390 2654 opponit;
3415 2586 3508 2641 sed
3538 2596 3595 2641 nt

2012 2682 2149 2735 scias
2169 2723 2182 2746 ,
2207 2680 2503 2736 orationem
2526 2693 2631 2732 uno
2656 2692 2921 2733 consensu
2951 2674 3142 2729 factam
3183 2689 3428 2742 magnam
3477 2676 3584 2729 vim

2012 2769 2229 2826 habere.
2274 2769 2386 2824 Hoc
2420 2768 2577 2843 vobis
2617 2783 2683 2823 ex
2730 2766 2956 2822 humana
3002 2766 3160 2821 etiam
3214 2764 3434 2822 historia
3478 2766 3590 2836 plac

2015 2877 2139 2915 num
2168 2860 2341 2915 facere
2367 2861 2513 2915 libet.

2083 2952 2136 3005 7.
2155 2951 2401 3021 Loquitur
2416 2951 2497 3004 hic
2511 2949 2574 3004 de
2584 2948 2852 3004 Theodoro
2866 2949 2952 3021 qui
2973 2947 3291 3020 tyrannide»:
3305 2946 3593 3017 a/fectabat.

2022 3041 2146 3096 Vide
2162 3020 2317 3110 supra
2337 3042 2387 3094 in
2407 3039 2623 3095 Monito.
2642 3069 2713 3079 —
2731 3040 2868 3094 Ante
2880 3020 2981 3094 hos
2996 3040 3179 3094 decem
3201 3054 3369 3094 annos
3383 3039 3594 3110 quidam
3636 3020 3653 3033 ”

2012 3133 2343 3205 tyrannidem
2365 3131 2671 3186 ati'ectantes
2689 3127 3008 3201 deprehensi
3023 3130 3267 3199 captique
3288 3137 3431 3196 sunt,
3454 3131 3595 3200 quod

2012 3240 2106 3280 vos
2133 3239 2237 3280 non
2270 3212 2543 3294 ignoratis.
2571 3221 2704 3276 Tum
2742 3220 2935 3290 aliquis
2973 3221 3028 3274 in
3059 3220 3370 3289 magistratu
3399 3221 3597 3274 consti-

2013 3324 2173 3378 tutus,
2203 3316 2440 3371 criminis
2476 3328 2600 3369 reus
2629 3321 2956 3382 compertus,
2983 3326 3102 3367 eum
3134 3311 3198 3366 ad
3221 3320 3444 3366 mortem
3473 3310 3598 3367 fune

2011 3407 2076 3461 ad
2107 3422 2167 3461 os
2207 3406 2423 3476 alligato
2448 3404 2752 3470 duceretur,
2792 3412 2901 3458 tota
2930 3403 3055 3458 urbs
3083 3401 3150 3456 ad
3185 3402 3591 3473 hippodromum

2012 3496 2260 3562 accurrit,
2302 3495 2612 3565 eductisque
2651 3491 2983 3548 officinarum
3019 3493 3218 3561 operis,
3257 3491 3415 3546 simul
3455 3495 3596 3547 totus

2012 3587 2421 3656 p0pulus’rcum
2466 3583 2820 3654 imperatoriae
2863 3581 3049 3636 ultioni
3075 3583 3175 3636 etsi
3204 3582 3348 3636 nulla
3377 3582 3592 3651 dignum

2012 3678 2164 3733 venia
2186 3676 2461 3731 subduxit.
2492 3674 2635 3730 Itane
2657 3674 2851 3729 terreni
2874 3672 3211 3743 Imperatoris
3230 3674 3361 3727 iram
3386 3674 3597 3743 placare

2011 3768 2268 3833 volentes,
2300 3781 2419 3821 cum
2454 3765 2632 3820 liberis
2680 3772 2736 3819 et
2772 3763 3025 3817 uxoribus
3059 3777 3245 3817 omnes
3283 3763 3593 3827 accurritis;

2012 3861 2258 3916 crelorum
2303 3874 2429 3915 vero
2461 3859 2841 3928 imperatorem
2881 3857 3034 3911 vobis
3063 3856 3344 3926 prepitium
3370 3857 3597 3912 reddere

2013 3954 2302 4018 studentes,
2344 3962 2502 4022 atque
2545 3967 2611 4006 ex
2652 3952 2727 4004 ira
2760 3949 3065 4018 ultioneque
3105 3948 3220 4018 ejus
3260 3964 3366 4004 non
3408 3965 3592 4016 unum,

2014 4047 2094 4102 vel
2120 4045 2274 4109 duos,
2301 4053 2391 4099 aut
2420 4053 2549 4106 tres,
2588 4051 2677 4096 aut
2697 4049 2931 4105 centum,
2963 4038 3055 4093 sed
3076 4050 3263 4093 omnes
3286 4055 3381 4106 per
3409 4041 3594 4094 orbem

2013 4145 2341 4208 peccatores,
2366 4149 2570 4189 necnon
2592 4130 2946 4186 dzemoniacos
2970 4142 2999 4181 a
3030 4127 3225 4183 diaboli
3248 4128 3450 4198 laqueis
3473 4144 3595 4183 ere-

2015 4231 2172 4298 pturi,
2213 4226 2428 4290 sedetis,
2472 4239 2570 4278 nec
2597 4222 2755 4278 simul
2793 4235 2979 4274 omnes
3007 4219 3342 4285 concurritis,
3371 4230 3427 4275 ut
3453 4221 3596 4276 Deus

2013 4319 2352 4375 concordiam
2384 4324 2613 4371 vestram
2642 4310 2920 4375 reveritus,
2945 4318 2999 4364 et
3025 4309 3129 4363 illis
3156 4323 3386 4379 pcenam,
3420 4320 3474 4365 et
3498 4327 3594 4365 vo-

2014 4412 2096 4466 bis
2141 4419 2355 4482 peccata
2410 4404 2687 4463 remittat?
2729 4403 2861 4458 Nam
2906 4404 2950 4457 si
3002 4403 3055 4457 in
3091 4400 3205 4457 foro
3235 4402 3327 4456 illo
3358 4410 3598 4475 tempore

2016 4504 2193 4567 fuerit,
2225 4501 2269 4556 si
2297 4499 2462 4563 domi,
2489 4499 2533 4552 si
2558 4498 2610 4551 in
2639 4495 2863 4566 negotiis
2883 4492 3212 4563 urgentibus,
3237 4508 3413 4548 nonne
3440 4494 3619 4548 leone’

2014 4596 2202 4667 quovis
2227 4590 2612 4656 vehementius,
2639 4586 2880 4657 abruptis
2903 4584 3144 4650 vinculis,
3175 4584 3241 4639 ad
3261 4599 3596 4641 communem

2015 4687 2451 4759 supplicationem
2478 4693 2531 4738 te
2557 4689 2745 4751 sponte
2773 4677 3053 4734 eonferes?
3093 4677 3345 4745 Ecquam,
3381 4677 3594 4743 dilecte,

2017 4780 2107 4834 illo
2130 4789 2365 4847 tempore
2382 4789 2529 4844 spem
2547 4772 2731 4827 salutis
2752 4770 2947 4824 habere
2976 4768 3185 4839 possis?
3215 4766 3328 4821 Non
3354 4766 3598 4823 homines

2018 4873 2188 4928 solum
2210 4867 2528 4924 horrendam
2557 4864 2699 4919 illam
2719 4861 2966 4917 emittunt
2992 4873 3196 4919 vocem,
3226 4857 3321 4912 sed
3343 4866 3397 4912 ct
3421 4859 3597 4928 angeli

2019 4975 2141 5019 ante
2163 4963 2442 5018 Dominum
2457 4956 2831 5029 procumbunt,
2847 4950 3148 5020 archangeli
3167 4960 3448 5020 precantur
3464 4966 3478 5001 :
3504 4949 3597 5003 ha-

2018 5058 2148 5112 bent
2164 5064 2372 5122 tempus
2391 5049 2515 5104 illud
2538 5047 2808 5109 idoneum,
2830 5042 3152 5097 oblationem
3180 5040 3281 5094 sibi
3308 5039 3592 5093 faventem.

2020 5148 2098 5203 Ac
2113 5141 2557 5217 quemadmodum
2585 5138 2827 5192 homines
2842 5133 3032 5190 excisis
3061 5133 3296 5187 olearum
3325 5131 3489 5187 ramis
3507 5148 3596 5187 re-

2021 5257 2114 5313 ges
2141 5252 2359 5295 movere
2378 5235 2572 5299 solent,
2601 5231 2792 5299 illaque
2819 5227 3009 5280 arbore
3044 5222 3110 5277 ad
3130 5222 3427 5277 clementiae
3452 5222 3598 5292 ipsos

2022 5330 2333 5389 memoriam
2374 5331 2624 5381 revocant
2651 5338 2664 5373 :
2697 5320 2774 5374 sic
2798 5325 2853 5371 et
2875 5314 3045 5384 angeli
3077 5321 3201 5367 tunc
3223 5313 3478 5382 temporis
3503 5329 3602 5383 pro

2023 5429 2258 5483 olearum
2297 5419 2459 5476 ramis
2487 5417 2659 5485 ipsum
2686 5422 2876 5478 corpus
2916 5404 3247 5461 Dominicnm
3274 5404 3601 5474 protenden-

2025 5529 2126 5576 tes.
2164 5513 2446 5569 Dominum
2477 5521 2574 5578 pro
2598 5504 2826 5558 humana
2851 5506 3037 5553 natura
3067 5507 3275 5567 rogant,
3305 5512 3368 5552 ac
3386 5497 3431 5553 si
3455 5497 3605 5552 dice-

2025 5621 2142 5668 rent
2172 5627 2184 5661 :
2233 5607 2334 5662 Pro
2360 5603 2442 5659 his
2467 5599 2858 5670 supplicamus,
2899 5606 3031 5663 quos
3067 5600 3122 5645 tu
3162 5591 3492 5671 praeveniens
3534 5591 3604 5645 ita

2026 5704 2247 5774 diligere
2290 5696 2535 5767 dignatus
2568 5706 2643 5757 es,
2685 5697 2744 5745 ut
2776 5688 3006 5744 animam
3048 5697 3191 5742 tuam
3222 5683 3488 5749 traderes;
3513 5696 3609 5752 pro
