4062 6166
343 351 438 404 ῖ27

338 471 423 525 his
441 461 852 536 supplicationes
875 455 1166 519 fundimus,
1190 465 1287 522 pro
1311 449 1500 520 quibus
1522 455 1578 525 tu
1605 443 1916 514 sanguinem

337 556 602 621 effudisti;
650 567 745 624 pro
785 549 870 604 his
913 559 1182 617 rogamus,
1219 556 1316 612 pro
1353 539 1543 610 quibus
1576 536 1680 591 hoc
1726 547 1919 602 corpus

339 648 641 706 immolasti.
686 643 808 699 ldeo
837 651 1225 709 energumenos
1260 633 1350 707 illo
1389 639 1630 700 tempore
1666 626 1921 682 diaconus

339 741 573 806 adducit,
599 737 855 810 jubctque
878 739 1037 803 caput
1064 736 1266 783 tantum
1292 723 1567 787 inclinare,
1586 728 1643 773 ut
1664 720 1778 788 ipso
1799 731 1922 770 cor-

340 833 485 903 poris
528 831 634 885 situ
675 824 1086 896 supplicationes
1123 817 1413 874 emittant:
1460 813 1587 883 ipsis
1627 810 1767 865 enim
1803 822 1924 863 cum

341 901 613 978 communi
640 922 861 974 fratrum
888 922 1030 971 coetu
1064 909 1268 982 precari
1297 923 1403 962 non
1433 906 1573 961 licet.
1604 902 1834 991 Ideoque
1860 901 1926 955 il-

344 1016 425 1071 los
450 1014 611 1079 sistit,
658 1022 716 1065 ut
742 1024 926 1065 eorum
959 1014 1067 1060 tum
1094 1002 1472 1063 calamitatem,
1506 1007 1615 1051 tum
1650 993 1927 1050 taciturni-

343 1117 505 1162 tatem
527 1105 810 1160 miseratus
826 1098 1011 1154 fiducia
1032 1106 1118 1153 tua
1135 1094 1198 1149 ad
1219 1093 1361 1148 illius
1376 1088 1725 1162 patrocinium
1744 1085 1923 1139 utaris.

343 1197 467 1252 llaec
488 1197 664 1264 itaque
688 1192 982 1262 cogitantes
1003 1197 1383 1242 concurramus
1405 1181 1488 1235 illa
1515 1178 1666 1240 hora,
1700 1185 1757 1230 ut
1778 1173 1930 1230 nobis

345 1285 762 1342 misericordiam
790 1280 1139 1345 attrahamus,
1183 1284 1237 1331 et
1261 1272 1486 1345 gratiam
1514 1267 1846 1323 inveniamus
1869 1277 1931 1317 ac

345 1389 700 1449 opportunum
723 1374 997 1429 auxilium.
1043 1368 1322 1424 Laudastis
1357 1379 1419 1419 ea
1446 1377 1562 1433 quae
1589 1360 1728 1414 dicta
1757 1356 1930 1421 fuere,

346 1447 466 1527 cum
495 1486 687 1541 magno
720 1467 945 1523 tumultu
985 1474 1037 1519 et
1063 1463 1249 1532 plausu
1280 1454 1693 1512 admonitionem
1722 1447 1932 1518 accepi-

346 1565 463 1620 stis.
507 1539 611 1618 Sed
650 1570 707 1616 ut
748 1559 902 1614 nobis
931 1555 1114 1611 laudes
1158 1553 1285 1623 ipsis
1328 1546 1577 1619 operibus
1615 1539 1931 1605 exhibeatis,

1055 339 1113 395 S.
1153 333 1428 393 JOA‘NNIS
1465 326 1936 387 CIIRYSOSTUMI
1979 324 2295 380 ARCHIEP.
2335 319 2866 380 CONSTANTINOP.

3497 322 3596 376 7’23

2026 456 2129 494 non
2155 440 2366 510 longum
2389 448 2596 509 tempus
2612 441 2863 510 quaeritur
2878 438 2941 493 ad
2959 438 3356 508 obscquentiam
3378 434 3609 495 demon-

2026 532 2319 587 strandam.
2339 532 2771 588 Exhortationem
2786 531 2955 585 oratio
2975 542 3244 601 sequatur.
3269 531 3412 586 Hauc
3426 546 3610 601 quaero
3640 572 3651 583 γ.

2028 626 2266 692 laudem,
2323 624 2463 680 hunc
2506 640 2603 694 per
2638 628 2796 694 opera
2843 624 2954 694 ipsa
2997 624 3257 693 plausum.
3298 623 3406 678 Vos
3434 624 3614 693 itaque

2029 730 2213 774 mutuo
2241 719 2538 773 hortamine
2574 718 2638 772 ad
2680 718 2925 774 standum
2985 714 3442 787 quemadmodum
3503 726 3615 770 ste-
3646 758 3658 813 ί

2032 813 2168 867 tistis
2197 829 2210 865 :
2251 812 2299 866 si
2340 811 2460 880 quis
2484 825 2601 865 sese
2633 819 2842 865 moveat
2871 816 2929 863 ut
2947 808 3188 864 ordinem
3214 807 3444 872 deserat,
3472 805 3615 860 hunc
3646 805 3655 831 τ

2033 903 2218 957 sedulo
2242 904 2504 967 retinete;
2538 909 2594 955 ut
2621 909 2677 955 et
2706 899 2906 970 pr0prii
2932 899 3090 955 studii
3121 906 3177 955 et
3200 898 3445 954 fratcrnre
3471 912 3617 952 cum

2034 995 2297 1064 duplicem
2341 993 2639 1049 mercedem
2673 998 3024 1061 reportantcs,
3060 1006 3180 1045 cum
3214 988 3404 1060 majori
3428 987 3619 1043 ﬁducia

2037 1101 2221 1155 preces
2248 1083 2546 1144 effundatis.
2574 1082 2884 1152 placatoque
2914 1081 3042 1147 Deo,
3070 1089 3123 1135 et
3144 1080 3422 1150 prmsentia
3453 1088 3507 1132 et
3532 1075 3620 1131 fu-

2040 1187 2153 1232 tura
2180 1176 2314 1230 bona
2342 1175 2594 1243 consequi
2627 1173 2859 1243 possitis,
2896 1173 3059 1243 gratia
3089 1180 3143 1226 et
3164 1171 3486 1242 benignitate
3514 1169 3623 1225 Do-

2040 1272 2166 1325 mini
2208 1268 2375 1323 nostri
2400 1267 2523 1322 Jesu
2551 1266 2768 1330 Christi,
2814 1279 2930 1319 cum
2972 1278 3078 1335 quo
3117 1262 3256 1317 Patri
3302 1271 3355 1317 et
3397 1260 3621 1328 Spiritui

2040 1372 2224 1415 sancto
2272 1360 2434 1432 gloria
2488 1368 2543 1414 et
2596 1358 2875 1428 imperium
2928 1357 2979 1410 in
3035 1357 3227 1410 saecula
3280 1353 3620 1410 smculorum.

2044 1454 2230 1507 Amen.

1001 1693 2087 1721 Μ.

985 1802 1200 1914 DE
1270 1773 2985 1905 IJV'COMPREHENSIBILL

1666 1966 1915 2015 CONTRA
1955 1959 2278 2007 ANOHOEOS
2289 1985 2305 2002 .

1807 2092 2174 2151 (εὐθεῶῖίῖὶῖβθῦεί⁵

892 2256 1108 2299 Βοωιιιλ
1146 2248 1377 2301 ΩΠᾹΒΤΔ.

427 2390 479 2445 1.
508 2385 687 2443 Satius
727 2381 836 2451 jam
885 2384 1049 2441 esset,
1090 2379 1370 2442 postquam
1413 2374 1583 2431 nuper
1613 2352 1942 2410 ostendimus
1984 2364 1990 2368 ’

359 2486 525 2539 Deum
575 2492 696 2535 esse
732 2450 1339 2541 incomprehensibilem
1378 2452 1703 2515 hominibus,
1745 2450 1855 2503 imo
1892 2452 1945 2499 et

358 2574 487 2644 ipsis
513 2567 801 2626 Cherubim
842 2572 897 2618 et
928 2538 1251 2628 Seraphin),
1282 2567 1314 2607 a
1352 2546 1577 2619 negotiis
1606 2538 1946 2644 expediri,‘et

361 2628 491 2725 nihil
513 2660 733 2719 ulterius
759 2668 974 2711 movere
1007 2669 1023 2705 :
1066 2661 1247 2703 verum
1275 2643 1395 2714 quia
1426 2639 1477 2695 id
1509 2635 1663 2692 nobis
1691 2632 1743 2687 in
1771 2628 1946 2684 studio

360 2767 415 2814 et
449 2757 501 2810 in
539 2749 812 2823 proposito
834 2753 934 2809 est,
989 2749 1179 2795 utnon
1206 2734 1363 2790 modo
1393 2725 1817 2785 adversariorum
1856 2735 1947 2823 ora

259 2846 270 2855 ”
362 2812 721 2905 occludamus,
771 2837 864 2893 sed
909 2835 1068 2890 etiam
1106 2839 1164 2885 ut
1196 2827 1473 2882 caritatem
1514 2828 1745 2877 vestram
1781 2812 1950 2884 magis

363 2937 638 3007 magisque
680 2931 1037 2986 instituamus.
1078 2921 1308 2991 idipsum
1338 2921 1704 2986 argumentum
1751 2905 1948 3007 repeti-

364 2994 504 3094 mus,
535 2994 856 3091 ulteriusque
885 3028 1135 3073 sermone
1168 3006 1520 3081 procedimus.
1556 3003 1689 3057 Nam
1733 2998 1776 3055 si
1808 2998 1859 3052 in
1887 2994 1951 3049 iis

365 3118 560 3174 diutius
580 3117 946 3174 immorentur,
970 3117 1023 3162 et
1042 3118 1137 3160 vos
1157 3100 1423 3157 doctiores
1443 3095 1754 3155 efficiemus.
1781 3098 1834 3144 et
1856 3103 1952 3143 nos

366 3207 774 3282 splendidiorem
813 3201 1085 3257 victoriam
1128 3190 1549 3264 reportabimus;
1595 3195 1705 3242 tum
1753 3183 1798 3237 si
1827 3181 1951 3252 quid

367 3275 707 3374 reliquiarum
737 3295 985 3367 supersit,
1016 3292 1067 3347 id
1099 3291 1210 3361 jam
1252 3300 1466 3357 prorsus
1501 3282 1567 3336 de
1593 3278 1767 3335 medio
1797 3275 1954 3374 tolle-

368 3407 455 3450 tur
471 3365 497 3461 ς’
528 3365 950 3463 quandoquidem
996 3381 1183 3436 noxias
1217 3376 1409 3432 herbas
1436 3388 1539 3426 non
1584 3385 1613 3424 a
1653 3365 1956 3463 summitate

342 3530 345 3533 λ
371 3455 530 3542 modo
546 3455 772 3537 laudere
794 3489 927 3546 opus
950 3482 1033 3529 est
1066 3488 1079 3526 :
1110 3471 1153 3525 si
1180 3468 1319 3524 enim
1343 3464 1547 3520 radices
1569 3464 1835 3519 maneant,
1860 3455 1957 3509 de-

374 3592 481 3635 nuo
524 3571 895 3645 pullulabunt:
938 3566 1031 3620 sed
1075 3562 1234 3617 etiam
1270 3559 1336 3613 ab
1365 3557 1480 3626 ipso
1515 3551 1734 3645 telluris
1758 3546 1959 3618 gremio

373 3639 627 3725 radicitus
665 3660 864 3718 evellas
910 3662 1151 3726 oportet,
1191 3660 1532 3720 exponasque
1578 3639 1828 3697 solarium
1871 3652 1958 3690 ra-

375 3759 585 3815 diorum
639 3751 852 3817 ardori,
895 3757 953 3802 ut
1017 3743 1233 3800 omnino
1290 3743 1639 3794 marcescant.
1680 3732 1793 3801 Age
1835 3741 1961 3796 ergo

379 3853 434 3906 in
464 3847 650 3903 etnlum
678 3848 863 3898 rursus
900 3849 1147 3893 sermone
1176 3827 1617 3889 conscendamus,
1651 3838 1757 3877 non
1785 3828 1841 3874 ut
1870 3833 1961 3873 cu-

376 3937 605 3995 riosius‘
630 3941 947 3994 scrutemur,
973 3926 1054 3981 vel
1081 3921 1386 3979 subtiliores
1407 3916 1727 3988 quaestiones
1752 3924 1964 3966 movea-

277 4080 287 4095 ,
379 4045 533 4095 mus;
582 4025 674 4083 sed
706 4032 763 4079 ut
792 4035 976 4078 eorum
1003 4017 1092 4088 qui
1118 4028 1286 4085 neque
1315 4012 1520 4081 seipsos
1549 4015 1764 4072 norunt,
1793 4016 1964 4072 neque

382 4125 630 4178 humana:
677 4126 881 4172 natura:
920 4111 1137 4169 modum
1182 4106 1477 4175 intelligere
1527 4100 1729 4165 volunt,
1773 4097 1967 4151 intem-

383 4213 639 4286 pestivam
674 4205 1068 4265 contentionem
1099 4199 1285 4254 tollere
1308 4204 1629 4265 satagamus.
1676 4187 1799 4244 Ideo
1820 4185 1972 4256 quip-

385 4281 450 4376 pe
493 4319 558 4359 ex
598 4297 904 4362 abundanti,
958 4309 1063 4348 non
1108 4290 1199 4345 Dei
1244 4286 1435 4351 modo,
1473 4283 1566 4339 sed
1606 4281 1763 4336 etiam
1811 4292 1972 4347 ange-

387 4370 561 4453 lorum
599 4401 938 4461 conspectum
970 4387 1114 4455 justo
1152 4382 1227 4438 illi
1251 4381 1365 4436 viro
1395 4374 1781 4434 intolerandum
1812 4370 1972 4425 fuisse

384 4484 739 4547 ostendimus,
766 4478 977 4551 quando
1005 4484 1167 4530 totam
1208 4473 1358 4527 vobis
1389 4467 1660 4523 historiam
1699 4463 1924 4534 legimus
1953 4476 1967 4511 :

388 4575 689 4645 smpiusque
734 4571 946 4624 beatum
1001 4565 1268 4620 Danielem
1316 4560 1618 4616 indusimus
1665 4554 1968 4625 pallentem,

394 4644 732 4729 trementem,
775 4675 947 4732 neque
976 4659 1164 4712 melius
1190 4656 1458 4720 affectum,
1490 4666 1648 4721 quam
1675 4650 1732 4716 ii,
1764 4647 1852 4717 qui
1882 4644 1975 4700 de—

393 4760 595 4824 ficiunt,
636 4764 966 4826 quorumque
1010 4749 1183 4802 anima
1214 4744 1418 4801 vincula
1456 4742 1632 4797 carnis
1660 4739 1975 4807 abrumpere

392 4851 626 4907 festinat.
672 4845 820 4901 Sicut
848 4842 987 4898 enim
1015 4838 1260 4895 columba
1285 4835 1575 4909 domestica
1608 4842 1662 4887 et
1703 4838 1975 4886 mansueta

395 4962 448 5001 tn
475 4940 794 5000 domuncula
826 4934 1092 4999 habitans,
1120 4933 1164 4987 si
1193 4930 1415 4999 strepitu
1443 4936 1723 4992 terreatur,
1752 4937 1977 4994 expave-

395 5038 533 5093 facta
560 5034 612 5089 in
640 5039 834 5087 tectum
856 5026 1049 5090 avolat,
1073 5032 1128 5079 et
1150 5038 1245 5094 per
1266 5020 1524 5076 fenestras
1550 5018 1748 5071 exitum
1767 5015 1974 5086 qurerit,

397 5140 456 5184 nt
477 5142 599 5184 sese
622 5126 691 5182 ab
719 5119 961 5193 angustia
982 5118 1210 5181 eximat;
1242 5116 1319 5171 sic
1347 5113 1484 5169 beati
1512 5111 1650 5168 illius
1681 5110 1776 5164 viri
1802 5107 1977 5163 anima

396 5240 462 5278 ex
488 5234 715 5292 corpore
741 5214 920 5289 egredi
959 5220 1014 5268 et
1042 5219 1261 5266 externa
1295 5216 1474 5278 petere
1509 5203 1797 5275 gestiebat;
1823 5200 1981 5257 exiis-

397 5326 587 5388 setque
651 5313 806 5386 plane
852 5319 1014 5380 atque
1064 5305 1360 5373 avolasset,
1417 5312 1716 5370 corpusque
1757 5309 1979 5349 vacuum

400 5407 726 5478 reliquisset,
771 5401 873 5458 nisi
901 5398 1080 5455 statim
1109 5394 1326 5466 angelus
1353 5390 1729 5463 praevertisset,
1759 5400 1982 5455 eamque

400 5502 469 5558 ab
507 5477 747 5572 angustia
786 5496 1097 5555 liberasset.
1143 5491 1302 5560 inque
1334 5489 1602 5557 proprium
1637 5479 1738 5537 sibi
1761 5477 1983 5534 domici-

468 5659 482 5688 ι
521 5652 660 5703 Savil.
687 5655 736 5702 in
766 5664 920 5710 marg.
969 5654 1022 5710 et
1057 5648 1152 5697 duo
1186 5645 1317 5710 Cod.,
1342 5643 1708 5710 Sed_adverme,
1749 5641 1863 5702 quia
1906 5651 1985 5709 eos

401 5731 576 5789 rusus
617 5715 669 5765 in
691 5706 1142 5773 cwtumirigium.
1182 5714 1236 5759 Et
1260 5707 1348 5756 hac
1369 5706 1574 5770 agrinus,
1613 5717 1705 5755 non
1743 5710 1794 5752 ut
1829 5706 1987 5754 curio-

404 5786 517 5842 sius,
537 5786 634 5829 etc.

2047 2212 2170 2265 lium
2204 2212 2523 2269 reduxisset.
2551 2211 2750 2267 Idcirco
2777 2220 2956 2267 autem
2983 2210 3097 2266 iure
3121 2219 3247 2265 tunc
3264 2209 3527 2275 dicebam,
3571 2217 3634 2264 ut

2044 2303 2343 2357 ediscerent
2374 2303 2468 2367 illi,
2514 2312 2771 2373 quantum
2809 2302 3028 2372 angelus
3058 2301 3258 2355 homini
3290 2311 3525 2370 praestet,
3576 2309 3631 2355 et

2047 2412 2111 2449 ex
2148 2394 2391 2453 conservi
2431 2393 2784 2463 prmcellentia
2812 2392 3098 2457 emendati,
3130 2400 3313 2447 contra
3345 2392 3628 2446 Dominum

2050 2486 2279 2539 insanire
2319 2492 2609 2539 cessarent.
2653 2483 2836 2539 Justus
2865 2484 2950 2538 ille
2983 2483 3084 2550 vir,
3110 2492 3253 2537 tanta
3281 2483 3533 2552 praeditus
3574 2483 3637 2535 fi-

2049 2578 2224 2641 ducia,
2257 2577 2429 2645 angeli
2457 2587 2798 2646 conspectum
2835 2592 2940 2630 non
2969 2575 3105 2636 tulit.
3132 2584 3186 2630 et
3209 2574 3286 2641 hi,
3313 2574 3400 2646 qui
3432 2583 3637 2629 tantum

2050 2670 2117 2722 ab
2143 2669 2283 2723 illius
2308 2669 2499 2722 virtute
2527 2669 2717 2722 remoti
2738 2678 2879 2734 sunt,
2911 2682 3019 2722 non
3047 2667 3315 2738 angelum,
3343 2667 3436 2722 sed
3464 2666 3638 2736 ipsum

2052 2761 2356 2829 angelorum
2381 2759 2664 2814 Dominum
2690 2759 2897 2813 curiose
2931 2766 3269 2822 scrutantur;
3302 2759 3390 2813 ille
3424 2758 3640 2812 leonum

2056 2849 2378 2906 ferocitatem
2420 2848 2674 2915 edomuit,
2728 2863 2825 2902 nos
2853 2863 2919 2903 ne
2962 2849 3146 2917 vulpes
3175 2846 3386 2916 quidem
3427 2846 3641 2902 vincere

2058 2957 2371 3015 possumus;
2421 2941 2507 2995 ille
2547 2940 2831 2995 draconem
2862 2939 3093 2995 medium
3124 2939 3369 3009 disrupit,
3407 2937 3642 3008 fera:tu

2059 3041 2296 3088 naturam
2343 3032 2612 3102 superavit
2648 3045 2743 3085 sua
2787 3030 2839 3085 in
2886 3030 3049 3084 Deum
3095 3028 3282 3084 ﬁducia
3323 3029 3503 3094 fultus,
3541 3042 3643 3083 nos

2059 3124 2411 3181 minutissima
2454 3137 2664 3195 quoque
2691 3123 2897 3193 reptilia
2933 3121 3312 3183 formidamus;
3345 3120 3433 3175 ille
3461 3134 3641 3192 regem

2060 3218 2228 3272 instar
2269 3215 2436 3269 leonis
2483 3215 2765 3279 furentem,
2816 3213 3054 3282 iramque
3108 3210 3646 3267 Nabuchodonosor-is

2060 3307 2206 3361 omni
2257 3305 2466 3360 flamma
2500 3303 2953 3359 vehementiorem
2993 3303 3047 3357 in
3088 3301 3343 3357 barbaros
3380 3300 3646 3356 exercitus

2063 3405 2301 3452 ruentem
2328 3436 2341 3460 ,
2396 3395 2655 3450 accedens
2706 3394 3036 3465 compressit,
3093 3403 3148 3449 et
3196 3392 3430 3449 tenebris
3475 3391 3646 3448 offusa

2064 3488 2240 3542 omnia
2270 3488 2567 3542 illustravit.

2137 3578 2303 3632 Multa
2333 3579 2630 3649 praecedenti
2658 3578 2894 3633 concione
2920 3577 3054 3632 dicta
3078 3578 3275 3650 repetit.
3295 3608 3366 3619 —
3396 3578 3646 3633 Attamen

2069 3670 2153 3724 hic
2177 3670 2263 3740 qui
2294 3669 2465 3725 lucem
2496 3669 2746 3725 attulerat
2781 3669 3030 3739 angelum
3063 3669 3365 3725 venientem
3408 3669 3645 3737 intuitus,

2067 3762 2289 3832 caligine
2314 3762 2456 3831 gravi
2488 3763 2809 3830 interceptus
2833 3770 2930 3816 est.
2957 3762 3123 3828 Quam
3168 3760 3325 3832 igitur
3347 3763 3648 3817 excusatio-

2071 3870 2189 3909 nem
2220 3854 2444 3910 afl‘erent
2481 3854 2539 3920 ii,
2573 3854 2661 3924 qui
2688 3854 2893 3909 beatam
2924 3854 3065 3908 illam
3099 3853 3421 3922 perlustrare
3442 3858 3458 3887 ¹
3497 3864 3651 3911 natu-

2068 3961 2185 4001 ram
2235 3946 2531 4000 conantur?
2577 3944 2685 4000 Nos
2726 3959 2852 3999 vero
2912 3960 3018 3999 non
3063 3943 3153 4001 hic
3199 3945 3358 4000 ﬁnem
3400 3944 3650 4015 loquendi

2070 4037 2323 4103 fecimus,
2377 4038 2470 4093 sed
2517 4037 2584 4091 ad
2627 4036 2891 4107 sapientes
2936 4037 3055 4092 illas
3100 4037 3321 4092 virtutes
3357 4037 3651 4092 orationem

2075 4131 2458 4197 transtulimus,
2520 4130 2704 4185 oculos
2758 4144 2940 4184 earum
3011 4144 3231 4186 aversos
3296 4129 3651 4193 ostendimus,

2072 4222 2321 4277 obtensas
2342 4221 2472 4284 alas,
2500 4229 2679 4276 erecta
2698 4234 2874 4285 crura,
2916 4220 3204 4276 clamorem
3232 4228 3566 4289 perpetuum,
3598 4229 3652 4275 et

2073 4311 2338 4384 quomodo
2366 4311 2468 4366 illae
2497 4311 2824 4381 incorporeas
2843 4308 3073 4365 virtutes
3095 4316 3320 4380 stupore
3339 4318 3392 4365 et
3415 4309 3652 4364 admira-

2077 4407 2218 4462 tione
2248 4405 2388 4476 capti
2420 4403 2581 4458 animi
2612 4403 2758 4474 signa
2793 4403 3062 4471 praebeant
3105 4420 3120 4457 :
3168 4410 3366 4472 quanto
3394 4402 3535 4456 enim
3563 4416 3655 4455 sa-

2077 4499 2384 4568 pientiores,
2418 4504 2617 4569 quanto
2645 4494 2798 4549 nobis
2834 4494 3237 4565 propinquiorcs
3259 4504 3380 4549 sunt
3405 4493 3659 4551 ineffabili

2078 4589 2151 4645 illi
2172 4589 2445 4659 beataeque
2465 4586 2794 4649 substantire,
2837 4592 2982 4639 tanto
3011 4585 3180 4654 magis
3200 4583 3658 4655 incomprehensi-

2077 4680 2332 4736 bilitatem
2363 4686 2558 4733 norunt
2584 4694 2596 4731 :
2621 4674 2924 4746 magnitudo
2940 4675 3135 4745 quippe
3161 4675 3431 4744 sapientiae
3455 4676 3663 4745 magni-

2079 4768 2314 4826 tudinem
2346 4768 2555 4838 pietatis
2599 4767 2780 4823 efficit.
2827 4765 3062 4820 Diximus
3090 4766 3241 4821 vobis
3266 4766 3391 4836 quid
3415 4767 3661 4821 inacces-

2079 4862 2231 4919 sibile
2256 4862 2345 4928 sit,
2371 4869 2425 4915 et
2447 4857 2591 4929 quod
2616 4856 2746 4914 illud
2772 4855 2937 4911 multo
2961 4855 3131 4927 majus
3154 4856 3224 4911 sit
3250 4856 3665 4927 incomprehen-

2080 4955 2218 5011 sibili
2268 4970 2282 5007 :
2331 4952 2482 5023 cujus
2537 4951 2616 5007 rei
2671 4965 2884 5007 causam
2930 4949 3240 5019 adjecimus,
3289 4950 3410 5020 quia
3460 4949 3666 5006 scilicet

2082 5045 2616 5118 incomprehensibile
2674 5053 2797 5117 post
2839 5059 3064 5101 examen
3128 5043 3670 5114 incomprehensibile

2082 5155 2202 5196 esse
2242 5137 2658 5210 deprehenditur
2687 5154 2701 5191 :
2745 5137 3108 5193 inaccessibile
3132 5151 3260 5192 vero
3287 5151 3510 5191 examen
3557 5152 3666 5192 non

2084 5232 2303 5301 patitur,
2333 5246 2395 5285 ac
2421 5245 2488 5285 ne
2509 5229 2724 5300 quidem
2750 5228 2981 5285 adeundi
3009 5228 3344 5299 principium,
3371 5228 3460 5284 ubi
3487 5238 3541 5283 et
3570 5244 3666 5297 pe-

2084 5321 2184 5391 lagi
2213 5322 2456 5391 exemplo
2484 5335 2616 5391 opus
2645 5320 2945 5376 habuimus.
2990 5319 3306 5376 Addidimus
3334 5335 3441 5376 non
3465 5319 3668 5376 dixisse

2086 5412 2325 5477 Paulum,
2356 5412 2521 5467 Deum
2555 5427 2674 5467 esse
2704 5411 2876 5466 lucem
2903 5410 3345 5476 inaccessibilem,
3385 5410 3479 5467 sed
3504 5412 3668 5466 tarem

2086 5506 2311 5560 habitare
2345 5504 2735 5559 inaccessibilem
2763 5518 2784 5559 :
2821 5502 2962 5574 quod
3001 5502 3045 5559 si
3070 5502 3258 5558 domus
3281 5502 3396 5573 ipsa
3421 5500 3492 5556 sit
3522 5500 3670 5556 inac-

2086 5596 2364 5661 ccssibilis,
2409 5595 2573 5649 multo
2602 5594 2769 5667 magis
2806 5595 2896 5665 qui
2921 5594 2973 5649 in
3000 5592 3087 5649 illa
3115 5591 3317 5648 habitat
3347 5590 3506 5647 Deus.
3545 5589 3669 5647 llaec

2152 5773 2169 5804 ί
2206 5769 2309 5832 alii,
2325 5767 2600 5833 explorare.
