4062 6166
268 317 371 375 72⁷

266 453 376 492 των
406 435 665 507 δεόμεθα,
698 434 792 498 οὓς
828 433 990 498 αύτδς
1015 434 1229 505 φθάσας
1278 435 1452 496 οὑτως
1483 435 1774 513 ἀγαπῆσαι
1826 453 1960 492 κατ-

264 525 531 594 ηξίωσας,
551 524 624 587 ώς
642 524 743 591 τὴν
768 522 947 594 ψυχὴν
974 524 1248 578 ἐπιδοῦναι
1264 523 1363 595 τὴν
1390 523 1619 578 σεαυτοῦ
1642 541 1656 554 ³
1677 524 1818 596 ὑπὲρ
1842 524 1960 579 τού-

266 629 376 667 των
418 612 693 682 ἐκχέομεν
724 610 827 674 τὰς
876 611 1184 684 ἱκετηρίας,
1218 613 1358 684 ὑπὲρ
1413 606 1490 666 ὧν
1529 611 1692 676 αὐτὸς
1721 612 1782 665 τὸ
1814 607 1956 685 αἷμα

258 700 490 773 ἐξέχεας
511 717 524 731 ⁸
560 701 701 773 ὑπὲρ
726 701 936 754 τούτων
984 700 1436 774 παρακαλοῦμεν,
1472 702 1613 773 ὑπὲρ
1655 696 1730 756 ὧν
1754 702 1815 756 τὸ
1844 703 1955 757 σῶ-

268 806 345 860 μα
371 789 535 842 τοῦτο
556 788 883 853 κατέθυσας.
920 789 1019 843 Διά
1059 790 1219 843 τοῦτο
1245 790 1339 843 καὶ
1366 791 1493 855 τοὺς
1522 791 1955 862 ἐνεργουμένους

267 879 386 932 κατ’
426 879 637 931 ἐκεῖνον
665 877 851 948 ἵστησι
889 877 983 930 τὸν
1029 878 1222 949 καιρὸν
1248 879 1277 930 6
1307 878 1574 944 διάκονος,
1609 879 1705 932 καὶ
1740 879 1952 934 κελεύει

267 967 444 1020 κλῖναι
471 966 572 1037 τὴν
606 965 851 1037 κεφαλὴν
900 966 1084 1037 μόνον,
1133 965 1224 1019 καὶ
1264 964 1344 1036 τῷ
1374 966 1615 1038 σχήματι
1641 967 1734 1021 τοῦ
1762 966 1951 1038 σώμα-

264 1071 355 1117 τος
393 1054 667 1107 ποιεῖσθαι
718 1054 817 1117 τὰς
876 1053 1191 1124 ἱκετηρίαςο
1238 1051 1496 1124 εὑχεσθαι
1542 1053 1653 1125 γὰρ
1706 1055 1948 1120 αὐτοὺςει

236 1141 408 1213 ..μετά
437 1139 535 1195 τοῦ
570 1140 753 1195 κοινοῦ
791 1141 1050 1209 συλλόγου
1090 1140 1199 1194 τῶν
1252 1140 1497 1211 ἀδελφῶν
1546 1143 1606 1195 οὑ
1637 1142 1814 1213 θέμις.
1852 1143 1951 1197 Διά

264 1230 421 1282 τοῦτο
460 1230 662 1293 αὐτοὺς
689 1229 925 1301 ἵστησιν,
967 1228 1053 1281 ἵνα
1082 1226 1236 1300 [471]
1262 1229 1601 1299 κατελεήσας
1626 1232 1830 1294 αὐτοὺς
1854 1234 1949 1287 καὶ

265 1316 361 1386 τῆς
379 1317 668 1386 συμφορᾶς
692 1316 904 1385 καὶτῆς
928 1315 1194 1383 ἀφωνίας,
1223 1318 1288 1386 τῇ
1311 1315 1486 1387 οἰκείᾳ
1515 1317 1797 1389 παρρησίᾳ
1815 1318 1949 1389 πρὸς

261 1403 360 1473 τὴν
403 1402 631 1455 ἐκείνων
667 1402 957 1474 ἀποχρήσῃ
994 1402 1357 1473 προστασίαν.
1411 1402 1575 1457 Ταῦτ’
1606 1400 1698 1457 οῦν
1729 1405 1947 1459 ἅπαντα

262 1488 573 1553 ἐννοοῦντες
630 1489 1017 1560 συντρέχωμεν
1077 1489 1221 1543 κατὰ
1272 1490 1370 1561 τὴν
1398 1490 1547 1562 ὥραν
1593 1492 1828 1565 ἐκείνην,
1862 1494 1947 1549 ἵνα

261 1575 701 1648 ἐπισπασώμεθα
736 1576 907 1645 ἔλεον,
942 1578 1033 1631 καὶ
1068 1577 1230 1649 χάριν
1267 1577 1519 1648 εῦρωμεν
1554 1580 1648 1634 καὶ
1692 1580 1945 1652 εὔκαιρον

326 1742 356 1774 ⁸
373 1741 471 1793 Alii
491 1743 668 1801 αὐτοῖς.

333 1879 567 1895 ..ι-ρ’

1301 318 1391 373 DE
1430 318 2134 377 INCOMPREHENSIBILI
2176 320 2285 376 DEI
2322 319 2631 378 NATURA.
2669 321 2762 379 IV.

3632 328 3737 386 718

2065 435 2340 507 βοήθειαν.
2379 436 2715 510 Ἐπῃνέσατε
2749 437 2817 491 τά
2845 412 3145 511 εἰρημένα·
3178 440 3317 511 μετά
3350 441 3545 496 πολλοῦ
3575 443 3739 515 θορύα

2024 523 2156 577 ηϐου
2208 522 2304 577 καὶ¹
2343 523 2538 595 κρότου
2587 525 2687 596 τὴν
2736 525 3060 597 παραίνεσιν
3106 527 3379 593 ἐδέξασθε.
3426 530 3565 583 Ἀλλ’
3586 532 3738 598 ὅπως

2060 612 2193 681 ἡμῖν
2226 610 2454 664 ἐπὶτῶν
2486 610 2664 684 ἔργων
2694 612 3040 687 ἐπιδείξησθε
3062 615 3188 681 τοὺς
3220 616 3502 683 ἐπαίνους,
3534 619 3597 672 οὑ
3628 636 3735 689 μα-

2057 696 2190 768 κρὸς
2225 699 2254 751 6
2287 697 2479 770 χρόνος
2506 698 2608 768 τῆς
2653 700 2986 767 ἀποδείξεως
3015 698 3112 774 τῆς
3143 703 3287 757 κατά
3311 704 3412 774 τὴν
3458 704 3730 778 ὑπακοήν.

2055 782 2212 836 Μετὰ
2237 784 2338 855 τὴν
2379 784 2704 855 παραίνεσιν
2732 786 2939 851 εὐθέως
2969 789 3124 860 εὐχή.
3167 790 3404 843 Ἐκεῖνον
3448 790 3597 862 ζητῶ
3642 789 3736 846 τὸν

2054 870 2298 936 ἔπαινον,
2340 872 2546 926 ἐκεῖνον
2586 872 2677 926 τὸν
2721 874 2915 946 κρότον
2952 875 3042 929 τὸν
3070 876 3160 930 διὰ
3185 876 3297 930 τῶν
3322 876 3499 948 ἔργων
3529 878 3733 934 αὑτῶν.

2053 957 2505 1029 Παρακελεύεσθε
2530 960 2711 1016 τοίνυν
2736 962 2989 1035 ἀλλήλοις
3021 965 3268 1033 ἑστάναι,
3297 966 3550 1039 καθάπερ
3574 968 3731 1039 ἐστή-

2052 1062 2219 1100 κατε·
2250 1045 2353 1100 κᾶν
2389 1047 2714 1120 διασαλευθῇ
2745 1067 2829 1113 τις
2865 1051 2964 1122 τῆς
3011 1052 3240 1119 τάξεως,
3293 1053 3555 1125 κατέχετε
3593 1056 3732 1127 μετά

2051 1133 2363 1205 ἀκριϐείας.
2400 1134 2488 1188 ἴνα
2513 1136 2605 1190 καὶ
2633 1136 2731 1207 τῆς
2758 1137 2967 1202 οἰκείας
2994 1141 3228 1211 σπουδῆς
3251 1141 3346 1194 καὶ
3369 1141 3471 1211 τῆς
3500 1144 3580 1206 είς
3604 1144 3731 1208 τοὺς

2051 1221 2312 1289 ἀδελφοὺς
2341 1221 2669 1293 κηδεμονίας
2695 1223 2916 1278 διπλοῦν
2958 1225 3216 1292 λαϐόντες
3238 1228 3330 1282 τὸν
3357 1229 3551 1300 μισθὸν
3590 1232 3730 1301 μετά

2052 1307 2298 1372 πλείονος
2326 1307 2426 1378 τῆς
2450 1309 2764 1382 παρρησίας
2795 1312 2893 1376 τὰς
2927 1312 3210 1385 ἱκετηρίας
3226 1316 3476 1386 ὲκχέητε,
3515 1319 3610 1371 καὶ
3638 1318 3729 1371 τὸν

2048 1394 2179 1447 Θεὸν
2230 1395 2358 1449 ἵλεω
2395 1398 2747 1468 ποιήσαντες,
2782 1400 2877 1453 καὶ
2923 1399 3033 1453 τῶν
3074 1401 3310 1456 ἐνταῦθα
3337 1403 3431 1458 καὶ
3464 1403 3573 1456 τῶν
3602 1405 3731 1474 μελ-

2046 1481 2245 1536 λόντων
2274 1482 2539 1555 δυνηθῆτε
2583 1487 2764 1555 τυχεῖν
2807 1485 3049 1556 ἀγαθῶν,
3085 1488 3267 1561 χάριτι
3297 1491 3393 1544 καὶ
3426 1489 3728 1562 φιλανθρω-

2047 1571 2147 1642 πίᾳ
2180 1569 2276 1624 τοῦ
2324 1572 2534 1643 Κυρίου
2564 1572 2723 1643 ήμῶν
2769 1573 2945 1644 Ἰησοῦ
2979 1574 3241 1643 Χριστοῦ,
3278 1575 3398 1647 μεθ’
3419 1570 3480 1630 οὗ
3510 1575 3587 1648 τῷ
3611 1578 3727 1631 Πα‹

2044 1659 2137 1728 τρὶ
2184 1660 2279 1712 σὺν
2317 1657 2396 1730 τῷ
2448 1659 2589 1731 ἀγίῳ
2624 1659 2900 1732 Πνεύματι
2935 1661 3122 1732 ήδόξα
3154 1663 3251 1716 καὶ
3296 1663 3358 1717 :6
3404 1663 3608 1735 κράτος
3642 1666 3727 1728 είς

2045 1743 2169 1806 τοὺς
2197 1744 2401 1807 αἰῶνας
2426 1745 2534 1797 τῶν
2559 1744 2788 1799 αἰώνων.
2828 1747 3031 1817 ’Δμήνκ

742 1985 1045 2103 ΤΟΥ
1100 1988 1595 2106 ΑΥΤΟΥ
1653 1992 2013 2105 ΠΕΡΙ
2069 1988 3243 2114 ΑΚΑΤΑΛΗΠΤΟΥ

1575 2194 1754 2248 ΠΡΟΣ
1784 2194 1962 2247 ΤΟΥΣ
2000 2190 2423 2247 ΑΝυΜΟἷΟΥΣ.

875 2424 1069 2493 Λόγος
1107 2425 1410 2494 τέταρτος.

328 2537 399 2586 α’.
433 2530 635 2601 Ἤρκει
671 2529 769 2599 μὲν
803 2525 897 2582 οὖν
925 2528 1174 2595 δείξαντα
1197 2529 1387 2601 πρώην
1414 2528 1716 2601 ἀνθρώποις
1738 2528 1941 2584 ἀκατά-

255 2619 462 2689 ληπτον
490 2617 622 2673 δντα
651 2616 742 2669 τὸν
765 2615 921 2681 Θεὸν,
948 2616 1028 2669 ἔτι
1054 2617 1111 2669 δὲ
1138 2617 1233 2670 καὶ¹
1260 2620 1372 2683 τοῖς
1394 2617 1692 2689 Χερουϐὶμ,
1714 2618 1941 2682 καὶτοῖς

257 2706 531 2777 Σεραφὶμ,
562 2704 908 2775 ἀπηλλάχθαι
939 2704 1301 2775 πραγμάτων,
1326 2705 1420 2758 καὶ
1444 2705 1609 2777 μηδὲν
1630 2706 1941 2777 περαιτέρω

258 2796 465 2848 κινεῖν
520 2792 639 2847 ἀλλ’
674 2793 862 2863 ἐπειδὴ
890 2791 1171 2862 προθυμία
1201 2792 1297 2845 καὶ
1348 2791 1553 2863 σπουδὴ
1587 2794 1736 2846 πᾶσα
1784 2794 1937 2862 ἡμῖν,

257 2883 378 2952 οὐχὶ
402 2880 513 2935 τῶν
542 2880 801 2935 ἐναντίων
831 2880 1148 2952 ἀπορράψαι
1192 2880 1262 2934 τά
1300 2879 1545 2950 στόματα
1588 2881 1771 2952 μόνον,
1798 2880 1936 2934 ἀλλά

260 2972 349 3025 καὶ
372 2969 472 3041 τὴν
499 2968 774 3041 ὑμετέραν
800 2968 1021 3038 ἀγάπην
1055 2969 1147 3021 ἐπὶ
1179 2967 1359 3021 πλεῖον
1384 2968 1623 3036 σοφίσαι,
1652 2967 1813 3022 πάλιν
1842 2968 1939 3039 τῆς

259 3058 429 3127 αὑτῆς
470 3056 781 3119 ὑποθέσεως
813 3055 1133 3126 ἁπτόμεθα.
1173 3055 1268 3109 καὶ
1302 3055 1615 3127 περαιτέρω
1643 3057 1735 3110 τὸν
1781 3056 1939 3123 λόγον

259 3148 599 3217 προάγομεν.
627 3145 692 3198 Ἦ
707 3144 817 3216 γάρ
840 3146 898 3197 ἐν
928 3143 1141 3207 τούτοις
1162 3143 1415 3215 διατριόὴ
1443 3145 1537 3197 καὶ
1565 3145 1709 3210 ὑμᾶς
1739 3144 1938 3197 εἰδέναι

260 3237 474 3307 ποιήσει
522 3233 767 3297 πλείονα,
816 3233 913 3287 καὶ
962 3235 1092 3305 ἡμῖν
1125 3232 1480 3303 λαμπρότερα
1530 3232 1821 3304 ἐργάσεται
1870 3233 1940 3286 τὰ

257 3323 577 3394 νικητήρια,
627 3322 676 3374 εί
711 3321 805 3375 καί
852 3338 904 3374 τι
934 3320 1189 3390 λείψανον
1232 3319 1618 3373 ὑπολέλειπται
1674 3319 1936 3374 ἐκκαθαί-

260 3426 450 3480 ρουσα.
497 3408 652 3463 Ἐπεὶ
680 3410 774 3462 καὶ
803 3407 900 3471 τάς
921 3408 1164 3478 πονηρὰς
1182 3407 1412 3477 βοτάνας
1439 3407 1541 3460 οὑκ
1572 3407 1776 3462 ἄνωθεν
1804 3409 1940 3461 ἀπο-

259 3498 470 3569 κείρειν
497 3496 605 3567 χρὴ
641 3496 801 3567 μόνον
851 3496 1035 3565 (πάλιν
1062 3495 1172 3566 γὰρ
1221 3494 1578 3566 βλαστάνουσι
1611 3495 1719 3548 τῶν
1770 3494 1939 3566 ριζῶν

258 3585 413 3639 κάτω
458 3583 790 3655 κειμένων),
824 3583 940 3637 ἀλλ’
972 3584 1030 3650 ἐξ
1079 3583 1260 3637 αὑτῶν
1287 3583 1395 3637 τῶν
1428 3583 1670 3653 λαγόνων
1702 3583 1802 3653 τῆς
1836 3584 1938 3653 γῆς

257 3669 497 3726 καὶτῶν
537 3668 751 3724 κόλπων
785 3670 1037 3740 ἀνασπᾷν
1083 3670 1178 3723 καὶ
1231 3669 1447 3740 γυμνὰς
1501 3669 1815 3741 προτιθέναι
1869 3672 1934 3741 τῇ

257 3758 440 3831 θέρμῃ
470 3756 572 3828 τῆς
626 3757 864 3821 ἀκτῖνος,
914 3755 1055 3810 ὥστε
1114 3755 1602 3836 καταμαρανθῖψαι
1639 3755 1837 3827 ῥᾳδίως
1886 3769 1934 3810 ει.

255 3846 398 3915 Φέρε
430 3840 526 3899 οὖν
551 3844 647 3898 ἐπὶ
666 3845 757 3899 τὸν
789 3844 1016 3915 οὐρανὸν
1041 3845 1184 3915 ὑμᾶς
1206 3843 1642 3914 ἐπαναγάγωμεν
1675 3842 1753 3913 τῷ
1790 3843 1937 3914 λόγῳ

256 3932 444 3998 πάλιν,
473 3931 597 4002 οὐχὶ
625 3931 1113 4002 περιεργαζόμενοι
1155 3931 1277 3985 ούδέ
1319 3930 1934 4001 πολυπραγμονοῦντες,

256 4020 397 4073 ἀλλά
432 4017 543 4073 τῶν
591 4018 695 4071 οὑκ
738 4018 1117 4088 ἐπισταμένων
1168 4018 1394 4082 ἑαυτοὺς
1432 4018 1555 4071 οὑδὲ
1593 4019 1937 4089 ἀνεχομένων

258 4107 465 4160 εἰδέναι
499 4105 674 4176 μέτρα
703 4104 916 4175 φύσεως
940 4105 1287 4177 ἀνθρωπίνης
1319 4104 1415 4176 τὴν
1448 4106 1677 4176 ἄκαιρον
1714 4106 1939 4174 φιλονει-

260 4194 388 4249 κίαν
428 4191 734 4247 καταλῦσαι
775 4192 1115 4256 σπεύδοντες.
1154 4193 1252 4246 Διά
1280 4192 1390 4261 γὰρ
1428 4192 1587 4245 τοῦτο
1617 4193 1682 4246 ἐκ
1734 4192 1935 4263 πολλῆς

259 4280 363 4350 τῆς
396 4279 717 4351 περιουσίας
753 4279 876 4350 οὑχὶ
913 4279 1049 4334 Θεοῦ
1084 4280 1406 4349 ἐπιφάνειαν
1447 4280 1630 4351 μόνον,
1667 4278 1804 4333 ἀλλὰ
1841 4283 1937 4334 καὶ

256 4368 511 4437 ἀγγέλων
567 4367 851 4439 ἐδείξαμεν
902 4368 1173 4439 ἀφόρητον
1226 4363 1393 4422 οὖσαν
1439 4367 1517 4439 τῷ
1574 4368 1768 4440 δικαίῳ
1812 4370 1935 4422 τότε

263 4455 488 4527 ἐκείνῳ,
532 4455 621 4508 ὅτε
663 4456 754 4508 καὶ¹
790 4455 892 4526 τὴν
935 4456 1175 4526 ἱστορίαν
1215 4456 1344 4525 ὑμῖν
1377 4457 1560 4510 πᾶσαν
1594 4457 1932 4527 ἀνέγνωμεν,

262 4546 356 4599 καὶ
388 4543 633 4614 συνεχῶς
661 4543 974 4614 ἐδείκνυμεν
995 4544 1085 4597 τὸν
1118 4544 1385 4614 μακάριον
1414 4543 1612 4615 Δανιὴλ
1627 4545 1934 4616 ὠχριῶντα,

262 4633 556 4704 τρέμοντα,
576 4631 683 4684 τῶν
708 4630 1203 4702 ψυχορραγούντων
1235 4631 1387 4684 οὐδὲν
1417 4630 1640 4702 ἄμεινον
1659 4632 1936 4703 διακείμε-

264 4736 374 4785 νον,
406 4718 509 4789 τῆς
532 4717 711 4788 ψυχῆς
738 4718 1104 4789 ἐπειγομένης
1134 4717 1444 4790 ἀπορρῆξαι
1478 4719 1569 4772 τὸν
1599 4722 1698 4790 τῆς
1733 4722 1935 4792 σαρκὸς

261 4807 481 4877 δεσμόν.
517 4805 789 4878 Καθάπερ
821 4806 931 4879 γάρ
965 4808 1263 4879 περιστερά
1286 4807 1576 4877 χειροήθης
1607 4808 1701 4861 καὶ
1729 4808 1935 4878 ἥμερος

265 4897 322 4950 ἐν
347 4895 580 4965 οἰκίσκῳ
605 4895 713 4948 :w‘:
737 4893 1111 4965 διατρίϐουσα,
1146 4896 1276 4950 ὅταν
1326 4895 1457 4949 ποτὲ
1502 4893 1760 4964 αἴσθηταί
1792 4914 1935 4956 τινος

264 4982 453 5052 φόόου,
487 4981 787 5055 πτοηθείσα
819 4980 968 5053 [472]
997 4986 1133 5054 πρὸς
1164 4982 1263 5054 τὴν
1295 4982 1498 5054 ὀροφὴν
1547 4982 1795 5043 ἵπταται,
1841 4984 1935 5036 καὶ

260 5069 349 5124 διά
395 5069 508 5125 τῶν
546 5069 779 5142 θυρίδων
811 5068 933 5123 τινὰ
986 5070 1164 5134 ἔξοδον
1212 5069 1496 5140 ἐπιζητεῖ,
1548 5070 1649 5139 τῆς
1694 5069 1933 5137 ἀγωνίας

261 5158 639 5229 ἀπαλλαγῆναι
677 5157 1011 5228 ἐπιζητοῦσα
1036 5158 1065 5197 b
1087 5175 1100 5187 ·
1145 5156 1288 5211 οὕτω
1324 5157 1388 5228 δὴ
1437 5156 1531 5209 καὶ
1575 5159 1608 5228 ή
1641 5156 1786 5227 ψυχὴ
1838 5157 1932 5210 τοῦ

264 5248 539 5314 μακαρίου
581 5244 704 5298 τότε
752 5244 961 5297 ἐκείνου
1011 5246 1076 5296 ἐκ
1124 5244 1218 5297 τοῦ
1266 5243 1517 5314 σώματος
1563 5245 1870 5313 ἀναπτῆναι
1906 5254 1927 5281 c

260 5332 620 5397 ισπευδε,καὶ
632 5331 765 5403 πρὸς
780 5332 849 5385 τὰ
874 5331 976 5398 ἐξω
1006 5331 1267 5386 πάντοθεν
1284 5330 1564 5401 ἠπείγετο,
1598 5332 1692 5383 καὶ
1710 5331 1930 5399 ἐξῆλθεν

323 5529 342 5595 '_
376 5531 531 5595 savil.
556 5532 616 5595 _iu
655 5544 809 5595 marg.
833 5531 1019 5595 et_duo
1051 5531 1159 5595 cod.
1189 5529 1374 5595 ῥᾳδίως.
1411 5527 1556 5595 Ἀλλά
1582 5528 1841 5595 προσέχετε
1863 5528 1933 5576 ὃτι

258 5592 374 5669 πρὸς
393 5594 475 5640 τὸν
520 5593 720 5665 οὐρανὸν
762 5590 1053 5656 ἐπανάγομεν
1074 5590 1199 5655 ὑμᾶς
1231 5590 1386 5639 πάλιν.
1422 5590 1514 5637 Καὶ
1535 5590 1677 5635 τοῦτο
1708 5590 1934 5651 ποιοῦμαι

261 5654 366 5755 οὐχὶ
386 5654 926 5723 περιεργαζόμξνοιβιο.

376 5716 407 5755 Δ
416 5716 429 5755 1
438 5718 469 5755 ii
500 5716 812 5755 ἐπιθυαυυσα-

371 5712 470 5789 alii
500 5712 849 5789 éjtiﬂvybﬁaa."
924 5777 975 5789 Μ
1264 5776 1277 5789 ,
1464 5774 1477 5789 ,
1519 5776 1571 5789 ρ,
1697 5769 1869 5789 ,μυξη

325 5779 349 5809 ⁸
379 5776 555 5837 Honjl.
581 5771 804 5837 σώματος
826 5777 1073 5833 ἀναϐῆναι,
1098 5776 1179 5837 alii
1214 5776 1435 5836 σώματος
1459 5774 1652 5837 ἐκϐῆναι
1693 5771 1927 5833 (Similia-

662 5835 933 5896 ἀναπτῆναι
959 5835 1263 5902 recepimus).
1296 5835 1425 5886 Iul“
1449 5837 1530 5886 alii
1553 5838 1578 5885 6
1602 5836 1795 5898 ἄγγελος
1811 5851 1928 5900 προ-

260 5915 344 5950 κατ
472 5917 559 5948 ων.

259 5915 559 5951 mmmam".

2051 2420 2119 2475 ἂν
2145 2421 2238 2510 καὶ
2268 2421 2487 2493 ἀπέπτη
2517 2424 2609 2477 καὶ
2638 2423 2699 2477 :6
2734 2425 2890 2497 σῶμα
2928 2426 3221 2482 κατέλιπεν
3265 2428 3492 2503 ἔρημον,
3548 2434 3598 2486 εί
3644 2436 3720 2510 μὴ

2041 2508 2249 2579 ταχέως
2263 2511 2291 2561 6
2306 2510 2534 2579 ἄγγελος
2549 2511 2835 2581 προλαϐὼν
2852 2514 3020 2586 αὑτὴν
3035 2515 3314 2587 ἀπήλλαξε
3335 2518 3437 2590 τῆς
3454 2508 3718 2591 ἀγωνίας,

2042 2594 2135 2647 καὶ
2173 2595 2311 2665 πρὸς
2336 2595 2398 2649 τὸ
2418 2599 2615 2652 οἰκεῖον
2655 2599 2815 2653 πάλιν
2861 2602 3180 2672 ἐπανήγαγε
3216 2605 3580 2675 καταγώγιον.
3620 2611 3721 2665 Διά

2039 2681 2197 2735 τοῦτο
2218 2682 2275 2735 δὲ
2300 2682 2473 2736 ταῦτα
2500 2683 2759 2755 ἐλέγομεν
2788 2686 2931 2751 τότε,
2962 2687 3049 2741 ἵνα
3082 2689 3368 2759 μαθόντες,
3396 2693 3520 2747 ὅσον
3548 2695 3719 2764 ἀγγε-

2040 2768 2131 2831 λος
2150 2768 2440 2840 ἀνθρώπου
2456 2769 2723 2840 διαφέρει,
2740 2773 2835 2826 καὶ
2862 2775 2919 2827 ἐν
2944 2777 3012 2846 τῇ
3043 2776 3137 2828 τοῦ
3161 2777 3449 2832 συνδούλου
3472 2781 3716 2855 ὑπεροχῇ

2044 2856 2527 2926 σωφρονισθέντες,
2560 2858 2659 2930 τῆς
2694 2862 2836 2916 κατά
2861 2860 2953 2914 τοῦ
2987 2863 3262 2919 Δεσπότου
3303 2868 3499 2939 μανίας
3539 2871 3717 2925 ἀπαλ-

2040 2943 2302 3011 λαγῶσιν.
2336 2944 2396 2997 Ὀ
2427 2944 2635 3010 δίκαιος
2672 2947 2901 3016 ἄγγελον
2932 2949 3059 3003 ἰδεῖν
3087 2952 3189 3005 οὑκ
3220 2953 3472 3024 ἤνεγκεν,
3517 2958 3546 3009 6
3577 2962 3715 3028 παρ-

2042 3028 2237 3100 ρησίαν
2263 3029 2532 3101 τοσαύτην
2566 3031 2726 3103 ἔχων,
2784 3035 2877 3087 καὶ
2929 3036 2978 3087 οἱ
3033 3037 3289 3092 τοσοῦτον
3340 3041 3717 3113 ἀφεστηκότες

2040 3116 2207 3169 αὑτοῦ
2258 3117 2356 3188 τῆς
2388 3117 2609 3189 ἀρετῆς,
2668 3120 2788 3190 ούχὶ
2840 3121 3093 3189 ἄγγελον,
3146 3125 3262 3179 ἀλλ’
3289 3128 3454 3182 αὑτὸν
3488 3130 3580 3183 τὸν
3606 3131 3716 3186 τῶν

2039 3203 2287 3271 ἀγγέλων
2333 3206 2610 3275 Δεσπότην
2658 3208 3130 3280 περιεργάζονται.
3196 3213 3432 3279 Ἐκεῖνος
3486 3215 3715 3272 λεόντων

2040 3289 2210 3361 θυμὸν
2246 3290 2517 3361 ἐδάμασεν
2539 3295 2734 3364 ’ἡμεῖς
2759 3294 2817 3348 δὲ
2844 3296 2967 3349 οὑδὲ
2992 3296 3296 3352 ἀλωπέκων
3327 3303 3713 3372 περιγενέσθαι

2038 3376 2342 3448 δυνάμεθα·
2373 3380 2582 3444 ἐκεῖνος
2606 3381 2876 3452 δράκοντα
2906 3382 3069 3454 μέσον
3090 3383 3309 3457 ἔρρηξε,
3346 3389 3442 3442 καὶ
3483 3391 3585 3461 τῆς
3618 3393 3713 3445 τοῦ

2040 3461 2230 3534 θηρίου
2256 3464 2472 3533 φύσεως
2503 3467 2778 3540 ἐκράτησε
2801 3469 2891 3523 διὰ
2908 3472 3007 3541 τῆς
3039 3472 3176 3543 πρὸς
3208 3473 3298 3526 τὸν
3331 3473 3464 3529 Θεὸν
3490 3480 3714 3549 παρρη-

2041 3550 2162 3613 σίας
2183 3565 2195 3578 ·
2225 3551 2387 3621 ἡμεῖς
2405 3551 2463 3604 δὲ
2494 3554 2590 3606 καὶ
2617 3553 2688 3607 τά
2732 3554 2863 3623 ψιλά
2896 3557 3101 3629 ἑρπετά
3125 3558 3473 3632 δεδοίκαμεν*
3507 3564 3715 3630 ἐκεῖνος

2041 3636 2263 3707 βασιλέα
2317 3638 2657 3710 θυμούμενον
2685 3641 2937 3715 καθάπερ
2972 3643 3162 3700 λέοντα
3208 3646 3427 3719 ἔστησε,
3478 3650 3575 3704 καὶ
3611 3651 3712 3723 τὴν

2038 3723 2131 3776 τοῦ
2163 3724 2631 3799 Ναϐουχοδονόσορ
2658 3728 2827 3799 ὀργήν
2857 3731 3056 3800 φλογὸς
3099 3733 3321 3806 ἀπάσης
3354 3737 3714 3810 σφοδρότερον

2039 3812 2132 3865 ἐπὶ
2159 3811 2226 3865 τά
2268 3812 2579 3885 βαρόαρικά
2602 3816 2943 3886 στρατόπεδα
2972 3821 3283 3893 φερομένην
3321 3824 3487 3895 μέσος
3518 3826 3713 3895 φανεὶς

2037 3898 2332 3964 ἀνέστειλε,
2379 3902 2565 3956 καὶτὰ
2600 3905 2968 3977 ἐσκοτισμένα
3000 3908 3180 3961 πάντα
3207 3908 3498 3979 ἐφώτισεν.

2109 3988 2249 4040 Ἀλλ’
2266 3982 2420 4052 οὗτος
2446 3991 2476 4043 6
2497 3990 2738 4059 φωτίσας
2767 3993 2997 4060 ἄγγελον
3031 3994 3255 4048 ἐλθόντα
3293 3998 3418 4050 ίδὼν
3442 3999 3580 4069 πρὸς
3607 4001 3712 4057 αὑ-

2036 4074 2147 4135 τὸν,
2197 4076 2498 4147 σκοτοδινία
2548 4078 2831 4149 κατείχετο
2862 4079 3095 4153 χαλεπῇ.
3157 4083 3292 4136 Τίνα
3344 4081 3438 4138 οὗν
3490 4086 3708 4154 ἕξουσιν

2037 4161 2336 4229 ἀπολογίαν
2385 4165 2433 4214 οἱ
2484 4162 2585 4233 τὴν
2621 4166 2896 4236 μακαρίαν
2922 4168 3140 4239 ἐκείνην
3187 4168 3349 4237 φύσιν
3382 4173 3713 4243 ὲμῦατεύειν

2036 4246 2441 4318 ἐπιχειροῦντες
2474 4248 2535 4315 d;
2597 4251 2788 4321 Ἡμεῖς
2847 4252 2903 4306 δὲ
2950 4253 3073 4307 οὐδὲ
3124 4255 3358 4310 ἐνταῦθα
3412 4259 3507 4311 τὸν
3552 4260 3709 4330 λόγον

2037 4334 2348 4406 ἐστήσαμεν
2382 4337 2525 4399 τότε,
2575 4337 2712 4391 ἀλλά
2741 4339 2837 4392 καὶ
2869 4340 2964 4393 ἐπὶ
3000 4340 3099 4404 τὰς
3149 4343 3321 4412 σοφάς
3362 4346 3581 4411 ἐκείνας
3614 4349 3710 4400 ἀν-

2034 4423 2315 4492 ηγάγομεν
2329 4423 2588 4494 δυνάμεις
2603 4425 2702 4497 τὴν
2719 4427 2969 4498 διήγησιν
2990 4445 3003 4459 ο
3027 4428 3307 4502 ἐδείξαμεν
3328 4432 3426 4503 τὴν
3448 4434 3707 4507 ἀποστρο-

2038 4509 2142 4578 φὴν
2174 4509 2283 4562 τῶν
2311 4510 2625 4582 ὀφθαλμῶν,
2657 4512 2756 4584 τὴν
2792 4514 3064 4587 προϐολήν
3099 4516 3208 4570 τῶν
3255 4519 3566 4593 πτερύγων,
3607 4523 3707 4593 τήν

2036 4595 2300 4668 ὀρθότητα
2329 4596 2437 4651 τῶν
2472 4598 2702 4664 σκελῶν,
2737 4601 2836 4671 τὴν
2869 4600 2997 4671 βοὴν
3047 4605 3147 4675 τὴν
3197 4605 3442 4678 διηνεκῆ,
3490 4609 3584 4662 καὶ
3626 4610 3708 4662 6::

2034 4684 2123 4737 διὰ
2144 4683 2360 4738 πάντων
2375 4686 2474 4757 τὴν
2500 4686 2759 4757 ἔκπληξιν
2784 4689 2876 4741 καὶ
2895 4688 2954 4742 :6
2975 4689 3183 4761 θάμόος
3197 4693 3552 4763 ἐμφαίνουσιν
3575 4697 3708 4766 ἡμῖν

2036 4772 2091 4823 αί
2122 4770 2401 4842 ἀσώματοι
2421 4773 2678 4844 δυνάμεις
2705 4775 2942 4829 ἐκεῖναι·
2967 4778 3078 4849 ὅσῳ
3104 4780 3213 4846 γάρ
3235 4780 3341 4832 εἰσι
3360 4781 3559 4849 σοφαὶ,
3592 4783 3704 4853 ὅσῳ

2033 4858 2190 4928 ἡμῶν
2235 4858 2526 4931 ἐγγύτεραί
2558 4863 2663 4914 είσι
2705 4865 2771 4933 τῇ
2815 4864 3041 4935 ἀρρήτῳ
3092 4866 3186 4918 καὶ
3246 4866 3491 4939 μακαρία
3546 4869 3701 4940 οὐσίᾳ

2038 4946 2245 5019 ἐκείνῃ,
2298 4947 2537 5018 τοσούτῳ
2592 4948 2793 5019 μᾶλλον
2825 4951 2980 5021 ἡμῶν
3007 4951 3068 5004 :6
3100 4952 3484 5024 ἀκατάληπτον
3506 4955 3701 5010 ἴσασιν,

2050 5030 2116 5086 Ἦ
2140 5033 2248 5104 γὰρ
2287 5033 2537 5098 ἐπίτασις
2562 5035 2662 5105 τῆς
2713 5037 2903 5107 σοφίας
2938 5039 3190 5092 ἐπίτασιν
3225 5044 3369 5093 ποιεῖ
3391 5041 3701 5107 εὑλαὸείας.

2042 5120 2282 5190 Εἴπομεν
2311 5122 2440 5192 ὑμῖν
2467 5123 2520 5174 τί
2554 5122 2682 5176 ποτέ
2731 5128 2848 5177 ἐστι
2880 5125 2941 5178 :6
2964 5126 3279 5196 ἀπρόσιτον,
3330 5128 3425 5181 καὶ
3468 5128 3551 5181 6::
3606 5130 3702 5183 τοῦ

2039 5208 2424 5277 ἀκαταλήπτου
2453 5209 2633 5279 πολλῷ
2691 5209 2875 5280 μεῖζόν
2905 5213 3041 5273 ἐστι.
3073 5214 3169 5266 καὶ
3195 5215 3296 5284 τὴν
3324 5214 3504 5269 αἰτίαν
3537 5232 3703 5287 προσο

2036 5294 2336 5365 εθήκαμεν,
2359 5297 2443 5346 ὅτι
2476 5296 2536 5347 :6
2567 5296 2665 5365 μὲν
2693 5297 3077 5367 ἀκατάληπτον
3102 5301 3240 5368 μετά
3259 5300 3321 5352 :6
3352 5301 3705 5373 ἐρευνηθῆναι

2036 5381 2420 5450 ἀκατάληπτον
2472 5382 2743 5449 φαίνεται,
2772 5383 2835 5435 τὸ
2876 5384 2933 5436 δὲ
2989 5385 3282 5454 ἀπρόσιτον
3319 5387 3441 5441 οὑδέ
3478 5387 3707 5462 ἐρεύνης

2036 5467 2321 5536 ἀνέχεται,
2372 5467 2492 5519 οὑδὲ
2539 5468 2801 5537 προσόδου
2830 5470 2968 5540 οτὴν
2994 5470 3188 5541 ἀρχὴν,
3231 5472 3321 5524 ὅτε
3350 5474 3445 5527 καὶ
3472 5475 3569 5543 τῆς
3606 5476 3704 5529 τοῦ

2039 5554 2304 5622 πελάγους
2329 5554 2534 5617 εἰκόνος
2569 5555 2890 5627 ἐδεήθημεν.
2917 5557 3157 5628 Εἴπομεν
3184 5559 3266 5612 6::
3285 5560 3386 5613 οὑκ
3411 5555 3553 5624 εἷπε,
3588 5562 3707 5632 φῶς

2034 5642 2111 5696 ὢν
2150 5643 2464 5714 ἀπρόσιτον,
2516 5642 2652 5697 ἀλλά
2682 5644 2811 5711 Φῶς
2854 5644 3035 5700 οὶκῶν
3076 5648 3444 5717 ἀπρόσιτονο
3494 5651 3540 5701 εἰ
3587 5649 3646 5703 δὲ
3673 5650 3702 5698 ο

2033 5730 2181 5796 οἶκος
2211 5732 2505 5804 ἀπρόσιτος
2539 5732 2719 5805 πολλῷ
2767 5734 2967 5806 μᾶλλον
2997 5736 3025 5789 6
3061 5736 3286 5791 ἐνοικῶν
3328 5736 3482 5801 Θεός.
3517 5736 3705 5791 Ταῦτα

2099 5834 2124 5875 δ
2149 5836 2248 5903 A'ii
2281 5835 2424 5903 φρενί
2443 5838 2664 5903 ἐξετάζειν
2685 5839 2809 5903 ἐπνι-

2108 5911 2131 5938 ο
2157 5897 2252 5947 Alii
2275 5900 2381 5947 οὐδὲ
2408 5900 2593 5962 ἐφόδου.
2619 5897 2812 5949 Ειίιιιιιὶι
2840 5901 2998 5951 fuerat
3021 5900 3245 5965 προόδου.
3268 5898 3425 5959 Eum.
