4062 6166
377 367 481 423 τεο

376 486 433 541 δέ
465 485 649 554 ἔλεγεν
679 483 706 537 6
744 483 977 548 Παῦλος,
1009 483 1109 553 οὐχ
1143 483 1229 535 ἵνα
1248 480 1397 551 τόπῳ
1426 479 1740 551 περιγράψει
1761 478 1853 533 τὸν
1880 477 2033 544 Θεδν,

376 574 493 630 ἀλλ’
520 575 604 627 ἵνα
634 574 697 626 ἐκ
732 569 927 625 πολλοῦ
968 569 1060 622 τοῦ
1093 569 1373 639 περιόντος
1394 568 1455 621 τὺ
1485 567 1841 638 ἁπερινόητον
1871 563 2035 619 αὐτοῦ

377 663 472 716 καὶ
504 661 562 715 τὸ
597 659 887 730 ἀπρόσιτον
925 657 1275 728 καταλάμψῃ.
1313 655 1717 727 Παρηγάγομεν
1740 666 1765 694 α
1802 654 1893 705 καὶ
1920 652 2037 705 ἐτέ-

380 767 479 822 ρας
520 748 797 818 δυνάμεις,
833 746 903 799 τὰ
929 744 1230 816 Χερουϐὶμ,
1256 743 1351 797 καὶ
1384 742 1664 813 ἐδείξαμεν
1698 741 1814 804 πῶς
1853 740 2039 793 ἐπάνω

375 836 557 891 αὐτῶν
593 834 899 907 στερέωμα,
930 833 1044 895 πῶς
1068 832 1207 895 λίθος
1245 830 1603 903 κρυστάλλου,
1638 830 1754 893 πῶς
1787 830 2039 900 ὁμοίωμα

376 922 586 994 θρόνου,
607 924 700 976 καὶ
726 918 862 985 εἶδος
888 918 1197 990 ἀνθρώπου,
1234 919 1327 971 καὶ
1348 918 1634 989 ἤλεκτρον,
1669 918 1764 971 καὶ
1787 917 1920 987 πῦρ,
1944 916 2037 969 καὶ

372 1010 549 1074 τόξον,
582 1010 676 1062 καὶ
694 1008 831 1079 μετά
865 1008 1040 1062 πάντα
1069 1005 1252 1060 ἐκεῖνά
1270 1023 1445 1075 ,φησιν
1476 1008 1504 1059 ὁ
1530 1006 1814 1075 προφήτης
1833 1020 1847 1037 ⁸
1872 1001 2035 1071 Αὐτὴ

373 1096 412 1165 ἡ
438 1096 645 1166 ὅρασις
670 1094 1031 1164 ὀμοιώματος
1051 1092 1236 1160 δόξης
1261 1093 1502 1160 Κυρίου,
1552 1092 1647 1144 καὶ
1690 1091 1778 1144 διὰ
1821 1091 2035 1144 πάντων

372 1184 577 1237 τούτων
609 1183 921 1253 ἐδείκνυμεν
952 1182 1078 1251 ὑμῖν
1101 1180 1193 1233 τοῦ
1212 1181 1345 1233 Θεοῦ
1374 1179 1471 1251 τὴν
1501 1179 1924 1247 συγκατάϐασιν,
1943 1180 2037 1231 καὶ

371 1272 574 1341 ταύτην
600 1270 769 1339 αὐτὴν
807 1269 1075 1339 ἀφόρητον
1107 1264 1271 1321 οὖσαν
1305 1267 1398 1320 καὶ
1428 1271 1547 1331 ταῖς
1575 1269 1686 1322 ἀνω
1721 1267 2033 1336 δυνάμεσιν.

436 1352 690 1432 [HM-3'.
722 1358 833 1426 Οὐχ
868 1355 1051 1419 ἁπλῶς
1080 1356 1136 1409 δέ
1169 1355 1341 1409 ταῦτα
1369 1354 1901 1425 ἀνακεφαλαιοῦμαι·
1924 1353 2036 1408 ἀλλ’

371 1448 557 1519 ἐπειδὴ
586 1447 745 1517 χρέος
774 1446 903 1515 ὑμῖν
927 1443 1123 1513 ὀφείλω
1148 1444 1246 1514 τῆς
1275 1443 1619 1513 ὑποσχέσεως
1655 1443 1885 1512 ἐκείνης,
1922 1441 2039 1513 βού-

371 1535 535 1606 λομαι
570 1533 757 1604 μαθεῖν
796 1530 934 1602 μετά
966 1530 1266 1601 ἀκριϐείας,
1300 1530 1352 1582 τί
1398 1530 1495 1599 μὲν
1534 1529 1852 1590 κατέϐαλον,
1889 1530 1941 1582 τί
1980 1530 2036 1582 δὲ

372 1625 775 1681 ὑπολέλειπται.
834 1620 990 1675 Οὕτω
1035 1623 1130 1674 καὶ
1174 1623 1222 1674 οί
1257 1622 1326 1674 τὰ
1365 1622 1697 1692 δανείσματα
1734 1622 2037 1690 ὀφείλοντες

372 1712 606 1784 ποιοῦσι,
636 1712 697 1764 τὸ
730 1711 1110 1781 γραμματεῖον
1161 1712 1220 1772 ἐς
1262 1711 1423 1780 μέσον
1469 1711 1791 1778 ἀγαγόντες,
1835 1709 1961 1763 ἔνθα
2009 1713 2037 1764 6

371 1801 528 1867 λόγος
557 1800 664 1861 πᾶς
692 1797 1087 1868 ἐγγέγραπται,
1112 1797 1206 1849 καὶ
1230 1798 1340 1859 τοῖς
1366 1796 1671 1859 δανεισταῖς
1688 1800 1801 1860 τοῖς
1829 1798 2036 1850 ἑαυτῶν

371 1884 756 1949 ἐπιδείξαντες,
789 1882 858 1935 τὰ
889 1882 1185 1953 λειπόμενα
1208 1882 1622 1938 καταϐάλλουσι.
1652 1885 1762 1937 Καὶ
1792 1884 1901 1952 ἐγὼ
1928 1885 2038 1937 τοί-

370 1989 466 2025 νυν
512 1971 763 2043 καθάπερ
808 1970 1009 2040 βιϐλίον
1038 1969 1351 2035 ἀναπτύξας
1399 1970 1495 2041 τὴν
1527 1972 1751 2041 μνήμην
1792 1972 1893 2041 τῆς
1923 1973 2040 2026 δια-

369 2061 517 2124 νοίας
543 2061 642 2130 τῆς
685 2060 974 2131 ὑμετέρας,
1016 2059 1204 2128 ὥσπερ
1237 2058 1485 2128 δακτύλῳ
1530 2060 1634 2112 τινὶ
1667 2059 1745 2129 τῷ
1786 2059 1929 2130 λόγῳ
1969 2061 2038 2114 τὰ

370 2147 779 2219 καταϐληθέντα
796 2146 1086 2211 ἐπιδείξας,
1106 2148 1200 2199 ἐπὶ⁵
1213 2148 1282 2200 τὰ
1296 2147 1589 2215 λειπόμενα
1607 2146 1897 2216 βαδιοῦμαι
1925 2148 2035 2199 λοι-

371 2230 672 2291 πόν.Ἰ’ίοῦν
686 2230 752 2303 ἦν
767 2234 828 2286 τὸ
855 2233 1344 2302 ὐπολελειμμένον;
1370 2232 1568 2296 Δεῖξαι,
1599 2232 1679 2285 ὅτι
1702 2232 1825 2285 οὐτε
1851 2235 2036 2304 ἀρχαὶ,

370 2321 496 2375 οὐτε
526 2322 783 2387 ἐξουσίαι,
810 2320 933 2373 οὐτε
964 2320 1303 2391 κυριότητες,
1324 2320 1446 2372 οὐτε
1474 2318 1528 2372 εί
1549 2337 1629 2383 τις
1653 2320 1815 2392 ἐτέρα
1845 2321 2037 2394 κτιστὴ

371 2408 601 2481 δύναμίς
634 2410 801 2473 ἐστιν,
842 2410 875 2478 ή
907 2408 1020 2477 ἔχει
1048 2405 1143 2459 τοῦ
1172 2406 1307 2459 Θεοῦ
1342 2406 1436 2477 τὴν
1464 2405 1669 2477 ἀκριϐῆ
1710 2407 2034 2479 κατάληψιν.

374 2497 495 2551 Εἰσὶ
522 2496 652 2567 γὰρ,
685 2496 791 2548 είσὶ
813 2494 907 2548 καὶ
935 2495 1117 2565 ἕτεραι
1147 2494 1424 2563 δυνάμεις,
1457 2488 1531 2547 ὧν
1563 2495 1683 2548 οὐδὲ
1706 2495 1774 2548 τὰ
1800 2496 2040 2566 ὀνόματα

374 2585 551 2654 ῑσμεν.
606 2584 923 2654 Ἐννοήσατε
973 2581 1071 2652 τὴν
1121 2582 1378 2636 ἀπόνοιαν
1422 2581 1531 2634 τῶν
1577 2583 1898 2652 αἱρετικῶνο
1931 2584 2038 2638 τῶν

372 2671 574 2724 δούλων
612 2670 731 2723 οὐδὲ
756 2669 826 2723 τά
850 2670 1095 2740 ὀνόματα
1124 2668 1303 2739 ἴσμεν,
1332 2672 1424 2722 καὶ
1452 2669 1544 2721 τοῦ
1571 2671 1838 2723 Δεσπότου
1872 2672 2039 2744 αὐτὴν

371 2758 470 2828 τὴν
503 2758 690 2811 οὐσίαν
720 2756 1192 2828 περιεργάζονται.
1229 2756 1348 2809 Em
1394 2756 1492 2826 μὲν
1525 2756 1631 2827 γάρ
1676 2757 1917 2825 ἄγγελοι,
1947 2760 2040 2812 καὶ

372 2841 723 2913 ἁρχάγγελοι,
755 2843 848 2895 καὶ
877 2842 1077 2914 θρόνοι,
1109 2843 1204 2896 καὶ
1235 2843 1573 2914 κυριότητες,
1605 2844 1699 2896 καὶ
1732 2845 1917 2915 ἀρχαὶ,
1944 2847 2039 2900 καὶ

373 2930 613 2995 ἐξουσίαι
637 2947 649 2959 ·
679 2930 792 2986 ἀλλ’
822 2929 918 3000 οὐχ
950 2922 1095 2983 οὗτοι
1125 2931 1275 3001 μόνοι
1302 2932 1350 2983 οἰ
1377 2932 1538 3002 δῆμοι
1564 2934 1622 2986 ἐν
1655 2935 1765 2996 τοῖς
1793 2934 2039 3005 οὐρανοῖς

373 3020 533 3083 εἰσιν,
563 3017 677 3071 ἀλλ’
711 3017 914 3089 ἄπειρα
938 3016 1062 3088 ἔθνη
1095 3017 1190 3071 καὶ
1219 3017 1359 3088 φῦλα
1404 3018 1679 3089 ἀμύθητα,
1713 3020 1856 3092 άπερ
1886 3022 2040 3091 λόγος

372 3105 546 3169 οὐδεὶς
594 3105 941 3176 παραστῆσαι
987 3104 1228 3161 δύναται.
1267 3107 1377 3160 Καὶ
1414 3106 1579 3159 πόθεν
1628 3107 1784 3179 δῆλον
1827 3110 1909 3165 ὅτι
1946 3112 2039 3164 καὶ

372 3193 577 3249 τούτων
600 3192 813 3257 πλείους
830 3193 935 3246 είσὶ
957 3193 1235 3263 δυνάμεις,
1257 3188 1331 3247 ὧν
1349 3194 1468 3247 οὐδὲ
1500 3194 1567 3248 τὰ
1589 3195 1826 3265 ὀνόματα
1851 3198 2036 3267 ἴσμεν;

386 3282 444 3335 Ὀ
474 3282 645 3335 ταῦτα
665 3283 902 3353 εἰρηκὼς
926 3281 1137 3345 Παῦλος
1158 3282 1251 3335 καὶ
1278 3281 1432 3335 τοῦτό
1457 3299 1622 3351 φησιν
1645 3283 1844 3336 οὑτωσὶ
1868 3284 2039 3353 λέγων
2080 3318 2099 3329 κ

372 3371 502 3440 περὶ
532 3370 626 3426 τοῦ
656 3369 921 3439 Χριστοῦ·
957 3368 1276 3423 Ἐκάθισεν
1306 3368 1492 3422 αὐτόν
1526 3370 1797 3437 ὑπεράνω
1837 3372 2041 3440 πάσης

356 3448 587 3525 ἀρχῆς,
611 3457 709 3511 καί
738 3456 1041 3521 ἐξουσίας,
1066 3456 1162 3509 καὶ
1186 3454 1513 3524 δυνάμεως,
1544 3458 1641 3510 καὶ
1661 3460 1887 3525 παντὸς
1911 3462 2042 3514 ὀνό-

369 3560 559 3613 ματος
588 3542 1041 3610 ὀνομαζομένου,
1076 3544 1148 3596 οὐ
1177 3546 1369 3611 μόνον
1403 3545 1473 3598 ἐν
1502 3544 1581 3610 τῷ
1618 3544 1785 3601 αἰῶνι
1831 3548 2038 3616 τούτῳ,

374 3630 535 3685 ἀλλὰ
566 3629 665 3683 καὶ
692 3630 760 3683 ὲν
788 3628 869 3694 τῷ
890 3630 1200 3697 μέλλοντι.
1244 3630 1459 3701 Ὁρᾶτε,
1488 3633 1568 3685 ὃτι
1601 3634 1725 3687 τινά
1755 3636 1902 3687 ἐστιν
1926 3636 2043 3688 ὀνό-

386 3735 531 3787 ματα
555 3720 671 3771 ἐκεῖ
697 3717 959 3787 μέλλοντα
982 3715 1234 3787 γνώριμα
1260 3718 1524 3785 γίνεσθαι,
1553 3721 1695 3791 άπερ
1729 3722 1900 3793 ἄδηλά
1925 3727 2043 3777 ἐστι

385 3804 511 3869 νῦν;
545 3804 643 3858 Διά
673 3803 830 3857 τοῦτο
859 3800 1031 3869 εἶπεν,
1064 3806 1137 3858 Οὐ
1167 3805 1324 3874 μόνον
1357 3808 1414 3859 ἐν
1437 3807 1516 3877 τῷ
1545 3808 1701 3862 αίῶνι
1722 3810 1896 3881 τούτῳ
1921 3814 2042 3866 ὀνο-

386 3892 689 3962 μαζόμενα,
717 3890 851 3944 ἀλλά
879 3893 972 3944 καὶ
1001 3893 1058 3944 ἐν
1083 3891 1160 3963 τῷ
1187 3892 1455 3963 μέλλοντι.
1490 3895 1600 3948 Καὶ
1623 3896 1676 3949 τί
1709 3896 2041 3968 θαυμαστὸν,

376 3979 428 4035 εί
457 3979 558 4048 τῆς
586 3979 772 4044 οὐσίας
794 3980 892 4051 τήν
927 3979 1129 4051 ἀκριϐῆ
1174 3981 1477 4053 κατάληψιν
1504 3983 1605 4036 οὐκ
1641 3983 1858 4055 ἐχουσι;
1887 3986 2045 4041 τοῦτο

376 4066 486 4138 γὰρ
518 4067 667 4122 οὐδὲν
710 4068 850 4139 μέγα
893 4067 1191 4133 ἀποδεῖξαι.
1230 4069 1350 4123 Τῶν
1379 4070 1487 4140 γάρ
1518 4072 1839 4143 οἰκονομιῶν
1878 4072 2043 4128 αὐτοῦ

377 4153 579 4218 πολλάς
606 4154 706 4211 οὐκ
732 4155 909 4208 ῐσασιν
934 4156 990 4208 αί
1018 4155 1131 4209 ἀνω
1158 4156 1414 4226 δυνάμεις
1439 4151 1617 4220 αὗται,
1643 4159 1700 4212 αἱ
1728 4160 1915 4230 ἀρχαὶ,
1950 4160 2044 4215 καὶ

378 4246 638 4311 ἐξουσίαι,
684 4248 779 4301 καὶ
818 4248 1153 4319 κυριότητες.
1206 4250 1317 4303 Καὶ
1353 4249 1510 4302 τοῦτο
1543 4250 1703 4303 πάλιν
1735 4251 1831 4304 ἀπ’
1866 4252 2046 4306 αὐτῶν

377 4336 485 4388 τῶν
514 4335 882 4388 άποστολικῶν
908 4335 1262 4406 ἀποδείξομεν
1294 4336 1575 4407 ῥημάτων,
1612 4340 1695 4391 ὅτι
1733 4340 2045 4411 οἰκονομίας

379 4421 541 4476 αὐτοῦ
570 4438 720 4485 τινας
745 4422 861 4492 μεθ’
892 4423 1047 4492 ἡμῶν
1075 4422 1296 4493 ἔμαθον,
1333 4424 1426 4477 καὶ
1466 4424 1571 4496 πρὸ
1599 4425 1755 4495 ἡμῶν
1782 4428 1883 4480 οὐκ
1922 4427 2046 4498 ⁴ᾖδε--

382 4526 480 4563 σαν
504 4524 518 4538 ·
555 4508 616 4561 οὐ
652 4508 812 4577 μόνον
836 4509 892 4561 δέ
920 4509 1037 4579 μεθ’
1066 4509 1221 4581 ήμῶν
1241 4509 1462 4581 ἔμαθον,
1495 4512 1632 4565 ἀλλά
1654 4514 1749 4566 καὶ
1770 4514 1837 4566 δι’
1862 4514 2042 4584 ἡμῶν,

391 4594 653 4662 Ἐτέραις
680 4593 789 4664 γὰρ
818 4596 1045 4663 γενεαῖς
1077 4598 1186 4650 οὐκ
1212 4597 1561 4666 ἐγνωρίσθη,
1608 4602 1792 4669 φησὶν,
1823 4601 1905 4666 ὡς
1928 4595 2046 4655 νῦν

378 4682 773 4750 ἀπεκαλύφθη
806 4681 929 4747 τοῖς
948 4683 1137 4751 ἀγίοις
1166 4683 1531 4750 ἀποστόλοις
1555 4686 1741 4739 αὐτοῦ
1769 4688 1867 4741 καὶ
1900 4705 2043 4755 προ-

380 4766 615 4836 φήταις,
647 4764 796 4821 εἶναι
831 4768 902 4822 τὰ
930 4769 1073 4837 ἔθνη
1120 4772 1582 4840 συγκληρόνομα
1622 4772 1720 4825 καὶ
1748 4775 2046 4844 σύσσωμα

378 4854 478 4909 καὶ
504 4855 851 4925 συμμέτοχιι
883 4856 992 4925 τῆς
1014 4857 1373 4927 ἐπαγγελίας
1398 4859 1583 4913 αὐτοῦ
1614 4860 1689 4931 (αἱ
1721 4861 1777 4914 δὲ
1810 4864 2045 4933 ἐπαγγε-

380 4942 488 4998 λίαι
520 4946 634 5007 τοῖς
686 4943 959 5007 Ἰουδαίοις
997 4940 1139 5015 ἦσαν
1170 4944 1471 5015 δεδομέναι)
1517 4946 1613 5002 διὰ
1637 4948 1743 5002 τοῦ
1781 4952 2043 5021 Εὐάγγε-

378 5037 538 5099 λίου,
568 5030 643 5090 οὗ
676 5034 972 5105 ἐγενόμην
995 5034 1110 5104 ἐγὼ
1145 5035 1385 5102 Παῦλος
1411 5035 1709 5103 διάκονος.
1742 5040 1852 5093 Καὶ
1883 5040 2045 5095 πόθεν

379 5121 538 5175 τοῦτο
554 5121 709 5193 δῆλον
724 5122 805 5175 ὅτι
828 5121 924 5176 νῦν
944 5120 1147 5193 ἔμαθον
1168 5122 1224 5174 αἱ
1241 5120 1351 5175 άνω
1371 5110 1655 5193 δυνάμεις;
1683 5123 1751 5177 τά
1770 5125 1878 5197 γὰρ
1904 5130 2048 5198 εἰρη-

383 5209 522 5277 μένα
549 5211 676 5281 περὶ
715 5209 1016 5283 ἀνθρώπων
1048 5208 1283 5280 εἴρηται.
1320 5210 1582 5264 ¹Ἀκουσον
1613 5207 1726 5267 οὐν.
1776 5214 1934 5281 Ἐμοὶ
1966 5213 2045 5280 τῷ

378 5296 828 5368 ἐλαχιστοτέρῳ,
873 5297 1026 5368 φησὶ,
1061 5295 1303 5349 πάντων
1333 5296 1516 5363 ἁγίων
1546 5296 1571 5336 b
1597 5296 1773 5365 ἐδόθη
1804 5299 1842 5365 η
1876 5300 2046 5368 χάρις

378 5382 550 5450 αὓτη,
585 5386 1084 5453 εὐαγγελίσασθαι
1105 5385 1174 5437 ἐν
1201 5383 1325 5449 τοῖς
1355 5383 1557 5437 ἔθνεσι
1578 5384 1686 5438 τὸν
1706 5385 1852 5450 ἀνεξ
1857 5404 1871 5437 ι
1878 5387 2044 5453 χνία-

378 5481 531 5520 στον
565 5468 832 5523 πλοῦτον
869 5469 975 5522 τοῦ
1009 5469 1285 5537 Χριστοῦ.
1322 5471 1387 5523 Τί
1419 5471 1564 5523 ἐστιν
1604 5470 2040 5541 ἀνεξιχνίαστον;

378 5553 471 5623 Μὴ
514 5554 813 5625 δυνάμενον
863 5555 1195 5627 ζητηθῆναι·
1241 5558 1300 5611 οὐ
1339 5559 1495 5624 μόνον
1533 5557 1589 5611 δὲ
1629 5559 1703 5630 μὴ
1748 5559 2043 5631 δυνάμενον

348 5636 685 5708 ιεύρεθῆναι,
714 5638 828 5691 ἀλλ’
856 5639 978 5691 οὐδέ
1020 5640 1419 5711 ἀνιχνευθῆναι.
1463 5642 1834 5698 ’Δκουέτωσαν
1879 5645 2043 5700 πάλιν

439 5763 464 5827 f‘
491 5760 715 5827 imi?“
736 5759 847 5827 53":
870 5760 1124 5827 ἐπράσιτογ
1137 5764 1438 5827 παραστήσῃ·
1464 5766 1828 5827 Πειρηγάγομεν·

439 5821 467 5890 Ρ
494 5821 644 5890 Savil.
671 5826 724 5870 et
752 5818 894 5872 mulli
916 5818 1030 5872 mss.
1054 5818 1240 5873 πάντων
1274 5818 1438 5890 ἀξίων,
1482 5818 1712 5878 Μόιέίλὲῑ
1730 5818 1832 5880 ‘alii
1852 5829 2041 5880 πάντων

379 5884 651 5957 ἀνθρώπων.
743 5929 754 5938 ,

1149 372 1206 420 δ.
1231 363 1514 421 ιοΑΝΝιε
1552 359 2038 419 CIIRYSOSTOMI

2149 359 2399 419 lClllEP.
2441 363 2573 421 CON
2583 364 2993 424 STANTINOP.

3710 375 3806 432 730

2147 476 2261 542 πῶς
2293 481 2473 534 πυκνὰ
2520 483 2612 536 καὶ
2637 483 2938 554 ρέπάλληλα
2988 482 3201 536 δίδωσιν
3241 484 3428 549 αὐτοῖς
3461 487 3528 540 τὰ
3567 487 3713 559 βέλη.
3744 494 3803 547 Εί

2146 563 2253 635 γὰρ
2294 567 2323 619 6
2366 567 2591 632 πλοῦτος
2630 569 3050 639 ἀνεξιχνίαστος,
3084 569 3199 633 πῶς
3228 571 3256 624 6
3292 569 3678 643 δωρησάμενος
3715 576 3802 629 τόν

2149 651 2374 706 πλοῦτον
2405 655 2505 707 οὐκ
2534 655 2928 726 ἀνεξιχνίαστος
2949 673 2963 722 ;
2986 658 3094 711 Καὶ
3122 658 3376 726 φωτίσαι
3408 659 3634 727 πάντας
3657 664 3741 729 τίς
3761 666 3799 734 ἡ

2146 741 2451 809 οἰκονομία
2473 741 2578 795 τοῦ
2606 745 2944 811 μυστηρίου
2974 745 3081 799 τοῦ
3104 746 3637 816 ἀποκεκρυμμένου
3661 750 3802 825 μη]

2111 851 2117 855 ~
2143 827 2215 880 ἐν
2241 827 2319 891 τῷ
2358 828 2499 892 Θεῷ,
2540 829 2639 882 ἵνα
2675 830 2972 899 γνωρισθῇ
2999 832 3115 885 νῦν
3142 832 3271 898 ταῖς
3307 834 3521 902 ἀρχαῖς
3549 836 3643 889 καί
3681 839 3804 905 ταῖς

2144 913 2453 981 ἐξουσίαις
2480 916 2575 970 διὰ
2606 916 2714 985 τῆς
2746 918 3109 987 Ἐκκλησίιις
3143 922 3181 989 η
3231 924 3669 991 πολυποίκιλος
3706 942 3806 981 σο-

2144 1002 2252 1069 φία
2289 1002 2395 1055 τοῦ
2431 1004 2598 1057 Θεοῦ.
2636 1006 2909 1069 Ἤκουσας
2955 1007 3072 1070 πῶς
3121 1007 3233 1074 νῦν,
3265 1009 3387 1079 οὐχὶ
3434 1011 3541 1083 πρὸ
3600 1015 3800 1080 τούτου,

2145 1091 2387 1159 ἔγνωσαν
2416 1095 2474 1146 αἱ
2509 1094 2766 1165 δυνάμεις
2812 1096 3015 1151 ἐκεῖναι
3048 1099 3256 1161 ταῦτας
3292 1102 3357 1151 Ἀ
3401 1102 3514 1171 γὰρ
3563 1102 3807 1172 βασιλεὺς

2147 1177 2477 1247 βουλεύεται,
2504 1183 2531 1233 6
2552 1181 2895 1254 ὑπασπιστὴς
2909 1185 3007 1237 οὐκ
3033 1185 3337 1239 ἐπίσταται.
3360 1189 3497 1241 Ἵνα
3518 1193 3809 1263 γνωρισθῇ

2144 1266 2262 1319 νῦν
2292 1267 2421 1333 ταῖς
2447 1269 2658 1336 ἀρχαῖς
2684 1271 2779 1323 καὶ
2803 1271 2927 1337 ταῖς
2952 1272 3280 1339 ἐξουσίαις,
3310 1274 3408 1327 διὰ
3430 1275 3543 1342 τῆς
3572 1279 3810 1348 Ἐκκλη-

2144 1354 2285 1420 σιάς
2317 1356 2353 1422 ἡ
2390 1358 2827 1423 πολυποίκιλος
2853 1361 3036 1427 σοφία
3066 1362 3171 1413 τοῦ
3195 1362 3362 1417 Θεοῦ.
3393 1364 3533 1435 Ὅρα
3562 1366 3661 1437 ὅση
3683 1369 3807 1441 τιμὴ

2148 1443 2281 1514 πρὸς
2313 1443 2410 1514 τὴν
2438 1445 2784 1515 ἀνθρωπίνην
2812 1447 3025 1514 ἐγένετο
3054 1448 3235 1517 φύσιν,
3264 1451 3345 1502 ὃτι
3385 1452 3480 1503 καὶ
3519 1454 3636 1522 μεθ’
3659 1457 3807 1526 ήμῶν

2145 1530 2239 1581 καὶ
2265 1529 2332 1581 δι’
2357 1530 2515 1600 ἡμῶν
2543 1533 2598 1583 αἱ
2629 1533 2741 1586 ἀνω
2763 1533 3020 1604 δυνάμεις
3051 1535 3291 1603 ἔγνωσαν
3319 1538 3387 1591 τὰ
3410 1541 3698 1613 ἀπόρρητα
3719 1546 3806 1598 τοῦ

2147 1615 2439 1685 βασιλέως·
2504 1619 2663 1673 Ἀλλά
2709 1621 2871 1674 πόθεν
2898 1622 3075 1692 δῆλον,
3126 1625 3206 1677 ὅτι
3254 1628 3386 1697 περὶ
3437 1630 3658 1682 ἐκείνων
3705 1634 3809 1684 τῶν

2146 1707 2480 1775 ἐπουρανίων
2504 1706 2651 1776 λέγει
2673 1727 2686 1774 ;
2711 1708 2815 1762 Καὶ
2842 1709 2951 1781 γὰρ
2976 1711 3151 1781 ἀρχάς
3181 1715 3274 1765 καὶ
3296 1713 3552 1778 ἐξουσίας
3576 1722 3667 1770 καὶ
3690 1722 3809 1785 τούς

2145 1792 2404 1878 δαίμονας
2433 1790 2540 1847 οἶδε
2573 1794 2758 1848 καλεῖν
2783 1797 2955 1865 λέγων
2982 1816 2994 1830 ⁸
3037 1802 3156 1853 Οὐκ
3184 1802 3359 1854 ἐστιν
3396 1803 3543 1871 ἡμῖν
3581 1808 3617 1873 ἡ
3651 1807 3808 1878 πάλη

2145 1880 2296 1946 πρὸς
2327 1876 2471 1949 αἷμα
2493 1881 2592 1934 καὶ
2638 1882 2854 1950 σάρκα,
2887 1885 3044 1939 ἀλλὰ
3085 1888 3236 1954 πρὸς
3280 1888 3391 1954 τὰς
3423 1892 3633 1959 ἀρχὰς,
3668 1876 3808 1961 πρὸς

2146 1967 2252 2032 τὰς
2278 1967 2587 2034 ἐξουσίας,
2634 1971 2783 2037 πρὸς
2811 1970 2954 2036 τοὺς
2999 1975 3492 2043 κοσμοκράτορας
3540 1981 3642 2033 τοῦ
3676 1984 3812 2034 σκό·

2145 2070 2287 2120 τους
2313 2054 2420 2109 τοῦ
2453 2055 2667 2123 αἰῶνος
2712 2060 2943 2113 τούτου.
2986 2055 3131 2131 Ἀρα
3179 2059 3271 2115 οῦν
3328 2064 3405 2135 μὴ
3456 2067 3550 2119 καὶ
3585 2069 3809 2123 ἐνταῦθα

2144 2140 2303 2194 τοῦτο
2343 2143 2489 2211 λέγει
2531 2145 2612 2197 ὅτι
2651 2146 2698 2198 οί
2727 2146 2979 2217 δαίμονες
3028 2150 3147 2202 τότε
3202 2150 3482 2219 ἔγνωσαν;
3532 2155 3806 2226 Οὐδαμῶς,

2146 2228 2281 2282 ἀλλὰ
2316 2231 2445 2300 περὶ
2478 2232 2701 2285 ἐκείνων
2729 2233 2836 2286 τῶν
2865 2235 2975 2288 ἄνω
3001 2235 3281 2306 δυνάμεων
3302 2256 3315 2269 ’
3357 2238 3530 2294 εἰπὼν
3575 2242 3681 2313 γάρ
3712 2244 3810 2309 τὰς

2145 2315 2334 2383 ἀρχὰς
2365 2317 2461 2369 καὶ
2499 2317 2608 2384 τὰς
2644 2319 2948 2387 ἐξουσίας,
2996 2323 3297 2393 ἐπήγαγεν,
3357 2327 3461 2380 Ἔν
3490 2329 3613 2393 τοῖς
3643 2331 3809 2383 ἐπου-

2137 2402 2390 2469 ρανίοις.
2439 2404 2673 2459 Ἐκείναι
2710 2408 2807 2475 μὲν
2842 2408 2953 2479 γὰρ
2986 2410 3043 2461 αἱ
3069 2411 3234 2480 ἀρχαὶ
3263 2414 3361 2465 καὶ
3392 2413 3629 2480 ἐξουσίαι
3655 2419 3807 2470 ἐπου-

2151 2489 2340 2560 ράνιοι,
2372 2483 2530 2544 αὗται
2561 2492 2617 2546 δὲ
2639 2496 2696 2546 αί
2725 2496 2889 2565 ἀρχαὶ
2917 2497 3010 2549 καὶ
3033 2496 3271 2561 ἐξουσίαι
3300 2501 3410 2553 ὐπὸ
3439 2502 3528 2554 τὸν
3556 2504 3771 2574 οὐρανόν
3789 2520 3802 2536 ⁸

2146 2575 2233 2629 διὰ
2263 2577 2420 2630 τοῦτο
2456 2580 2548 2633 καὶ
2580 2584 3024 2655 κοσμοκράτορας
3053 2586 3248 2649 αὐτοὺς
3281 2588 3462 2650 καλεῖ,
3502 2589 3709 2654 δεικνὺς
3731 2592 3806 2645 ὅτι

2147 2664 2345 2731 ἄϐατος
2369 2668 2550 2730 αὐτοῖς
2575 2669 2722 2722 ἐστιν
2744 2672 2771 2723 6
2799 2672 3044 2741 οὐρανός,
3074 2674 3167 2726 καὶ
3197 2675 3297 2746 τὴν
3323 2677 3612 2747 τυραννίδα
3638 2680 3804 2734 πᾶσαν

2148 2754 2204 2806 ἐν
2226 2753 2305 2824 τῷ
2340 2755 2567 2827 παρόντι
2588 2757 2776 2827 κόσμῳ
2809 2758 3207 2814 ἐπιδείκνυνται
3240 2763 3428 2833 μόνον.

2215 2908 2280 2970 γ’.
2313 2901 2466 2966 Εἶδες
2498 2903 2614 2966 πῶς
2643 2903 2737 2957 καὶ
2768 2905 2884 2976 μεθ’
2922 2907 3077 2978 ἡμῶν
3135 2909 3229 2962 καὶ
3271 2910 3343 2964 δι’
3374 2913 3533 2983 ἡμῶν
3575 2913 3803 2983 ἔγνωσαν

2144 2988 2348 3069 ταῦςιας
2388 2990 2525 3043 Ἀλλ’
2552 2992 2645 3045 ἐπὶ
2675 2992 2773 3061 τὴν
2811 2993 2904 3045 τοῦ
2937 2994 3130 3064 χρέους
3165 2995 3355 3051 λοιπὸν
3391 2999 3689 3071 καταϐολὴν
3720 3002 3803 3054 τὸν

2146 3074 2302 3144 λόγον
2346 3077 2659 3148 ἀγάγωμεν,
2699 3078 3004 3142 δεικνύντες
3041 3082 3119 3133 ὅτι
3167 3084 3265 3138 οὐκ
3309 3087 3492 3139 ἴσασιν
3523 3088 3680 3140 αὐτοῦ
3712 3088 3802 3158 τήν

2145 3163 2334 3217 οὐσίαν
2359 3163 2480 3218 οὐτε
2511 3166 2695 3236 ἀρχαὶ,
2731 3166 2852 3220 οὐτε
2887 3168 3141 3233 ἐξουσίαι.
3172 3171 3267 3234 Τίς
3301 3170 3397 3228 οὖν
3427 3175 3595 3230 ταῦτά
3617 3191 3799 3246 φησινς

2147 3251 2342 3303 Οὐκέτι
2378 3251 2607 3316 Παῦλος,
2650 3254 2833 3306 οὐκέτι
2870 3256 3118 3320 Ἡσαΐας,
3164 3259 3347 3314 οὐκέτι
3394 3261 3665 3333 Ἰεζεκιὴλ,
3699 3263 3799 3315 ἀλλ’

2147 3334 2332 3407 ἕτερον
2363 3337 2555 3403 σκεῦος
2587 3340 2760 3408 ἅγιον,
2802 3342 2962 3405 αὐτὸς
2989 3345 3017 3397 6
3055 3343 3155 3413 τῆς
3191 3346 3427 3419 βροντῆς
3456 3350 3589 3414 υίὸς,
3621 3351 3649 3402 6
3682 3350 3805 3416 ἀγα-

2149 3424 2319 3494 πητὸς
2348 3425 2441 3479 τοῦ
2484 3426 2720 3499 Χριστοῦ
2764 3431 3036 3504 Ἰωάννης,
3071 3437 3099 3487 6
3129 3435 3220 3488 ἐπὶ
3261 3436 3322 3488 τὸ
3370 3438 3559 3507 στῆθος
3599 3437 3806 3491 ἀνακλι-

2149 3513 2263 3575 θεὶς
2288 3514 2349 3566 τὸ
2381 3517 2723 3581 Δεσποτικὸν,
2752 3521 2846 3573 καὶ
2881 3520 2980 3584 τὰς
3024 3522 3173 3586 θείας
3216 3524 3412 3594 πηγὰς
3455 3525 3659 3578 ἐκεῖθεν
3683 3526 3807 3594 ἀρυ-

2152 3600 2399 3671 σάμενος,
2472 3604 2538 3656 Τί
2587 3601 2677 3659 οῦν
2731 3602 2885 3671 οὗτός
2939 3626 3100 3679 φησις
3152 3611 3302 3664 Θεὸν
3352 3612 3559 3678 οὐδεὶς
3605 3613 3806 3680 ἑώρακε

2147 3687 2402 3771 πώποτε.
2439 3691 2645 3754 Ὄντως
2675 3692 2903 3764 βροντῆς
2930 3696 3074 3758 υἱός·
3111 3697 3421 3765 σάλπιγγος
3446 3700 3552 3771 γάρ
3579 3699 3806 3769 λαμπρο-

2149 3768 2321 3846 τέραν
2366 3777 2544 3849 ἀφῆκε
2581 3781 2763 3850 φωνήν
2815 3782 3007 3851 ἱκανὴν
3054 3785 3418 3854 καταισχῦναι
3451 3789 3653 3850 πάντας
3691 3786 3805 3846 τούς

2152 3862 2605 3931 φιλονεικοῦντας.
2673 3867 2811 3919 Ἀλλ’
2869 3868 3067 3939 ἴδωμεν
3127 3872 3220 3924 καὶ
3269 3872 3330 3924 τὸ
3390 3873 3713 3944 ἀντικροῦον.
3745 3871 3805 3924 Τί

2150 3951 2350 4020 λέγεις,
2391 3954 2511 4007 εἰπέ
2560 3972 2671 4025 μοι,
2717 3956 2973 4028 Ἰωάννης
3011 3959 3160 4011 Θεὸν
3199 3960 3409 4027 οὐδεὶς
3444 3961 3656 4029 ἑώρακε
3694 3958 3801 4012 πώ-

2152 4052 2334 4103 ποτε;
2394 4039 2446 4093 τί
2496 4036 2589 4094 οὖν
2647 4042 2946 4113 ποιήσομεν
2990 4047 3101 4108 τοῖς
3160 4046 3475 4117 προφήταις
3535 4048 3799 4117 λέγουσιν,

2152 4127 2232 4181 ὅτι
2265 4121 2404 4182 εἶδον
2429 4127 2520 4180 τὸν
2559 4128 2729 4194 Θεόν;
2776 4130 2835 4183 '0
2868 4130 2965 4201 μὲν
3001 4133 3105 4204 γὰρ
3147 4135 3379 4200 Ἡσαΐας
3408 4137 3588 4207 φησὶν,
3639 4131 3801 4188 Εἶδον

2152 4216 2260 4269 τὸν
2306 4218 2527 4284 Κύριον
2591 4218 2934 4287 καθήμενον
2984 4220 3081 4273 ἐπὶ
3135 4223 3356 4289 θρόνου
3407 4224 3649 4292 ὑψηλοῦ
3709 4220 3799 4275 καί

2151 4303 2488 4372 ἐπηρμένου
2513 4321 2527 4336 ·
2584 4306 2612 4356 6
2643 4304 2699 4357 δὲ
2742 4305 2937 4376 Δανιὴλ
2981 4308 3161 4371 πάλιν,
3196 4306 3385 4363 Εἶδον
3423 4311 3534 4376 ἕως
3567 4308 3636 4366 οὗ
3674 4310 3796 4377 θρό-

2150 4407 2245 4444 νοι
2296 4391 2612 4457 ἐτέθησαν,
2674 4393 2775 4445 καὶ
2832 4396 2864 4446 ό
2909 4395 3171 4461 Παλαιὸς
3230 4396 3350 4450 τῶν
3401 4397 3632 4468 ἡμερῶν
3673 4397 3796 4449 ἑκά-

2152 4482 2329 4544 θητο·
2368 4479 2477 4532 Καὶ
2515 4481 2543 4532 6
2581 4478 2847 4548 Μιχαίας,
2898 4476 3081 4535 Εἶδον
3116 4486 3224 4536 τὸν
3260 4486 3483 4553 Κύριον
3527 4486 3630 4539 τὸν
3662 4484 3798 4537 Θεέν

2151 4566 2258 4620 τοῦ
2286 4566 2535 4634 Ἰσραὴλ
2581 4567 2920 4635 καθήμενον
2947 4569 3045 4623 ἐπὶ
3084 4570 3190 4624 τοῦ
3225 4573 3444 4638 θρόνου
3471 4573 3651 4627 αὐτοῦ
3675 4588 3687 4602 ·
3710 4572 3796 4623 καὶ

2152 4654 2337 4726 ἕτερος
2367 4655 2650 4725 προφήτης
2680 4654 2861 4720 πάλιν,
2893 4652 3074 4709 Εἶδον
3095 4657 3200 4710 τὸν
3228 4660 3450 4726 Κύριον
3471 4658 3689 4714 ἑστῶτα
3707 4658 3793 4711 ἐπί

2153 4742 2260 4795 τοῦ
2318 4742 2770 4808 θυσιαστηρίου,
2817 4742 2915 4796 καὶ
2953 4740 3084 4797 εἶπέ
3129 4761 3258 4812 μοι·
3300 4746 3572 4811 πάταξον
3603 4745 3695 4799 ἐπὶ
3734 4743 3791 4796 τὸ

2153 4827 2525 4896 ἱλαστήριον.
2571 4829 2680 4881 Καὶ
2714 4829 2914 4893 πολλὰς
2953 4830 3203 4894 τοιαύτας
3243 4831 3358 4886 ἔστι
3392 4834 3637 4901 συνάγειν
3664 4847 3792 4902 μαρι-

2152 4917 2363 4986 τυρίας.
2400 4916 2524 4979 Πῶς
2552 4914 2645 4972 οὖν
2672 4918 2701 4968 6
2742 4917 2993 4988 Ἰωάννης
3026 4919 3221 4987 φησιν,
3250 4921 3331 4972 ὃτι
3385 4922 3495 4976 Τὸν
3532 4919 3673 4974 Θεὸν
3705 4919 3793 4969 οὐ·

2152 5004 2276 5070 δείς
2303 5004 2522 5072 ἑώρακε
2554 5004 2791 5059 πώποτε
2822 5021 2842 5069 ;
2872 5007 2989 5059 ’Ὶνα
3018 5005 3194 5079 μάθῃς
3232 5008 3311 5060 ὃτι
3351 5008 3451 5079 τὴν
3484 5005 3677 5077 ἀκριϐῆ
3706 5006 3791 5058 αὐ-

2151 5091 2245 5145 τοῦ
2279 5092 2581 5163 κατάληψιν
2610 5093 2701 5146 καὶ
2725 5094 2824 5163 τὴν
2850 5095 3263 5165 τετρανωμένην
3284 5096 3485 5164 γνῶσιν
3507 5094 3664 5162 λέγει.
3682 5094 3789 5143 ὐτι

2153 5178 2259 5248 γάρ
2290 5178 2464 5231 πάντα
2516 5182 2697 5233 ἐκεῖνα
2735 5182 3140 5248 συγκατάϐασις
3164 5177 3253 5252 ἦν,
3287 5184 3379 5235 καὶ
3408 5180 3673 5252 ἀκραιφνῆ
3704 5176 3790 5245 τὴν

2152 5265 2337 5319 οὐσίαν
2365 5265 2536 5329 οὐδεὶς
2569 5265 2705 5319 εἶδεν
2740 5266 2982 5329 ἐκείνων,
3013 5268 3171 5336 δῆλον
3201 5270 3267 5321 ὲκ
3293 5267 3383 5320 τοῦ
3409 5266 3666 5336 διαφόρως
3681 5263 3790 5315 ἕκα-

2155 5368 2277 5405 στον
2338 5355 2488 5424 όρᾷν.
2548 5354 2607 5405 'U
2648 5352 2754 5424 γὰρ
2799 5354 2928 5417 Θεὸς
2983 5354 3186 5419 ἁπλοῦς
3242 5355 3336 5409 καὶ
3396 5353 3673 5413 ἁσύνθετος
3708 5346 3790 5401 καὶ

2153 5442 2586 5513 ἀσχημάτιστος·
2615 5438 2756 5496 οὗτοι
2801 5441 2857 5494 δὲ
2888 5443 3124 5507 ἅπαντες·
3164 5440 3658 5513 σχήματανωλεπον
3682 5433 3789 5489 διά-

2153 5546 2314 5599 φορα.
2343 5527 2513 5582 Τοῦτο
2548 5529 2677 5597 γοῦν
2712 5528 2844 5582 αὐτὸ
2879 5529 2944 5581 δι’
2985 5529 3171 5600 ἐτέρου
3220 5529 3494 5601 προφήτου
3534 5522 3789 5595 ἐμφαίνων

2154 5616 2350 5681 πάλιν,
2391 5616 2485 5669 καὶ
2520 5615 2720 5669 πείθων
2765 5616 2961 5678 αὐτοὺς
3000 5615 3076 5679 ὡς
3111 5617 3213 5670 οὐκ
3245 5613 3446 5686 ἀκριϐῆ
3488 5612 3585 5682 τὴν
3618 5606 3787 5661 οὐσίαν

2151 5701 2310 5769 εἶδον,
2346 5704 2528 5772 ἔλεγεν
2553 5721 2564 5735 ·
2593 5702 2737 5773 Ἐγὼ
2780 5706 3021 5773 ὁράσεις
3058 5704 3393 5771 ἐπλήθυνιι,
3418 5699 3510 5753 καί
3547 5698 3614 5750 ἐν
3633 5689 3788 5762 χερσὶ

2152 5791 2474 5859 προφητῶν
2505 5791 2827 5860 ὡμοιώθην.
2857 5792 2972 5844 Οὐκ
2993 5790 3161 5862 αὐτὴν
3184 5790 3282 5862 τὴν
3304 5784 3488 5844 οὐσίαν
3510 5781 3674 5845 ἔδειξα
3699 5777 3787 5845 τὴν

2151 5880 2312 5952 ἐμὴν,
2342 5878 2476 5934 ἀλλὰ
2518 5877 2880 5951 συγκατέϐην,
2924 5877 3089 5949 φησὶ,
3126 5878 3264 5951 πρός
3290 5877 3391 5946 τὴν
3417 5870 3519 5925 τῶν
3560 5864 3786 5941 ὁρώντων
