4062 6166
413 330 512 384 729

412 460 571 517 porro
597 441 730 498 dixit
748 441 963 508 Patrius,
988 455 1090 496 non
1109 449 1164 494 ut
1185 439 1348 493 Deum
1369 439 1487 493 loco
1503 436 1982 500 circumscriberet,

413 533 504 586 sed
531 541 587 586 ut
612 533 779 602 magis
809 534 1078 600 magisque
1097 531 1318 598 liqueret
1339 529 1505 582 Deum
1529 544 1624 582 nec
1653 528 1870 598 cogitari
1893 543 1991 581 nec

412 624 544 677 adiri
590 638 767 692 posse.
805 622 948 675 Alias
992 622 1113 674 item
1156 621 1374 674 virtutes
1417 619 1746 684 indusimus,
1801 633 1990 686 nempe

415 713 720 777 Cherubim,
751 711 1238 779 doclaravirnusque
1269 709 1534 779 quomodo
1576 724 1732 778 supra
1775 709 1888 762 illas
1925 710 1993 762 sit

415 803 824 867 firmamentum,
867 802 999 870 lapis
1053 801 1307 868 crystalli,
1363 799 1651 854 similitudo
1697 799 1893 865 throni,
1939 809 1993 853 et

415 896 621 964 species
646 893 896 958 hominis,
923 893 1199 954 electrum,
1228 890 1380 960 ignis,
1413 906 1588 955 arcus,
1618 899 1672 944 et
1704 889 1842 959 quod
1876 896 1993 958 post

417 985 530 1039 ha-c
548 985 724 1038 omnia
754 982 1009 1053 propheta
1037 983 1196 1048 dicat,
1227 981 1349 1035 Haec
1378 983 1500 1034 visio
1529 981 1874 1035 similitudinis
1891 980 1994 1034 Do-

418 1072 542 1126 mini
567 1073 777 1144 (Ezech.
803 1074 856 1126 2.
892 1072 944 1144 1)
979 1091 990 1125 :
1020 1082 1178 1142 atque
1203 1089 1267 1126 ex
1299 1073 1381 1126 his
1411 1072 1656 1126 omnibus
1687 1073 1774 1126 Dei
1804 1082 1994 1127 attem-

419 1165 744 1233 perationem
797 1163 947 1218 vobis
989 1163 1499 1226 demonstravimus,
1542 1179 1763 1232 eamque
1819 1174 1994 1219 tamen

419 1255 702 1323 ejusmodi,
729 1269 847 1323 qua:
877 1268 974 1308 nec
1000 1269 1030 1308 a
1069 1254 1312 1322 supernis
1339 1254 1616 1308 virtutibus
1657 1254 1778 1309 ferri
1809 1256 1992 1325 possit.

489 1349 543 1400 2.
577 1348 701 1402 Iliae
741 1363 845 1401 non
884 1348 999 1401 sine
1034 1363 1192 1402 causa
1229 1357 1440 1416 repeto;
1471 1348 1563 1401 sed
1598 1349 1720 1418 quia
1752 1364 1836 1402 me
1876 1364 1996 1418 pro-

421 1442 568 1495 missi
615 1441 906 1495 debitorem
962 1441 1105 1505 novi,
1155 1441 1293 1494 scire
1339 1441 1490 1506 volo,
1537 1441 1664 1510 quid
1720 1441 1992 1506 solverim,

421 1531 648 1600 quidque
682 1530 992 1584 solvendum
1031 1532 1283 1599 supersit.
1317 1531 1404 1585 Sic
1434 1539 1486 1584 et
1511 1531 1633 1585 teris
1663 1531 1819 1584 alieni
1845 1532 1996 1585 debi-

425 1635 564 1678 tores
595 1625 810 1689 faciunt,
842 1622 1062 1678 tabellas
1091 1625 1142 1676 in
1174 1623 1404 1677 medium
1436 1624 1740 1692 proferunt.
1768 1624 1856 1677 ubi
1898 1624 1996 1678 de-

423 1717 470 1769 hi
480 1717 512 1768 ti
531 1715 666 1769 ratio
685 1714 968 1784 descripta,
989 1714 1179 1784 quibus
1196 1713 1499 1771 fteneratori
1518 1715 1766 1771 exhibitis
1786 1716 1998 1771 residua

425 1814 724 1858 numerant.
779 1804 892 1872 Ego
947 1805 1208 1871 similiter,
1263 1814 1446 1875 aperto
1499 1807 1771 1860 memdrite
1809 1816 2000 1861 vestra:

425 1898 577 1963 libro,
603 1907 762 1966 atque
792 1897 854 1950 iis
892 1912 1009 1965 qua:
1029 1897 1139 1966 jam
1179 1898 1346 1952 soluta
1374 1881 1510 1953 sunt
1533 1899 1681 1968 quasi
1711 1899 1876 1967 digito
1902 1899 1999 1953 de-

425 1987 752 2053 monstratis,
783 1988 847 2039 ad
889 1988 1088 2057 reliqua
1126 1987 1340 2042 demum
1383 2003 1630 2058 propero.
1665 1990 1800 2057 Quid
1844 1991 2000 2059 igitur

425 2079 690 2132 residuum
718 2079 868 2130 erat?
902 2077 967 2134 Ut
992 2079 1416 2144 ostenderemus,
1448 2096 1620 2162 neque
1648 2082 1996 2151 principatus,

426 2185 593 2238 neque
633 2178 938 2238 potestates,
975 2185 1146 2239 neque
1183 2170 1591 2236 dominationes,
1636 2188 1806 2242 neque
1843 2174 1998 2227 aliam

427 2260 580 2312 ullam
628 2269 861 2314 creatam
906 2261 1155 2315 virtutem
1207 2277 1346 2326 esse,
1395 2278 1512 2332 qua:
1558 2264 1723 2318 Demn
1768 2264 2002 2333 perfecte

427 2349 860 2418 comprehendat.
886 2349 1022 2405 Sunt
1049 2354 1192 2406 enim
1215 2353 1328 2408 sine
1349 2353 1510 2408 dubio
1536 2363 1589 2409 et
1613 2355 1730 2410 alia:
1758 2356 1998 2422 virtutes,

425 2455 646 2510 quarum
674 2455 740 2494 ne
764 2441 976 2494 nomina
1003 2443 1216 2511 quidem
1239 2445 1501 2499 novimus.
1523 2446 1837 2515 Perpendite
1859 2448 1998 2500 insa-

428 2546 545 2583 nam
578 2529 946 2586 barreticorum
974 2535 1329 2604 arrogantiam
1359 2553 1373 2590 :
1398 2552 1463 2590 ne
1487 2552 1762 2591 servorum
1790 2539 2002 2608 quidem

429 2622 637 2674 nomina
679 2623 951 2687 novimus,
983 2632 1036 2677 et
1066 2625 1231 2695 ipsam
1269 2627 1474 2682 Domini
1505 2629 1852 2684 substantiam
1886 2647 2002 2700 per-

427 2721 744 2767 scrutantur.
774 2713 908 2768 Sunt
937 2716 1079 2770 enim
1106 2717 1300 2788 angeli,
1329 2720 1654 2789 archangeli,
1680 2723 1874 2786 tln-Oni,
1905 2724 2004 2777 dos

431 2809 762 2870 minationes,
795 2804 1119 2877 principatus
1157 2817 1208 2862 et
1237 2819 1544 2877 potestates.
1573 2813 1642 2865 At
1679 2829 1782 2867 non
1823 2813 1874 2868 hi
1905 2815 2003 2868 soli

430 2903 477 2954 in
509 2902 638 2955 eicio
667 2910 792 2956 sunt
821 2902 1019 2970 populi,
1047 2901 1138 2956 sed
1169 2900 1388 2956 infinita:
1415 2913 1619 2973 gentes,
1655 2906 1822 2960 tribus
1852 2907 2006 2960 innu-

430 3009 607 3059 merae,
635 3008 764 3062 quas
793 2993 964 3046 nullus
993 3009 1172 3047 sermo
1197 2992 1469 3048 declarare
1498 3005 1692 3064 putest.
1725 2995 2002 3052 Uudenam

428 3091 634 3136 constat
674 3083 852 3150 plures
894 3097 1012 3137 esse
1052 3085 1297 3148 virtutes,
1336 3100 1556 3153 quarum
1604 3088 1816 3142 nomina
1857 3090 2006 3159 igno-

431 3173 644 3228 ramus?
676 3173 867 3227 Paulus
896 3176 984 3242 qui
1017 3174 1103 3228 illa
1141 3175 1352 3230 dixerat
1391 3175 1491 3230 hoc
1526 3178 1682 3231 etiam
1724 3179 1898 3245 docet,
1935 3181 2004 3236 ita

428 3263 492 3318 de
519 3264 732 3319 Christo
754 3265 974 3334 loquens
998 3257 1014 3318 :~
1036 3265 1302 3320 Constituit
1330 3283 1441 3320 eum
1466 3285 1618 3338 super
1641 3287 1834 3324 onmem
1865 3273 2007 3340 prin-

429 3355 668 3424 cipalum,
719 3363 762 3408 et
807 3365 1131 3425 potestatem,
1178 3367 1222 3410 et
1257 3359 1508 3424 virtutem,
1551 3368 1601 3412 et
1639 3376 1784 3414 omne
1827 3379 2004 3417 nomen

428 3448 557 3512 quod
585 3444 872 3497 nominatur
900 3461 1000 3498 non
1037 3447 1197 3499 solum
1226 3447 1278 3500 in
1315 3447 1407 3500 hoc
1434 3449 1636 3510 saâ€™culo,
1667 3450 1753 3503 sed
1779 3452 1926 3504 etiam
1953 3454 2005 3505 in

430 3538 598 3602 futuro
639 3533 864 3605 (Ephes.
909 3537 959 3588 1.
1002 3534 1118 3605 21).
1164 3536 1362 3590 Videtis
1399 3538 1573 3606 aliqua
1613 3539 1719 3593 illic
1755 3555 1874 3594 esse
1912 3544 2005 3594 ali-

429 3625 638 3695 quando
681 3627 1068 3696 cognoscenda,
1114 3644 1232 3696 qua:
1280 3647 1419 3683 nunc
1469 3631 1645 3700 ignota
1683 3636 1842 3688 sunt?
1881 3637 2005 3690 Ideo

429 3719 580 3783 dixit,
609 3733 726 3788 qua:
755 3735 859 3772 non
891 3720 1050 3772 modo
1081 3721 1131 3773 in
1163 3720 1262 3776 hoc
1289 3723 1485 3777 san-nlo
1520 3725 1878 3793 nominantur,
1911 3730 2003 3782 sed

429 3809 587 3863 etiam
627 3809 680 3863 in
723 3810 914 3864 futuro.
953 3811 1151 3880 Ecquid
1194 3814 1385 3866 tnirum
1426 3815 1468 3867 si
1509 3809 1856 3872 substantiam
1897 3836 2002 3874 non

431 3899 660 3968 perfecte
705 3900 1200 3968 comprehendunt?
1255 3902 1386 3957 lllud
1440 3905 1580 3958 enim
1637 3906 2005 3966 demonstrare

432 4005 532 4044 non
555 3990 776 4044 arduum
804 4000 904 4044 est.
935 3991 1066 4045 Nam
1096 3992 1549 4062 dispensationum
1578 3997 1693 4065 ejus
1723 3999 1914 4054 multas
1939 4016 2005 4056 ne

430 4080 639 4148 quidem
667 4095 909 4149 superna:
936 4083 1154 4136 virtutes
1177 4093 1400 4150 norunt,
1423 4101 1520 4140 nec
1544 4088 1884 4157 principatus,
1910 4105 1993 4160 po-
2037 4149 2040 4152 ,

435 4181 648 4227 testates
675 4181 727 4226 et
746 4173 1154 4228 dominationes.
1190 4175 1348 4246 quue
1379 4192 1586 4230 rursum
1615 4193 1679 4232 ex
1703 4181 2004 4248 apostolicis

433 4264 604 4318 verbis
656 4265 865 4332 planum
908 4265 1181 4330 faciemus,
1233 4283 1424 4338 nempe
1469 4271 1660 4326 multas
1703 4287 1765 4326 ex
1813 4274 2004 4329 divinis

433 4352 910 4422 dispensationibus
933 4357 1203 4411 nobiseum
1227 4358 1525 4425 edidicisse,
1549 4377 1681 4430 quas
1705 4373 1824 4418 ante
1845 4379 2004 4434 quam

433 4460 528 4498 nos
568 4445 894 4500 disceremus
944 4448 1274 4517 ignorabant.
1316 4449 1430 4504 Non
1470 4453 1638 4505 solum
1678 4465 1854 4509 autem
1905 4472 2004 4509 no-

435 4533 632 4587 biscum
670 4535 987 4602 didicerunt,
1029 4538 1120 4591 sed
1165 4540 1324 4592 etiam
1373 4556 1401 4592 a
1446 4542 1598 4596 nobis
1638 4543 1767 4612 ipsis
1810 4546 2000 4614 :Aliis,

433 4625 618 4694 inquit,
646 4629 1042 4697 generationibus
1062 4647 1162 4684 non
1189 4641 1258 4684 cst
1277 4633 1524 4701 agnitum,
1548 4636 1676 4689 sicut
1705 4655 1838 4692 nunc
1865 4657 2004 4693 reve-

433 4717 585 4770 latum
614 4727 685 4772 est
717 4721 903 4772 sanctis
934 4723 1172 4789 apostolis
1204 4723 1308 4794 ejus
1335 4735 1380 4776 et
1421 4727 1674 4795 praphetis
1708 4730 1760 4783 in
1791 4735 2000 4801 spiritu,

373 4867 376 4870 ,
432 4822 535 4860 esse
562 4817 728 4876 gentes
755 4810 1018 4863 coheredes
1047 4820 1093 4863 et
1117 4816 1516 4880 concorporales,
1547 4827 1592 4870 et
1619 4823 2003 4891 comparticipcs

435 4898 773 4956 promissionis
810 4900 920 4969 ejus
954 4900 1161 4972 (Ep/tes.
1198 4904 1251 4956 5.
1290 4905 1364 4972 5).
1400 4905 1787 4965 Promissiones
1826 4924 2002 4968 autem

432 4987 624 5043 chteis
666 4989 803 5044 dataâ€œ:
844 4993 1093 5047 fuerant:
1127 4994 1230 5048 Per
1261 4996 1608 5069 Evangelium,
1651 5006 1796 5073 cujus
1839 5012 2004 5076 factus

431 5095 539 5131 sum
564 5095 655 5149 ego
687 5080 882 5135 Paulus
913 5084 1155 5138 minister.
1188 5086 1464 5143 Uudenam
1496 5095 1792 5149 ostenditur
1819 5113 2006 5167 super-

433 5186 521 5224 nas
550 5172 770 5227 virtutes
803 5174 852 5226 id
895 5185 1017 5230 tunc
1059 5177 1378 5234 edidicisse?
1409 5182 1536 5236 Nam
1567 5201 1683 5253 quae
1713 5187 1850 5241 dicta
1882 5201 2006 5244 sunt

429 5259 490 5311 ad
519 5259 763 5316 homines
788 5274 1049 5331 spectant.
1087 5269 1220 5322 Audi
1254 5285 1266 5322 :
1293 5269 1421 5324 Mihi
1451 5276 1673 5329 omnium
1705 5278 1958 5334 hominum
1987 5283 2001 5313 Â¹

429 5352 629 5405 minimo
666 5355 786 5407 data
807 5366 880 5409 est
907 5358 1071 5426 gratia
1101 5360 1226 5428 hare,
1267 5365 1606 5434 euangelizare
1630 5371 1858 5424 omnibus
1880 5391 2005 5442 gen-

425 5446 554 5500 tibus
591 5448 960 5519 investigabiles
986 5453 1184 5507 divitias
1220 5455 1405 5510 Christi
1443 5457 1656 5528 (Ep/tes.
1686 5463 1738 5516 5.
1771 5464 1846 5533 8).
1869 5467 2003 5532 Quid

425 5544 507 5589 est
533 5535 933 5609 investigabile?
959 5541 1110 5608 Quod
1135 5547 1366 5615 perquiri
1390 5550 1590 5618 nequit,
1617 5567 1714 5607 nec
1736 5557 1894 5610 modo
1921 5573 2006 5612 re-

488 5733 913 5822 :ï¬‚saEilLBi-ulti
937 5747 1064 5803 Mss,
1083 5742 1290 5798 omnium
1311 5757 1599 5803 sanctorum.
1634 5755 1795 5806 Morel.
1825 5765 1874 5808 et
1906 5759 2001 5822 alii,

425 5796 631 5846 anxium
653 5796 913 5850 horninum.

1362 324 1448 378 DE
1490 320 2162 378 lNCOMPREIlENSIBlLl
2202 319 2313 377 DEI
2349 321 2649 378 NATURA.
2683 321 2770 377 iV.

3573 333 3680 388 739

2099 435 2258 505 periri
2309 451 2414 490 non
2469 443 2660 505 potest,
2708 435 2802 491 sed
2856 451 3029 508 neque
3072 438 3400 510 investigari.
3447 442 3675 498 Audiam

2097 541 2255 596 quam
2283 527 2466 582 crebra
2493 527 2773 582 adversum
2803 543 2860 582 se
2883 527 3056 598 jacula
3079 545 3108 584 a
3135 529 3298 585 Paulo
3327 531 3678 588 emittantur?

2097 615 2226 670 Nam
2259 618 2302 670 si
2341 617 2542 672 di-vitim
2573 619 2969 688 investigabiles
2997 630 3142 686 sunt,
3172 624 3441 692 quomodo
3483 625 3555 689 is,
3588 627 3677 696 qui

2097 707 2318 776 largitur
2339 707 2568 771 dvitias,
2598 724 2703 762 non
2737 711 3122 780 investigahilis
3157 715 3258 768 sit?
3295 713 3362 767 Et
3393 716 3681 770 illuminare

2097 814 2284 862 onmes,
2308 814 2418 865 qtae
2437 801 2500 853 sit
2521 800 2828 869 dispensatio
2846 805 3150 857 sacramenti
3170 803 3448 860 absconditi
3473 824 3502 860 a
3519 824 3681 860 saâ€™cu-

2099 887 2160 941 lis
2189 889 2241 941 in
2271 887 2397 953 Deo,
2423 899 2474 942 ut
2496 892 2840 959 manifestetur
2857 911 2992 947 nunc
3017 896 3380 965 principatibus
3400 909 3447 950 et
3469 909 3681 972 potesta;

2097 979 2229 1032 tibus
2267 996 2355 1050 per
2383 978 2663 1035 Ecclesium
2693 984 3021 1054 multiformis
3049 988 3296 1056 sapientia
3337 986 3432 1042 Dei
3461 987 3677 1058 (Ep/tes.

2096 1069 2148 1124 5.
2175 1069 2227 1123 9.
2260 1071 2372 1138 10).
2407 1072 2572 1126 Audis
2611 1074 2752 1142 quod
2793 1090 2953 1142 nunc,
2995 1094 3100 1131 non
3141 1088 3284 1146 ante,
3319 1080 3421 1134 illa:
3460 1082 3681 1136 virtutes

2098 1160 2213 1215 hare
2249 1165 2635 1232 cognoverint?
2672 1164 2802 1218 Nam
2843 1183 2961 1234 qua:
3000 1185 3092 1223 rex
3131 1172 3417 1236 consultat,
3467 1173 3681 1226 satelles

2100 1256 2272 1308 nescit
2305 1273 2316 1309 :
2349 1255 2421 1310 Ut
2442 1259 2792 1326 manifestetur
2819 1277 2951 1312 nunc
2989 1262 3354 1329 principatibus
3383 1275 3428 1316 et
3460 1276 3681 1334 potesta-

2100 1341 2228 1398 tibus
2273 1361 2359 1414 per
2405 1345 2680 1399 Ecclesium
2727 1349 3052 1417 multiformis
3096 1355 3343 1420 sapientia
3390 1353 3499 1407 Dei.
3550 1354 3684 1410 Vide

2099 1445 2352 1504 quantum
2375 1437 2592 1491 honoris
2609 1439 2856 1494 humana:
2880 1449 3081 1496 natura:
3096 1443 3345 1497 collatum
3365 1446 3452 1510 sit,
3472 1449 3684 1516 quando

2101 1526 2371 1580 nobiscum
2412 1536 2466 1580 et
2503 1543 2599 1597 per
2627 1545 2723 1582 nos
2761 1544 3006 1599 superna:
3045 1533 3263 1587 virtutes
3304 1536 3441 1604 regis
3473 1546 3681 1590 secreta

2101 1625 2482 1682 cognoverunt.
2515 1617 2621 1671 Sed
2655 1617 2917 1673 undenam
2949 1630 3127 1690 pateat
3153 1623 3219 1676 de
3249 1624 3550 1680 caelestibus
3579 1625 3682 1680 illis

2102 1703 2246 1756 dici?
2276 1705 2482 1758 Etenim
2514 1706 2786 1762 daemonas
2811 1710 2968 1763 etiam
3002 1711 3267 1767 interdum
3300 1724 3452 1769 vocat
3485 1717 3685 1785 princi~

2103 1802 2256 1862 palus
2284 1805 2337 1849 et
2366 1805 2674 1864 potestates,
2709 1807 2766 1851 ut
2795 1815 2914 1853 cum
2943 1801 3073 1856 dicit
3101 1821 3112 1856 :
3147 1804 3266 1858 Non
3303 1817 3373 1860 est
3401 1807 3541 1862 nobis
3576 1810 3686 1864 colo

2104 1883 2310 1938 luctatio
2357 1885 2595 1941 adversus
2635 1890 2929 1958 sanguinem
2969 1901 3013 1946 et
3052 1909 3275 1958 carnem,
3315 1898 3404 1950 sed
3447 1899 3686 1954 adversus

2105 1978 2416 2046 principatus
2447 1989 2490 2032 et
2519 1989 2806 2048 potestates,
2835 1983 3074 2037 adversus
3103 1989 3277 2039 mundi
3312 2001 3524 2043 rectores
3554 2000 3688 2044 tene-

2105 2071 2306 2122 brarum
2334 2071 2506 2124 saeculi
2533 2073 2687 2142 hujus
2710 2073 2921 2142 (Ephes.
2957 2077 3008 2130 6.
3045 2077 3154 2147 12).
3186 2078 3448 2150 Numquid
3480 2098 3606 2152 ergo
3635 2084 3686 2138 id

2105 2175 2244 2213 nunc
2282 2161 2440 2214 etiam
2482 2162 2627 2226 dicit,
2662 2179 2855 2233 nempe
2883 2165 3153 2221 dtemonas
3186 2177 3310 2224 tunc
3338 2173 3689 2240 cognovisse?

2103 2249 2482 2320 Nequaquam;
2524 2253 2616 2306 sed
2662 2253 2728 2308 de
2773 2257 3019 2324 supernis
3065 2258 3169 2313 illis
3207 2261 3314 2330 agit
3356 2264 3637 2320 virtutibus
3672 2283 3685 2318 :

2104 2357 2224 2396 Cum
2265 2343 2406 2397 enim
2445 2344 2683 2412 dixisset,
2717 2348 3034 2417 principatus
3072 2359 3118 2404 et
3148 2363 3435 2420 potestates,
3465 2356 3683 2426 adjecit,

2105 2436 2157 2487 in
2199 2435 2498 2490 cwlestibus.
2535 2436 2614 2490 Illi
2660 2453 2889 2508 namque
2933 2441 3261 2511 principatus
3308 2453 3362 2498 ct
3403 2456 3689 2514 potestates

2106 2526 2384 2591 cwlestes;
2433 2525 2486 2579 hi
2531 2543 2658 2582 vero
2695 2529 2794 2582 sub
2837 2532 2969 2585 cmlo
3005 2543 3130 2586 sunt
3163 2551 3173 2584 :
3206 2538 3552 2603 quamobrem
3602 2555 3688 2593 re-

2105 2625 2281 2670 ctores
2307 2616 2485 2670 mundi
2517 2629 2667 2672 vocat
2687 2619 2825 2686 illos,
2854 2623 3142 2677 ostendens
3168 2626 3354 2679 c:ehim
3383 2628 3508 2696 ipsis
3541 2631 3690 2684 inac-

2105 2720 2311 2760 cessum
2343 2722 2461 2762 esse
2495 2725 2507 2760 :
2541 2717 2810 2776 totamque
2843 2727 2938 2766 eos
2965 2728 3116 2768 suam
3154 2719 3483 2787 tyrannidem
3514 2722 3562 2775 in
3591 2721 3690 2778 hoc

2107 2800 2276 2852 solum
2307 2801 2503 2854 mundo
2531 2818 2800 2859 exercere.

2178 2893 2230 2946 5.
2270 2892 2508 2947 Vidistinâ€˜
2539 2911 2642 2964 quo
2669 2905 2820 2964 pacto
2851 2899 3127 2955 nobiscum
3155 2912 3206 2976 et
3239 2919 3332 2972 per
3363 2921 3460 2960 nos
3485 2907 3571 2962 illa
3599 2924 3692 2963 co-

2107 2983 2424 3051 gnoverint?
2444 2983 2546 3039 Sed
2569 2986 2633 3039 ad
2655 2987 2889 3041 debitum
2914 2990 3039 3045 illud
3061 2979 3372 3051 solvendum
3396 2999 3689 3068 veniamus,

2107 3089 2170 3127 ac
2200 3073 2485 3143 probemus
2525 3092 2695 3148 neque
2723 3080 3051 3150 principatus
3090 3099 3262 3155 neque
3291 3099 3580 3156 potestates
3610 3093 3690 3162 ip-

2108 3165 2220 3218 sius
2269 3166 2618 3222 substantiam
2668 3184 2842 3225 nosse.
2891 3172 3020 3238 Quis
3064 3175 3167 3230 hoc
3213 3178 3383 3234 dicit?
3425 3181 3538 3237 Non
3580 3183 3689 3254 jam

2111 3254 2322 3323 Paulus,
2345 3268 2436 3312 aut
2465 3257 2703 3326 llesaias,
2732 3271 2823 3316 aut
2854 3263 3121 3332 Ezechiel,
3152 3268 3244 3322 sed
3273 3270 3414 3325 aliud
3444 3288 3535 3327 vas
3563 3289 3690 3330 san-

2109 3353 2270 3411 ctum,
2322 3348 2435 3416 ipse
2477 3349 2692 3403 tonitrui
2739 3351 2898 3416 filius,
2941 3353 3165 3409 dilectus
3205 3357 3397 3412 Christi
3436 3361 3689 3431 Joannes,

2109 3437 2194 3504 qui
2225 3451 2378 3506 supra
2407 3449 2593 3507 pectus
2618 3439 2940 3495 dominicum
2967 3446 3226 3512 recubuit,
3254 3458 3307 3503 et
3333 3449 3538 3506 divinos
3568 3455 3692 3511 inde

2111 3528 2280 3582 fontes
2324 3528 2517 3582 hausit.
2552 3531 2686 3596 Quid
2719 3533 2876 3602 igitur
2900 3535 3012 3588 ait?
3034 3535 3203 3591 Deum
3244 3557 3386 3596 nemo
3425 3544 3546 3597 vidit
3575 3563 3688 3600 um-

2108 3635 2257 3688 quam
2304 3620 2481 3691 (Joan.
2528 3624 2578 3677 1.
2622 3626 2725 3695 18).
2760 3625 2897 3682 Vere
2945 3632 3162 3684 toï¬itrui
3205 3632 3360 3701 filius,
3409 3653 3527 3691 nam
3571 3641 3690 3694 tuba

2109 3710 2387 3766 clariorem
2441 3715 2620 3768 emisit
2676 3731 2882 3781 vocem,
2940 3736 3083 3796 quteâ€˜
3112 3725 3276 3792 possit
3331 3729 3694 3787 contentiosus

2109 3813 2298 3854 omnes
2337 3801 2685 3860 confundere.
2725 3808 2827 3861 Sed
2861 3809 3132 3865 videamus
3159 3813 3283 3883 quid
3321 3829 3503 3873 contra
3535 3821 3692 3890 ohjici

2112 3891 2296 3957 possit.
2321 3891 2455 3958 Quid
2477 3935 2490 3958 ,
2522 3909 2724 3964 quasso,
2754 3895 2886 3953 dicis
2911 3899 3167 3969 Joannes,
3199 3904 3360 3960 Deum
3394 3926 3537 3964 nemo
3571 3914 3693 3967 vidit

2108 3982 2388 4048 umquam?
2435 3983 2573 4050 Quid
2622 3985 2688 4039 de
2738 3988 3014 4060 prophetis
3060 4008 3296 4062 agamus,
3344 4001 3431 4068 qui
3488 4001 3689 4068 dicunt,

2124 4077 2240 4133 Vidi
2261 4077 2710 4137 Deunt?liesaias
2727 4084 2896 4147 enim,
2931 4084 3046 4137 Vidi
3073 4085 3369 4154 Dominum,
3399 4092 3592 4160 inquit,
3613 4113 3689 4149 se-

2108 4170 2313 4224 dentem
2337 4189 2489 4240 super
2518 4174 2708 4228 solium
2731 4177 2993 4229 excelsum
3014 4186 3062 4230 et
3081 4177 3334 4232 eleuatum
3369 4180 3505 4240 (Isa.
3535 4183 3677 4255 6.1);

2111 4251 2294 4307 Daniel
2326 4270 2472 4320 vero,
2513 4255 2630 4310 Vidi
2657 4257 2813 4312 donec
2838 4261 3006 4314 throni
3029 4263 3176 4331 positi
3202 4275 3319 4319 sunt
3342 4308 3354 4329 ,
3384 4280 3431 4320 et
3459 4251 3692 4340 antiquus

2110 4341 2304 4395 dierum
2336 4346 2461 4397 sedit
2489 4345 2647 4416 (Dan.
2675 4348 2727 4401 7.
2759 4348 2847 4416 9);
2880 4351 3127 4406 Michaeas
3157 4355 3282 4408 item
3315 4374 3328 4410 :
3370 4356 3481 4412 Vidi
3520 4358 3692 4414 Domi-

2110 4451 2229 4488 num
2260 4435 2423 4489 Deum
2449 4436 2613 4492 Israel
2644 4442 2894 4495 sedentem
2922 4460 3072 4510 super
3092 4447 3272 4500 saliunt
3297 4466 3441 4503 suum
3467 4453 3538 4523 (5.
3561 4452 3688 4525 Reg.

2108 4526 2196 4580 22.
2230 4526 2350 4600 19)Í¾
2380 4529 2516 4584 alius
2545 4547 2755 4586 rursum
2789 4534 3044 4602 propheta
3071 4537 3198 4592 dit-it
3227 4557 3240 4592 :
3278 4539 3393 4594 Vidi
3421 4541 3693 4598 Dominum

2109 4631 2322 4674 stantem
2345 4639 2495 4690 super
2522 4624 2699 4688 altare,
2728 4638 2772 4677 et
2801 4625 2928 4679 dixit
2959 4629 3111 4694 mihi,
3141 4643 3339 4700 percute
3374 4651 3525 4702 super
3571 4653 3694 4702 pro-

2111 4711 2424 4780 pitiatorium
2471 4712 2664 4782 (Amos
2717 4715 2770 4770 9.
2832 4716 2927 4787 1).
3003 4718 3161 4773 Multa
3221 4737 3350 4776 sane
3391 4725 3693 4793 hujusmodi

2113 4803 2412 4858 testimonia
2453 4805 2631 4875 colligi
2673 4817 2911 4875 possunt.
2951 4811 3058 4865 Cur
3109 4828 3238 4883 ergo
3294 4814 3526 4872 Joannes
3583 4821 3691 4887 ait,

2110 4891 2274 4946 Deum
2319 4912 2462 4949 nemo
2489 4897 2608 4950 vidit
2643 4902 2921 4971 umquam?
2965 4902 3034 4958 Ut
3061 4904 3265 4960 ediscas
3295 4923 3414 4961 eum
3459 4910 3526 4965 de
3569 4929 3692 4980 pere-

2113 4986 2244 5038 l'ecta
2312 4989 2790 5056 comprehensione
2847 5003 2900 5047 et
2957 4995 3120 5050 clara'
3164 5000 3465 5067 cognitione
3529 5003 3691 5073 loqui.

2111 5077 2260 5144 Quod
2287 5079 2428 5132 enim
2454 5081 2537 5133 illa
2566 5085 2740 5136 omnia
2766 5101 2860 5153 per
2879 5091 3372 5158 attemperationem
3406 5094 3540 5150 facta
3563 5097 3690 5163 sint,

2114 5185 2283 5238 neque
2310 5185 2494 5238 puram
2529 5173 2668 5226 illius
2696 5176 3043 5234 substantiam
3073 5184 3348 5254 quisquam
3377 5189 3585 5244 illorum
3619 5193 3695 5245 vi-

2115 5259 2274 5326 derit,
2324 5261 2448 5316 hinc
2499 5263 2669 5330 palam
2715 5275 2797 5319 est
2843 5269 2982 5336 quod
3023 5273 3169 5327 varie
3215 5276 3439 5346 quisque
3483 5279 3692 5336 viderit.
3739 5329 3756 5340 .

2115 5351 2323 5407 Etenim
2355 5355 2496 5409 Deus
2521 5356 2742 5426 simplex
2768 5369 2867 5422 est,
2893 5361 3293 5434 incompositus,
3320 5379 3372 5424 et
3400 5371 3578 5440 figura:
3599 5391 3695 5428 e1-

2114 5459 2266 5513 pcrs;
2299 5446 2368 5498 illi
2399 5463 2524 5499 vero
2553 5446 2746 5517 figuras
2775 5450 3014 5506 viderunt
3040 5456 3234 5510 varias.
3267 5459 3378 5514 Hoc
3406 5462 3575 5530 ipsum
3601 5480 3693 5534 per

2115 5535 2275 5588 alium
2306 5535 2615 5605 pr0phetam
2646 5539 2897 5607 ostendit,
2930 5542 3163 5614 ipsisque
3190 5552 3475 5616 persuadet
3502 5569 3560 5609 se
3590 5571 3694 5610 non

2115 5627 2400 5698 perfectam
2431 5629 2781 5686 substantiam
2807 5633 3021 5700 vidisse,
3052 5635 3134 5691 his
3163 5641 3338 5696 verbis
3368 5663 3381 5698 :
3414 5645 3521 5714 Ego
3541 5648 3696 5701 visio-

2115 5737 2199 5772 nes
2228 5721 2570 5790 nmltiplicavi,
2602 5733 2645 5777 et
2671 5725 2720 5779 in
2752 5727 2980 5781 manibus
3005 5729 3363 5800 prophetarum
3389 5737 3694 5791 assimilatas

2117 5826 2224 5864 sum
2262 5812 2410 5881 (Osee
2451 5813 2534 5868 12.
2571 5814 2656 5886 10)
2704 5833 2715 5870 :
2772 5831 2876 5872 non
2921 5817 3090 5890 ipsam
3135 5836 3306 5878 meam
3345 5825 3692 5880 substantiam
