4062 6166
418 294 515 348 751

416 404 647 472 ostendi,
691 405 784 465 sed
834 406 1122 463 videntium
1167 405 1456 461 inﬁrmitati
1497 421 1580 460 me
1623 403 1991 475 attemperavi.

418 497 652 553 .loannes
679 513 804 570 ergo
825 516 931 554 non
958 499 1024 555 de
1046 499 1345 555 hominibus
1373 499 1473 555 hoc
1500 499 1648 567 dicit,
1676 498 1833 554 Deum
1854 515 1998 553 nemo

419 590 541 643 vidit
568 574 809 661 umquam
839 608 857 645 :
884 592 933 645 id
961 593 1103 647 enim
1141 592 1307 663 liquet
1335 607 1456 647 cum
1483 607 1551 647 ex
1590 592 1674 659 iis,
1715 606 1831 663 qua:
1858 591 1996 646 dicta

419 690 562 747 sunt,
588 682 912 752 propheticis
940 668 1129 753 netnpe
1153 683 1353 751 verbis,
1381 681 1493 753 Ego
1521 683 1732 737 visiones
1754 682 1999 751 multipli-

420 773 531 826 αιιεὶ
548 813 562 836 ,
592 782 638 826 et
664 773 715 826 in
745 773 971 827 manibus
1001 773 1357 843 prophetarum
1385 773 1688 827 assimilatas
1711 789 1858 839 sum;
1887 782 1996 826 tum

417 879 481 919 ex
504 865 762 919 sententia
789 864 953 937 Moysi
981 866 1215 935 prolata;
1246 880 1365 921 cum
1393 866 1533 920 enim
1561 866 1648 920 ille
1676 866 1840 920 Deum
1867 865 2000 920 facie

416 956 483 1011 ad
517 957 701 1013 faciem
731 957 911 1013 videre
936 968 1175 1028 cuperet,
1205 959 1280 1013 ait
1304 960 1441 1013 Deus
1474 977 1487 1011 :
1521 957 1685 1013 Nemo
1704 957 1884 1013 videbit
1915 959 1999 1027 fa-

418 1051 543 1103 ciem
569 1066 750 1116 meam,
781 1061 829 1105 et
856 1052 981 1105 vivet
1012 1050 1204 1123 (Exod.
1238 1053 1329 1108 33.
1366 1050 1479 1125 20).
1510 1052 1789 1123 Liquidum
1820 1052 2001 1123 itaque

416 1141 542 1196 illud
571 1149 730 1211 atque
761 1141 813 1196 in
839 1142 1085 1198 confesso
1118 1151 1217 1199 est.
1248 1143 1365 1198 Non
1397 1159 1524 1213 ergo
1549 1144 1614 1199 de
1643 1143 1872 1198 humana
1902 1160 1998 1198 na-

417 1244 533 1289 tura
575 1245 798 1303 tantum,
828 1236 921 1291 sed
950 1236 1107 1291 etiam
1137 1236 1204 1291 de
1246 1237 1490 1306 supernis
1523 1237 1871 1305 potestatibus
1902 1237 2002 1290 hoc

419 1328 513 1390 ait,
560 1326 722 1384 Deum
769 1344 914 1382 nemo
958 1328 1078 1382 vidit
1118 1345 1354 1397 umquam
1389 1347 1408 1383 :
1438 1328 1781 1398 quamobrem
1827 1329 1998 1398 ipsum

423 1435 635 1489 quoque
666 1420 990 1489 unigenitum
1019 1419 1177 1489 hujus
1214 1420 1467 1475 doctrina:
1501 1422 1886 1490 prmce‘ptorem
1918 1422 2000 1474 in-

417 1510 586 1564 ducit.
621 1510 696 1565 Ne
723 1512 842 1580 quis
872 1511 1010 1566 enim
1039 1511 1261 1576 diceret,
1294 1511 1559 1567 undenam
1589 1511 1638 1569 id
1670 1512 1880 1583 liquet?
1903 1512 2000 1566 ad-

415 1607 545 1675 jerit
588 1625 600 1660 :
638 1606 938 1678 Unigenitus
981 1609 1141 1676 ﬁlius,
1184 1608 1270 1678 qui
1304 1618 1375 1662 est
1419 1608 1471 1661 in
1509 1608 1624 1663 sinu
1658 1606 1865 1675 Patris,
1894 1608 2004 1678 ipse

417 1699 645 1764 expasnit
672 1696 848 1769 (Joan.
874 1699 924 1752 l.
949 1698 1064 1769 18),
1088 1712 1150 1752 ac
1171 1698 1275 1752 (ide
1294 1697 1509 1766 dignum
1530 1698 1792 1768 dogmatis
1812 1707 2000 1752 testem

417 1788 801 1857 ductoremque
828 1787 1048 1846 inducit.
1084 1789 1243 1858 Atqui
1280 1789 1324 1842 si
1356 1788 1584 1857 idipsum
1615 1789 1756 1857 quod
1795 1788 2004 1859 Moyses

418 1879 506 1934 hic
533 1880 833 1951 signiﬁcare
861 1881 1040 1946 vellet,
1065 1880 1261 1935 frustra
1288 1879 1561 1949 adjiceret,
1596 1879 1895 1951 Unigenitus
1916 1896 2002 1934 etr-

418 1971 607 2039 posuit.
659 1968 765 2024 Sed
810 1970 970 2024 etiam
1018 1970 1163 2039 prius
1210 1984 1369 2039 quam
1416 1969 1648 2025 Joannes
1693 1970 1806 2024 haec
1852 1971 2003 2039 quasi

417 2059 604 2114 doctus
629 2059 696 2115 ab
721 2060 994 2130 unigenito
1018 2059 1242 2126 diceret,
1275 2048 1329 2114 id
1356 2060 1509 2115 nobis
1536 2059 1795 2130 propheta
1824 2059 2006 2116 deela-

417 2161 612 2217 rassct,
658 2159 843 2222 utpOte
881 2153 969 2223 qui
1014 2167 1044 2207 a
1090 2151 1200 2206 Deo
1241 2152 1556 2221 accepisset.
1589 2151 1695 2205 Sed
1724 2151 1845 2221 quia
1888 2151 2006 2220 plus

418 2243 617 2313 aliquid
640 2284 654 2307 ,
685 2256 845 2312 quam
873 2250 1003 2297 tunc
1030 2241 1224 2296 dictum
1252 2240 1462 2305 fuisset,
1494 2240 1649 2296 nobis
1677 2241 2007 2296 revelaturus

419 2343 553 2398 erat,
588 2349 801 2404 nempe,
837 2349 905 2387 ne
933 2346 1192 2402 supernas
1219 2331 1433 2408 quidem
1461 2332 1685 2387 virtutes
1722 2333 1893 2401 ipsum
1928 2332 2009 2386 vi-

420 2428 571 2492 dere,
620 2425 741 2481 ideo
787 2426 1117 2496 unigenitum
1163 2425 1435 2481 doctorem
1481 2425 1700 2480 inducit.
1734 2426 2005 2482 Visionem

420 2533 583 2587 porro
624 2517 710 2573 hic
753 2518 1111 2587 cognitionem
1161 2530 1280 2573 esse
1329 2516 1589 2586 intellige.
1636 2517 1819 2587 Neque
1865 2519 2007 2573 enim

424 2608 655 2677 ptlpilltn,
679 2608 838 2672 oeuli,
862 2607 1128 2678 palpebra:
1149 2606 1479 2677 incorporeis
1502 2607 1680 2663 insunt
1698 2607 2004 2672 virtutibus;

425 2696 520 2752 sed
560 2696 703 2769 quod
748 2698 902 2751 nobis
937 2705 1020 2752 est
1056 2697 1206 2762 visio,
1251 2697 1382 2766 ipsis
1422 2706 1505 2753 est
1545 2698 1797 2767 cognitio.
1832 2698 2010 2768 Itaque

423 2804 544 2843 cum
585 2789 771 2855 audis,
818 2787 978 2841 Deum
1019 2804 1163 2841 nemo
1202 2788 1324 2842 vidit
1356 2805 1616 2857 umquam,
1660 2788 1710 2843 id
1752 2789 2008 2860 intellige,

425 2880 626 2941 nullum
668 2892 786 2933 esse
812 2877 903 2948 qui
935 2878 1100 2934 Deum
1124 2870 1555 2935 'substantialiter
1584 2881 1601 2911 ι
1627 2879 1849 2935 omnino
1885 2895 2010 2949 per—

425 2971 563 3029 fecte
589 2976 895 3040 cognoscat.
923 2970 1000 3024 Ac
1025 2969 1092 3024 de
1113 2969 1394 3040 Seraphim
1422 2985 1541 3025 eum
1571 2970 1722 3029 audis
1741 2986 1805 3025 ea
1825 2971 2012 3026 oculos

425 3062 700 3127 avertisse,
733 3069 787 3115 et
816 3061 1018 3115 vultum
1059 3060 1359 3129 obtexisse,
1397 3060 1571 3132 deque
1599 3060 1914 3127 Cherubim,
1946 3077 2011 3116 ea

426 3154 566 3215 idem
594 3155 765 3224 ipsum
791 3153 999 3219 fecisse,
1024 3168 1092 3219 ne
1117 3154 1301 3210 oculos
1327 3153 1411 3209 vel
1439 3155 1661 3224 pupillas
1682 3155 1793 3224 ipsa
1817 3154 2015 3209 habere

427 3256 602 3313 putes,
633 3245 874 3313 corporis
908 3244 1053 3299 enim
1079 3251 1164 3299 est
1188 3243 1492 3312 hujusmodi
1526 3243 1716 3312 forma,
1745 3245 1840 3300 sed
1872 3245 1955 3300 his
1982 3260 2014 3300 a

427 3334 688 3409 prepheta
730 3335 1089 3405 cognitionem
1132 3333 1418 3404 signiﬁcari
1459 3333 1640 3389 crede.
1669 3333 1803 3389 Cum
1835 3334 2015 3404 itaque

426 3423 685 3495 propheta
714 3424 864 3489 dicit,
898 3424 1014 3478 illas
1053 3423 1278 3479 virtutes
1310 3424 1479 3479 Deum
1514 3425 1754 3494 quamvis
1785 3440 1903 3480 sese
1930 3433 2015 3480 at-

430 3525 814 3588 temperantem
833 3532 939 3570 non
968 3515 1109 3571 ferre
1133 3516 1390 3585 potuisse,
1415 3517 1547 3571 nihil
1569 3517 1711 3572 aliud
1727 3519 2012 3590 signiﬁcat,

429 3621 586 3676 quam
613 3606 728 3676 ejus
752 3606 1110 3675 cognitionem
1132 3606 1331 3660 claram
1356 3616 1409 3661 et
1434 3616 1753 3673 accuratam,
1780 3623 2016 3678 compre-

423 3699 855 3776 hensionemque
884 3698 1023 3752 ferre
1052 3712 1158 3751 non
1191 3712 1369 3767 posse,
1403 3713 1577 3769 neque
1605 3700 1803 3757 audere
1828 3717 2014 3771 puram

430 3790 577 3847 illam
618 3789 1014 3861 perfectamque
1053 3788 1400 3844 substantiam
1448 3790 1661 3859 intueri,
1693 3808 1762 3848 ne
1800 3793 2016 3864 quidem

431 3898 556 3940 cum
595 3898 713 3939 sese
742 3891 1080 3953 attemperat.
1111 3881 1253 3937 Nihil
1289 3891 1466 3937 autem
1504 3884 1648 3939 aliud
1690 3893 1775 3942 est
1800 3887 2014 3956 intueri,

432 3990 594 4046 quam
621 3988 967 4044 cognoscere.
996 3972 1352 4039 Quamobrem
1383 3974 1743 4045 Evangelista,
1767 3965 2017 4047 comper-

435 4077 550 4124 tum
594 4068 796 4124 habens
832 4067 1084 4122 humana:
1132 4081 1238 4122 non
1277 4082 1398 4123 esse
1444 4076 1649 4123 naturze
1692 4070 1815 4125 talia
1856 4070 2016 4138 scire,

437 4176 611 4239 neque
631 4160 875 4229 supernis
899 4160 1026 4230 ipsis
1050 4159 1333 4215 virtutibus
1349 4161 1883 4231 eomprchensibilem
1901 4178 2021 4219 esse

439 4255 628 4319 Deum,
656 4268 777 4308 cum
810 4252 1004 4324 ipsum,
1032 4252 1122 4322 qui
1149 4252 1203 4306 in
1233 4252 1452 4307 dextera
1481 4252 1593 4322 ejus
1623 4254 1796 4319 sedet,
1821 4266 1874 4311 ct
1904 4256 2021 4311 haec

439 4344 672 4413 perfecte
704 4345 870 4408 novit,
905 4344 1062 4414 hujus
1088 4344 1345 4399 doctrinae
1374 4355 1756 4416 prteceptorem
1797 4348 2018 4403 inducit.

437 4435 619 4504 Neque
647 4435 959 4504 simpliciter
986 4435 1138 4501 dixit,
1170 4436 1359 4504 Filius,
1387 4438 1630 4507 quamvis
1654 4438 1699 4494 si
1728 4439 1797 4494 ita
1825 4441 2018 4510 loquu-

440 4535 526 4579 tus
551 4535 714 4591 esset,
744 4525 874 4578 satis
905 4525 954 4580 id
990 4525 1176 4581 fuisset
1201 4526 1266 4582 ad
1307 4542 1402 4583 ora
1432 4528 1820 4599 impudentium
1846 4530 2021 4586 homi-

443 4630 569 4669 num
613 4613 928 4671 obturanda.
960 4616 1109 4670 Sicut
1147 4617 1290 4671 enim
1332 4618 1482 4673 multi
1520 4619 1714 4675 Christi
1752 4620 2020 4689 dicuntur,

446 4721 582 4760 unus
612 4715 787 4761 autem
818 4721 977 4762 verus
1006 4706 1252 4762 Christus
1279 4719 1360 4767 est
1394 4727 1407 4764 :
1440 4720 1497 4765 et
1534 4711 1684 4767 multi
1712 4711 1917 4767 domini
1940 4714 2025 4769 di-

443 4809 657 4863 cuntur,
690 4815 828 4855 unus
858 4814 987 4854 vero
1019 4800 1278 4855 Dominus
1312 4819 1325 4854 :
1354 4812 1409 4857 et
1449 4803 1602 4858 multi
1642 4802 1714 4858 dii
1754 4803 2022 4874 dicuntur,

444 4905 583 4945 unus
608 4905 735 4946 vero
765 4891 934 4956 Deus;
969 4891 1045 4945 sic
1070 4899 1124 4945 et
1148 4891 1298 4949 multi
1325 4891 1417 4946 filii
1447 4892 1715 4960 dicuntur,
1742 4912 1878 4951 unus
1901 4913 2028 4953 vero

447 4981 630 5046 Filius,
662 4992 820 5050 atque
847 4980 958 5050 ipsa
984 4981 1191 5035 articuli
1213 4980 1413 5037 additio
1435 4983 1689 5053 unigeniti
1718 4988 2028 5055 praecellen-

448 5074 573 5129 tiam
603 5073 731 5127 satis
754 5071 972 5127 indicat.
1002 5071 1249 5126 Attamen
1279 5088 1340 5128 ea
1368 5089 1425 5128 re
1450 5089 1555 5129 non
1577 5085 1876 5141 contentus.
1906 5094 2026 5134 cum

449 5165 693 5231 dixisset,
731 5164 891 5217 Deum
920 5180 1064 5219 nemo
1086 5164 1209 5220 vidit
1232 5182 1489 5236 umquam,
1517 5167 1810 5237 subjunxit,
1844 5170 2039 5242 Unige-

450 5259 584 5312 nitus
608 5256 791 5323 Filius,
820 5257 905 5328 qui
924 5266 998 5313 est
1018 5257 1069 5311 in
1092 5258 1205 5312 sinu
1230 5256 1422 5327 Patris,
1450 5260 1559 5329 ipse
1582 5264 1831 5331 exposuit.
1857 5264 2034 5319 Primo

453 5346 607 5415 dixit,
636 5347 939 5418 unigenitus,
960 5355 1012 5405 et
1041 5356 1247 5416 postea,
1281 5345 1464 5405 Filius.
1493 5348 1625 5403 Cum
1653 5351 1795 5406 enim
1818 5364 2035 5423 prepter

456 5439 687 5494 nominis
725 5437 1181 5504 communitatem,
1225 5439 1450 5509 gloriam
1494 5441 1611 5511 ejus
1652 5443 1891 5514 plerique
1932 5447 2035 5499 mi-

458 5540 644 5595 nuant,
673 5547 834 5586 unum
857 5531 995 5594 inter
1017 5532 1213 5595 multos
1238 5532 1383 5586 illum
1405 5548 1526 5590 esse
1553 5535 1655 5591 rati
1681 5553 1695 5591 :
1726 5535 1818 5592 ﬁlii
1843 5538 2039 5608 quippe

524 5665 540 5736 ξ
577 5664 650 5736 _sic
830 5670 881 5713 et
910 5662 1131 5726 plerique
1170 5665 1313 5715 codd.
1362 5673 1411 5715 In
1438 5666 1601 5718 Morel.
1645 5669 1788 5720 deest
1819 5672 2040 5736 verbum,

468 5724 851 5779 substantiatitcr.

1127 291 1181 347 S.
1218 289 1495 347 JOANNIS
1530 286 2003 346 CIIBYSOSTOMI
2035 286 2356 376 ~ARCIIIEP.
2399 287 2930 345 CONSTANTINOP.

3581 300 3683 355 ’132

2110 419 2302 460 nomen
2343 406 2591 462 oniuibus
2633 421 2916 463 commune
2959 415 3042 463 est
3072 426 3085 462 :
3117 403 3238 463 ideo
3277 409 3417 479 quod
3461 421 3542 466 est
3585 413 3684 484 ipsi

2106 496 2426 565 praecipuum
2451 504 2504 552 et
2529 498 2812 566 peculiare,
2833 497 2899 553 ad
2921 498 3230 569 nullumque
3250 498 3409 555 alium
3435 503 3681 572 pertinet,

2106 587 2413 656 praeposuit,
2463 602 2654 656 nempe
2700 589 2986 659 unigenitus
3012 606 3033 654 ,'
3081 598 3138 644 ut
3185 588 3309 645 hinc
3349 582 3559 659 eredas,
3607 594 3687 647 vel

2103 693 2386 734 commune
2434 678 2563 734 illud
2608 694 2712 734 non
2762 695 2887 736 vere
2925 695 3206 735 commune
3253 694 3404 748 esse,
3453 681 3548 737 sed
3594 684 3689 752 ipsi

2104 771 2383 840 proprium
2411 780 2466 827 et
2490 772 2780 842 peculiare,
2809 773 3115 845 neminique
3142 773 3370 829 aliorum
3394 783 3451 829 ut
3472 775 3549 829 illi
3574 789 3695 830 con-

2109 879 2318 921 ventre.

2173 977 2227 1033 4.
2266 976 2441 1046 thue
2464 977 2658 1033 clarius
2700 978 2752 1034 id
2789 977 3015 1045 evadat,
3061 993 3176 1035 rem
3205 978 3370 1035 iusius
3395 979 3693 1050 explicabo.

2110 1067 2317 1125 Nomen
2349 1070 2478 1125 illud
2501 1112 2517 1137 ,
2546 1069 2738 1138 Filius,
2771 1080 2822 1126 et
2852 1070 3157 1127 hominibus
3184 1081 3238 1126 et
3262 1071 3476 1127 Christo
3499 1086 3699 1129 conve-

2106 1160 2220 1225 nit;
2248 1160 2341 1215 sed
2367 1161 2518 1216 nobis
2539 1162 2705 1216 abusu
2731 1161 2982 1231 quodam,
3016 1161 3089 1216 illi
3125 1176 3251 1217 vero
3274 1163 3492 1233 proprie
3524 1179 3540 1215 :
3568 1160 3699 1219 illud

2105 1261 2307 1316 autem,
2337 1255 2647 1324 unigenitus,
2678 1254 2777 1324 ipsi
2806 1256 3079 1325 proprium
3101 1266 3202 1320 est,
3231 1256 3541 1326 neminique
3563 1255 3695 1310 aiio-

2110 1359 2229 1398 rum
2258 1345 2341 1399 vel
2367 1345 2587 1401 abusive
2629 1346 2899 1401 tribuitur.
2942 1346 3012 1402 Ut
3038 1347 3200 1416 igitur
3240 1347 3309 1402 ab
3345 1349 3698 1417 appellatione

2107 1440 2303 1495 nemini
2325 1448 2663 1509 competente
2684 1449 3033 1510 praeterquam
3061 1441 3157 1509 ipsi
3184 1440 3304 1507 soli,
3330 1443 3495 1496 etiam
3520 1441 3695 1508 aliam,

2104 1546 2224 1603 qua:
2253 1531 2433 1586 multis
2461 1532 2730 1598 tribuitur,
2760 1533 2857 1602 ipsi
2880 1533 3149 1602 propriam
3175 1548 3295 1589 esse
3320 1542 3557 1603 putares,
3584 1535 3701 1590 ideo

2106 1626 2250 1696 prius
2265 1625 2414 1691 dixit,
2436 1627 2736 1696 unigenitus,
2765 1636 3051 1696 pOSteaque
3069 1625 3251 1681 Filius.
3268 1626 3425 1694 Quod
3442 1628 3485 1682 si
3511 1644 3578 1683 ne
3595 1628 3704 1682 lucc

2104 1716 2314 1787 quidem
2333 1717 2425 1771 tibi
2448 1718 2576 1772 satis
2591 1704 2716 1783 sint,
2733 1718 2946 1771 tertium
2966 1717 3155 1772 addam
3173 1760 3186 1782 ,
3208 1717 3450 1788 illudque
3467 1735 3699 1774 crassum

2105 1821 2158 1864 et
2184 1809 2475 1865 humanum
2498 1850 2514 1873 ,
2542 1810 2635 1865 sed
2663 1809 2805 1895 quod
2832 1809 3001 1878 possit
3031 1819 3207 1864 tamen
3258 1809 3413 1864 humi
3461 1821 3703 1879 repentes

2106 1903 2173 1957 ad
2200 1902 2385 1973 gloriae
2412 1902 2670 1973 unigeniti
2696 1889 2938 1958 notitiam
2962 1903 3235 1959 reducere.
3259 1903 3403 1971 Quid
3429 1905 3554 1960 illud
3585 1889 3705 1959 est?

2108 1993 2211 2060 Qui
2236 2004 2307 2049 est
2335 1995 2387 2048 in
2410 1994 2525 2049 sinu
2550 1991 2745 2048 Patris.
2773 1994 3024 2049 Crassum
3064 1995 3191 2050 illud
3215 1996 3448 2050 verbum
3478 2006 3578 2058 est,
3608 1998 3697 2050 sed

2106 2086 2247 2156 quod
2270 2087 2399 2141 satis
2414 2086 2482 2141 sit
2496 2086 2559 2140 ad
2580 2087 2859 2157 genuinam
2877 2087 3134 2141 rationem
3155 2087 3706 2144 commonstrandamo

2110 2178 2155 2232 si
2182 2177 2630 2247 quemadmodum
2662 2178 2770 2232 Deo
2793 2178 2982 2233 deceat
3008 2178 3347 2248 intelligatur.
3395 2179 3543 2235 Sicut
3570 2179 3704 2233 ριιὶιιι

2109 2284 2230 2323 cum
2275 2271 2523 2323 thronum
2569 2268 2721 2323 andis
2764 2276 2819 2323 et
2865 2256 3101 2324 sedema
3132 2268 3379 2334 dextris,
3430 2284 3533 2324 non
3578 2284 3700 2325 vere

2111 2361 2360 2415 thronum
2383 2360 2638 2429 opinaris,
2666 2375 2766 2415 nec
2792 2360 2989 2428 locum,
3015 2376 3111 2416 nec
3132 2361 3707 2432 circumscriptionem,

2111 2451 2204 2507 sed
2233 2466 2263 2504 a
2294 2451 2472 2506 throni
2504 2450 2862 2520 appellatione
2890 2459 2946 2506 et
2971 2465 3000 2504 a
3027 2451 3169 2506 sedis
3199 2451 3466 2507 societate
3494 2452 3704 2508 honoris

2111 2541 2468 2611 tequalitatem
2490 2542 2877 2611 paritatemque
2898 2541 3178 2613 intelligis;
3207 2542 3359 2598 sieet
3395 2558 3513 2598 cum
3542 2545 3709 2599 sinum

2111 2636 2283 2699 audis,
2308 2649 2374 2689 ne
2400 2634 2572 2689 sinum
2598 2642 2748 2701 putes
2773 2648 2912 2700 esse,
2942 2649 3116 2704 neque
3138 2634 3314 2690 locum
3338 2650 3353 2699 ;
3394 2635 3489 2690 sed
3513 2650 3541 2689 a
3571 2634 3711 2692 sinus

2112 2741 2243 2781 voce
2307 2725 2750 2795 propinquitatem
2800 2733 2855 2778 et
2909 2723 3153 2779 ﬁduciam
3215 2725 3354 2793 apud
3421 2726 3706 2793 genitorem

2113 2818 2305 2887 cogita.
2338 2815 2468 2871 Nam
2495 2814 2634 2885 quod
2666 2815 2717 2868 in
2749 2816 2868 2870 sinu
2906 2826 3148 2871 versetur
3170 2857 3185 2883 ,
3219 2816 3269 2870 id
3313 2816 3521 2871 clarius
3566 2818 3712 2872 nobis

2115 2907 2254 2975 quod
2281 2907 2509 2977 genitori
2539 2907 2866 2977 propinquus
2896 2905 2965 2959 sit
2989 2905 3339 2972 demonstrat,
3379 2923 3539 2977 qnam
3564 2908 3701 2977 quod

2114 3014 2142 3052 a
2169 3000 2368 3054 dextris
2409 2999 2609 3053 sedeat.
2639 2999 2818 3068 Neque
2844 2999 2985 3054 enim
3010 2998 3165 3053 Pater
3191 3000 3243 3053 in
3289 3000 3419 3054 sinu
3446 3015 3543 3055 suo
3587 3015 3702 3056 esse

2118 3092 2310 3147 Filium
2332 3101 2620 3161 pateretur,
2645 3092 2746 3146 nisi
2767 3091 3006 3162 ejusdem
3029 3092 3338 3148 substantiae
3359 3101 3527 3158 esset,
3550 3108 3713 3163 neque

2115 3182 2229 3252 ipse
2256 3182 2444 3249 Filius,
2474 3182 2517 3237 si
2548 3182 2821 3238 inferioris
2845 3189 2991 3237 esset
3011 3192 3235 3250 naturas,
3267 3182 3320 3237 in
3350 3194 3580 3253 paterno
3598 3184 3710 3239 sinu

2116 3275 2317 3331 versari
2341 3277 2647 3331 sustineret.
2683 3275 2749 3330 Ut
2779 3274 2944 3329 Filius
2973 3289 3099 3345 ergo
3120 3281 3175 3330 et
3204 3275 3533 3345 unigenitus,
3557 3285 3710 3352 atque

2117 3367 2170 3422 in
2199 3368 2318 3423 sinu
2348 3375 2571 3437 paterno
2608 3382 2848 3432 versans,
2878 3367 3054 3421 omnia
3080 3382 3200 3437 qua:
3229 3366 3413 3422 Patris
3439 3376 3559 3422 sunt
3597 3383 3712 3437 per-

2117 3459 2256 3516 fecte
2300 3460 2462 3514 novit.
2511 3460 2848 3529 Quapmpter
2894 3458 2979 3513 his
3026 3458 3365 3529 Evangelista
3415 3460 3590 3516 verbis
3630 3468 3708 3515 est

2116 3566 2266 3616 usus,
2299 3558 2355 3604 ut
2380 3549 2500 3605 Filii
2530 3557 2828 3605 accuratam
2861 3563 3018 3618 quam
3061 3548 3129 3604 de
3155 3549 3310 3605 Patre
3336 3551 3501 3606 habet
3523 3550 3698 3620 cegni-

2117 3639 2318 3695 tionem
2348 3639 2644 3695 declararet
2685 3657 2698 3694 :
2754 3653 2875 3694 nam
2914 3639 2983 3696 de
3025 3640 3328 3710 cognitione
3373 3656 3554 3698 sermo
3581 3650 3707 3695 erat.

2118 3730 2271 3798 Quod
2315 3732 2416 3786 nisi
2459 3732 2528 3786 ita
2559 3740 2740 3796 esset,
2768 3747 2865 3786 cur
2904 3732 3053 3786 sinus
3079 3732 3455 3787 memoratur?
3498 3732 3626 3788 Nam
3667 3731 3711 3786 si

2118 3825 2258 3880 Deus
2277 3838 2381 3878 non
2404 3825 2473 3880 sit
2494 3838 2708 3893 corpus,
2737 3830 2795 3876 ut
2814 3837 2938 3877 vere
2962 3837 3066 3877 non
3094 3831 3196 3889 est,
3220 3838 3398 3892 neque
3417 3823 3711 3894 genuinitas

2118 3927 2175 3973 et
2235 3916 2599 3986 propinquitas
2651 3912 2769 3969 Filii
2824 3929 2948 3985 erga
3004 3914 3295 3984 genitorem
3348 3915 3709 3985 signiﬁcetur.

2114 4008 2316 4063 frustra
2358 4022 2421 4060 ac
2446 4006 2561 4060 sine
2584 4020 2743 4061 causa
2771 4004 2874 4060 hoc
2901 4005 3099 4060 dictum
3139 4004 3396 4073 injectum
3424 4005 3558 4068 fuit,
3590 4018 3706 4058 cum

2121 4100 2320 4154 nullius
2341 4099 2492 4153 nobis
2515 4098 2585 4152 sit
2606 4113 2755 4152 usus.
2780 4097 2970 4152 Verum
2995 4112 3101 4151 non
3127 4095 3323 4151 frustra
3339 4097 3591 4168 injectum
3612 4104 3707 4150 est:

2121 4192 2292 4257 absit;
2322 4204 2494 4259 neque
2513 4190 2655 4245 enim
2681 4197 2879 4244 temere
2900 4188 3129 4258 Spiritus
3157 4188 3424 4257 loquitur;
3457 4188 3548 4243 sed
3576 4202 3695 4257 pro-

2121 4280 2466 4352 pinquitatem
2511 4279 2629 4334 Filii
2669 4294 2793 4350 erga
2840 4282 3052 4334 Patrem
3081 4266 3363 4349 sig'niﬁcat.
3397 4280 3527 4334 Cum
3574 4277 3708 4333 enim

2125 4387 2238 4426 rem
2287 4384 2531 4440 magnam
2576 4370 2891 4424 asseruisset
2942 4368 3308 4437 Erangclista,
3360 4368 3503 4439 quod
3548 4381 3710 4436 neque

2127 4478 2355 4533 superna
2383 4471 2628 4518 creatura
2653 4463 2824 4530 ipsum
2853 4461 3027 4514 videat
3051 4503 3065 4526 ,
3118 4461 3168 4514 id
3197 4470 3282 4514 est
3305 4501 3320 4525 ,
3367 4458 3599 4530 perfecte
3625 4473 3715 4513 co.

2125 4563 2346 4626 gnoscat
2368 4596 2382 4616 .
2413 4563 2471 4609 ut
2497 4553 2598 4608 ﬁde
2639 4552 2854 4623 dignum
2886 4551 3043 4622 hujus
3086 4552 3158 4605 rei
3191 4552 3207 4583 ¹
3238 4552 3511 4607 doctorem
3556 4548 3713 4603 addu—

2130 4655 2296 4712 ceret,
2330 4646 2445 4701 haec
2489 4644 2653 4701 verba
2685 4645 2939 4714 protulit,
2970 4653 3029 4697 ut
3056 4644 3193 4713 Ipsi,
3229 4651 3482 4713 tanquam
3530 4641 3635 4695 ﬁlio
3661 4647 3711 4693 et

2130 4735 2406 4807 unigenito
2452 4738 2507 4791 in
2549 4737 2775 4806 sinuque
2823 4744 3043 4804 paterno
3072 4736 3342 4797 versanti,
3376 4735 3427 4787 in
3474 4731 3711 4787 omnibus

2134 4828 2290 4883 ﬁdem
2319 4828 2563 4893 haberes,
2593 4841 2767 4896 neque
2796 4826 3018 4881 ulterius
3046 4824 3340 4880 dubitares.
3370 4824 3425 4878 Si
3454 4822 3571 4892 quis
3593 4833 3712 4872 vero

2134 4938 2233 4978 nec
2261 4920 2592 4976 contentiose
2612 4933 2711 4973 nec
2739 4916 3074 4986 impudenter
3102 4930 3260 4985 agere
3280 4914 3406 4968 velit
3424 4953 3438 4975 ,
3492 4911 3709 4979 idipsmn

2134 5013 2484 5067 atternitatem
2545 5009 2897 5078 comprobare
2956 5007 3205 5062 dixerim.
3259 5000 3706 5072 Quemadmodum

2135 5105 2276 5160 enim
2306 5120 2367 5157 ex
2395 5104 2483 5157 illo
2510 5101 2576 5156 ad
2597 5102 2811 5172 Moysen
2837 5100 2999 5165 dicto,
3035 5098 3143 5169 Ego
3168 5114 3276 5151 sum
3297 5098 3384 5169 qui
3403 5112 3533 5159 sum,
3561 5103 3710 5146 teter-

2138 5196 2355 5250 nitatem
2384 5193 2701 5257 ediscimus;
2732 5192 2808 5245 sic
2832 5198 2886 5245 et
2911 5206 2976 5244 ex
3002 5189 3092 5243 illo
3116 5231 3130 5255 ,
3157 5188 3255 5254 Qui
3282 5199 3353 5241 est
3378 5187 3429 5239 in
3457 5186 3568 5239 sinu
3601 5180 3703 5233 Pa-

2139 5288 2229 5341 tris
2255 5285 2273 5358 (
2299 5284 2465 5339 Exod.
2497 5285 2549 5339 5.
2583 5285 2714 5354 li);
2762 5283 2931 5351 ipsmn
2959 5282 3027 5335 ab
3051 5289 3251 5334 tetcrnu
3294 5281 3344 5334 in
3389 5277 3505 5330 sinu
3551 5271 3710 5326 Patris

2140 5392 2260 5432 esse
2283 5390 2503 5447 arguere
2527 5388 2828 5445 possumus.
2857 5371 3009 5440 Quod
3037 5372 3211 5441 itaque
3232 5381 3487 5425 creatura:
3507 5362 3710 5419 cuilibet

2140 5467 2435 5524 substantia
2485 5465 2580 5521 Dei
2629 5464 2701 5521 sit
2743 5461 3293 5533 incomprehensibilis
3338 5458 3421 5514 his
3477 5453 3709 5509 omnibus

2144 5560 2565 5617 demonstratum
2610 5568 2711 5614 est.
2754 5557 2941 5614 Restat
2979 5565 3036 5611 ut
3084 5553 3429 5611 ostendamus
3458 5547 3639 5603 Filium
3667 5547 3716 5596 et

2208 5714 2222 5745 ί
2260 5712 2364 5774 Alii,
2388 5708 2531 5774 huius
2556 5711 2805 5775 dogmatis.
