4062 6166
159 260 226 315 751
1125 252 1215 308 DE
1251 250 1955 310 INCOMPREI'IENSIBILI
1997 250 2108 308 DEI
2147 251 2458 310 NATURA.
2502 254 2593 310 IV.

152 373 405 431 ἀσθένειαν.
450 370 502 423 '0
535 367 720 439 μέντοι
779 368 1029 440 Ἰωάννης
1066 369 1125 423 οὑ
1169 370 1297 440 περὶ
1334 370 1443 424 τῶν
1469 369 1775 443 ἀνθρώπων

149 460 252 532 φησὶ
273 458 421 531 μόνον
436 457 534 522 ὅτι,
563 455 673 512 Τὸν
702 456 851 511 Θεὸν
874 456 1073 522 οὐδεὶς
1094 455 1315 525 ἑώρακε
1337 457 1574 513 πώποτε
1588 475 1603 488 ·
1620 457 1779 513 τοῦτο

148 550 232 621 γάρ
250 546 396 618 δῆλον
422 540 488 616 ἦν
519 544 633 611 ἀπό
676 561 738 597 τε
768 543 875 598 τῶν
905 543 1214 615 εἰρημένων
1237 544 1475 612 τούτων,
1510 546 1610 617 τῆς
1641 564 1778 619 προ-

148 635 344 706 φητικῆς
374 633 585 704 ρήσεως
614 631 759 700 λέγω
790 631 994 704 ταύτης
1014 632 1115 703 τῆς
1141 632 1425 706 λεγούσης,
1460 635 1608 706 Ἐγὼ
1640 634 1778 703 ἀρά..

146 740 250 788 σεις
275 718 600 786 ὲπλήθυνα,
628 720 726 773 καὶ
745 719 817 772 ἐν
845 719 1016 788 χερσί
1040 718 1191 792 [475]
1222 721 1545 791 προφητῶν
1562 723 1780 793 ὡμοιώ-

148 814 254 879 θην,
282 808 369 862 καὶ
398 807 505 862 ἀπὸ
536 808 639 879 τῆς
668 807 807 879 πρὸς
844 807 937 861 τὸν
966 808 1209 863 Μωῦσέα
1238 811 1540 882 γενομένης
1566 813 1781 881 ἀποφά-

147 915 275 961 σεως.
307 895 544 950 Ἐκείνου
572 896 684 969 γὰρ
723 896 1122 967 ἐπιθυμοῦντος
1147 899 1309 953 αὑτὸν
1342 899 1470 954 ίδείν
1504 898 1781 972 ὀφθαλμο-

146 985 314 1054 φανῶς,
335 984 495 1055 φησιν
517 985 546 1037 6
569 983 722 1049 Θεὸς,
749 983 957 1051 Οὐδεὶς
977 985 1187 1054 ὄψεται
1209 984 1276 1041 τὸ
1301 989 1628 1057 πρόσωπόν
1638 1006 1780 1060 μου,

144 1073 221 1129 καί
244 1071 489 1140 ζήσεται.
523 1073 687 1126 Ὥστε
722 1072 883 1128 10610
921 1073 1083 1145 δῆλον
1106 1071 1176 1148 ἦν
1214 1078 1347 1149 ἡμῖν
1373 1080 1465 1133 καὶ
1497 1079 1778 1151 ὡμολογη-

148 1162 298 1233 μένον.
338 1161 412 1214 Οὑ
462 1161 646 1214 τοίνυν
680 1162 809 1233 περὶ
840 1162 939 1233 τῆς
968 1164 1246 1236 ἡμετέροις
1277 1164 1492 1235 φύσεώς
1523 1186 1656 1241 φησι
1687 1170 1784 1241 μό-

144 1264 224 1319 νης
247 1247 415 1313 τοῦτο,
457 1247 597 1302 ἀλλά
648 1248 747 1301 καὶ
779 1249 908 1322 περὶ¹
943 1251 1054 1303 τῶν
1081 1253 1194 1306 ἀνω
1217 1252 1499 1325 δυνάμεων
1524 1256 1607 1321 16,
1636 1257 1786 1312 Θεὸν

144 1336 311 1402 οὐδεὶς
335 1335 559 1403 ἑώρακε
591 1334 827 1390 πώποτε
844 1353 857 1366 °
881 1337 969 1392 διὰ
997 1338 1155 1393 τοῦτο
1178 1341 1388 1397 καὶτὸν
1413 1346 1673 1416 μονογενῆ
1704 1345 1784 1400 δι-

143 1423 373 1478 δάσκαλον
409 1423 623 1492 εἰσάγει
654 1425 750 1479 τοῦ
777 1425 1067 1497 δόγματος.
1093 1426 1211 1483 Ἵνα
1237 1428 1346 1502 γὰρ
1386 1432 1459 1502 μή
1500 1449 1585 1495 τις
1610 1432 1744 1506 λέγῃ
1766 1449 1781 1463 ’

145 1511 278 1564 πόθεν
322 1510 480 1565 τοῦτο
513 1512 708 1583 δῆλον;
741 1514 1023 1583 ἐπήγαγεν
1046 1533 1059 1546 ·
1098 1516 1162 1569 '0
1186 1518 1526 1588 μονογενὴς
1559 1519 1712 1588 Υἱὸς,
1753 1524 1787 1576 ό

142 1597 209 1652 ὢν
235 1600 314 1665 εις
333 1599 438 1653 τὸν
467 1602 706 1656 κόλπον
733 1602 839 1657 τοῦ
875 1602 1127 1671 Πατρός,
1161 1604 1346 1672 αὐτὸς
1375 1606 1785 1677 ἐξητήσατοα,

143 1687 417 1753 ἀξιόπιστον
444 1690 687 1759 εἰσάγων
718 1690 813 1745 τοῦ
834 1691 1102 1763 δόγματος
1134 1693 1389 1766 μάρτυρα
1410 1697 1505 1750 καὶ
1529 1697 1788 1752 διδάσκα-

142 1778 230 1829 λον.
257 1775 441 1831 Καίτοι
463 1779 518 1831 εί
548 1778 642 1832 καὶ
668 1779 729 1832 τὸ
747 1781 1026 1846 Μωῡσέως
1059 1783 1189 1852 ἡμῖν
1212 1781 1602 1855 παραδηλῶσαι
1631 1784 1789 1838 ἐϐού-

141 1864 257 1929 λετο,
275 1866 525 1938 περιττὸν
546 1862 615 1938 ἦν
641 1868 836 1933 εἰπεῖν,
860 1870 943 1923 ὅτι
976 1870 1005 1922 6
1039 1870 1332 1943 μονογενὴς
1372 1873 1700 1943 ἐξηγήσατο⁶
1727 1874 1787 1927 οὑ

141 1953 229 2025 γὰρ
255 1955 285 2007 ό
310 1954 650 2024 μονογενὴς
676 1956 861 2023 αὐτὸς
887 1955 1230 2027 ἐξηγήσατο
1268 1959 1319 2024 1),
1362 1958 1499 2013 ἀλλὰ
1532 1960 1626 2013 καὶ
1660 1960 1790 2032 πρὶν

140 2046 166 2116 ἦ
193 2045 270 2101 τὸν
309 2047 563 2119 Ἰωάννην
599 2048 776 2103 ταῦτα
814 2052 988 2103 εἰπεῖν
1008 2092 1022 2114 ,
1056 2051 1131 2116 ὡς
1165 2052 1316 2123 παρά
1342 2052 1435 2106 106
1467 2055 1790 2124 μονογενοῦς

140 2135 399 2204 ἀκηκοότα,
435 2135 604 2207 δῆλον
636 2139 767 2207 ήμῖν
799 2138 829 2191 6
862 2139 1150 2212 προφήτης
1200 2140 1498 2212 πεποίηκεν
1532 2143 1608 2207 ὡς
1655 2145 1792 2215 ἀκη-

142 2222 258 2286 κοὼς
290 2223 436 2297 παρά
459 2225 564 2279 τοῦ
594 2224 756 2280 Θεοῦ.
779 2225 920 2280 Ἀλλ’
937 2228 1126 2299 ἐπειδὴ
1154 2229 1317 2283 πλέον
1346 2229 1455 2284 τῶν
1487 2231 1611 2284 τότε
1640 2235 1792 2304 είρη-

142 2311 299 2381 μένων,
315 2312 547 2382 ἔμελλεν
582 2314 715 2384 ἡμῖν
750 2313 1138 2382 ἐκκαλύπτειν,
1156 2317 1240 2369 ὅτι
1267 2316 1391 2370 οὔτε
1421 2319 1476 2372 αἱ
1500 2318 1614 2373 ἄνω
1640 2318 1794 2372 δυνά-

141 2415 243 2467 μεις
265 2399 420 2453 αὑτὸν
451 2400 653 2472 ὁρῶσι,
679 2399 770 2454 διά
796 2400 957 2455 τοῦτο
988 2404 1200 2473 εἰσάγει
1228 2405 1321 2458 τὸν
1354 2407 1619 2478 μονογενῆ
1645 2406 1788 2461 διδά-

140 2486 324 2540 σκαλον.
351 2487 592 2558 Ὄρασιν
635 2487 691 2541 δέ
742 2489 980 2544 ἐνταῦθα
1021 2491 1122 2562 τὴν
1158 2491 1360 2560 γνῶσιν
1404 2489 1546 2546 εἶναι
1580 2494 1788 2563 νόμιζε.

138 2571 201 2624 Οὐ
227 2572 326 2644 γάρ
353 2574 417 2645 δὴ
441 2575 614 2646 κόραι
647 2576 743 2630 καὶ
776 2576 1002 2647 ὄμματα
1036 2578 1130 2630 καὶ
1176 2578 1499 2651 βλεφαρίδες
1528 2581 1657 2651 περὶ
1693 2580 1791 2646 τάς

137 2661 426 2731 ἀσωμάτους
458 2663 759 2734 δυνάμεις·
789 2664 902 2718 ἀλλ’
925 2666 1062 2736 ὅπερ
1104 2666 1190 2735 ἐφ’
1219 2670 1252 2734 ή
1263 2666 1378 2737 μῶν
1408 2668 1555 2720 ἐστιν
1580 2668 1790 2739 ὅρασις,

136 2748 269 2802 τοῦτο
296 2751 378 2803 ἐπ’
412 2751 648 2805 ἐκείνων
677 2751 897 2821 γνῶσις.
929 2753 1091 2809 Ὥστε
1121 2754 1250 2808 ὅταν
1270 2754 1506 2827 ἀκούσῃς
1540 2756 1622 2808 ὅτι
1645 2757 1795 2810 Θεὸν

137 2836 304 2905 οὐδεὶς
327 2838 558 2908 ἑώρακε
582 2839 842 2904 πώποτε,
873 2843 1052 2895 ἐκεῖνο
1075 2841 1263 2912 νόμιζε
1300 2842 1540 2908 ἀκούειν,
1581 2844 1663 2897 ὅτι
1704 2845 1793 2898 τὸν

137 2923 246 2978 Θεὸν
277 2927 445 2991 οὐδεὶς
500 2927 650 2996 ἔγνω
700 2928 974 2994 οὑσιωδῶς
1002 2940 1025 2969 ο
1071 2930 1210 3001 μετά
1243 2930 1526 3002 ἀκριϐείας
1553 2932 1789 3004 ἀπάσης.

137 3012 228 3065 Καὶ
250 3006 523 3086 περὶτῶν
552 3016 807 3087 Σεραφὶμ
826 3016 882 3070 δέ
906 3017 1033 3070 ὅταν
1069 3017 1311 3091 ἀκούσῃς
1331 3019 1416 3072 ὅτι
1445 3018 1794 3092 ἀπέστρεψαν

134 3104 240 3166 τοὺς
259 3101 603 3174 ὀφθαλμοὺς,
632 3103 726 3157 καὶ
754 3104 852 3176 τὴν
880 3103 1004 3173 ὄψιν
1040 3105 1331 3177 ἐτείχισαν,
1356 3107 1450 3161 καὶ
1491 3106 1562 3160 τὰ
1585 3108 1794 3180 Χερου-

135 3191 218 3262 ϐὶμ
239 3192 311 3261 δὲ,
326 3194 406 3247 611
426 3194 494 3248 16
529 3193 662 3247 αὑτὸ
682 3195 844 3248 τοῦτο
871 3195 1035 3249 πάλιν
1055 3197 1340 3268 ἐποίησαν,
1359 3198 1434 3270 μὴ
1459 3199 1791 3271 ὀφθαλμοὺς,

137 3278 249 3349 μηδέ
275 3282 439 3352 κόρας
466 3278 623 3335 εἶναι
644 3282 834 3353 νόμιζε
861 3298 876 3313 ⁸
910 3283 1181 3355 σωμάτων
1208 3285 1317 3358 γὰρ
1341 3279 1496 3351 οὗτος
1523 3289 1552 3340 6
1579 3304 1795 3359 σχημα-

133 3369 295 3439 τισμός
314 3385 328 3399 ·
352 3369 497 3425 ἀλλά
544 3369 635 3423 διὰ
659 3369 866 3424 τούτων
895 3370 995 3443 τὴν
1023 3372 1228 3443 γνῶσιν
1252 3374 1432 3428 αὑτῶν
1461 3375 1794 3429 αίνίττεσθαι

132 3454 325 3509 πίστευε
354 3456 446 3510 16v
480 3457 806 3529 προφήτην.
845 3458 1016 3513 Ὅταν
1053 3454 1147 3514 οὖν
1179 3459 1313 3533 λέγῃ
1344 3462 1372 3513 6
1407 3463 1693 3533 προφήτης
1713 3463 1795 3517 ὅτι

136 3543 622 3611 συγκαταϐαίνοντα
650 3544 895 3601 τὸνΒεὸν
921 3547 1049 3600 ίδεῖν
1072 3547 1174 3602 οὐκ
1205 3548 1465 3619 ἤνεγκαν,
1490 3549 1643 3604 οὐδὲν
1668 3551 1795 3604 ἄλλο

134 3626 275 3698 λέγει,
310 3632 427 3685 ἀλλ’
455 3633 490 3704 ἢ
526 3633 617 3686 ὅτι
657 3632 758 3705 τὴν
785 3633 987 3703 γνῶσιν
1036 3635 1202 3690 αὑτοῦ
1236 3637 1655 3710 τετρανωμένην
1700 3640 1796 3693 καὶ

133 3717 309 3792 ἀκριϐῆ
334 3721 438 3793 τῆς
470 3720 841 3792 καταλήψεως
868 3724 1110 3792 ἐνεγκεῖν
1132 3724 1193 3778 οὑ
1223 3724 1498 3791 δύνανται,
1527 3726 1647 3780 οὐδὲ
1677 3728 1797 3781 τολ-

136 3805 286 3875 μῶσιν
316 3809 515 3873 ἀτενὲς
556 3809 685 3863 ἰδεῖν
714 3810 850 3881 πρὸς
876 3811 976 3880 τὴν
991 3812 1265 3885 ἀκραιφνῆ
1295 3813 1390 3867 καὶ
1427 3813 1685 3884 ἀκέραιον
1705 3816 1796 3868 οὑ-

137 3892 254 3960 σίαν,
299 3896 417 3951 ἀλλ’
445 3895 579 3952 οὑδέ
628 3895 767 3968 πρὸς
799 3898 971 3969 αὐτὴν
1012 3897 1113 3969 τὴν
1161 3899 1588 3967 συγκατάϐασιν.
1622 3901 1695 3954 Τὸ
1738 3903 1796 3955 δέ

134 3982 296 4049 ἀτενές
326 3984 461 4038 ίδείν
492 3984 560 4039 τὸ
596 3984 795 4052 γνῶναι
827 3985 963 4040 ἐστί.
995 3983 1095 4040 Διά
1130 3986 1288 4040 τοῦτο
1326 3988 1421 4041 καὶ
1449 3987 1479 4041 6
1514 3988 1798 4058 εὐαγγελι-

136 4072 244 4142 στής
292 4073 451 4136 εἰδὼς
512 4073 596 4135 ὡς
639 4073 740 4126 οὑκ
783 4072 932 4126 ἐστιν
984 4073 1333 4146 ἀνθρωπίνης
1383 4075 1597 4144 φύσεως
1626 4077 1687 4130 τὸ
1727 4076 1796 4130 τά

135 4157 332 4212 τοιαῦτα
370 4161 606 4222 ειδέναι,
639 4162 732 4214 καὶ
761 4161 843 4215 ὅτι
881 4160 1004 4214 οὑδέ
1036 4164 1158 4224 ταῖς
1190 4162 1302 4216 ἀνω
1335 4160 1599 4234 δυνάμεσι
1628 4164 1799 4218 κατά-

131 4242 311 4315 ληπτός
344 4251 504 4303 ἐστιν
530 4250 561 4302 6
613 4249 775 4313 θεὸς,
808 4247 970 4303 αὑτὸν
995 4248 1086 4303 τὸν
1126 4249 1192 4303 ἐκ
1225 4246 1416 4314 δεξιῶν
1459 4249 1626 4304 αὑτοῦ
1665 4252 1798 4305 καθ-

134 4332 309 4401 ήμενον
335 4336 434 4391 καὶ
467 4336 653 4391 ταῦτα
674 4335 916 4408 ἀκριϐῶς
944 4337 1302 4408 ἐπιστάμενον
1328 4338 1566 4410 παράγει
1589 4338 1682 4393 106
1714 4340 1799 4394 66-

133 4434 317 4488 γματος
349 4425 491 4496 ἡμῖν
520 4423 713 4478 τούτου
743 4423 1089 4481 διδάσκαλον·
1115 4425 1209 4479 καὶ
1247 4425 1370 4480 οὑδέ
1397 4426 1584 4492 ἁπλῶς
1619 4423 1796 4491 εἶπεν.

133 4506 289 4575 ὖΥῑός
313 4528 327 4542 ’
364 4512 557 4566 καίτοι
595 4512 690 4567 καὶ
716 4515 765 4566 εί
799 4512 962 4567 τοῦτο
985 4514 1220 4585 εἰρήκει,
1260 4512 1443 4566 ἱκανὸν
1482 4509 1551 4586 ἦν
1582 4514 1799 4570 ἐπιστο-

136 4594 267 4662 μίσαι
297 4599 366 4655 τά
393 4598 514 4653 τῶν
548 4601 917 4671 ἀναισχύντων
936 4602 1209 4676 στόματα.
1228 4602 1438 4671 Ὥσπερ
1477 4601 1586 4674 γὰρ
1615 4602 1801 4658 πολλοὶ

132 4687 320 4750 χριστοὶ
358 4686 677 4758 λεγόμενοι,
707 4689 736 4740 6
764 4689 823 4742 66
846 4687 1055 4760 ἀληθὴς
1097 4688 1335 4761 Χριστὸς
1359 4685 1460 4752 εἷς,
1484 4690 1580 4744 καὶ
1614 4691 1800 4745 πολλοὶ

133 4768 289 4841 κύριοι
311 4773 632 4845 λεγόμενοι,
662 4777 689 4828 6
713 4774 771 4830 δὲ
800 4774 1005 4849 Κύριος
1038 4770 1140 4841 εἷς,
1180 4775 1274 4829 καὶ
1297 4775 1483 4829 πολλοὶ
1507 4776 1618 4831 θεοὶ
1646 4777 1801 4847 λεγό-

134 4872 285 4935 μενοι.
319 4863 348 4914 6
373 4862 434 4916 66
464 4861 605 4926 Θεὸς
644 4857 725 4927 εἷς
745 4861 919 4925 ὀὑτω
956 4864 1050 4918 καὶ
1094 4863 1281 4918 πολλοὶ
1307 4863 1413 4917 υίοὶ
1439 4863 1745 4935 λεγόμενοι.
1774 4867 1802 4919 6
1827 4872 1831 4875 ’

130 4941 175 4994 δι
200 4933 322 5011 1'13;
358 4943 465 5013 εἷς,
502 4950 596 5003 καὶ
629 4950 663 5021 ἡ
694 4950 789 5004 τοῦ
816 4951 1019 5024 ἄρθρου
1057 4950 1340 5024 προσθήκη
1379 4951 1537 5023 ἱκανὴ
1563 4933 1624 5005 εδ
1657 4953 1803 5020 ἐξαί-

131 5046 267 5100 ρετον
285 5035 465 5102 δεῖξαι
500 5035 598 5090 τοῦ
643 5038 1001 5108 Μονογενοῦς.
1046 5039 1374 5112 Ἀλλ’ὄμως
1410 5041 1511 5095 οὑκ
1555 5040 1800 5115 ἠρκέσθη

130 5118 305 5192 τούτῳ,
339 5124 464 5176 ἀλλ’
493 5124 701 5194 εἰπὼν,
738 5127 887 5181 Θεὸν
918 5126 1120 5193 οὐδεὶς
1153 5126 1373 5196 ἑώρακε
1411 5127 1678 5194 πώποτε,
1706 5129 1796 5182 ἐπ-

132 5205 339 5278 ήγαγεν,
388 5211 459 5265 '0
478 5213 824 5283 μονογενὴς
850 5216 982 5282 Υἱὸς
1012 5218 1045 5269 ό
1073 5213 1159 5270 ὢν
1181 5217 1267 5281 εὶς
1296 5215 1405 5269 τὸν
1438 5217 1672 5270 κόλπον⁹
1695 5217 1802 5271 τοῦ

132 5295 363 5365 Πατρός,
377 5299 578 5368 αὐτὸς
601 5300 963 5372 ἐξηγήσατο.
981 5302 1253 5375 Πρότερον
1282 5299 1405 5357 εἷπε
1428 5305 1799 5374 Μονογενὴς,

130 5383 205 5439 καὶ
222 5388 342 5443 τότε
380 5390 563 5455 Υἱόςο
590 5393 777 5464 ἐπειδὴ
813 5393 924 5465 γὰρ
963 5393 1149 5447 πολλοὶ
1182 5393 1269 5448 διά
1302 5394 1404 5464 τὴν
1434 5394 1576 5467 πρὸς
1598 5394 1663 5449 16
1686 5394 1804 5449 δνο-

134 5484 195 5536 μα
239 5476 543 5531 κοινωνίαν
573 5479 965 5553 ὑποτέμνονται
1006 5481 1171 5536 αὑτοῦ
1223 5481 1320 5553 τὴν
1349 5481 1539 5551 δόξαν,
1567 5483 1662 5538 ἕνα
1693 5482 1803 5538 τῶν

180 5637 301 5705 {Sic
325 5641 555 5705 mgxfma
577 5654 687 5705 pars
727 5657 845 5695 mss.
890 5643 1063 5693 Morel.
1103 5656 1224 5692 vero
1258 5648 1512 5705 μονογενής
1550 5641 1692 5697 αὐτὸς
1729 5640 1803 5705 ii:

128 5702 345 5777 ξηήσατο.
376 5702 517 5767 Infra
544 5702 605 5760 ὡς
636 5704 876 5768 ἀκηκοώς,
919 5707 991 5755 sic
1024 5705 1176 5755 iidem
1208 5702 1322 5755 més.
1350 5702 1521 5756 Morel.
1570 5711 1736 5753 autem
1774 5704 1803 5751 6

184 5798 551 5893 ίξηίξῖεξνεφο,
572 5826 624 5874 οὐ
643 5826 788 5893 γὰρ...
816 5828 1097 5893 ἐξηγήσατο,
1121 5829 1428 5893 ςςειὶιιιὶηζιυε
1453 5822 1689 5893 εκεεειοίι.
1712 5823 1803 5893 Eo.

188 5886 212 5920 ⁸
234 5887 313 5936 Sic
340 5886 503 5939 Savil.
538 5893 588 5937 et
610 5886 832 5956 pl‘er'ique
852 5886 1023 5955 τοδε,
1048 5886 1098 5942 ili
1123 5890 1293 5942 Morel.
1316 5890 1561 5949 οὑσιωδὼς
1582 5888 1744 5940 deest.

3449 253 3558 311 7'52

1886 367 2096 422 πολλῶν
2112 365 2249 424 εἶναι
2275 371 2595 442 νομίζοντες
2614 370 2778 426 αὑτόν
2792 386 2804 400 ⁸
2836 369 2900 426 16
2923 371 3030 446 γὰρ
3058 373 3172 437 υίὸς
3190 371 3349 427 τοῦτο
3376 373 3557 427 κοινόν

1882 457 2030 510 ἐστιν
2062 456 2233 529 ὄνομα
2260 456 2410 531 [476]
2439 462 2655 513 πάντων
2680 459 2847 530 ’ὅπερ
2876 460 3025 513 ἐστὶν
3061 459 3340 530 ἐξαίρετον
3386 458 3556 513 αὑτοῦ

1883 546 1981 599 καὶ
2011 544 2140 599 ἴδιον
2165 547 2261 600 καὶ
2293 547 2468 601 οὐδενὶ
2499 547 2606 601 τῶν
2640 547 2818 602 ἄλλων
2847 548 3049 620 προσὸν
3069 589 3084 614 ,
3109 548 3322 602 τέθεικε
3357 547 3559 620 πρότε-

1889 652 2001 707 ρον,
2028 636 2090 689 16
2109 636 2479 708 Μονογενὴς,
2504 637 2591 692 ίνα
2624 638 2737 693 ἀπὸ
2772 636 2966 691 τούτου
2994 638 3317 712 πιστεύσῃς,
3350 640 3434 692 ὅτι
3463 638 3560 691 καὶ

1884 724 1947 778 16
1995 726 2171 779 κοινὸν
2212 727 2369 781 τοῦτο
2411 728 2511 781 οὐκ
2562 728 2677 781 ἐστι
2719 726 2920 792 κοινὸν,
2951 726 3068 781 ἀλλ’
3104 729 3234 783 ῐδιον
3268 728 3433 783 αὑτοῦ
3467 730 3560 782 καὶ

1886 812 2076 886 κύριόν
2125 816 2264 882 ἐστι,
2300 816 2396 870 καὶ
2437 817 2613 872 οὐδενὶ
2654 815 2765 871 τῶν
2811 815 2987 870 ἀλλων
3025 816 3199 885 οὕτως
3245 820 3322 884 ὼς
3364 816 3561 890 ἐκείνῳ

1888 903 2111 976 προσόν.

1955 992 2019 1047 6'.
2050 991 2161 1044 Καὶ
2201 991 2288 1046 ἵνα
2336 992 2666 1066 σαφέστερον
2701 994 2730 1049 ὃ
2767 996 2910 1067 λέγω
2944 998 3191 1069 γένηται,
3228 992 3562 1064 πλατύτερον

1888 1079 2019 1134 αὑτδ
2043 1077 2205 1134 πάλιν
2232 1080 2362 1152 ἐρῶ.
2389 1082 2463 1135 T6
2484 1084 2613 1150 υίὸς
2643 1083 2813 1158 ὄνομα
2832 1086 3088 1159 πρόσεστι
3117 1084 3212 1139 καὶ
3234 1081 3562 1155 ἀνθρώποις,

1890 1169 2150 1241 πρόσεστι
2192 1170 2288 1223 καὶ
2334 1169 2411 1241 τῷ
2458 1171 2702 1244 Χριστῷ,
2750 1174 2865 1228 ἀλλ’
2905 1174 3039 1246 ἡμῖν
3085 1171 3562 1244 καταχρηστικῶς,

1890 1257 2084 1331 ἐκείνῳ
2110 1259 2167 1312 66
2196 1259 2420 1332 κυρίωςο
2437 1260 2500 1314 16
2516 1259 2573 1314 δὲ
2596 1261 2943 1331 Μονογενὴς
2962 1261 3127 1316 αὑτοῦ
3152 1261 3312 1332 μόνον
3337 1259 3453 1313 ἐστὶ
3471 1258 3564 1311 καὶ

1890 1346 2068 1400 οὐδενὶ
2099 1346 2209 1401 τῶν
2245 1347 2422 1403 ἄλλων
2454 1348 2575 1403 οὑδέ
2603 1349 3061 1424 καταχρηστικῶς
3102 1349 3415 1421 πρόσεστιν.
3446 1347 3567 1399 ’Ὶνα

1890 1429 1985 1488 οὗν
2018 1434 2128 1489 ἀπὸ
2154 1435 2256 1506 τῆς
2290 1436 2662 1509 προσηγορίας
2699 1437 2799 1508 τῆς
2825 1438 2999 1491 οὐδενὶ
3034 1436 3368 1509 προσούσης,
3393 1432 3563 1504 ἀλλ’ἢ

1893 1522 2041 1595 αὐτῷ
2075 1524 2240 1595 μόνῳ,
2263 1524 2356 1579 καὶ
2389 1525 2487 1596 τὴν
2522 1525 2690 1601 ἀλλην
2723 1524 2824 1599 τὴν
2854 1528 2970 1590 τοῖς
3002 1525 3219 1588 πολλοῖς
3259 1521 3568 1595 προσοῦσαν

1893 1612 2059 1666 αὑτοῦ
2091 1615 2287 1685 κυρίαν
2332 1611 2469 1667 εἶναι
2508 1613 2768 1688 νομίσῃς,
2797 1615 2886 1670 διὰ
2919 1614 3082 1668 τοῦτο
3123 1613 3389 1685 πρότερον
3415 1606 3569 1664 εἶπεν

1893 1696 1922 1748 6
1952 1696 2319 1768 Μογογενὴς,
2351 1698 2444 1750 καὶ
2470 1697 2589 1751 τότε
2630 1700 2780 1765 Υἱός.
2817 1699 2880 1753 Εἰ
2914 1699 2971 1753 δέ
2999 1699 3100 1754 οὑκ
3126 1700 3290 1771 ἀρκεῖ
3326 1713 3408 1749 σοι
3447 1692 3569 1748 οὐδὲ

1894 1785 2096 1847 ταῦτα,
2132 1784 2300 1856 φησὶ,
2347 1785 2491 1854 λέγω
2525 1788 2619 1841 καλ¹
2656 1787 2845 1859 ἕτερον
2892 1788 3104 1863 τρίτον,
3146 1786 3292 1858 παχὺ
3338 1785 3434 1857 μέν
3474 1781 3569 1836 καὶ

1896 1872 2254 1944 ἀνθρώπινον,
2279 1874 2461 1928 ἱκανὸν
2483 1874 2540 1928 δέ
2572 1877 2666 1930 καὶ
2697 1878 2823 1950 τοὺς
2853 1878 3029 1949 χαμαὶ
3059 1879 3324 1949 ἕρποντας
3357 1876 3438 1937 εἰς
3468 1872 3570 1942 τὴν

1895 1960 2102 2015 ἔννοιαν
2123 1960 2222 2032 τῆς
2243 1960 2335 2014 τοῦ
2366 1962 2691 2031 μονογενοῦς
2716 1963 2873 2035 δόξης
2894 1965 3215 2034 ἀναγαγεῖν.
3241 1961 3305 2015 Τί
3329 1961 3386 2014 δέ
3414 1958 3570 2012 τοῦτό

1896 2049 2078 2115 ἐστιν;
2113 2049 2174 2102 '0
2215 2046 2299 2101 ὢν
2324 2052 2413 2116 εἰς
2459 2049 2568 2104 τὸν
2617 2052 2852 2106 κόλπον
2888 2050 2994 2104 τοῦ
3029 2050 3285 2123 Πατρός,
3324 2048 3477 2118 Παχὺ
3509 2046 3572 2100 τὸ

1900 2137 2072 2209 ῥῆμα,
2108 2137 2223 2191 ἀλλ’
2257 2138 2439 2192 ἱκανὸν
2469 2137 2807 2203 ἐνδείξασθαι
2836 2136 2932 2209 τὴν
2961 2138 3314 2209 γνησιότητα,
3355 2137 3421 2190 ἂν
3455 2134 3572 2189 θεο-

1898 2223 2126 2297 πρεπῶς
2164 2224 2507 2296 ἐκλάϐωμεν.
2551 2226 2760 2297 Ὥσπερ
2786 2212 2917 2298 ’γὰρ
2966 2224 3181 2279 ἀκούων
3223 2224 3434 2295 θρόνον,
3479 2223 3573 2275 καὶ

1898 2314 1992 2385 τὴν
2029 2315 2094 2367 ἐκ
2117 2312 2304 2380 δεξιῶν
2336 2313 2622 2383 καθέδραν,
2658 2313 2718 2367 οὑ
2749 2313 2938 2387 θρόνον
2984 2311 3413 2382 ὑπολαμϐάνεις,
3450 2308 3573 2363 οὑδέ

1897 2401 2060 2455 τόπον
2082 2401 2176 2454 καὶ
2205 2401 2573 2474 περιγραφὴν,
2592 2402 2707 2456 ἀλλ’
2735 2404 2801 2456 ἐκ
2829 2403 2927 2472 τῆς
2954 2401 3047 2455 106
3073 2400 3264 2473 θρόνου
3296 2416 3574 2472 προσηγο-

1901 2490 2043 2561 ρίας,
2074 2491 2170 2543 καὶ
2222 2491 2321 2561 τῆς
2353 2490 2494 2544 κατά
2537 2492 2637 2564 τὴν
2685 2491 2952 2563 καθέδραν
3001 2490 3321 2553 κοινωνίας,
3371 2489 3431 2542 16
3477 2489 3574 2559 τῆς

1899 2579 2068 2651 τιμῆς
2119 2578 2538 2650 ἀπαράλλακτον
2586 2581 2680 2634 καὶ
2733 2580 2877 2635 ἴσον·
2908 2579 3052 2634 οὕτω
3105 2580 3199 2634 καὶ
3239 2579 3333 2634 τὸν
3374 2579 3574 2633 κόλπον

1899 2667 2136 2731 ἀκούων,
2174 2668 2248 2740 μὴ
2280 2667 2480 2721 κόλπον
2508 2662 2649 2723 εῖναι
2678 2666 2886 2738 νόμιζε,
2922 2668 3057 2738 μηδὲ
3096 2667 3283 2733 τόπον,
3324 2666 3442 2721 ἀλλ’
3466 2667 3575 2720 ἀπὸ

1898 2756 1997 2827 τῆς
2029 2753 2123 2808 τοῦ
2158 2755 2362 2809 κόλπου
2387 2752 2758 2827 προσηγορίας
2781 2754 2880 2826 τὴν
2907 2755 3043 2825 πρὸς
3077 2754 3168 2809 τὸν
3210 2755 3577 2826 γεγεννηκότα

1900 2841 2177 2912 ἐγγύτητα
2217 2842 2313 2895 καὶ
2351 2841 2451 2913 τὴν
2498 2842 2815 2914 παρρησίαν
2854 2842 3195 2914 ἐκλάμϐανε·
3236 2841 3328 2897 106
3367 2843 3477 2912 γὰρ
3513 2844 3578 2895 ἐκ

1899 2928 2089 2996 δεξιῶν
2119 2927 2392 2999 καθῆσθαι
2427 2929 2490 2981 16
2516 2928 2594 3000 τῷ
2634 2928 2819 3000 κόλπῳ
2855 2929 3222 2986 ἐνδιαιτᾶσθαι
3257 2929 3439 3002 πολλῷ
3481 2946 3579 2983 σα-

1902 3019 2162 3090 φέστερον
2188 3019 2323 3089 ἡμῖν
2342 3016 2440 3089 τὴν
2469 3017 2607 3088 πρὸς
2626 3016 2718 3071 16v
2738 3018 3106 3089 γεγεννηκότα
3133 3016 3408 3089 ἐγγύτητα
3428 3017 3580 3090 δηλοῖ

1901 3105 1996 3160 καὶ
2024 3104 2371 3177 παρίστησιν.
2405 3102 2543 3158 Οὔτε
2574 3103 2684 3176 γὰρ
2721 3104 2787 3159 ἂν
2820 3106 2848 3158 6
2889 3103 3080 3176 Πατὴρ
3104 3106 3364 3176 ἠνέσχετο
3410 3105 3468 3157 ἐν
3500 3105 3578 3177 τῷ

1901 3193 2087 3266 κόλπῳ
2124 3193 2216 3247 16v
2255 3192 2383 3246 Υίὸν
2430 3191 2605 3262 ἔχειν,
2656 3193 2705 3245 εί
2751 3193 2826 3263 μὴ
2868 3192 2969 3264 τῆς
3018 3192 3190 3263 αὐτῆς
3235 3191 3425 3256 οὐσίας
3462 3187 3575 3263 ἦν,

1901 3280 2011 3335 061’
2056 3282 2122 3336 ἂν
2167 3282 2374 3344 ἐκεῖνος
2428 3279 2722 3352 ὑπέμεινεν
2771 3279 3170 3354 ὑποδεεστέρας
3238 3279 3455 3350 φύσεως
3500 3280 3579 3333 ὣν

1904 3366 2267 3424 ἐνδιαιτᾶσθαι
2310 3366 2389 3438 τῷ
2431 3367 2619 3440 κόλπῳ
2646 3367 2726 3438 τῷ
2777 3366 3049 3439 πατρικῷ.
3103 3368 3192 3432 Ὧς
3217 3367 3362 3433 ,Υἱὸς
3399 3367 3580 3422 τοίνυν

1901 3456 1995 3510 καὶ
2026 3455 2337 3528 Μονογενὴς
2364 3456 2458 3510 καὶ
2482 3456 2541 3510 ἐν
2580 3454 2660 3527 τῷ
2686 3455 2873 3526 κόλπῳ
2895 3454 3185 3528 διατρίϐων
3214 3455 3292 3527 τῷ
3325 3456 3579 3529 πατρικῷ

1902 3544 2080 3599 πάντα
2107 3543 2177 3598 τά
2196 3543 2290 3597 τοῦ
2318 3543 2531 3615 Πατρός
2559 3543 2847 3598 ἐπίσταται
2875 3541 3121 3615 ἀκριϐῶς
3141 3559 3154 3574 θ
3178 3543 3266 3599 διὰ
3299 3543 3457 3601 τοῦτο
3483 3547 3581 3599 καὶ

1899 3634 2105 3689 τούτων
2144 3632 2338 3705 ἐδεήθη
2369 3632 2478 3685 τῶν
2522 3632 2782 3705 ῥημάτων
2820 3633 2850 3685 6
2891 3632 3316 3705 εὐαγγελιστὴς,
3358 3634 3449 3689 ἵνα
3478 3635 3581 3706 τὴν

1901 3721 2103 3794 ἀκριϐῆ
2140 3720 2235 3774 τοῦ
2267 3719 2397 3774 Υίοῦ
2440 3721 2769 3792 παραστήσῃ
2806 3719 3009 3788 γνῶσιν
3049 3720 3149 3793 τὴν
3181 3721 3313 3793 περὶ
3343 3720 3439 3775 τοῦ
3468 3723 3580 3776 Πα-

1899 3811 2045 3882 τρός,
2074 3810 2211 3882 Περὶ
2234 3808 2344 3882 γὰρ
2382 3809 2638 3879 γνώσεως
2672 3806 2741 3882 ἦν
2772 3811 2802 3862 6
2841 3809 3027 3879 λόγος⁹
3058 3811 3184 3864 ἐπεὶ
3216 3812 3268 3866 εί
3308 3812 3383 3885 μὴ
3422 3812 3580 3868 τοῦτό

1902 3901 2038 3965 ἐστι,
2069 3898 2212 3962 τίνος
2250 3898 2436 3952 ἕνεκεν
2455 3899 2483 3951 6
2515 3897 2717 3962 κόλπος
2753 3897 3163 3970 παρείληπται;
3196 3899 3259 3954 Εἰ
3286 3900 3394 3975 γὰρ
3439 3903 3579 3974 μήτε

1904 3986 2065 4058 σῶμά
2089 3988 2238 4039 ἐστιν
2266 3987 2294 4040 6
2321 3985 2472 4050 Θεὸς,
2503 3984 2692 4056 ὥσπερ
2713 3981 2806 4040 οὖν
2834 3985 2959 4038 οὑδὲ
2986 3985 3124 4049 ἐστι,
3161 3990 3297 4060 μήτε
3323 3987 3423 4060 τὴν
3448 4005 3582 4062 γνη-

1905 4075 2129 4144 σιότητα
2161 4073 2254 4127 καὶ
2285 4073 2385 4146 τὴν
2431 4071 2709 4143 ἐγγύτητα
2750 4071 2850 4143 τὴν
2890 4072 3028 4145 πρὸς
3072 4072 3164 4126 16v
3202 4077 3578 4146 ,γεγεννηκότα

1900 4161 2069 4232 δηλοῖ,
2105 4159 2293 4224 ἁπλῶς
2331 4160 2425 4214 καὶ
2473 4158 2596 4230 είκῆ
2629 4158 2692 4212 16
2734 4159 2883 4232 ῥῆμα
2929 4159 3360 4232 προσέῤῥιπται,
3390 4163 3578 4235 χρείαν

1903 4250 2034 4320 ἡμῖν
2063 4247 2321 4319 οὐδεμίαν
2348 4245 2610 4319 πληροῦν.
2646 4246 2785 4299 Ἀλλ’
2815 4247 2914 4317 οὐχ
2943 4245 3131 4311 ἁπλῶς
3154 4249 3576 4321 προσέῤῥιπται,

1907 4337 1982 4408 μὴ
2013 4335 2223 4404 γένοιτο
2245 4351 2260 4366 ο
2290 4334 2441 4387 οὑδέν
2470 4333 2578 4405 γὰρ
2608 4334 2731 4405 είκῆ
2761 4333 2823 4387 16
2848 4332 3072 4404 Πνεῦμα
3098 4334 3415 4405 φθέγγεται,
3441 4336 3581 4393 ἀλλὰ

1902 4424 2001 4496 τὴν
2042 4422 2319 4493 ἐγγύτητα
2358 4420 2450 4475 106
2488 4420 2621 4475 Υίοῦ
2662 4421 2761 4492 τὴν
2807 4421 2945 4492 πρὸς
3000 4421 3093 4477 τὸν
3137 4422 3355 4496 Πατέρα
3406 4424 3578 4498 δηλοῖ.

1917 4511 2135 4582 Ἐπειδὴ
2165 4510 2273 4582 γάρ
2297 4509 2442 4581 μέγα
2472 4509 2790 4580 ἀπεφήνατο
2825 4511 2853 4563 6
2896 4508 3309 4583 εὑαγγελιστὴς,
3340 4512 3422 4566 ὅτι
3453 4512 3578 4569 οὔτε

1905 4605 1940 4674 ή
1961 4601 2074 4657 άνω
2101 4598 2276 4663 κτίσις
2303 4596 2466 4653 αὑτὸν
2485 4599 2606 4669 ὁρᾷ,
2629 4597 2772 4651 1061’
2799 4596 2936 4664 ἔστι,
2959 4597 3218 4667 γινώσκει
3248 4599 3409 4653 αὐτὸν
3439 4602 3580 4672 μετὰ

1905 4688 2221 4761 ἀκριϐείας,
2264 4686 2583 4758 βουλόμενος
2632 4683 2943 4751 ἀξιόπιστον
2977 4686 3271 4757 ἐπιστῆσαι
3309 4685 3403 4739 106
3439 4687 3582 4758 πρά-

1906 4791 2119 4846 γματος
2145 4773 2464 4829 διδάσκαλον
2495 4772 2543 4838 ἀ,
2579 4771 2751 4827 ταῦτα
2795 4772 2864 4827 τά
2895 4773 3120 4846 ῥήματα
3170 4770 3446 4837 τέθεικεν,
3492 4773 3582 4828 ἵνα

1907 4864 2002 4919 καὶ
2036 4863 2110 4927 ὡς
2142 4861 2255 4934 Υίῷ
2289 4862 2383 4916 καὶ
2417 4862 2494 4926 ὡς
2522 4862 2817 4931 Μονογενεῖ
2847 4862 2942 4916 καὶ
2983 4861 3058 4925 ὡς
3090 4859 3473 4932 ἐνδιατρίϐοντι
3502 4860 3581 4932 τῷ

1908 4951 2093 5021 κόλπῳ
2120 4949 2197 5022 τῷ
2238 4948 2489 5021 πατρικῷ
2525 4950 2653 5020 περὶ
2683 4948 2900 5004 πάντων
2926 4948 3247 5025 πιστεύσῃς,
3283 4948 3375 5003 καὶ
3415 4949 3580 5021 μηδὲν

1905 5040 2223 5112 ἀμφιϐἀλῃς
2250 5039 2456 5094 λοιπόν.
2478 5039 2543 5093 Εἰ
2568 5038 2625 5092 δέ
2657 5055 2740 5101 τις
2770 5037 2845 5109 μὴ
2879 5036 3230 5108 φιλονεικοίη,
3268 5036 3402 5108 μηδὲ
3431 5036 3583 5092 ἀναι-

1911 5130 2155 5202 σχυντεῖν
2179 5126 2440 5198 βούλοιτο,
2463 5125 2557 5180 καὶ
2582 5124 2675 5179 106
2709 5125 2879 5179 ἀϊδίου
2898 5123 3054 5179 τοῦτό
3080 5142 3222 5196 φημι
3245 5121 3384 5179 εἶναι
3409 5142 3583 5197 παρκ-

1912 5216 2185 5272 στατικόν.
2215 5216 2427 5286 ’Ὠσπερ
2455 5213 2564 5285 γὰρ
2608 5210 2668 5277 ἐξ
2698 5211 2914 5283 ἐκείνης
2941 5211 3042 5282 τῆς
3078 5215 3288 5284 ῥήσεως
3315 5215 3414 5287 τῆς
3445 5214 3582 5285 πρὸς

1908 5307 2001 5361 τὸν
2025 5305 2228 5360 Μωσέα
2250 5302 2554 5374 λεχθείσης,
2593 5299 2734 5371 Ἐγώ
2757 5301 2874 5368 εἰμι
2897 5302 2930 5353 ό
2957 5299 3063 5365 ὢν,
3092 5299 3153 5354 τὸ
3176 5301 3347 5357 ἀΐδιον
3378 5301 3584 5374 ἐκλαμ-

1910 5395 2166 5465 ϐάνομεν,
2202 5390 2375 5453 οὕτως
2407 5388 2498 5442 καὶ
2526 5390 2591 5442 ἐκ
2631 5387 2733 5458 τῆς
2769 5387 2981 5457 ρήσεως
3025 5387 3234 5456 ταύτης
3275 5387 3578 5463 λεγούσης,

1921 5484 1976 5536 Ὁ
1998 5481 2084 5536 ὢν
2107 5482 2177 5535 ὲν
2201 5478 2326 5544 τοῖς
2359 5478 2610 5542 κόλποις
2636 5473 2745 5529 τοῦ
2770 5472 3019 5543 Πατρός,
3051 5473 3111 5528 16
3137 5474 3322 5539 ἀϊδίως
3351 5472 3491 5531 εῖναι
3523 5478 3584 5547 ἐν

1908 5573 2023 5635 τοῖς
2052 5569 2274 5631 κόλποις
2308 5565 2403 5619 106
2451 5562 2599 5637 [477]
2634 5562 2849 5635 Πατρὸς
2880 5561 3105 5630 δυνατὸν
3142 5562 3414 5620 ἐκλαϐεῖν.
3458 5565 3582 5636 Ὅτι

1915 5659 2013 5730 μέν
2041 5653 2134 5712 οὖν
2164 5658 2232 5727 τῇ
2267 5655 2441 5708 κτίσει
2475 5651 2624 5724 πάσῃ
2656 5649 3036 5722 ἁκατάληπτος
3061 5652 3097 5725 ή
3118 5650 3273 5705 οὐσία
3301 5649 3394 5709 τοῦ
3419 5650 3579 5723 Θεοῦ,

1979 5812 2009 5852 ει
2031 5813 2129 5864 Alii
2153 5807 2237 5858 106
2260 5808 2535 5869 πράγματος
2561 5804 2866 5868 διδάσκαλον,
2891 5802 2976 5855 λιιι
2996 5800 3082 5854 1'06
3103 5803 3334 5869 δόγματος
3351 5802 3582 5865 διδάσκῃ

1916 5879 2016 5927 λον.
2047 5875 2153 5926 Mox
2183 5870 2266 5923 νηί
2290 5872 2347 5920 τὰ
2370 5873 2555 5937 ῥήματα
2575 5869 2751 5927 έθηκεν.
