4062 6166
231 339 330 395 733

227 454 479 525 Spiritum
501 460 742 514 sanctum
758 458 1030 517 dumtaxat
1046 463 1191 519 illum
1208 470 1606 527 accuratissime
1626 487 1823 542 cogno-

232 546 611 604 scere.Verum
632 566 694 605 ea
714 566 772 606 re
787 553 853 607 ad
871 554 1027 608 aliam
1051 555 1461 626 disputationem
1481 564 1727 628 remissa,
1757 579 1824 619 ne

227 636 488 693 dictorum
519 643 671 711 copia
702 645 1009 700 memoriam
1035 647 1425 707 confundamus
1445 695 1459 719 ,
1507 653 1573 708 ad
1613 656 1822 709 solitam

226 727 652 787 exhortationem
690 749 988 789 sermonem
1025 747 1415 796 convertamus.
1445 743 1697 811 Quwnam
1735 745 1822 799 illa

231 821 389 876 solita
439 821 785 879 exhortatio?
813 825 877 882 Ut
905 828 1119 885 assidue
1162 833 1389 887 orationi
1436 845 1614 892 mente
1645 837 1823 892 sobria

230 909 481 979 vigilique
525 914 706 969 animo
744 915 1132 975 incumbamus.
1178 922 1389 978 Etenim
1420 940 1591 996 nuper
1616 927 1715 981 hac
1756 927 1825 983 de

230 1015 284 1054 te
314 1014 410 1057 vos
436 1002 758 1074 alloquutus,
781 1021 969 1064 omnes
1007 1012 1110 1067 vidi
1137 1024 1382 1085 prompto
1408 1018 1586 1072 animo
1619 1034 1822 1074 morem

227 1094 776 1158 gerererAbsurdum
819 1114 948 1154 sane
973 1113 1154 1169 esset,
1186 1105 1231 1158 si
1257 1120 1378 1161 cum
1426 1109 1700 1179 segniores
1729 1126 1825 1166 vos

232 1180 391 1235 video
420 1182 697 1254 obiurgem
723 1225 740 1252 ,
770 1202 889 1242 cum
916 1204 1044 1245 vero
1070 1203 1214 1249 recte
1235 1196 1389 1266 agitis
1421 1212 1524 1252 non
1552 1198 1785 1254 laudem.

298 1269 507 1327 Laudat
552 1274 885 1334 Antiochenos
944 1283 1079 1352 quod
1124 1287 1328 1340 monitis
1378 1288 1482 1342 suis
1550 1289 1811 1358 obsequuti

228 1363 353 1418 sint.
374 1394 448 1405 -—
465 1365 710 1423 Laudare
740 1370 897 1440 igitur
923 1387 1017 1429 vos
1047 1373 1204 1431 hodie
1231 1377 1372 1444 volo,
1403 1380 1706 1452 gratiasque
1726 1397 1822 1436 vo-

231 1454 312 1509 bis
337 1456 480 1512 illius
500 1458 860 1531 obsequentia:
885 1463 1140 1520 reddere:
1169 1469 1366 1537 gratias
1409 1479 1584 1525 autem
1609 1473 1676 1526 ita
1698 1472 1822 1527 red-

229 1546 421 1601 demus
445 1588 460 1612 ,
491 1550 539 1604 si
564 1565 660 1604 vos
682 1551 1050 1620 docuerimus,
1077 1571 1181 1626 qua
1217 1558 1284 1614 de
1312 1574 1472 1615 causa
1500 1562 1613 1616 haec
1653 1564 1823 1619 oratio

162 1634 169 1643 “
228 1645 424 1692 caetera
472 1642 773 1711 praecedat,
814 1653 870 1699 et
911 1661 1006 1701 cur
1032 1647 1387 1706 dmmoniacos
1428 1654 1480 1718 ί,
1526 1668 1591 1707 ac
1639 1664 1821 1710 mente

228 1736 416 1797 captos
440 1739 567 1787 tunc
584 1732 845 1789 Diaconus
867 1736 1041 1793 induci
1066 1748 1139 1804 ,et
1157 1741 1326 1809 capita
1352 1743 1821 1814 inclinarejubeat.

228 1818 341 1873 Cur
362 1836 495 1892 ergo
518 1826 596 1878 sic
620 1827 759 1894 agit?
783 1826 918 1882 Mala
944 1830 1221 1900 gravisque
1252 1842 1438 1888 catena
1484 1843 1565 1889 est
1609 1837 1824 1906 agitatio

230 1908 537 1967 daemonum
562 1932 577 1979 ;
605 1924 813 1984 catena,
844 1919 1056 1989 inquam
1078 1961 1093 1987 ,
1122 1922 1263 1977 ferro
1292 1925 1533 1980 validior.
1561 1918 1825 1995 Quemad-

242 2006 457 2059 modum
489 2007 841 2077 igiturjudice
866 2012 1162 2081 prodituro,
1192 2024 1248 2068 ut
1271 2016 1322 2070 in
1344 2018 1555 2073 excelso
1578 2019 1824 2075 tribunali

234 2097 438 2165 sedeat,
461 2101 694 2155 carceris
719 2103 966 2158 custodes
1006 2105 1250 2162 detentns
1275 2124 1459 2165 omnes
1484 2111 1704 2166 eductos
1724 2113 1822 2167 do-

235 2190 431 2242 micilio
469 2202 594 2246 ante
638 2193 903 2248 cancellos
944 2204 998 2250 et
1037 2198 1312 2253 tribunalis
1361 2202 1478 2255 vela
1520 2202 1821 2269 collocant,

153 2267 159 2272 ’
234 2282 531 2350 squalidos,
550 2285 844 2350 sordentes,
874 2288 1041 2356 passis
1062 2289 1264 2357 capillis
1284 2333 1298 2357 ,
1326 2291 1506 2346 εοὶετιίς
1527 2294 1713 2363 pannis
1739 2294 1824 2347 in-

234 2371 431 2430 dutos:
464 2373 531 2426 ita
558 2374 744 2430 Patres
765 2377 1058 2432 faciendmn
1088 2388 1421 2448 statuerunt,
1446 2384 1657 2453 quando
1687 2385 1827 2439 futu-

232 2478 349 2515 rum
377 2472 460 2518 est
481 2473 542 2518 ut
564 2465 805 2522 Christus
828 2482 922 2522 ct-u
955 2470 1005 2523 in
1036 2472 1250 2525 exrelso
1274 2473 1519 2528 tribunali
1542 2475 1745 2544 sedeat,
1771 2477 1821 2530 itt

230 2551 466 2623 ipsisque
494 2557 763 2625 mysteriis
802 2569 1093 2628 appareat,
1126 2572 1184 2617 ut
1225 2564 1427 2619 scilicet
1470 2566 1780 2622 dazmoniaci
1806 2609 1821 2635 ,

229 2644 378 2712 quasi
409 2645 574 2700 vincti
606 2646 819 2716 quidam
847 2649 1182 2720 inducantur,
1215 2670 1318 2709 non
1348 2664 1404 2709 ut
1433 2671 1590 2725 poena
1615 2659 1822 2728 suppli-

236 2734 428 2805 cioque
471 2733 801 2804 afficiantur,
832 2740 927 2794 sed
957 2750 1010 2794 ut
1055 2744 1249 2813 papula
1289 2746 1523 2817 urbeque
1550 2757 1656 2803 tcta
1683 2750 1839 2817 intus,

235 2834 495 2892 praesente
521 2841 833 2885 communes
859 2833 1269 2901 supplicationes
1301 2835 1487 2892 ﬁerent
1513 2878 1528 2905 ,
1576 2841 1826 2897 omnibus

233 2917 410 2972 animo
447 2936 553 2974 uno
578 2936 916 2980 communem
942 2927 1221 2984 Dom'num
1267 2931 1478 2987 illorum
1506 2936 1673 3005 gratia
1706 2953 1823 3006 pre-

235 3012 474 3068 cantibus
497 3054 513 3081 ,
542 3031 837 3087 magnaque
864 3033 991 3075 voce
1017 3022 1432 3078 misericordiam
1461 3029 1820 3096 poscentibus.

310 3103 364 3157 5.
415 3103 600 3159 Talem
627 3108 787 3174 igitur
811 3112 1104 3166 orationum
1128 3113 1435 3171 deserentes
1461 3118 1817 3188 increpabant,

238 3193 320 3262 qui
350 3194 440 3248 illo
465 3205 710 3266 tempore
741 3198 869 3255 foris
893 3203 1257 3259 versabantur.
1286 3205 1433 3261 Nunc
1457 3224 1549 3262 eos
1568 3209 1655 3279 qui
1686 3209 1824 3265 intus

237 3298 449 3341 manent
479 3288 724 3345 itncusare
755 3294 908 3359 volo;
940 3307 1047 3349 non
1076 3286 1218 3366 quod
1245 3310 1527 3363 maneant,
1557 3301 1648 3356 sed
1682 3303 1823 3372 quod

236 3375 373 3430 intus
402 3378 563 3446 positi
592 3381 761 3436 nihilo
785 3383 995 3447 melius,
1024 3400 1184 3454 quam
1216 3387 1251 3441 ii
1277 3389 1362 3457 qui
1391 3389 1606 3457 absunt,
1641 3371 1707 3447 se
1725 3371 1823 3448 ha;

240 3466 392 3522 beant
417 3508 433 3535 ,
467 3468 597 3523 dum
646 3470 915 3528 horrendo
944 3475 1035 3529 illo
1076 3487 1313 3548 tempore
1342 3490 1528 3534 mutuo
1565 3482 1819 3537 confabu~

238 3559 427 3614 lantur.
461 3561 600 3629 Quid
632 3565 744 3632 agis
768 3605 783 3630 ,
832 3581 865 3620 o
890 3566 1090 3621 homo?
1118 3567 1220 3623 Tot
1247 3585 1313 3624 ex
1346 3569 1566 3625 fratrum
1613 3584 1818 3627 tuorum

233 3667 454 3707 numero
489 3654 697 3710 vinctos
726 3671 889 3726 prope
914 3659 1092 3713 cernis
1115 3700 1132 3726 ,
1159 3671 1212 3714 et
1238 3670 1292 3715 tu
1321 3661 1390 3716 de
1414 3663 1572 3717 rebus
1599 3663 1728 3717 nihil
1755 3664 1822 3718 ad

235 3752 285 3797 te
313 3745 702 3814 pertinentibus
726 3747 1014 3806 fabularis?
1047 3752 1125 3805 An
1152 3754 1233 3807 vel
1258 3756 1369 3822 ipse
1391 3754 1536 3809 solus
1562 3758 1636 3811 rei
1664 3771 1823 3826 aspe-

234 3844 348 3890 ctus
378 3851 487 3891 non
516 3846 568 3893 te
598 3848 771 3907 potest
794 3838 1065 3896 deterrere
1091 3849 1145 3896 et
1164 3842 1232 3897 ad
1261 3844 1677 3899 misericordiam
1704 3861 1822 3916 per-

235 3927 480 3983 trahere?
508 3928 698 3985 Frater
727 3939 846 3985 tuus
872 3933 922 3986 in
946 3933 1189 3999 vinculis,
1218 3944 1271 3989 ct
1297 3944 1350 3989 tu
1379 3935 1432 3989 in
1453 3937 1678 4006 segnitie
1704 3953 1825 3992 ver-

234 4021 369 4075 saris
387 4023 411 4072 ζ’
440 4020 577 4088 Qua,
605 4037 805 4091 quaeso,
833 4024 983 4078 venia
1009 4025 1195 4097 dignus
1226 4028 1350 4092 eris,
1382 4030 1459 4083 sic
1482 4030 1819 4094 inhumanus,

234 4109 646 4177 immisericors,
678 4113 880 4168 durus?
908 4116 1097 4170 Annon
1119 4117 1273 4172 times
1304 4134 1369 4181 ne
1406 4128 1456 4174 te
1481 4119 1822 4174 confabulan-

235 4209 363 4268 tetn,
388 4202 625 4272 segniter
645 4211 910 4275 agentem,
935 4207 1309 4277 negligentem,
1332 4209 1539 4266 daemon
1560 4212 1819 4281 quispiam

235 4291 358 4347 inde
382 4294 656 4360 exsiliens,
675 4306 949 4353 vacantem
967 4300 1247 4370 scopisque
1269 4301 1572 4357 mandatam
1589 4305 1819 4358 animam

237 4392 379 4439 tuam
411 4385 566 4442 facile
591 4388 841 4455 invadat,
874 4401 1106 4445 reserata
1151 4392 1314 4447 domo
1340 4395 1585 4463 reperta?
1629 4398 1818 4451 Annon

234 4486 504 4544 oporteret
522 4494 709 4535 omnes
732 4481 820 4535 illo
840 4491 1078 4552 tempore
1100 4484 1360 4555 lacrymas
1379 4486 1650 4541 effundere
1673 4528 1686 4548 .
1712 4503 1822 4542 ma-

237 4570 481 4624 dentibus
498 4584 618 4625 esse
638 4571 827 4640 oculis,
851 4570 1005 4627 fletus
1024 4576 1355 4644 gemituSque
1389 4592 1483 4646 per
1523 4576 1812 4632 Ecclesiatn

239 4662 443 4716 audiri?
467 4663 590 4718 Post
618 4665 989 4735 mysteriorum
1011 4671 1459 4731 communionem,
1489 4679 1605 4738 post
1628 4670 1822 4725 lavacri

240 4752 463 4807 fructum
487 4794 504 4818 ,
535 4765 653 4824 post
681 4756 864 4811 initam
908 4772 1029 4812 cum
1057 4758 1269 4813 Christo
1294 4760 1598 4815 societatem
1623 4801 1638 4826 ,
1668 4763 1823 4832 lupus

238 4843 322 4900 ille
349 4848 520 4916 potuit
544 4863 608 4903 ex
647 4849 769 4903 ovili
794 4865 959 4921 agnos
986 4866 1195 4921 rapere,
1228 4859 1283 4906 et
1302 4867 1462 4921 penes
1485 4868 1543 4907 se
1569 4852 1818 4917 retinere;

242 4945 294 4989 ιιι
322 4952 452 4993 vero
481 4948 684 4995 tantam
713 4956 940 4997 cernens
962 4943 1316 4998 calamitatem
1350 4959 1453 4998 non
1481 4944 1551 4998 lat
1565 4945 1822 5016 rytnaris?

236 5028 350 5094 Quo
376 5040 533 5100 pacto
554 5031 667 5086 bzec
692 5034 895 5102 possint
913 5035 1155 5089 excnSari
1173 5034 1197 5087 ἲ
1216 5035 1330 5089 Non
1357 5036 1436 5089 vis
1457 5033 1632 5089 fratris
1652 5035 1820 5090 vicem

234 5121 460 5177 dolere?
493 5123 693 5178 Saltem
735 5140 830 5193 pro
869 5134 920 5180 te
945 5134 1123 5181 metue
1147 5136 1201 5181 et
1230 5126 1618 5195 expergiscere.
1659 5125 1713 5181 Si
1739 5125 1823 5180 vi-

234 5214 340 5268 cini
368 5215 443 5268 tui
474 5215 692 5269 domum
721 5216 1045 5285 conﬂagrare
1074 5216 1284 5271 videres
1309 5259 1323 5283 ,
1367 5217 1573 5271 etiamsi
1617 5217 1663 5271 is
1700 5233 1821 5270 om-

233 5308 377 5363 nium
405 5307 499 5364 tibi
531 5309 924 5366 inimicissimus
960 5326 1102 5366 esset
1124 5354 1137 5375 ,
1165 5326 1340 5366 annon
1368 5325 1677 5366 accurrercs
1700 5352 1715 5376 ,
1763 5320 1819 5364 ut

232 5400 537 5457 incendium
566 5402 922 5473 restingueres
986 5404 1188 5458 veritus
1217 5418 1282 5458 ne
1312 5402 1610 5457 incendium
1643 5401 1824 5470 paula-

235 5494 325 5548 tim
357 5509 583 5564 serpens
612 5492 758 5549 fores
793 5502 911 5549 tuas
952 5494 1260 5550 invaderet?
1290 5494 1522 5564 ldipsum
1549 5495 1598 5546 in
1625 5492 1823 5546 dtemo-

232 5588 400 5643 niacis
429 5585 609 5657 cogita
630 5626 644 5651 ,
675 5601 796 5640 nam
822 5586 1122 5641 daemonum
1154 5586 1370 5656 agitatio
1399 5601 1495 5640 ceu
1523 5583 1822 5640 incendium

295 5705 313 5735 ι
348 5709 419 5752 De
436 5701 793 5764 energumenis
811 5708 862 5751 et
876 5701 1189 5764 daemoniaeis
1206 5702 1265 5764 in
1284 5700 1541 5751 Ecclesiam
1569 5700 1822 5764 mysterio-

233 5776 335 5811 rum
358 5762 820 5828 t_emporé;inductis
841 5776 868 5812 a
906 5764 1109 5828 Diacono
1146 5762 1363 5824 pluribus
1384 5774 1602 5828 agemus,
1622 5762 1718 5812 ubi
1756 5764 1821 5810 dc

233 5823 422 5892 nturgia
445 5823 500 5878 et
520 5824 857 5878 celebratione
880 5823 1235 5881 mysteriorum.

1149 322 1954 425 DE_I‘NCOMPREHENSIBILI
1999 364 2105 418 DEI
2147 365 2447 424 NATURA.
2493 370 2583 427 IV.

3399 381 3513 439 731

1929 480 2193 548 quoddam
2223 484 2505 541 exitiosum
2537 499 2636 544 est.
2665 489 2808 546 Cave
2850 507 2979 564 ergo
3007 508 3076 549 ne
3114 494 3327 552 daemon
3377 503 3510 555 ultra

1929 585 2244 641 progressus
2264 576 2496 632 animam
2524 579 2736 635 invadat
2760 590 2901 637 tuam
2924 601 2937 637 :
2961 599 3022 639 ac
3046 601 3166 640 cum
3198 597 3514 657 praesentem

1927 660 2124 716 videris
2150 704 2165 727 ,
2193 664 2473 736 diligenter
2513 669 2579 723 ad
2625 671 2906 727 Dominum
2944 674 3252 744 confugias:
3296 685 3355 730 ut
3396 692 3514 731 cum

1926 751 2136 807 daemon
2165 762 2217 810 te
2245 758 2423 813 animo
2446 758 2671 816 ferventi
2700 765 3034 836 excitatoque
3060 767 3283 832 viderit,
3312 769 3513 823 nullum

1928 846 2027 901 sibi
2061 848 2202 915 apud
2234 859 2285 905 te
2316 851 2516 908 aditum
2544 870 2662 910 esse
2704 857 2980 927 intelligat.
3020 860 3076 916 Si
3111 861 3252 917 enim
3292 872 3343 916 te
3372 862 3513 916 osci-

1928 948 2127 995 tantem
2170 953 2223 996 et
2252 958 2471 1014 segnem
2512 947 2741 1014 viderit,
2785 959 2842 1004 ut
2866 950 3135 1007 desertum
3166 952 3514 1008 diversorium

1929 1029 2173 1098 invadet;
2205 1033 2285 1089 sin
2312 1034 2616 1105 vigilan'em
2641 1047 2695 1092 et
2724 1039 3003 1105 intentum,
3031 1042 3276 1111 czelisque
3304 1042 3506 1095 lueren-

1931 1130 2057 1187 tem,
2088 1140 2154 1178 ne
2180 1126 2372 1179 intueri
2394 1126 2606 1197 quidem
2632 1129 2864 1184 audebit.
2889 1130 3069 1201 Itaque
3093 1131 3139 1186 si
3169 1131 3381 1186 fratrem
3411 1146 3514 1185 non

1927 1228 2120 1280 curas,
2168 1216 2357 1272 saltem
2412 1219 2501 1272 tibi
2524 1220 2741 1274 consule
2772 1261 2787 1284 ,
2832 1221 3131 1292 animaeque
3175 1233 3278 1276 tua:
3317 1222 3515 1276 aditum

1927 1305 2158 1375 maligno
2179 1306 2409 1362 dacmoni
2436 1310 2674 1365 occlude.
2698 1311 2838 1366 Nihil
2860 1321 3036 1367 autem
3062 1313 3282 1382 perinde
3312 1314 3407 1382 ipsi
3437 1314 3518 1367 in-

1927 1382 2167 1463 gressum
2196 1398 2262 1451 ad
2297 1413 2394 1453 nos
2423 1401 2707 1456 occludere
2735 1402 2892 1469 solet,
2925 1412 3084 1472 atque
3109 1405 3280 1458 oratio
3302 1413 3355 1459 et
3381 1418 3510 1471 sup-

1928 1485 2138 1553 plicatio
2158 1487 2390 1542 assidua.
2423 1488 2552 1543 Nam
2579 1490 2721 1560 quod
2750 1492 3010 1546 Diaconus
3035 1492 3282 1547 omnibus
3326 1493 3519 1562 praeci-

1928 1575 2036 1645 piat
2060 1575 2142 1630 his
2166 1579 2376 1634 verbis:
2408 1578 2577 1634 Erecti
2602 1589 2786 1636 stemus
2811 1582 2961 1653 probe
2986 1584 3005 1654 (
3026 1580 3269 1654 Liturgia:
3301 1581 3446 1637 verba
3468 1581 3511 1653 ),

1928 1681 2032 1719 non
2063 1665 2258 1722 frusua
2290 1675 2594 1740 temereque
2623 1680 2876 1725 statutum
2905 1680 2980 1726 est
3003 1688 3019 1739 ;
3044 1671 3138 1727 sed
3168 1683 3226 1726 ut
3254 1671 3400 1725 humi
3427 1685 3518 1726 re-

1927 1765 2111 1826 pentes
2138 1759 2486 1828 cogitationes
2506 1761 2793 1839 erigamus,
2817 1770 2977 1831 utque
3002 1763 3280 1831 segnitiem
3308 1761 3520 1815 saacula.

1935 1848 2084 1903 ribus
2107 1850 2251 1904 curis
2279 1858 2482 1919 partam
2504 1852 2778 1920 ejicientes
2797 1894 2811 1918 ,
2845 1861 3044 1907 rectam
3069 1868 3247 1907 coram
3275 1853 3383 1907 Dco
3408 1851 3521 1905 aui-

1928 1954 2069 1994 mam
2115 1949 2350 1994 nostram
2399 1949 2634 1998 statuere
2680 1943 2964 2012 possimus.
3005 1943 3156 2009 Quod
3195 1951 3372 1997 autem
3420 1942 3520 1998 hoc

1929 2044 2110 2083 verum
2142 2030 2230 2094 sit,
2258 2030 2504 2101 quodque
2528 2048 2634 2086 non
2660 2047 2855 2102 corpus
2883 2034 2997 2088 haec
3020 2033 3177 2087 verba
3206 2033 3516 2104 respiciant,

1927 2120 2019 2175 sed
2042 2122 2273 2175 animam
2295 2138 2452 2192 quam
2473 2123 2961 2194 erigerejubemur,
2984 2125 3260 2179 audiamus
3278 2124 3517 2190 Paulum,

1931 2214 2120 2268 eodem
2162 2214 2320 2270 modo
2362 2215 2449 2268 illa
2480 2215 2728 2286 loquendi
2757 2215 2980 2270 formula
3014 2233 3187 2270 usum.
3217 2217 3349 2272 Cum
3378 2217 3518 2270 enim

1931 2304 2096 2374 lapsis
2137 2316 2187 2362 et
2231 2322 2586 2361 :rrumnarum
2626 2308 2765 2362 mole
2793 2322 2928 2377 pene
2956 2307 3361 2376 desperantibus
3390 2307 3517 2361 scri-

1928 2395 2078 2450 beret
2098 2438 2112 2461 ,
2144 2396 2354 2451 dicebat
2386 2414 2399 2450 :
2432 2396 2639 2452 Solutus
2678 2414 2857 2451 manus
2885 2408 2930 2452 et
2951 2397 3116 2451 soluta
3136 2414 3298 2468 genua
3344 2396 3519 2467 erigite

1929 2485 2380 2557 (Heb.12.12).
2422 2491 2503 2543 An
2547 2487 2839 2543 dixerimus
2882 2488 3029 2542 illum
3072 2487 3138 2543 de
3178 2487 3420 2542 manibus
3466 2496 3518 2543 ct

1926 2578 2149 2648 genibus
2173 2579 2446 2649 corporeis
2470 2579 2647 2651 loqui?
2671 2579 2888 2634 Mmime
2929 2597 2943 2635 :
2972 2594 3144 2650 neque
3173 2580 3313 2633 cnim
3342 2578 3517 2632 homi-

1929 2683 2025 2723 nes
2053 2670 2237 2723 cursui
2283 2679 2337 2725 et
2385 2670 2764 2725 certaminibus
2792 2669 3001 2724 deditos
3043 2670 3367 2740 alloquitur,
3422 2669 3516 2724 sed

1928 2760 2069 2814 vires
2094 2760 2211 2828 cogi
2237 2759 2473 2814 ationum
2504 2775 2534 2813 a
2559 2760 2939 2815 tentationibus
2964 2769 3257 2830 prostratus
3284 2760 3367 2814 his
3393 2775 3516 2813 ver-

1926 2848 2008 2903 bis
2029 2851 2264 2906 excitare
2290 2849 2456 2919 jubet.
2486 2849 2669 2921 Cogita
2705 2850 2790 2905 cui
2820 2851 3061 2920 proxime
3085 2849 3280 2915 adstes,
3310 2864 3374 2904 ac
3402 2851 3517 2919 qui-

1926 2942 2148 2996 buscum
2183 2942 2347 2996 Deum
2372 2942 2710 2997 invocaturus
2730 2942 2820 3006 sis,
2846 2942 3046 2996 scilicet
3069 2957 3187 2996 cum
3210 2940 3515 2998 Cherubim.

1926 3032 2306 3087 Animadverte
2336 3048 2469 3102 quos
2510 3032 2707 3087 habeas
2749 3033 2923 3087 socios
2943 3073 2956 3096 ,
2987 3031 3144 3102 idque
3176 3033 3264 3086 tibi
3288 3033 3354 3086 ad
3383 3032 3516 3103 vigi-

1927 3124 2142 3179 lantiam
2189 3126 2318 3179 satis
2345 3125 2481 3193 erit,
2515 3140 2634 3179 cum
2665 3135 2840 3180 tecum
2886 3127 3213 3195 reputaveris
3259 3135 3311 3181 te
3353 3141 3515 3182 carne

1926 3217 2166 3272 indutum
2184 3226 2237 3272 et
2257 3232 2478 3287 corpore
2496 3234 2614 3273 cum
2639 3219 2964 3287 incorporeis
2983 3220 3265 3273 virtutibus
3285 3220 3349 3273 ad
3367 3237 3381 3270 (
3397 3233 3514 3273 om-

1932 3324 2146 3362 munem
2170 3308 2447 3363 Dominum
2464 3308 2838 3365 celebrandum
2860 3309 3085 3364 adscribi
3103 3309 3327 3379 dignari.
3346 3300 3533 3363 Nemo

1928 3398 2088 3468 igitur
2122 3399 2301 3453 animo
2338 3399 2574 3454 resoluto
2603 3412 2784 3455 sacras
2809 3399 2926 3455 illas
2955 3408 3007 3454 et
3038 3399 3288 3469 mysticus
3330 3398 3515 3452 laudes

1927 3489 2119 3555 adeat;
2149 3504 2310 3544 nemo
2347 3490 2632 3545 smculares
2661 3499 2785 3544 tunc
2812 3490 3065 3557 temporis
3088 3489 3434 3559 cogitationes
3460 3489 3510 3543 in

1928 3587 2104 3634 mente
2128 3589 2342 3634 verset:
2375 3580 2469 3634 sed
2503 3582 2732 3635 terrenis
2759 3580 3006 3635 omnibus
3034 3581 3288 3650 expulsis,
3327 3580 3379 3635 in
3406 3596 3514 3636 cre-

1927 3670 2035 3724 Ium
2062 3685 2121 3725 se
2146 3679 2312 3725 totum
2345 3669 2645 3737 transferat,
2676 3687 2739 3727 ac
2762 3671 2911 3741 quasi
2938 3670 3004 3725 ad
3033 3671 3282 3725 thronum
3323 3671 3509 3742 gloria:

1925 3758 2172 3815 admotus
2193 3799 2207 3824 ,
2238 3774 2359 3815 cum
2387 3759 2667 3829 Serapbim
2718 3761 2921 3815 volaret
2944 3800 2960 3826 ,
3002 3760 3080 3814 sic
3117 3760 3510 3815 sanctissimum

1926 3851 2183 3922 hymnum
2240 3850 2523 3921 magnifico
2578 3850 3070 3922 gloriosissimoque
3117 3850 3227 3906 Deo
3283 3851 3511 3907 emittat.

1928 3948 2049 4004 Ideo
2076 3957 2200 4004 tunc
2231 3950 2483 4019 temporis
2505 3950 2670 4019 probe
2693 3960 2836 4007 stare
2858 3949 3126 4021 jubemur.
3152 3949 3324 4004 Probe
3365 3962 3515 4000 nam-

1926 4054 2033 4108 que
2062 4048 2205 4095 stare
2234 4040 2366 4094 nihil
2411 4040 2555 4094 aliud
2599 4047 2721 4107 est,
2752 4056 2911 4111 quam
2939 4041 3010 4095 ita
3038 4049 3179 4094 stare
3202 4079 3218 4105 ,
3261 4047 3320 4093 ut
3356 4037 3512 4092 decet

1926 4129 2197 4186 hominem
2222 4131 2434 4186 adstare
2482 4131 2622 4185 Deo:
2666 4146 2861 4200 nempe
2891 4146 3012 4186 cum
3062 4128 3285 4183 horrore
3321 4136 3375 4182 ct
3402 4137 3511 4181 tre-

1925 4237 2096 4288 more,
2128 4237 2246 4276 cum
2268 4223 2446 4275 animo
2475 4222 2615 4292 vigili
2642 4229 2695 4277 et
2720 4222 2979 4290 diligenti.
3010 4220 3139 4275 Nam
3171 4221 3271 4274 hoc
3298 4233 3508 4288 quoque

1925 4312 2123 4366 dictmn
2154 4312 2219 4366 ad
2244 4314 2475 4366 animam
2520 4314 2786 4382 pertinere
2824 4312 3019 4366 Paulus
3050 4325 3258 4364 rursum
3298 4308 3504 4378 signifi-

1924 4402 2061 4455 cavit
2085 4401 2167 4455 his
2190 4402 2386 4465 verbis,
2411 4401 2499 4457 Sic
2515 4412 2643 4456 state
2668 4402 2716 4454 in
2738 4399 3507 4471 Domino,cttrissimi(Philipp.

1925 4495 1979 4547 4.
2010 4494 2096 4563 1).
2138 4493 2593 4561 Quemadmodum
2623 4493 2763 4547 enim
2800 4493 3103 4563 sagittarius
3147 4494 3189 4546 si
3219 4502 3364 4548 recte
3408 4493 3507 4545 tela

1924 4583 2323 4651 futtdcrmwlit,
2358 4584 2528 4653 primo
2554 4583 2774 4654 gradum
2802 4584 3190 4654 stationemque
3224 4593 3511 4653 componat

1925 4686 2169 4747 Oportet:
2196 4675 2389 4731 deinde
2416 4690 2446 4731 e
2474 4677 2690 4747 regione
2714 4675 2858 4745 scepi
2878 4675 3157 4744 diiigentcr
3178 4677 3378 4744 positus
3409 4676 3508 4728 tela

1921 4766 2103 4835 jacere
2146 4767 2366 4832 nititur;
2395 4767 2473 4822 sic
2500 4776 2554 4821 et
2596 4776 2648 4820 tu
2676 4767 2922 4822 infestum
2953 4765 3147 4820 diaboli
3191 4774 3348 4835 caput
3394 4764 3515 4820 telis

1925 4858 2264 4928 impetiturus
2290 4899 2306 4925 ,
2351 4859 2731 4928 cogitationum
2780 4867 2975 4912 statum
3019 4857 3192 4927 primo
3231 4871 3385 4910 cures
3408 4895 3424 4922 ,
3457 4863 3515 4909 ut

1926 4961 2130 5005 rectum
2160 4951 2276 5005 sine
2300 4950 2451 5005 obice
2475 4949 2700 5020 gradum
2739 4959 2981 5005 statuens
3003 4988 3020 5016 ,
3050 4948 3214 5018 probe
3240 4955 3423 5002 contra
3452 4946 3513 4999 il-

1925 5042 2035 5098 lum
2063 5043 2162 5098 tcla
2191 5045 2421 5099 emittas.

1999 5158 2052 5212 6.
2083 5157 2463 5226 Marsupiorum
2489 5166 2704 5211 sectores
2739 5154 2790 5208 in
2821 5153 3223 5208 conciane.—Et
3248 5151 3361 5206 haec
3395 5151 3508 5220 qui-

1927 5251 2049 5306 dem
2087 5251 2156 5306 de
2180 5252 2444 5305 oratione.
2493 5248 2625 5313 Quia
2670 5262 2799 5301 vero
2851 5255 3042 5314 prmter
3089 5245 3364 5313 segnitiem
3409 5243 3509 5297 ‘in

1930 5345 2133 5399 orando
2160 5342 2303 5398 aliud
2328 5341 2596 5411 quidpiam
2623 5336 2911 5392 admodum
2942 5335 3293 5405 perniciosum
3324 5334 3508 5388 diabo-

1928 5437 2010 5490 lus
2038 5435 2382 5504 excogitavit,
2413 5432 2499 5486 hic
2526 5444 2738 5500 quoque
2773 5427 2948 5482 aditus
2975 5425 3072 5495 ipsi
3108 5423 3508 5492 przecludeudus

1929 5537 2030 5584 est.
2062 5527 2197 5595 Quid
2222 5539 2350 5592 ergo
2377 5523 2500 5577 mali
2529 5521 2862 5577 machinatus
2886 5527 2967 5574 est
2986 5516 3257 5587 improbus
3286 5516 3377 5570 ille
3398 5514 3507 5569 dae-

1929 5620 2097 5675 mon?
2130 5618 2232 5673 Vos
2260 5630 2484 5672 cernens
2506 5625 2772 5685 tamquam
2793 5626 2901 5666 uno
2925 5624 3151 5681 corpore
3178 5617 3502 5679 compactos,

1997 5797 2012 5827 ³
2047 5800 2146 5845 Duo
2190 5791 2389 5851 habent,
2430 5794 2607 5855 prtcter
2646 5798 2841 5841 sacrum
2877 5782 3127 5857 gaudium.
